4070 6584
264 5944 293 5957 ο

367 499 438 561 25
1214 462 1217 463 ί
1469 494 1568 555 DE
1613 495 1912 558 UNIONE
1959 494 2541 561 ECCLESIARUM.‘
3559 482 3634 545 es

367 611 467 679 τῆς
500 605 763 677 ἀληθείας
796 604 944 672 ἆπαξ
998 603 1265 676 μύσαντες
1304 604 1441 676 φῶς,
1480 604 1557 674 τῷ
1596 607 1696 677 τῆς
1741 607 1948 661 ἑαυτῶν

2062 610 2240 665 bitatis
2284 608 2538 664 tenebras
2581 608 2985 659 consectantur.
3035 597 3142 655 Sed
3193 611 3295 653 DOS
3350 611 3380 653 a
3422 598 3633 652 sanctis

369 699 969 770 κακίαςοέπορεύθησαν
1002 699 1206 754 σκότει.
1243 699 1381 752 Ἀλλ’
1403 700 1561 770 ἡμεῖς
1592 702 1689 769 μὲν
1711 699 1770 754 rb
1796 702 1948 769 παρὰ

369 796 477 847 τῶν
508 792 682 859 ἁγίων
711 793 967 863 Πατέρων
994 793 1296 861 παραδοθὲν
1319 793 1453 863 ἡμῖν
1480 792 1949 861 ἀναγινώσκοντες

371 885 679 954 Σύμϐολον,
733 884 877 939 οὕτω
934 886 1231 956 διαρρήδην
1284 886 1529 955 βοῶμεν·
1564 906 1582 939 ‹
1620 887 1727 940 Καὶ
1776 888 1857 949 είς
1890 888 1952 942 rb

372 977 597 1046 Πνεῦμα
622 978 685 1030 rb
715 978 889 1046 ἅγιον,
922 978 982 1030 rb
1008 978 1232 1049 Κύριον,
1268 978 1328 1030 rb
1359 977 1643 1044 ζωοποιὸν,
1681 980 1742 1032 rb
1772 982 1834 1032 ἐκ
1855 979 1950 1034 τοῦ

375 1066 586 1134 Πατρδς
614 1068 1071 1137 ἐκπορευόμενον.
1107 1088 1124 1119 ι
1154 1068 1263 1121 Καὶ
1306 1068 1446 1122 οὕτω
1486 1069 1644 1122 τοῦτο
1684 1070 1951 1138 ἁναγινώο

374 1175 598 1223 σκομεν,
633 1160 731 1210 καὶ
756 1157 901 1211 οῦτω
923 1160 1083 1213 τοῦτο
1113 1161 1542 1229 ἀνα-γνωσόμεθα
1576 1162 1737 1232 μέχρι
1768 1162 1953 1215 τελευ-

369 1250 523 1310 ταίας
583 1249 886 1319 ἀναπνοῆς,
925 1252 1019 1303 καὶ
1064 1252 1206 1305 οὕτω
1265 1254 1588 1323 φρονοῦντες
1638 1256 1703 1324 τῇ
1760 1254 1952 1323 Τριάδι

371 1342 868 1410 παραστησόμεθα.
925 1343 1119 1395 Ἰταλοὶ
1161 1344 1216 1396 δὲ
1275 1346 1660 1414 προστιθέντες
1706 1353 1768 1415 τῇ
1819 1347 1953 1399 ἁνα-

366 1431 569 1498 γνὼσει
621 1433 683 1485 rb
741 1434 804 1487 ὲκ
860 1434 954 1486 τοῦ
1014 1435 1142 1488 Υίοῦ
1203 1438 1637 1506 ἐκπορεύεσθαι,
1682 1439 1803 1508 οὐχὶ
1860 1438 1953 1492 δύο

365 1526 504 1589 φασὶ
537 1522 635 1575 τοῦ
670 1525 788 1585 ἐνὸς
820 1526 1138 1595 Πνεύματος
1186 1527 1356 1589 αἴτια,
1382 1528 1467 1580 διὰ
1499 1530 1559 1579 τὸ
1603 1531 1721 1581 κατ’
1762 1531 1953 1584 οὐδένα

362 1616 569 1683 τρόπον
604 1616 709 1685 τῆς
752 1616 1011 1687 δυαρχίας
1044 1620 1106 1671 ἐκ
1149 1619 1361 1682 lla-:96;
1400 1622 1493 1674 καλ⁵
1522 1622 1651 1675 Υἰοῦ
1689 1622 1867 1685 λέγειν
1892 1623 1952 1676 τὸ

365 1707 595 1765 Πνεῦμα
636 1708 698 1760 rb
730 1710 906 1776 ἆγιον.
941 1711 1003 1761 Ol
1040 1712 1137 1780 μὲν
1165 1712 1274 1781 γὰρ
1314 1711 1422 1764 τῶν
1466 1715 1708 1784 ἀρχαίων
1750 1715 1954 1785 αἱρετι-

364 1796 504 1861 κῶν,
536 1801 664 1861 τοὺς
700 1801 830 1866 περὶ
860 1801 1165 1869 Μανιχαῖόν
1202 1820 1347 1872 φημι
1378 1803 1473 1856 καὶ
1506 1805 1831 1872 Μαρκίωνα,
1863 1805 1953 1858 δυ-

365 1892 571 1962 αρχίαν
601 1893 1042 1962 πρεσϐεύσαντες
1068 1894 1244 1965 ἀρχὴν
1269 1893 1499 1964 ἀγαθοῦ,
1527 1899 1618 1950 καὶ
1640 1898 1817 1970 ἀρχὴν
1838 1897 1952 1952 ἐτέ-

369 2001 474 2037 οαν
527 1986 701 2039 κακοῦ
757 1987 1059 2051 ἐδόξασανο
1111 1989 1161 2041 οἱ
1217 1987 1272 2042 δὲ
1326 1989 1455 2060 περὶ
1514 1989 1780 2059 Εὐνόμιον
1840 2000 1957 2062 μετ’
1991 1971 2032 2026 Β

393 2077 613 2139 κείνους
663 2077 922 2142 ἅπαντες,
960 2078 1149 2149 ὥσπερ
1191 2068 1287 2133 τὸν
1325 2081 1446 2134 Υἱὸν
1496 2082 1560 2136 ἐκ
1608 2081 1704 2137 τοῦ
1748 2082 1958 2153 Πατρός

360 2167 551 2235 μόνον,
588 2165 738 2221 οὕτω
790 2169 887 2220 καὶ
930 2168 991 2222 τὸ
1024 2169 1246 2240 Πνεῦμα
1297 2170 1357 2224 rb
1388 2171 1544 2239 ἅγιον
1574 2174 1639 2225 ἐκ
1679 2172 1775 2226 τοῦ
1827 2173 1955 2226 Υίοῦ

361 2256 755 2327 ἐδὸγμάτισαν.
798 2260 863 2313 Ἥ
888 2262 943 2314 δὲ
978 2262 1089 2314 τῶν
1135 2263 1429 2333 Ῥωμαίων
1472 2264 1794 2335 Ἐκκλησία,
1828 2265 1959 2320 πάν-

360 2368 475 2403 των
504 2351 715 2405 τούτων
748 2354 1011 2419 καθάπαξ
1056 2355 1444 2427 όλιγωρὴσασα
1478 2357 1552 2419 ὼς
1584 2359 1821 2427 γέλωτος
1864 2358 1958 2412 καὶ

363 2442 564 2511 χλεύης
595 2443 785 2508 ἀξίων,
824 2446 883 2496 ἐν
919 2449 1036 2510 τοῖς
1074 2448 1222 2519 ὅροις
1266 2447 1366 2517 τῆς
1397 2449 1678 2503 εὐσεϐείας
1725 2449 1958 2505 ἀσαλεύ-

360 2550 474 2595 τως
507 2535 603 2586 καὶ
634 2537 1054 2607 ἀπεριτρέπτως
1087 2541 1417 2609 μεμένηκεν,
1460 2540 1583 2594 οὐτε
1616 2542 1793 2613 ἀρχὴν
1822 2543 1957 2610 ἀγα-

365 2623 465 2676 θοῦ
501 2624 597 2678 καὶ
632 2627 810 2698 ἀργὴν
841 2629 1041 2699 ἑτέραν
1077 2631 1253 2683 κακοῦ
1300 2632 1677 2700 δογματίσασα
1712 2634 1955 2697 πώποτε,

361 2712 490 2766 οὔτε
525 2720 640 2778 τοῖς
694 2719 822 2788 περὶ
852 2720 946 2772 τὸν
991 2719 1257 2791 Εὐνόμιον
1288 2724 1647 2792 προστεθεῖσά
1697 2742 1850 2787 ποτε,
1881 2725 1958 2786 ὡς

2057 702 2314 757 Patribus
2354 697 2513 753 nobis
2545 694 2799 750 traditum
2839 692 3158 765 Symbolum
3198 690 3524 754 recitantes,
3552 687 3635 743 sic

2058 792 2234 859 palam
2286 787 2638 845 enuntiamus
2686 799 2699 833 ε
2741 802 2761 836 ι
2803 783 2869 837 Et
2914 781 2970 836 in
3026 779 3287 850 Spiritum
3337 783 3586 832 sanctum
3614 813 3630 837 ,

2060 881 2375 940 Datninnm,
2419 877 2778 931 vivificantem
2809 912 2825 936 ,
2870 871 2964 941 qui
3008 885 3073 925 ex
3118 870 3277 924 Patre
3307 866 3571 936 procedit.
3609 882 3627 915 ι

2060 972 2124 1027 Et
2144 975 2242 1027 hoc
2262 970 2422 1026 modo
2441 968 2568 1023 illud
2589 967 2841 1036 legimus,
2871 950 3218 1036 legemnsqne
3236 960 3300 1014 ad
3327 968 3632 1014 extremum
3700 982 3709 993 ο

2061 1081 2233 1133 usque
2266 1064 2609 1136 spiritu:n,et
2647 1062 2717 1113 ita
2753 1058 3046 1112 sentientes
3077 1054 3263 1108 Triadi
3286 1053 3629 1107 assistemus.

2064 1159 2259 1212 Verum
2318 1157 2433 1209 Itali
2481 1154 2695 1207 lectioni
2748 1151 3028 1213 addentes,
3070 1158 3123 1201 et
3167 1163 3231 1199 ex
3265 1144 3404 1198 Filio
3442 1157 3635 1208 proce-

2060 1251 2215 1311 dere,
2272 1250 2398 1316 non]
2423 1249 2559 1301 duas
2597 1246 2757 1298 unius
2792 1241 3029 1310 Spiritus
3074 1252 3276 1294 causas
3333 1241 3590 1289 astruuut
3620 1274 3634 1295 ,

2061 1344 2204 1410 quod
2243 1342 2393 1395 nullo
2428 1340 2589 1394 modo
2624 1354 2687 1391 ex
2740 1334 2946 1404 duplici
2998 1329 3266 1403 principio
3295 1345 3359 1382 ex
3403 1324 3561 1379 Patre
3586 1333 3642 1377 et
3682 1344 3685 1347 λ

2060 1434 2196 1490 Filio
2230 1433 2491 1503 Spiritum
2534 1438 2810 1486 asserunt.
2847 1425 3094 1494 Namque
3124 1422 3330 1492 antiqui
3374 1416 3637 1474 han'ctii-i.

2059 1527 2325 1581 Manetem
2360 1525 2569 1580 scilicet
2616 1535 2668 1578 et
2693 1521 3026 1575 Marcioncm
3059 1514 3265 1579 secuti,
3299 1514 3407 1566 duo
3434 1507 3665 1585 ιιιτίιιρί-⁸

2061 1622 2147 1691 pia
2183 1627 2484 1673 statuentes
2512 1655 2527 1677 .
2564 1615 2898 1686 principium
2950 1624 3116 1663 unum
3152 1607 3279 1659 boni
3302 1647 3317 1673 ,
3348 1612 3399 1656 et
3438 1599 3643 1670 princi-

2046 1715 2206 1781 ,pium
2244 1711 2369 1764 mali
2404 1710 2636 1763 alterum
2666 1712 2961 1760 tenuerunt
2995 1718 3008 1756 :
3049 1700 3141 1771 qui
3172 1712 3302 1751 vero
3342 1696 3408 1750 ab
3459 1692 3639 1745 Euno‘

2062 1811 2173 1861 ιιιῐο
2214 1812 2518 1868 steterunt,
2561 1811 2611 1855 et
2656 1807 2779 1869 post
2808 1812 2903 1853 eos
2935 1810 3152 1859 omnes,
3185 1788 3640 1875 quemadmodum

2062 1899 2257 1954 Filium
2289 1913 2351 1950 ex
2398 1893 2561 1948 Patre
2608 1892 2726 1947 solo
2748 1930 2763 1955 ,
2804 1892 2874 1943 ita
2906 1897 2960 1943 et
2992 1886 3251 1955 Spiritum
3284 1890 3533 1937 sanctum
3575 1891 3642 1930 ex

2062 1993 2177 2046 solo
2217 1987 2354 2042 Filio
2402 1987 2782 2041 decreverunt.
2832 1968 3038 2036 Verum
3084 1977 3326 2033 Romana
3395 1968 3639 2025 Ecclesia

2065 2078 2324 2149 neglectis
2359 2077 2511 2131 hisce
2555 2073 2811 2128 omnibus
2834 2111 2850 2136 ,
2887 2079 3144 2140 tanquam
3171 2069 3283 2121 risu
3319 2074 3373 2118 et
3403 2059 3643 2117 ludibrio

2061 2168 2419 2238 excipiendis,
2467 2167 2609 2221 intra
2644 2164 2858 2236 pietatis
2906 2161 3170 2218 terminos
3210 2159 3536 2213 inconcussa
3564 2159 3647 2206 at-

2062 2279 2170 2334 que
2195 2259 2552 2316 immutabilis
2578 2258 2900 2329 permansit,
2930 2269 3106 2323 neque
3132 2251 3260 2307 boni
3287 2245 3641 2318 principium.

2064 2372 2242 2427 neque
2282 2354 2514 2409 alterum
2572 2349 2700 2405 mali
2760 2363 3000 2417 unquam
3076 2357 3432 2405 asseverans,
3468 2351 3644 2403 neque

2064 2447 2317 2502 Eunomii
2350 2444 2576 2500 asseclis
2608 2458 2728 2498 sese
2751 2442 3033 2498 associans
3056 2477 3070 2503 ,
3104 2446 3164 2490 ut
3195 2434 3419 2489 auderet
3441 2429 3644 2489 dicere,

2062 2540 2280 2596 Patrem
2312 2539 2532 2610 quidem
2595 2534 2775 2591 solum
2833 2533 2956 2590 Filii
3006 2527 3377 2601 principium,
3438 2521 3639 2576 Filium

2064 2647 2197 2689 vero
2266 2634 2446 2688 solum
2507 2628 2836 2702 principium
2874 2625 3019 2680 aliud
3056 2621 3298 2693 Spiritus
3345 2635 3359 2672 :
3412 2616 3645 2684 indeque

2066 2725 2503 2787 convinceretur,
2561 2725 2673 2778 duo
2702 2720 2969 2791 principia
3017 2731 3285 2772 asserere.

364 2812 549 2862 εἰπεῖν
590 2811 863 2882 τολμῆσαι
915 2812 1008 2866 τὸν
1051 2813 1151 2883 μὲν
1186 2813 1408 2885 Πατέρα
1455 2816 1631 2887 ἀρχὴν
1676 2815 1774 2869 τοῦ
1822 2816 1955 2870 Υἱοῦ
1996 2818 2184 2888 μόνου,
2209 2818 2304 2872 rbv
2370 2817 2429 2870 δὲ
2462 2815 2591 2870 Υίδν
2625 2814 2785 2885 μόνον
2847 2811 3024 2883 ἀρχὴν
3058 2807 3253 2877 ἑτέραν
3278 2803 3370 2858 τοῦ
3401 2799 3650 2868 Πνεῦμα⁹

364 2920 481 2964 τος.
512 2903 812 2957 κάντεῦθεν
844 2905 1190 2976 ἀναφανῆναι
1220 2906 1313 2959 δύο
1343 2906 1589 2973 δοξάζειν
1624 2910 1821 2980 ἀρχάς,

441 2995 505 3050 θ’.
549 2995 715 3048 Ἀλλὰ
746 2999 859 3059 τοῖς
886 2997 994 3049 τῶν
1024 3000 1279 3068 μεγάλων
1317 2999 1515 3067 Ἁγίων
1548 3001 1817 3071 δόγμασιν
1851 3002 1953 3054 επ-

369 3087 715 3157 ερειδομένη,
743 3090 839 3142 καὶ
871 3092 990 3153 ταῖς
1032 3091 1258 3145 ἐκείνων
1294 3091 1664 3147 ἀκολουθοῦσα
1692 3094 1951 3161 ἐννοίαις,

366 3180 461 3230 τὸν
500 3182 601 3248 μὲν
634 3180 762 3233 Υίδν
799 3182 862 3233 ὲκ
891 3182 986 3234 τοῦ
1035 3184 1250 3255 Πατρὸς
1280 3184 1445 3255 μόνου
1488 3185 1876 3256 ἁνακηρύττει,
1898 3185 1958 3239 rb

369 3274 428 3329 δὲ
460 3275 687 3344 Πνεῦμα
714 3276 774 3328 rb
803 3274 959 3341 ἆγιον
984 3277 1080 3331 καὶ
1105 3278 1169 3329 ὲκ
1192 3277 1288 3331 τοῦ
1313 3279 1444 3333 Υἰοῦ
1482 3276 1621 3333 εἶναι
1649 3279 1816 3348 λέγει.
1846 3280 1958 3334 Καὶ

374 3366 503 3437 μίαν
535 3366 688 3431 ὅμως
737 3364 914 3435 ἀρχὴν
959 3367 1052 3419 ἐπὶ
1085 3366 1186 3443 τῆς
1229 3368 1390 3436 ἁγίας
1430 3370 1657 3439 Τριάδος
1703 3371 1958 3441 καθαρῶς

375 3450 675 3522 πρεσϐεύει
707 3470 766 3506 τε
798 3456 890 3505 καὶ
939 3454 1214 3523 ὁμολογεῖ,
1251 3458 1342 3511 διὰ
1380 3457 1441 3511 rb
1489 3459 1689 3513 εἰδέναι
1733 3460 1837 3514 ὑπὸ
1861 3464 1962 3529 τῆς

370 3546 482 3597 τῶν
510 3546 771 3616 Πατέρων
808 3545 1161 3611 διδασκαλίας
1192 3548 1370 3604 πάντα
1420 3550 1488 3603 τὰ
1514 3549 1607 3605 τοῦ
1653 3551 1784 3605 Υίοῦ
1822 3552 1958 3622 πρὸς

368 3638 463 3689 τόν
494 3639 722 3708 Πατέρα
756 3636 853 3710 τὴν
897 3636 1126 3710 πρώτην
1156 3640 1338 3695 αἰτίαν
1380 3642 1703 3711 ἀνάγεσθαι.
1737 3644 1811 3697 Τὸ
1851 3644 1962 3715 γὰρ

369 3729 437 3781 ἐκ
461 3728 556 3781 τοῦ
606 3728 823 3799 Πατρδς
853 3730 951 3782 καὶ
989 3729 1055 3783 ἐκ
1084 3730 1179 3785 τοῦ
1207 3731 1341 3786 Υίοῦ
1380 3732 1567 3802 λέγειν
1597 3733 1660 3786 rb
1706 3733 1959 3803 Πνεῦμα,

368 3824 465 3875 καὶ
499 3821 574 3893 μὴ
605 3822 700 3875 δύο
741 3825 889 3877 αἴτια
913 3822 1161 3888 δοξάζειν
1183 3825 1278 3879 τοῦ
1313 3826 1655 3895 Πνεύματος,
1682 3828 1784 3881 οὐκ
1810 3826 1963 3881 ἄλλο·

371 3916 464 3971 δέν
490 3921 608 3971 ἐστι
637 3917 859 3980 πάντως
892 3917 1008 3973 ἀλλ’
1033 3919 1064 3990 ἢ
1103 3919 1161 3985 ἐξ
1187 3918 1353 3974 αὐτοῦ
1394 3920 1609 3982 τούτου,
1632 3923 1727 3974 τοῦ
1759 3921 1959 3987 πάντα,

370 4011 448 4075 ὡς
478 4011 723 4082 εἴρηται,
756 4013 825 4065 τὰ
855 4014 949 4065 τοῦ
975 4012 1106 4066 Υίοῦ
1133 4014 1271 4083 πρὸς
1300 4013 1392 4065 τὸν
1426 4015 1649 4084 Πατέρα
1677 4013 1775 4084 τὴν
1808 4012 1963 4083 πρώ-

369 4121 474 4169 την
503 4103 689 4157 αἰτίαν
725 4104 1043 4172 ἀνάγεσθαι.
1074 4105 1136 4159 El
1180 4105 1236 4158 δὲ
1284 4107 1379 4159 καὶ
1417 4108 1731 4177 μαρτυρίας
1770 4108 1853 4160 δεῖ
1884 4106 1990 4159 σοί.

369 4213 516 4257 τινος
542 4196 653 4247 τῶν
680 4196 952 4263 θεολόγων
976 4198 1207 4269 ἀνδρῶν,
1241 4197 1308 4250 ἵν’
1332 4198 1583 4251 ἐντεῦθεν
1613 4197 1742 4269 ἔχῃς
1776 4198 1963 4269 τδῄτῶν

374 4288 657 4359 ῥηθέντων
678 4287 855 4353 λόγων
887 4267 1173 4357 ἐχέγγυον,
1212 4290 1291 4351 είς
1319 4290 1380 4341 rb
1418 4289 1612 4341 εἰδέναι
1747 4267 1852 4341 δύο.
1881 4290 1964 4342 αἷ-

369 4398 465 4434 τια
493 4381 589 4433 τοῦ
630 4382 946 4450 Ιινεύματος
978 4382 1010 4452 ἡ
1062 4377 1200 4436 εἶναι
1234 4383 1265 4452 ἢ
1304 4381 1583 4451 λέγεσθαι,
1617 4382 1710 4435 τὴν
1742 4382 1963 4451 Πατέρα

373 4473 471 4525 καὶ
491 4474 582 4526 τὸν
628 4473 757 4525 Υἱδν
800 4476 857 4525 ἐν
891 4472 970 4543 τῷ
1002 4476 1065 4526 ὲκ
1091 4472 1186 4526 τοῦ
1224 4474 1436 4541 Πατρὺς
1473 4475 1565 4526 καὶ
1596 4477 1659 4527 ἐκ
1699 4475 1794 4526 τοῦ
1829 4474 1962 4527 Υίοῦ

374 4560 515 4616 εἶναι
543 4564 603 4616 rb
632 4564 879 4633 Πνεῦμα,
910 4564 999 4616 διὰ
1028 4564 1090 4615 τὸ
1119 4564 1297 4617 πάντα
1337 4566 1404 4616 τὰ
1434 4564 1528 4617 τοῦ
1554 4564 1683 4617 Υίοῦ
1715 4564 1851 4635 πρ>ς
1873 4565 1963 4617 τὶν

374 4654 596 4723 Πατέρα
632 4656 734 4725 τὴν
764 4655 991 4726 πρώτην
1024 4656 1205 4708 αἰτίαν
1242 4657 1565 4724 ἀνάγεσθαι,
1590 4661 1616 4710 ὀ
1652 4658 1827 4726 μέγας
1859 4658 1962 4711 Βα-

376 4745 577 4806 σίλειος
607 4749 688 4807 είς
732 4747 1039 4817 μαρτυρίαν
1078 4748 1212 4817 ἡμῖν
1247 4747 1561 4814 ἀξιόπιστον
1611 4752 1964 4821 παραχθῇσε-

375 4854 489 4889 ται.
513 4832 685 4901 Οῦτος
719 4834 951 4908 καὶγὰρ
980 4840 1006 4891 6
1032 4838 1102 4891 τὰ
1136 4838 1255 4891 θεῖα
1292 4840 1480 4905 πολὺς,
1516 4836 1578 4895 οὗ
1621 4844 1712 4894 καὶ
1749 4844 1776 4893 6
1807 4841 1962 4911 λόγος

375 4932 666 4999 ἀήττητος,
694 4932 789 4983 καὶ
817 4933 843 4983 6
867 4932 1069 4998 τρόπος
1096 4932 1393 5002 ἀμίμητος,
1430 4934 1551 4986 ἐπεὶ
1577 4935 1664 4986 τὸν
1696 4935 1963 5005 Εὐνόμιον

378 5027 506 5096 περὶ
536 5026 637 5096 τῆς
666 5026 848 5088 αἰτίας
872 5025 964 5078 τοῦ
990 5026 1307 5097 Πνεύματος
1332 5029 1735 5096 δογματίζοντα
1770 5034 1825 5083 ἐν
1851 5036 1963 5097 τοῖς

379 5118 544 5171 αὐτοῦ
600 5119 1034 5188 συγγράμμασιν
1073 5118 1297 5188 εὕρισκε
1378 5119 1626 5189 λέγοντα,
1680 5126 1741 5175 ἐκ
1786 5127 1948 5191 μόνου

377 5210 470 5262 τοῦ
501 5211 633 5263 Υίοῦ
666 5208 808 5264 εἶναι
838 5211 988 5273 αὐτὸ,
1034 5212 1090 5263 ἐν
1118 5212 1192 5279 τῷ
1221 5212 1459 5282 δευτέρῳ
1487 5215 1596 5265 τῶν
1652 5217 1767 5267 κατ’
1796 5217 1962 5269 αὐτοῦ

378 5304 553 5371 λόγων
586 5305 721 5375 πρὸς
758 5304 834 5373 τῷ
876 5303 1019 5356 τέλει
1055 5305 1198 5358 οὕτω
1234 5307 1420 5375 φησιν·
1464 5326 1482 5358 ι
1525 5309 1735 5360 Ἐκεῖ-ιο
1767 5309 1820 5361 δὲ
1857 5311 1963 5363 τίνι

378 5399 485 5450 τῶν
517 5400 741 5452 πάντων
769 5399 986 5465 ἄδηλον,
1032 5401 1114 5452 ὅτι
1147 5400 1374 5466 οὐδεμία
1410 5403 1662 5469 ἐνέργεια
1709 5402 1803 5455 τοῦ
1832 5403 1961 5455 Υῐοῦ

379 5489 810 5560 ἀποτετμημένη
844 5491 959 5543 ἐστὶ
986 5489 1079 5544 τοῦ
1125 5492 1359 5562 Πατρὸς,
1387 5492 1506 5546 οὐδὲ
1544 5495 1660 5546 ἐστι
1690 5511 1739 5546 τι
1765 5496 1822 5547 ὲν
1849 5498 1961 5558 τοῖς

377 5576 498 5634 οὖσι
540 5582 617 5651 τῷ
646 5580 760 5650 ΥΞῷ
803 5582 1068 5651 ὑπάρχον,
1103 5581 1131 5635 ὃ
1170 5582 1266 5635 τοῦ
1311 5583 1519 5655 Πατρὶς
1566 5585 1960 5658 ἠλλοτρίωταις

382 5675 565 5725 Πάντα
590 5674 721 5742 γὰρ,
774 5676 929 5742 φησὶ,
957 5678 1022 5727 τὰ
1074 5676 1185 5745 ἐμὰ
1220 5676 1290 5729 σά
1320 5677 1458 5742 ἐστι,
1506 5677 1599 5730 καὶ
1634 5680 1701 5730 τὰ
1732 5696 1800 5728 σα
1830 5679 1958 5746 ὲμά.

383 5766 503 5828 Πῶς
539 5766 633 5819 οῦν
662 5767 761 5836 τὴν
808 5766 901 5819 τοῦ
953 5768 1268 5838 Πνεύματος
1310 5770 1492 5822 αἰτίαν
1545 5770 1621 5841 τῷ
1667 5772 1964 5838 Μονογενεῖ

386 5860 529 5928 μόνῳ
568 5859 917 5929 προστθησι,
950 5862 1045 5915 καὶ
1076 5862 1443 5933 κατηγόρημα
1478 5864 1576 5927 τῆς
1604 5865 1818 5933 φύσεως
1863 5846 1979 5917 αὐ-⁸

382 5951 474 6008 τοῦ
506 5951 607 6027 τὴν
648 5950 839 6005 τούτου
877 5951 1145 6026 λαμϐάνει
1183 5953 1583 6029 δημιουργίανς
1620 5956 1682 6010 El
1720 5957 1818 6032 μὲν
1866 5955 1958 6011 οῦν

2129 2999 2183 3056 9.
2225 3000 2330 3055 Sed
2384 3012 2707 3069 magnorum
2758 2994 3088 3050 Sanctorum
3138 2990 3371 3047 decretis
3410 2989 3636 3055 innixa,

2061 3109 2368 3161 eorumque
2394 3092 2697 3148 sententias
2724 3082 2925 3146 s’eclata
2952 3128 2967 3152 ,
3006 3085 3203 3141 Filium
3241 3100 3307 3140 ex
3338 3083 3500 3140 Patre
3529 3086 3648 3140 soln
3734 3091 3754 3111 ί

2064 3187 2394 3255 (ὶοριτειίίοαι
2419 3224 2434 3247 ,
2467 3184 2729 3255 Spiritum
2773 3192 3024 3236 sanctum
3057 3189 3110 3234 et
3138 3192 3203 3234 ex
3236 3177 3379 3233 Filio
3408 3193 3529 3233 esse
3563 3177 3650 3229 di-

2064 3280 2177 3341 cit,
2218 3287 2273 3333 rt
2317 3295 2485 3334 unum
2545 3278 2908 3333 nihilominus
2970 3275 3300 3347 principium
3348 3273 3403 3327 in
3456 3281 3648 3328 sancta

2066 3367 2264 3422 Triade
2310 3382 2444 3437 pure
2482 3379 2777 3437 aperteque
2820 3373 2968 3421 tenet
2996 3375 3050 3419 et
3091 3366 3385 3420 conﬁtetur
3428 3378 3444 3417 :
3502 3363 3650 3433 quod

2066 3459 2204 3514 sciat
2246 3457 2469 3514 Patrum
2522 3459 2789 3515 doctrinis
2828 3457 3098 3513 instructa
3127 3497 3141 3521 ,
3194 3458 3378 3510 omnia
3406 3453 3531 3509 Filii
3579 3458 3649 3509 ad

2067 3551 2281 3605 Patrem
2327 3552 2558 3622 primam
2587 3566 2810 3607 causam
2856 3549 3072 3605 referri.
3110 3548 3363 3618 Namque
3393 3564 3456 3602 ex
3489 3546 3654 3603 Patre

2064 3654 2117 3700 et
2141 3660 2205 3698 ex
2233 3643 2371 3698 Filio
2399 3644 2581 3699 dicere
2614 3642 2905 3714 Spiritum,
2938 3642 3152 3698 etduas
3180 3656 3377 3697 causas
3409 3640 3653 3711 Spiritus

2065 3755 2173 3795 non
2206 3738 2394 3803 fateri,
2427 3753 2539 3792 non
2570 3737 2790 3793 aliunde
2817 3751 3046 3807 prorsus
3076 3745 3198 3801 est,
3223 3752 3386 3807 quam
3446 3749 3509 3789 ex
3548 3735 3655 3789 hoc

2067 3834 2207 3901 ipso,
2260 3831 2407 3901 quod
2457 3832 2663 3895 omnia,
2711 3840 2771 3885 ut
2810 3829 2922 3899 jam
2980 3830 3188 3884 dictum
3237 3841 3353 3891 est,
3408 3825 3529 3882 Filii
3583 3828 3649 3880 ad

2067 3924 2283 3979 Patrem
2333 3924 2567 3992 primam
2634 3936 2853 3977 causam
2920 3921 3245 3976 referantur.
3300 3920 3455 3987 Quod
3505 3918 3549 3973 si
3598 3928 3653 3972 et

2066 4015 2445 4083 theologorum
2502 4013 2747 4067 virorum
2794 4012 3114 4068 testimonio
3149 4011 3394 4081 indiges,
3429 4019 3486 4063 ut
3526 4009 3654 4063 inde

2061 4105 2174 4177 jam
2204 4105 2478 4159 dictorum
2515 4103 2682 4158 veluti
2730 4104 2925 4174 pignus
2956 4102 3203 4164 habens,
3244 4103 3309 4156 ad
3343 4113 3652 4172 agnoscen-

2066 4199 2195 4252 dum
2228 4241 2241 4261 ,
2278 4214 2381 4251 non
2416 4198 2555 4251 duas
2601 4210 2800 4251 causas
2832 4193 3075 4264 Spiritus
3107 4195 3188 4248 vel
3240 4208 3389 4257 esse,
3427 4194 3509 4246 vel
3542 4191 3651 4245 dici

2066 4290 2281 4344 Patrem
2328 4300 2380 4344 et
2423 4289 2662 4350 Fllllllll,
2720 4303 2843 4342 cum
2891 4288 3092 4341 dicitur
3143 4302 3208 4340 ex
3261 4284 3422 4339 Patre
3479 4293 3530 4338 et
3584 4299 3650 4338 ex

2066 4383 2208 4439 Filio
2235 4398 2358 4438 esse
2400 4382 2674 4453 Spiritus,
2717 4381 2862 4451 quod
2904 4381 3087 4435 omnia
3136 4378 3255 4433 Filii
3290 4379 3354 4433 ad
3399 4377 3654 4441 Patrem,

2065 4474 2301 4544 primam
2331 4489 2555 4528 causam
2593 4471 2925 4534 referantur,
2962 4486 3193 4539 magnus
3232 4469 3465 4523 Basilius
3493 4460 3654 4523 testis

2066 4565 2172 4621 ﬁde
2201 4564 2399 4634 dignus
2428 4564 2753 4617 adducatur.
2813 4562 2910 4616 llic
2941 4562 3083 4615 enim
3108 4602 3121 4623 ,
3154 4561 3248 4629 qui
3279 4559 3346 4612 ad
3384 4574 3470 4614 res
3513 4559 3653 4612 divi.

1987 4663 2041 4722 1)
2072 4673 2170 4711 nas
2214 4656 2631 4725 pertractandas
2679 4654 2911 4708 multum
2953 4653 3160 4718 valuit,
3201 4652 3359 4720 cujus
3388 4660 3441 4705 et
3476 4652 3654 4703 oratio

2071 4747 2548 4816 inexsuperabilis,
2583 4754 2637 4800 et
2658 4760 2837 4800 mores
2878 4745 3267 4807 inimitabiles,
3304 4751 3428 4797 cu‘m
3464 4742 3650 4796 Euno-

2069 4841 2237 4893 mium
2274 4840 2341 4894 de
2384 4855 2549 4894 causa
2601 4838 2839 4909 Spiritus
2900 4842 3282 4892 decernentem
3316 4840 3368 4891 in
3420 4837 3653 4906 propriis

2068 4932 2495 4986 Commentariis
2541 4932 2807 5001 reperiret
2850 4931 3156 4996 dicentem,
3209 4949 3231 4982 ι
3264 4945 3328 4983 ex
3371 4930 3488 4985 solo
3515 4927 3653 4982 Filio

2069 5026 2219 5079 illum
2247 5041 2391 5090 esse,
2430 5046 2449 5078 ι
2505 5027 2747 5081 secunda
2789 5025 3079 5079 adversum
3124 5024 3375 5077 eumdem
3401 5023 3655 5077 oratione

2069 5133 2236 5187 prope
2282 5117 2440 5173 finem
2476 5118 2814 5172 lueehabet:
2850 5112 2883 5169 ἰ
2924 5116 3057 5169 Illud
3091 5130 3217 5169 vero
3264 5116 3353 5168 cui
3407 5129 3516 5167 non
3569 5115 3654 5167 in.

2070 5216 2327 5273 notescit,
2379 5212 2582 5265 nullam
2616 5210 2736 5265 Filii
2789 5212 3058 5266 actionem
3094 5210 3426 5275 disiunctam
3473 5222 3648 5263 essea

2070 5305 2248 5367 Patre,
2281 5318 2457 5374 neque
2508 5320 2631 5359 esse
2667 5304 2948 5375 quidpiam
2992 5304 3043 5357 iu
3088 5305 3285 5366 rebus,
3335 5300 3479 5372 quod
3523 5300 3652 5353 insit

2068 5396 2228 5461 Filio,
2274 5408 2331 5451 et
2370 5399 2608 5452 alienum
2660 5399 2727 5451 sit
2770 5413 2800 5452 a
2842 5396 3050 5452 Patre?
3102 5395 3297 5450 Omnia
3345 5393 3492 5448 enim
3521 5390 3647 5455 ,iu-

2059 5494 2207 5564 quit,
2255 5510 2372 5551 mea
2425 5502 2514 5544 tua
2557 5470 2706 5556 sunt,
2752 5502 2807 5545 et
2852 5501 2942 5545 tua
2976 5507 3115 5543 mea.
3182 5493 3429 5554 Quanam
3464 5487 3652 5555 itaque

2068 5586 2282 5639 ratione
2314 5583 2552 5652 Spiritus
2580 5598 2801 5636 causam
2832 5580 3124 5651 Unigenilo
3156 5580 3257 5635 soli
3294 5577 3570 5639 attribuit,
3595 5587 3650 5631 ct

2066 5677 2353 5746 praedicari
2386 5677 2452 5731 de
2486 5676 2632 5729 illius
2663 5686 2857 5729 natura
2891 5674 3037 5746 illius
3065 5673 3340 5743 opificium
3383 5669 3549 5723 vult?
3586 5667 3646 5723 Si

2066 5770 2251 5839 itaque
2295 5777 2402 5821 duo
2437 5768 2697 5836 principia
2730 5744 2999 5821 contraria
3045 5767 3147 5819 sibi
3200 5773 3454 5817 astruens
3481 5803 3494 5826 ,
3530 5761 3645 5814 lucc

2065 5863 2220 5922 dicit,
2276 5877 2399 5915 cum
2436 5860 2732 5914 Manichaee
2778 5868 2940 5929 atque
2980 5858 3254 5911 Marcione
3302 5863 3641 5909 conteretur.

2068 5956 2125 6010 Si
2158 5971 2283 6011 vero
2312 5955 2377 6009 ad
2428 5968 2592 6008 unam
2632 5970 2715 6019 ea,
2765 5967 2886 6024 qua:
2927 5961 3089 6018 sunt,
3139 5948 3367 6013 reducit,
3421 5944 3565 6018 quod
3614 5958 3644 5998 a
