4070 6598
342 516 411 581 29

1440 519 1538 581 DE
1577 518 1874 582 UNIONE
1914 517 2476 584 ECCLESIARUM.

3539 524 3614 588 30

339 636 393 688 δὲ
419 632 568 703 ὅμως
595 631 821 697 τούτους
849 632 939 688 διὰ
969 631 1069 704 τὴν
1111 629 1471 702 φιλονεικίαν,
1505 630 1583 702 μὴ
1633 631 1744 703 ἄρα
1771 630 1847 694 ὡς
1871 647 1898 682 ο

2025 631 2390 697 pervicaciam
2426 629 2639 687 rixandi
2667 631 2900 701 quaestio
2929 640 3014 689 est
3044 631 3253 700 babit‘a,
3292 634 3609 708 intermga-

351 724 753 794 ⁹Δρειομαντται
779 723 1035 793 λέγουσιν
1072 721 1625 793 ἀπηλλοτριωμένας,
1670 722 1763 776 καὶ
1808 721 1914 774 ἀπ-

339 814 699 883 εξενωμένας,
727 815 1168 887 ἀλλοτριουσίους
1184 832 1244 868 τε
1264 814 1534 886 ἀλλήλων,
1561 815 1653 866 καὶ
1675 813 1915 882 ἑκάστην

334 907 455 961 καθ’
489 908 695 977 ἑαυτὴν
740 908 1042 962 ὑπόστασιν
1075 908 1445 979 διῃρημένην,
1491 905 1567 969 ὼς
1594 907 1712 959 ἐστι
1758 905 1826 958 τά
1852 923 1911 958 τε

332 998 461 1053 ἄλλα
496 1000 798 1070 κτίσματα,
828 1000 925 1053 καὶ
960 1000 1009 1053 οί
1048 999 1108 1065 ἐξ
1154 998 1460 1071 ἀνθρώπων
1490 996 1847 1068 γεννώμενοι,
1876 995 1909 1068 ἢ

334 1089 517 1162 ὥσπερ
554 1090 852 1162 διαφόρους
878 1090 1090 1155 οὗσίας,
1117 1091 1307 1169 ὥσπερ
1348 1092 1464 1143 ἐστὶ
1500 1090 1719 1162 χρυσὸς,
1752 1089 1785 1158 ἦ
1814 1089 1910 1157 ἆρ-

332 1199 518 1252 γυρος,
564 1181 600 1252 ἢ
637 1184 865 1253 χαλκὸς,
909 1182 1055 1237 οὑτω
1105 1186 1197 1239 καὶ
1228 1184 1385 1238 αὐτοὶ
1423 1183 1701 1251 λέγουσιν,
1749 1180 1783 1252 ἢ
1836 1184 1911 1244 ὡς

330 1275 478 1331 ἄλλοι
509 1278 777 1347 αίρετικοὶ
806 1279 956 1347 τρεῖς
993 1279 1170 1348 ἀρχὰς
1203 1278 1297 1331 καὶ
1332 1278 1483 1347 τρεῖς
1526 1275 1693 1333 assii;
1723 1272 1913 1341 λέγου-

327 1383 432 1430 σιν,
459 1367 605 1421 οὕτω
639 1370 734 1421 καὶ
756 1362 904 1422 οὑτοι
931 1367 1258 1437 φρονοῦντες
1287 1372 1439 1440 τρεῖς
1469 1366 1799 1428 ὑποστάσεις
1825 1363 1909 1416 λέ-

325 1473 552 1527 γουσινς
586 1460 696 1513 Καὶ
723 1459 1200 1523 διεϐεϐαιὼσαντο,
1243 1462 1382 1532 μήτε
1412 1462 1614 1531 λέγειν,
1646 1464 1783 1532 μήτε
1810 1483 1911 1518 πε·-

320 1558 652 1625 φρονηκέναι
702 1557 833 1613 ποτὲ
865 1555 1062 1619 οὕτως.
1116 1556 1480 1628 Ἐρωτώντων
1529 1558 1585 1611 δὲ
1623 1557 1780 1627 ἡμῶν
1810 1559 1906 1612 αὑο

316 1647 470 1710 τοὺς,
533 1645 658 1711 Πῶς
714 1643 811 1702 οῦν
870 1649 1046 1703 ταῦτα
1086 1649 1313 1717 λέγετε,¹
1350 1652 1380 1720 ἢ
1415 1652 1503 1706 διὰ
1558 1652 1613 1705 τί
1659 1652 1716 1705 δὲ
1770 1652 1907 1715 ὅλως

315 1738 597 1803 τοιαύταις
630 1742 838 1812 χρῆσθε
874 1742 1125 1809 λέξεσινς
1159 1742 1547 1815 ἀπεκρίναντο,
1586 1744 1687 1799 Διὰ
1730 1745 1793 1798 τὸ
1822 1746 1904 1809 είς

314 1830 483 1899 ἁγίαν
526 1834 735 1903 Τριάδα
766 1834 1068 1897 πιστεύειν.
1094 1837 1195 1890 οὑκ
1222 1836 1447 1905 ὀνόματι
1483 1837 1643 1905 μόνον
1674 1837 1903 1906 Τριὰδα,

314 1921 431 1975 ἀλλ’
481 1922 702 1991 ἀληθῶς
758 1921 962 1993 οὖσαν,
1016 1927 1113 1982 καὶ
1163 1925 1523 1998 ὑφεστῶσαν,
1577 1926 1799 1994 Πατέρα
1846 1944 1905 1980 τε

311 2014 533 2084 ἀληθῶς
564 2016 696 2073 ὅντα
736 2021 830 2070 καὶ
877 2019 1186 2088 ὑφεστῶτα,
1221 2019 1316 2071 καὶ
1350 2017 1475 2070 Υίδν
1511 2016 1729 2085 ἀληθῶς
1758 2018 1908 2072 ἑνού-

312 2121 430 2159 σιον
457 2107 589 2161 ϐντα
622 2109 717 2164 καὶ
747 2107 1061 2177 ὑφεστῶτα,
1087 2110 1182 2163 καὶ
1215 2110 1439 2178 Πνεῦμα
1480 2108 1635 2177 ἅγιον
1670 2110 1909 2178 ὑφεστη-

310 2198 409 2261 κδς
432 2199 528 2251 καὶ
549 2199 797 2269 ὑπάρχον
822 2215 837 2230 ·
877 2201 1014 2271 μήτε
1036 2200 1097 2254 δὲ
1141 2200 1426 2270 εἰρηκέναι
1459 2202 1609 2271 τρεῖς
1644 2200 1834 2264 Θεοὺς,
1867 2201 1901 2272 ἢ

309 2289 489 2361 ἀρχάς
512 2306 527 2320 '
567 2292 708 2360 μήτε
739 2291 878 2355 ὅλως
915 2292 1207 2362 ἀνέχεσθαι
1235 2294 1344 2348 τῶν
1382 2293 1543 2346 τοῦτο
1570 2292 1842 2359 λεγόντων
1869 2290 1903 2363 ἦ

314 2383 690 2451 φρονούντων,
742 2382 859 2436 ἀλλ’
908 2382 1106 2437 ειδέναι
1154 2383 1317 2451 ἁγίαν
1356 2383 1457 2453 μὲν
1492 2383 1722 2452 Τριόδα,
1775 2382 1939 2450 μίαν’

307 2474 366 2528 δὲ
398 2473 664 2545 Θεότητα,
696 2474 790 2528 καὶ
818 2475 949 2546 μίαν
976 2475 1151 2547 ἀρχήν
1173 2491 1187 2506 ·
1216 2459 1309 2530 καί
1340 2475 1470 2529 Υἱδν
1500 2476 1595 2544 μὲν
1617 2472 1905 2540 όμοούσιον

304 2566 389 2636 τῷ
420 2567 622 2638 Πατρὶ,
648 2566 723 2631 ὡς
747 2563 902 2623 εἷπον
928 2567 1252 2636 οίΑΠατέρες
1273 2582 1289 2597 ·
1316 2566 1375 2619 τὸ
1397 2567 1452 2620 δὲ
1486 2569 1641 2634 ἆγιον
1677 2565 1905 2634 Πνεῦμα

306 2661 372 2713 ού
407 2661 638 2731 κτίσμα,
672 2660 792 2715 οὑδὲ
824 2661 994 2728 ξένον,
1032 2662 1151 2714 ἀλλ’
1179 2662 1313 2715 ἴδιον
1344 2662 1439 2714 καὶ
1469 2660 1775 2729 ἀδιαίρετον
1805 2657 1905 2725 τῆς

309 2751 502 2815 οὑσίας
535 2753 630 2805 τοῦ
672 2752 805 2807 Υίοῦ
843 2756 940 2808 καὶ
984 2753 1079 2808 τοῦ
1108 2754 1344 2824 Πατρός.
1402 2749 1821 2819 Ἀποδεξάμενοι
1845 2747 1903 2801 δὲ

304 2840 517 2897 τούτων
560 2843 659 2914 τὴν
704 2844 1000 2917 ἑρμηνείαν
1040 2844 1152 2898 τῶν
1192 2844 1413 2911 λέξεων,
1451 2843 1546 2897 καὶ
1574 2841 1672 2912 τὴν
1700 2841 1903 2894 ἀπολο-

309 2933 463 3001 γίαν,
499 2936 869 3006 ἀνεκρίναμεν
908 2938 1037 3002 τοὺς
1066 2935 1418 2999 αίτιαθέντας
1465 2934 1617 3004 παρᾶ
1670 2933 1901 2996 τούτων,

312 3024 389 3088 ὡς
415 3026 676 3094 λέγοντας
726 3029 855 3100 μίαν
887 3030 1207 3092 ὑπόστασιν,
1241 3030 1315 3099 μὴ
1359 3031 1467 3100 ἄρα
1498 3028 1573 3091 ὡς
1610 3026 1901 3089 Σαϐἐλλιος

315 3121 523 3187 φρονεῖ,
567 3120 851 3187 οὕτωκαὶ
884 3118 1030 3176 οὗτοι
1071 3121 1324 3188 λέγουσιν
1349 3122 1443 3174 ἐπὶ
1492 3120 1773 3189 ἀναιρέσει
1806 3117 1901 3171 τοῦ

313 3208 468 3274 Υίοῦ,
502 3213 596 3263 καὶ
628 3211 723 3264 τοῦ
763 3213 921 3280 ἁγίου
958 3212 1296 3283 Πκεεύματος,
1331 3211 1365 3283 ἢ
1405 3213 1481 3274 ὡς
1522 3212 1777 3265 ἁνουσίου
1809 3212 1901 3265 δν·-

1939 1990 1982 2046 Β

2023 722 2174 790 tique
2222 730 2371 788 sunt,
2409 739 2539 777 num
2595 739 2662 780 ex
2699 724 3034 779 Arianorum
3085 727 3360 781 sententia
3400 728 3609 784 alienas

2021 817 2463 884 peregrinosque,
2497 832 2560 871 ac
2590 816 2820 871 diversae
2850 833 2879 871 a
2912 831 2971 873 se
3001 817 3237 873 invicem
3278 820 3607 877 substantia:

2021 922 2289 978 personas
2323 923 2447 962 esse
2478 908 2669 975 velint,
2699 920 2752 962 et
2785 925 3232 980 unamquamque
3258 912 3602 984 bypostasim

2018 1016 2116 1071 per
2144 1018 2202 1056 se
2235 1018 2299 1055 ac
2326 1003 2553 1056 seorsim
2588 1002 2816 1056 divisam
2848 1018 2972 1058 esse
3006 1019 3106 1071 pro
3136 1006 3347 1058 ratione
3373 1016 3602 1061 cauera-

2020 1108 2140 1147 ruin
2180 1104 2585 1156 creaturarum,
2635 1110 2961 1165 eorumque.
3011 1096 3107 1166 qui
3156 1112 3222 1150 ex
3286 1096 3607 1152 hominibus

2019 1195 2347 1249 nascuntur,
2375 1188 2728 1243 existiment:
2771 1202 2840 1241 an
2897 1187 2989 1241 hic
3014 1188 3321 1259 intelligant
3353 1190 3607 1244 diversas

2030 1294 2137 1343 res,
2185 1280 2347 1349 quale
2394 1290 2479 1335 est
2527 1293 2744 1346 aurum,
2774 1288 3080 1348 argentum,
3131 1294 3246 1343 tes;
3287 1296 3381 1343 an,
3423 1290 3481 1335 ut
3512 1282 3608 1337 alii

2017 1369 2288 1435 ba'retici,
2339 1371 2443 1426 sub
2494 1368 2618 1427 istis
2652 1372 2879 1426 vocibus
2914 1371 3019 1425 tria
3072 1372 3343 1441 principia
3392 1382 3447 1427 et
3488 1382 3606 1427 tres

2017 1462 2152 1516 deos
2195 1465 2553 1518 constituant.
2591 1463 2862 1518 Caeterum
2908 1463 2989 1517 illi
3045 1462 3397 1518 afﬁrmabant
3431 1465 3599 1521 scita

2017 1571 2119 1610 nec
2186 1554 2411 1619 dixisse,
2488 1572 2584 1612 nec
2648 1558 2906 1611 sensisse.
2967 1554 3423 1612 Percontantibus
3509 1572 3609 1610 au—

2016 1653 2125 1701 tem
2176 1649 2357 1713 nobis,
2404 1664 2510 1716 qua
2565 1648 2778 1703 ratione
2813 1647 3029 1702 tandem
3066 1648 3167 1702 ista
3202 1646 3475 1712 dicerent,
3510 1659 3607 1703 aut

2015 1755 2117 1794 cur
2146 1742 2370 1795 omnino
2397 1740 2702 1795 istiusmodi
2732 1740 3014 1796 vocabulis
3039 1750 3342 1805 uterentur,
3368 1756 3603 1807 respon-

2016 1848 2137 1886 sum
2167 1833 2437 1887 dederunt
2487 1849 2607 1888 sese
2636 1834 2688 1887 in
2724 1833 3045 1888 Trinitatem
3078 1833 3325 1892 credere.
3351 1849 3458 1887 non
3480 1850 3603 1903 qua:

2018 1924 2239 1977 nomine
2266 1933 2425 1978 tenus
2456 1924 2719 1986 Trinitas,
2750 1925 2845 1979 sed
2864 1940 2985 1995 quae
3014 1940 3141 1979 vere
3167 1923 3415 1979 Trinitas
3460 1936 3605 1980 esset

2010 2026 2063 2070 et
2108 2017 2479 2073 subsisteret:
2535 2028 2588 2072 et
2620 2008 2876 2084 ‘Patrem,
2927 2027 2987 2073 ut
3023 2018 3116 2088 qui
3166 2034 3291 2074 vcre
3324 2029 3471 2074 esset
3548 2028 3607 2074 et

2009 2108 2377 2163 subsisteret:
2416 2120 2469 2164 et
2511 2108 2707 2163 Filium
2747 2118 2805 2164 ut
2840 2108 3252 2163 inexsistentem
3318 2119 3369 2163 et
3421 2109 3609 2163 subsi-

2010 2208 2266 2261 stentem,
2297 2208 2351 2253 et
2394 2198 2657 2267 Spiritum
2694 2210 2946 2254 sanctum
3001 2210 3063 2254 ut
3096 2200 3495 2254 subsistentem
3546 2208 3602 2252 et

2009 2291 2360 2346 exsistentem
2395 2306 2691 2362 agnoscere
2736 2309 2748 2345 :
2784 2307 2889 2345 non
2928 2302 3109 2345 tamen
3143 2306 3202 2346 se
3250 2292 3459 2346 dixisse
3490 2301 3603 2344 tres

2008 2383 2141 2437 deos
2176 2390 2272 2435 aut
2321 2383 2424 2436 tria
2458 2382 2754 2452 principia.
2802 2383 2914 2438 imo
2946 2398 3046 2437 nec
3090 2384 3420 2437 toleraturos
3463 2383 3593 2451 qni-

2008 2474 2156 2537 dem,
2194 2474 2240 2527 si
2272 2474 2396 2543 quis
2437 2474 2541 2528 tale
2574 2474 2856 2544 quidpiam
2906 2487 3000 2529 ant
3031 2477 3200 2539 dicat,
3236 2485 3329 2529 aut
3353 2475 3553 2530 sentiat
3582 2491 3597 2528 :

2008 2565 2101 2621 sed
2132 2565 2297 2628 scire.
2332 2582 2459 2621 esse
2487 2576 2729 2621 sanctam
2768 2564 3118 2629 Trinitatem,
3169 2578 3229 2621 ut
3273 2578 3453 2621 tamen
3485 2582 3592 2621 una

2005 2660 2078 2714 sit
2106 2657 2286 2713 Deitas
2315 2669 2368 2712 et
2399 2675 2565 2712 unum
2605 2661 2953 2728 principium,
3001 2668 3054 2713 et
3084 2657 3284 2713 Filium
3318 2675 3378 2715 se
3424 2675 3597 2730 agno-

2007 2767 2165 2807 scere
2208 2767 2330 2806 esse
2383 2753 2805 2806 coessentialem
2843 2767 2945 2808 suo
3007 2752 3177 2818 Patri,
3229 2763 3287 2806 ut
3327 2753 3591 2808 dixerunt

2007 2843 2197 2897 Patres
2223 2863 2236 2896 :
2263 2853 2318 2898 et
2343 2841 2607 2913 Spiritum
2634 2853 2884 2899 sanctum
2914 2861 3022 2899 non
3056 2854 3391 2909 creaturam,
3417 2862 3596 2915 neque

2006 2936 2270 2997 alienum.
2308 2936 2403 2991 sed
2438 2937 2720 3006 proprium
2751 2946 2805 2991 et
2841 2937 3273 3006 indisgrrgatum
3309 2939 3375 2991 ab
3400 2953 3594 2993 essen-

2008 3030 2080 3083 tia
2128 3026 2307 3083 Patris
2358 3040 2411 3083 et
2446 3028 2592 3082 Filii.
2632 3029 2947 3098 Approbata
2995 3029 3163 3099 igitur
3195 3029 3504 3083 istiusmodi
3534 3038 3588 3084 et

2007 3120 2463 3189 interpretatione
2507 3130 2561 3175 et
2588 3120 2968 3184 excusatione,
3017 3119 3255 3175 vicissim
3285 3135 3505 3190 quoque
3534 3129 3589 3175 et

2002 3228 2098 3267 eos
2144 3212 2597 3275 examinavimus,
2646 3214 2737 3283 qui
2784 3213 2852 3266 ab
2888 3214 3005 3267 istis
3052 3213 3105 3267 in
3141 3210 3378 3281 (culpam
3419 3211 3589 3266 devo-

313 3319 405 3366 τος
431 3303 523 3356 τοῦ
549 3304 705 3372 Υίοῦ,
734 3305 768 3376 ἢ
810 3305 1189 3359 ὰνυποστάτου
1219 3304 1314 3359 τοῦ
1346 3304 1504 3370 ἁγίου
1553 3304 1895 3375 ῐῐνεύματος.

2004 3304 2288 3367 cabantur,
2322 3305 2478 3375 quasi
2511 3305 2604 3375 qui
2642 3306 2910 3370 dicerent,
2950 3321 3069 3359 esse
3102 3320 3267 3360 unam
3324 3306 3589 3375 byposta-

311 3394 377 3446 οι
406 3394 463 3447 δὲ
491 3397 587 3449 καί⁵
618 3396 774 3450 αὑτοὶ⁵
813 3397 1287 3455 διεϐεϐαιὼσαντο,
1299 3397 1438 3469 μήτε
1494 3394 1650 3448 τοῦτο
1692 3394 1894 3462 λέγειν,

313 3487 449 3557 μήτε
489 3488 635 3542 οὕτω
666 3489 1072 3561 πεφρονηκέναι
1116 3488 1360 3543 πώποτε.
1408 3488 1551 3543 Ἀλλ’
1598 3489 1897 3541 ὑπόστασιν

312 3577 444 3645 μίαν
490 3577 744 3651 λέγομεν,
791 3579 1087 3649 ἡγούμενοι
1132 3580 1331 3633 ταύτὸν
1377 3575 1518 3633 εἶναι
1560 3582 1736 3632 εἰπεῖν
1767 3580 1900 3633 ὑπό-

311 3684 505 3724 στασιν
540 3675 635 3724 καὶ
682 3671 911 3724 οὐσίαν·
956 3672 1088 3742 μίαν
1127 3672 1184 3726 δὲ
1224 3671 1554 3745 φρονοῦμεν,
1603 3671 1692 3725 διὰ
1737 3674 1800 3726 τὸ
1829 3675 1895 3727 ἐκ

306 3759 405 3830 τῆς
437 3760 629 3824 οὑσίας
662 3760 756 3815 τοῦ
798 3763 1015 3833 Πατρός
1055 3759 1198 3818 εῖναι
1229 3764 1320 3816 τὸν
1358 3763 1509 3826 Υἱὸν,
1550 3764 1645 3817 καὶ
1677 3763 1765 3817 διὰ
1793 3763 1894 3834 τὴν

305 3854 612 3924 ταυτότητα
643 3854 744 3924 τῆς
773 3855 1013 3922 φύσεως.
1040 3854 1186 3910 Μίαν
1223 3855 1333 3924 γὰρ
1367 3854 1615 3926 Θεότητα,
1642 3856 1738 3908 καὶ
1766 3855 1896 3922 μίαν

304 3937 447 3999 είναι
479 3943 581 4013 τὴν
615 3945 823 4016 ταύτης
856 3945 1021 4015 φύσιν
1068 3945 1422 4015 πιστεύομεν,
1457 3948 1552 3999 καὶ
1585 3949 1685 4001 οὑκ
1729 3948 1896 4018 ἄλλην

309 4034 411 4119 μιν
437 4036 539 4104 τὴν
588 4035 682 4090 τοῦ
709 4039 947 4109 Πατρός,
980 4038 1141 4111 ξένην
1185 4038 1240 4094 δι
1270 4040 1463 4093 τούτου
1497 4040 1599 4111 τὴν
1640 4040 1733 4100 τοῦ
1765 4042 1893 4095 Υίοῦ

305 4129 404 4181 καὶ
432 4128 536 4201 τὴν
564 4129 660 4184 τοῦ
700 4131 858 4195 ἁγίου
890 4130 1235 4201 Πνεύματος.
1278 4131 1495 4200 ’Δμέλει
1526 4134 1689 4186 κᾶκεῖ
1723 4136 1771 4186 οί
1804 4134 1893 4186 atl-

303 4221 613 4284 τιαθέντες.
637 4222 713 4285 ὡς
735 4224 1022 4294 εἰρηκότες
1038 4225 1184 4295 τρεῖς
1207 4224 1535 4288 ὑποστάσεις
1552 4225 1894 4279 συνετίθεντο

218 4342 229 4349 -
303 4313 540 4375 τούτοις.
574 4315 684 4369 Καὶ
713 4314 872 4368 αὑτοὶ
897 4315 954 4368 δὲ
992 4316 1045 4369 οί
1077 4314 1362 4387 εἰρηκότες
1413 4316 1541 4386 μίαν
1574 4318 1890 4382 ὑπόστασιν,

298 4405 369 4457 τὰ
421 4406 650 4458 ἐκείνων
697 4406 888 4475 ὥσπερ
944 4409 1300 4477 ἡρμήνευσαν
1356 4410 1448 4461 καὶ
1503 4408 1885 4478 ὡμολόγουν.»

303 4490 413 4543 Καὶ
442 4491 754 4560 προϐαίνων
781 4493 903 4563 μεθ’
948 4494 1114 4565 ἔτερα
1138 4509 1150 4523 ·
1187 4514 1207 4547 ε
1233 4495 1459 4550 Τούτων
1498 4497 1676 4551 τοίνυν
1720 4498 1893 4567 οὕτως

303 4582 540 4663 ὁμολοχη
549 4582 773 4651 Oili-tow,
802 4648 809 4655 .
820 4602 969 4656 παρα
978 4586 1143 4651 καλοῦ
1146 4582 1454 4663 μενᾚῖζᾶζῆ
1462 4570 1775 4663 Ἶξῶῗῖμμὲνέ
1869 4620 1890 4633 ο

2001 3396 2128 3457 sim.
2167 3395 2519 3451 sciscitantes
2550 3397 2618 3449 ab
2647 3396 2785 3461 illis,
2818 3412 2949 3451 num
3005 3411 3103 3466 pro
3137 3393 3446 3451 Sabelliano
3491 3397 3592 3452 do-

2000 3495 2179 3558 gmate
2208 3501 2271 3541 ea
2301 3495 2482 3541 mente
2510 3486 2885 3556 loquerentur,
2913 3486 3234 3540 utsnblatos
3278 3485 3477 3540 vellent
3511 3500 3582 3540 ex

2000 3577 2268 3632 Trinitate
2298 3576 2495 3631 Filium
2526 3587 2580 3632 et
2611 3577 2876 3647 Spiritum
2910 3584 3186 3638 sanctum,
3213 3580 3373 3646 quasi
3404 3573 3583 3631 Filius

1997 3674 2231 3726 essentia
2261 3678 2466 3735 careat,
2502 3677 2597 3724 aut
2625 3670 2862 3739 Spiritus
2895 3680 3118 3725 sanctus
3153 3684 3260 3722 non
3305 3668 3584 3724 subsiste-

1996 3761 2115 3816 ret?
2139 3757 2279 3827 Quin
2312 3770 2363 3814 et
2399 3760 2497 3830 ipsi
2529 3776 2747 3831 quoque
2804 3758 3175 3823 al‘llrmarunt,
3214 3774 3393 3827 neque
3420 3774 3481 3813 se
3505 3758 3583 3814 ita

1999 3853 2243 3909 sensisse
2290 3868 2560 3922 unquam,
2598 3852 2692 3907 sed
2742 3850 3081 3924 bypostasim
3113 3866 3209 3907 eos
3252 3851 3583 3921 intelligere.

1997 3946 2140 4000 idem
2181 3961 2304 4001 esse
2343 3961 2466 4001 cum
2513 3946 2755 4001 essentia
2787 3966 2799 4002 :
2835 3962 2998 4000 unam
3031 3954 3216 4000 autem
3278 3946 3403 3999 ideo
3455 3960 3581 4000 sese

1998 4036 2335 4108 liypostasim
2368 4038 2693 4107 intelligere,
2722 4038 2918 4107 partim
2951 4038 3078 4107 quia
3110 4035 3279 4093 Filius
3300 4053 3363 4092 ex
3389 4026 3595 4094 essen-1

1996 4130 2067 4185 tia
2090 4128 2271 4185 Patris
2290 4130 2381 4195 sit,
2403 4131 2598 4200 partim
2624 4130 2750 4199 quia
2776 4146 2831 4185 tn
2851 4130 3024 4185 tribus
3046 4131 3116 4186 sit
3139 4130 3396 4185 identitas
3421 4142 3581 4186 uatu-

1998 4240 2068 4278 rm
2094 4242 2110 4292 ;
2140 4239 2305 4278 unam
2329 4223 2474 4278 enim
2497 4240 2618 4279 sese
2643 4222 2903 4279 Deitatem
2922 4232 2975 4279 et
2992 4239 3154 4277 unam
3181 4232 3432 4278 naturam
3456 4239 3579 4279 creo

1996 4317 2148 4379 dere,
2174 4331 2351 4385 neque
2397 4317 2559 4369 aliam
2611 4314 2813 4379 Patris,
2855 4315 3184 4381 aliamFilii,
3211 4329 3303 4370 aut
3341 4316 3580 4387 Spiritui

1997 4408 2169 4462 sancti
2219 4423 2342 4461 esse
2376 4417 2650 4462 naturam.
2691 4407 2951 4473 Qninimo
3000 4417 3048 4461 et
3085 4407 3185 4471 illi,
3219 4408 3310 4473 qui
3342 4410 3429 4461 ‘eo
3475 4407 3582 4461 cri-

1996 4496 2145 4551 mine
2191 4498 2450 4566 postulati
2503 4506 2682 4560 erant,
2714 4499 2858 4565 quod
2893 4506 3005 4550 tres
3039 4497 3368 4567 liypostases
3415 4495 3581 4550 indu-

1997 4596 2206 4649 carent.
2239 4602 2366 4641 cum
2414 4588 2535 4642 istis
2576 4589 2630 4640 in
2669 4588 2914 4643 eamdem
2949 4591 3275 4642 sententiam
3309 4602 3582 4643 convene-

300 4674 895 4756 1mghoﬂoioyouvrag
950 4679 1049 4758 xit
1094 4678 1556 4758 όιερμηνεύοντας
1602 4662 1745 4734 οὕτω
1790 4682 1889 4746 τὰς

2003 4689 2151 4742 runt,
2183 4679 2538 4746 vicissimque
2574 4676 2675 4739 illi,
2724 4679 2816 4745 qui
2866 4692 3029 4731 unam
3062 4676 3396 4747 bypostasim
3425 4689 3578 4729 assc-

632 4746 877 4838 λέγουσι,
916 4746 1405 4839 pﬁé’éiiptveré,
1432 4756 1567 4840 μήδὲ
1599 4772 1889 4842 προπετῶς

301 4853 664 4920 ἀποϐάλλετε,
710 4854 849 4909 ἀλλὰ
887 4855 1089 4924 μᾶλλον
1129 4858 1514 4929 εἰρηνεύοντας
1542 4864 1637 4915 καὶ
1687 4863 1891 4917 ἀπολο-

300 4950 605 5019 γουμένους
638 4950 1151 5023 προσλαμϐάνεσθε,
1183 4959 1310 5022 τοὺς
1336 4957 1394 5012 δὶ
1428 4959 1502 5031 μὴ
1526 4959 1890 5032 βουλομένους

302 5038 477 5105 οὕτως
518 5040 824 5111 ὁμολογεῖν,
861 5047 955 5098 καὶ
986 5045 1369 5119 δερμηνεύέιν
1394 5052 1493 5113 τὰς
1540 5051 1736 5119 λέξεις,
1766 5054 1891 5107 τούς

303 5148 429 5196 τους
456 5130 700 5188 κωλύετε
729 5137 825 5192 καὶ
855 5138 1170 5207 ἑντρέπετε,
1219 5141 1296 5204 ὡς
1348 5143 1624 5206 ὑπόπτους
1653 5145 1731 5214 τῷ
1759 5163 1891 5214 φρο-

304 5224 529 5297 νήματι.
580 5226 800 5283 Τούτων
853 5228 911 5283 δὲ
959 5230 1036 5301 μὴ
1082 5231 1428 5303 ἀνεχόμενοι,
1489 5233 1886 5304 συμϐουλεύετε

304 5315 398 5367 καὶ
431 5315 666 5379 ἱκείνοις
716 5321 831 5380 τοῖς
880 5319 1059 5391 ὀρθῶς
1104 5323 1475 5394 ἑρμηνεύουσί
1524 5341 1584 5379 τε
1629 5329 1722 5380 καὶ
1750 5344 1885 5398 ippo-

306 5403 482 5469 νοῦσι,
517 5407 686 5478 μηδὲν
714 5409 880 5463 πλέον
906 5412 1171 5483 ἀλλήλους
1199 5414 1535 5486 ἀνακρίνειν,
1566 5417 1699 5487 μηδὲ
1727 5418 1882 5487 λογο-

306 5501 503 5568 μαχεῖν
552 5501 640 5554 ἔπ’
686 5502 838 5556 οὐδὲν
889 5506 1186 5576 χρήσιμον,
1241 5508 1379 5578 μήτε
1433 5511 1555 5572 ταῖς
1605 5509 1883 5574 τοιαύταις

302 5589 483 5657 λιξεσι
535 5590 919 5664 διαμάχεσθαι,
961 5597 1096 5651 ἀλλὰ
1137 5597 1215 5670 τῷ
1245 5584 1555 5671 φρονήματι
1585 5601 1687 5671 τῆς
1726 5603 1885 5656 εὐσεο

306 5682 453 5747 ϐείας
505 5687 837 5753 συμςωνεϊν.
885 5687 949 5741 Οί
979 5689 1107 5769 ’γὰρ
1148 5691 1231 5760 μὴ
1246 5690 1446 5765 ,οὓτως
1483 5692 1879 5769 διανοούμενοι,

305 5773 444 5859 αλλὰ
472 5775 636 5845 μόνον
661 5776 755 5837 ἐπὶ
776 5780 907 5855 ,τοῖς
926 5781 1193 5845 τοιούτοις
1212 5782 1491 5848 λεεειδίοις
1518 5785 1880 5859 φιλονεικοῦν-

304 5856 420 5928 τες.
459 5867 556 5919 καὶ
587 5868 738 5937 παρὰ
766 5866 837 5921 τὰ
889 5870 949 5921 ιν
987 5870 1193 5943 Νικαίᾳ⁵
1231 5860 1517 5945 γραφέντα
1563 5856 1877 5945 chio-3w“,

307 5957 455 6019 οὐδὲν
477 5956 667 6039 ἕτερον
695 5958 976 6028 ποιοῦντές
1019 5964 1180 6031 είσιν,
1216 5964 1250 6041 ἢ
1292 5963 1603 6033 ποτίζουσιν
1651 5966 1881 6035 ἀνατρο-

1995 4780 2277 4836 verarant,
2331 4770 2563 4824 istorum
2609 4768 3046 4838 interpretationi
3084 4768 3504 4838 acquieverunt.
3548 4784 3568 4819 ι

1993 4860 2061 4915 Et
2090 4862 2253 4929 paulo
2295 4861 2478 4915 infra:
2539 4879 2557 4911 ι
2590 4861 2726 4914 Cum
2780 4861 2948 4927 igitur
2993 4858 3303 4913 istiusmodi
3353 4860 3575 4914 illorum

1993 4954 2159 5010 fuerit
2210 4956 2511 5015 confessio.
2547 4955 2912 5009 adhortamnr
2947 4969 3069 5021 vos,
3103 4970 3171 5008 ne
3214 4970 3333 5018 eos,
3362 4955 3453 5024 qui
3499 4954 3573 5010 ita

1992 5047 2345 5106 conﬁtentur.
2402 5047 2673 5112 talemque
2727 5046 3235 5114 interpretationem
3282 5062 3397 5101 suae
3435 5061 3576 5102 con-

1992 5133 2215 5190 fessioni
2248 5136 2687 5199 accommodant,
2713 5151 2809 5187 vos
2855 5146 3055 5190 temere
3070 5134 3456 5199 condemnare,
3483 5146 3577 5191 aut

1991 5227 2220 5296 rejicere
2247 5228 2446 5289 velitis,
2472 5227 2564 5282 sed
2593 5230 2793 5296 potius,
2828 5229 3063 5283 admissa
3094 5228 3316 5287 illorum
3341 5244 3576 5283 excusa-

1989 5320 2159 5385 tione,
2213 5320 2556 5390 recipiendos
2584 5322 2824 5388 putetis:
2870 5336 2966 5376 eos
2998 5334 3213 5386 natura,
3256 5322 3346 5391 qui
3402 5321 3566 5376 talem

1988 5410 2390 5467 confessionem
2426 5428 2533 5465 non
2565 5414 2753 5477 edunt,
2788 5428 2966 5481 neque
2996 5413 3088 5467 tali
3120 5411 3574 5479 interpretatione

1990 5506 2044 5560 in
2100 5504 2222 5560 istis
2271 5504 2458 5559 verbis
2514 5514 2769 5568 utuntur,
2830 5520 3020 5559 arcere
3084 5519 3177 5559 vos
3212 5503 3475 5559 vellemus
3521 5512 3577 5558 et

1986 5596 2286 5659 adversari,
2340 5603 2400 5651 ut
2436 5605 2708 5666 suspectat
2754 5596 2956 5650 mentis
3000 5591 3568 5649 bomines.Ca:terum

1988 5704 2114 5745 cum
2187 5689 2310 5742 illos
2371 5687 2686 5742 tolerandos
2727 5702 2836 5739 non
2893 5684 3214 5744 censebitis,
3271 5683 3576 5740 consuletis

1989 5780 2120 5846 illis,
2153 5780 2247 5849 qui
2283 5786 2432 5834 recte
2467 5780 2920 5847 interpretantur,
2945 5784 3001 5830 et
3030 5785 3178 5828 recte
3204 5776 3471 5840 sentiunt,
3502 5791 3572 5831 ne

1991 5872 2217 5927 ulterior
2240 5872 2347 5927 ulla
2379 5872 2521 5926 inter
2542 5885 2640 5925 vos
2663 5870 2992 5924 adhibeatur
3013 5866 3353 5941 disquisitio,
3385 5881 3570 5937 neque

1985 5964 2273 6051 VEEPBI’IIIII
2301 5964 2498 6037 pugnis
2522 5961 2788 6045 studeatis
2826 5958 2895 6049 ad
2949 5958 3155 6046 nullam
3200 5934 3571 6051 prorsusji'tif
3682 5928 3697 6016 ί

2046 6042 2509 6079 Mn...
