4070 6600
353 430 418 492 33
1438 418 1536 480 DE
1582 417 1874 481 UNIONE
1914 417 2470 480 ECCLESIARUM.
3521 424 3592 486 34

359 545 546 608 ἐποίει,
583 541 884 599 κινδυνεύει
939 542 1426 614 συναπορῤαγῆναι
1465 543 1587 603 ταῖς
1631 539 1924 601 συλλαϐαῖς

2035 547 2138 595 tres
2185 541 2524 612 hypostases,
2566 553 2804 610 quorum
2851 549 3144 610 utrumque
3175 539 3421 610 pertinax
3460 554 3595 594 con—

355 639 446 694 καὶ
495 637 561 690 τὰ
610 637 844 707 πέρατα,
897 635 1084 689 Ταῦτά
1141 633 1274 704 γοῦν
1305 634 1448 704 δρῶν
1489 634 1581 688 καὶ
1627 632 1844 688 ἀκούων
1891 632 1920 684 ό

359 726 618 796 μακάριος
673 728 903 790 ἐκεῖνος,
953 727 1050 779 καὶ
1098 725 1174 786 ὼς
1223 725 1437 794 ἀληθῶς
1491 725 1777 795 ἄνθρωπος
1823 722 1917 774 τοῦ

355 817 509 882 Θεοῦ,
543 819 635 872 καὶ
683 817 856 888 μέγας
887 821 998 872 τῶν
1028 819 1216 890 ψυχῶν
1263 817 1569 888 οἰκονόμος,
1621 817 1722 870 οὐκ
1763 815 1916 886 ᾠήθη

355 907 460 964 δεῖν
492 911 742 980 παριδεῖν
770 912 871 981 τὴν
893 911 1093 966 ἄτοπον
1115 911 1257 965 οὕτω
1296 913 1390 966 καὶ
1425 911 1618 980 ἄλογον
1645 909 1738 962 τοῦ
1760 907 1922 976 λόγου

354 1001 696 1070 κατατομήν·
751 1002 814 1054 τὸ
863 1001 919 1054 δὲ
965 1003 1096 1072 παρ’
1145 1002 1340 1056 ἑαυτοῦ
1383 1001 1675 1072 φάρμακον
1727 999 1922 1082 ὲτξάγει

353 1092 426 1162 τῷ
449 1093 872 1164 ἁρῤωστήματι.
918 1111 936 1146 ι
977 1094 1169 1148 Ἔνθεν
1203 1110 1283 1148 τοι
1319 1093 1413 1146 καὶ
1454 1092 1628 1146 ταῦτα
1657 1090 1920 1161 διαπερᾶο

355 1199 447 1248 νας
479 1185 992 1256 ἐπευφημὶζειτοῖς
1014 1187 1334 1257 ἐγκωμίοις,
1358 1205 1377 1238 ι
1407 1185 1582 1240 Τοῦτο
1611 1185 1697 1256 δὴ,
1727 1185 1922 1253 λέγων,

351 1275 455 1328 τῶν
507 1277 737 1349 μακρῶν
791 1277 970 1332 πόνων
1029 1279 1126 1332 καὶ
1193 1280 1367 1346 λόγων
1445 1276 1923 1346 λυσιτελέστερον·

351 1370 505 1423 τοῦτο
535 1369 648 1423 τῶν
698 1371 962 1440 ἀοιδίμων
996 1370 1222 1442 ἑξοριῶν
1257 1373 1348 1425 καὶ
1381 1369 1576 1440 φυγῶν
1608 1369 1701 1422 τοῦ
1733 1368 1926 1439 ἀνδρὸς

351 1461 600 1526 ἐπάξιονο
641 1461 803 1517 τοῦτο
839 1462 950 1516 τῶν
985 1462 1196 1516 πολλῶν
1233 1461 1545 1534 ἀγρυπνιῶν
1585 1460 1682 1514 καὶ
1709 1448 1927 1530 ’χαμευ-

351 1554 478 1608 νιῶν
510 1557 912 1626 προτιμότερον
935 1572 949 1588 ο
981 1549 1056 1610 ὧν
1091 1556 1252 1628 μέχρι
1288 1555 1397 1608 τῶν
1431 1552 1843 1624 κατορθούντων
1868 1555 1928 1607 τδ

351 1647 598 1720 κέρδος.»
641 1648 716 1702 Τὸ
737 1647 794 1701 δὲ
815 1649 902 1702 ὅτι
926 1648 1024 1718 οὐχ
1055 1647 1198 1702 οὕτω
1229 1647 1446 1719 μικρὸν,
1477 1647 1640 1710 αὐτός
1673 1662 1738 1714 γε
1769 1640 1928 1708 αὖθις

349 1733 606 1806 ἀνωτέρω
640 1735 809 1806 φησί·
843 1751 865 1789 ι
885 1737 1102 1791 Γένοιτο
1129 1737 1669 1813 γὰρ-ἀντιπαίδευμα
1701 1737 1928 1799 καὶτοῖς

348 1822 442 1878 νῦν
468 1825 502 1896 ἡ
537 1825 760 1896 πρᾶξις,
787 1826 904 1896 εἴγε
937 1828 1035 1882 καὶ
1065 1828 1200 1899 πρὸς
1231 1809 1791 1898 ἓκᾶνονβλέττοιμεν.
1831 1843 1852 1877 ι

2029 631 2282 687 teudendi
2331 633 2573 686 studium
2631 631 2940 688 efﬂuxerat.
2988 629 3130 699 Quid
3181 631 3410 702 pOStea?
3453 629 3593 684 Cum

2027 724 2220 792 exigua
2275 741 2362 778 res
2393 725 2574 794 aliqua
2623 724 2867 792 quotidie
2907 725 3212 791 accederet,
3267 739 3386 792 qum
3426 724 3598 776 mole-

2024 817 2186 869 stiam
2220 813 2460 880 afferret,
2495 815 2724 870 moleste
2753 826 2932 870 autem
2959 825 3017 870 ut
3040 815 3336 878 videretur,
3370 826 3600 870 conten-

2028 907 2103 960 tio
2133 907 2390 968 faciebat,
2441 921 2506 961 eo
2551 907 2768 962 tandem
2806 922 2897 962 res
2927 906 3158 960 adducta
3207 915 3311 971 est,
3352 916 3411 958 ut
3455 907 3600 974 peri-

2027 997 2207 1052 culum
2240 1007 2409 1064 esset,
2449 1013 2514 1051 ne
2544 997 2696 1052 orbis
2731 1008 2999 1053 terrarum
3032 999 3168 1054 lines
3197 1014 3301 1051 una
3335 1012 3458 1068 cum
3490 999 3604 1065 syl-

2027 1091 2166 1146 labis
2195 1092 2677 1159 abrumperentur.
2711 1088 2844 1157 Quae
2881 1105 3007 1145 cum
3051 1091 3242 1144 beatus
3281 1089 3371 1142 ille
3412 1087 3517 1151 vir,
3546 1097 3602 1140 et

2026 1198 2154 1238 vere
2177 1183 2341 1236 homo
2366 1181 2482 1248 Dei,
2515 1198 2852 1252 magnusque
2883 1184 3193 1238 animarum
3223 1183 3598 1250 dispensator,

2028 1272 2206 1328 oculis
2249 1273 2587 1342 auribusque
2643 1282 2952 1342 usurparet,
2989 1283 3096 1328 tam
3138 1273 3430 1328 absurdam
3471 1279 3524 1324 ct
3568 1289 3600 1324 a

2029 1365 2240 1420 ratione
2267 1366 2499 1419 alienam
2535 1365 2684 1419 verbi
2718 1367 3016 1420 sectionem
3050 1365 3507 1424 dissimulandum
3538 1377 3605 1416 ac

2031 1457 2414 1530 negligendqu
2467 1458 2571 1514 sibi
2616 1473 2722 1512 non
2762 1457 3014 1529 putavit:
3049 1464 3235 1512 Verum
3274 1456 3599 1512 medicinam

2030 1551 2223 1604 nrorbo
2251 1565 2419 1621 quam
2460 1552 2700 1621 primum
2774 1552 3018 1608 adhibet.
3052 1569 3071 1603 ι
3129 1549 3470 1618 Quapropter
3517 1547 3606 1600 his

2029 1643 2298 1698 absolutis
2323 1644 2700 1716 encomiorum
2725 1646 2970 1714 plaustra
2993 1643 3274 1714 congerit:
3305 1660 3324 1694 ι
3360 1639 3494 1703 Hoc,
3518 1641 3606 1693 in-

2031 1737 2253 1805 quiens,
2320 1735 2596 1790 diuturnis
2653 1735 2760 1792 illis
2813 1734 3096 1792 laboribus
3159 1745 3212 1790 et
3259 1733 3607 1805 sermonibus

2033 1828 2193 1899 longe
2225 1829 2417 1884 utilius
2441 1839 2548 1884 est.
2576 1815 2690 1882 Hoc
2718 1829 3073 1898 pervulgatis,
3102 1835 3266 1898 atque
3289 1827 3436 1881 omni
3460 1823 3600 1878 fama

348 1913 642 1974 celebratis
676 1918 852 1989 ipsius
880 1919 1164 1974 cxsiliiset
1182 1915 1328 1988 fugis
1351 1917 1523 1972 nihilo
1554 1916 1785 1972 inferius
1831 1915 2258 1972 existimandum
2295 1928 2399 1974 est.
2472 1918 2586 1974 Hoc
2659 1922 2846 1976 multis
2879 1917 3076 1992 vigiliis
3139 1933 3193 1976 et
3256 1915 3608 1974 chameuniis

347 2011 724 2080 praestantius,
755 2027 990 2082 quarum
1029 2011 1236 2068 utilitas
1269 2013 1324 2068 in
1359 2011 1467 2077 his,
1507 2010 1598 2081 qui
1637 2011 1752 2065 haec
1790 2019 2052 2079 praestant
2117 2013 2392 2082 deligitur,
2463 2027 2564 2068 nec
2603 2011 2790 2092 .latius
2851 2023 3077 2068 manat:
3110 2033 3129 2066 ι
3172 2028 3294 2083 qua:
3320 2027 3426 2065 non
3468 2010 3605 2062 adeo

348 2107 554 2180 pusilla
583 2118 690 2179 est,
736 2119 795 2165 ut
845 2111 986 2166 idem
1015 2111 1179 2181 paulo
1209 2121 1336 2166 ante
1361 2106 1596 2176 dixerat,
1629 2127 1648 2160 ι
1685 2105 1820 2162 Nam
1844 2107 1932 2164 his
1964 2123 2205 2180 quoque,
2247 2110 2339 2180 qui
2374 2123 2522 2164 nunc
2547 2110 2757 2178 vivunt,
2823 2112 2938 2168 haec
3005 2110 3151 2166 actio
3190 2112 3438 2166 doctrina
3481 2118 3604 2161 esse

349 2215 538 2276 queat,
591 2205 639 2261 si
681 2206 858 2276 ipsum
901 2207 1061 2262 nobis
1107 2205 1435 2260 imitandum
1475 2220 1861 2276 proponemus.
1893 2222 1913 2256 ι

433 2299 604 2354 ’Λὶλὰ
625 2299 800 2354 ταῦτα
834 2302 938 2372 ,μὲν
980 2301 1066 2372 ἐφ’
1095 2297 1177 2366 οΐς
1219 2303 1248 2356 ὁ
1270 2301 1376 2370 τῆς
1411 2300 1688 2370 θεολογίας
1717 2299 1930 2354 ἐπώνυ-

2099 2294 2166 2350 Et
2213 2295 2296 2351 his
2339 2295 2581 2366 quidem,
2634 2296 2720 2351 cui
2765 2311 2798 2352 a
2847 2295 3120 2369 theologia
3149 2313 3446 2370 cognomen
3493 2313 3602 2366 est,

355 2407 454 2462 μος
482 2390 567 2458 τῷ
599 2391 824 2462 μεγάλῳ
875 2389 1186 2462 Ἀθανασίῳ
1215 2391 1314 2462 τὴν
1343 2393 1409 2445 εκ
1437 2391 1536 2460 τῆς
1569 2391 1778 2454 ἐννοίας
1805 2393 1928 2462 ὁμου

350 2482 634 2556 φροσύνην
667 2483 768 2555 τῆς
800 2485 864 2537 ὲκ
895 2483 1006 2538 τῶν
1049 2485 1249 2552 λέξεων
1279 2485 1542 2557 διαφορᾶς
1570 2483 1927 2558 προτίθεσθαι

353 2574 782 2646 συμϐουλεῠοντι
829 2579 1146 2647 συγκροτεῖ.
1190 2577 1334 2645 Ἒγὼ
1367 2558 1434 2652 ’δὲ
1464 2580 1559 2632 καὶ
1594 2576 1682 2630 ἔτι
1710 2577 1802 2631 τὸν
1829 2575 1930 2647 τῆς

351 2667 634 2738 θεολογίας
677 2669 966 2742 ἐπώνυμον
1007 2672 1195 2726 τοῦτον
1239 2673 1298 2724 ἐν
1327 2672 1535 2742 ἑτέροις
1587 2669 1766 2740 πολλῷ
1791 2669 1927 2742 -μεί-

353 2759 472 2826 ζοσι
500 2760 897 2834 συγχωροῦντα
935 2769 1279 2836 παραστήσω
1315 2783 1399 2819 σοι
1428 2766 1488 2819 τὸ
1516 2763 1626 2818 τῶν
1655 2763 1930 2836 ὀνομάτων

351 2851 636 2924 διάφορον.
687 2853 904 2926 Ἐπειδὴ
955 2856 1078 2928 γάρε
1129 2873 1282 2920 τινας
1333 2857 1478 2928 ἐώρα
1547 2859 1641 2910 ὑπ’
1691 2857 1928 2928 ἀμαθίας

350 2944 847 3014 διευλαϐουμένους
882 2949 983 3019 τὴν
1033 2949 1176 3016 Θεὸς
1215 2950 1398 3020 φωνὴν
1433 2951 1528 3003 ἐπὶ
1557 2949 1636 3021 τῷ
1681 2949 1930 3022 ζωοποιῷ

351 3039 445 3090 καὶ
471 3037 620 3109 ἁγίῳ
666 3039 970 3112 Πνεῦματι,
1006 3043 1115 3096 πᾶν
1146 3042 1202 3095 δὲ
1231 3043 1474 3108 διδόντας
1521 3044 1708 3115 ἓτερον
1735 3045 1930 3115 ὄνομα,

353 3127 512 3180 οὐδὲν
541 3122 703 3200 ἦττον
743 3131 844 3200 τὴν
887 3130 1056 3201 αὐτὴν
1085 3131 1441 3200 διασημαῖνον
1483 3134 1582 3198 ,καὶ
1631 3132 1932 3203 δυνάμενον

353 3215 592 3282 ἔννοαν,
623 3237 642 3271 ι
677 3219 912 3291 Δίσχρδν
943 3220 1064 3291 μὲν,
1093 3220 1279 3291 φησὶν,
1312 3221 1558 3292 αἰσχρὸν,
1605 3221 1700 3274 καὶ
1735 3217 1934 3281 ἱκανῶς

354 3309 555 3378 ἄλογον
587 3311 730 3376 κατὰ
759 3310 856 3381 τὴν
879 3311 1058 3384 ψυχὴν
1091 3313 1459 3383 ἐρρωμένους,
1489 3307 1934 3384 μικρολογεῖσθαι

351 3403 488 3482 οτερὶ
511 3402 603 3454 τὸν
637 3397 794 3476 ἦχον,
847 3383 967 3456 atati
987 3401 1250 3473 κρύπτειν
1278 3402 1370 3454 τὸν
1419 3383 1716 3472 θησαυρὸν,
1747 3399 1935 3470 ὥσπερ

355 3497 542 3556 ἄλλοις
575 3495 994 3564 βασκαίνοντας,
1019 3494 1232 3566 αῖσχιον
1260 3494 1316 3547 δὲ
1351 3495 1502 3565 ἡμῖν,
1529 3492 1558 3546 δ
1597 3492 1936 3562 ἐγκαλοῦμεν

356 3585 580 3650 παθεῖν,
619 3584 716 3640 καὶ
771 3586 1131 3657 μικρολογίαν
1163 3585 1697 3654 καταγινώσκοντας,
1739 3585 1936 3646 αὐτοὺς

2035 2403 2236 2458 magno
2279 2387 2604 2452 Athanasio,
2631 2403 2694 2442 ex
2738 2388 3006 2442 sententia
3045 2405 3399 2458 consensum,
3444 2393 3600 2447 diffe-

2030 2483 2248 2552 rentiae,
2279 2497 2402 2552 quae
2432 2497 2496 2535 ex
2531 2481 2756 2536 vocibus
2783 2483 2978 2546 oritur,
3011 2485 3450 2552 anteponendum
3483 2500 3607 2540 esse

2030 2573 2275 2630 suadenti
2298 2589 2580 2630 assensum
2603 2574 2823 2644 praebet.
2848 2573 2958 2646 Ego
2977 2591 3103 2630 vero
3122 2585 3377 2644 prmterea
3398 2577 3608 2630 huncce

2030 2667 2344 2737 theologum
2387 2667 2442 2720 in
2487 2666 2652 2721 rebus
2696 2667 2860 2720 etiam
2899 2667 3022 2722 aliis
3075 2669 3297 2736 majoris
3341 2665 3607 2722 moméuti

2031 2760 2315 2814 nominum
2349 2759 2722 2814 diversitatem
2765 2760 3153 2814 concedentem
3187 2761 3282 2813 tihi
3310 2763 3380 2813 ob
3418 2759 3608 2814 oculos

2031 2854 2325 2910 exhibebo.
2363 2853 2501 2908 Cum
2536 2855 2838 2909 nonnullos
2867 2855 3194 2918 intueretur,
3223 2857 3296 2910 ob
3334 2857 3606 2910 inscitiam

2035 2947 2134 3001 Dei
2159 2963 2344 3002 vovem
2363 2949 2428 3002 de
2453 2947 2664 3000 viviﬁro
2689 2958 2992 3016 sanctaque
3020 2949 3220 3016 Spiritu
3254 2949 3608 3019 refugientes,

2034 3039 2141 3092 alia
2173 3053 2302 3093 vero
2355 3039 2538 3108 aliqua
2599 3040 2929 3102 tribuentes,
2976 3054 3084 3092 non
3135 3039 3317 3093 minus
3363 3043 3610 3092 eamdem

2035 3131 2358 3186 sententiam
2380 3131 2715 3200 exprimens,
2739 3132 2920 3200 Turpe
2949 3143 3054 3198 est,
3087 3132 3290 3202 inquit,
3324 3142 3480 3200 turpe
3503 3140 3608 3194 est,

2035 3234 2088 3279 et
2121 3224 2541 3294 perabsurdum,
2577 3225 2704 3279 dum
2747 3227 2933 3280 animo
2965 3227 3232 3290 valemus,
3275 3227 3468 3296 longos
3495 3241 3611 3280 scr-

2037 3331 2226 3372 mones
2253 3326 2434 3372 texere
2457 3319 2600 3372 circa
2629 3319 2776 3373 vocis
2799 3333 3020 3386 sonum,
3045 3329 3096 3371 ct
3119 3320 3368 3374 occulere
3395 3321 3614 3376 thesau-

2036 3423 2182 3469 rum.
2213 3409 2510 3479 quasialiis
2537 3425 2662 3462 eum
2687 3411 3016 3466 invidentes.
3047 3407 3286 3479 Turpius
3309 3421 3489 3466 autem
3531 3421 3616 3466 est

2039 3501 2230 3555 eodem
2273 3501 2404 3554 vitio
2449 3501 2643 3566 teneri,
2689 3501 2835 3572 quod
2893 3502 3048 3556 vobis
3093 3502 3408 3572 oltjicimus,
3453 3513 3616 3572 atque

2041 3606 2164 3645 eum
2195 3592 2414 3644 anxiam
2449 3601 2684 3646 vestram
2733 3593 2800 3648 de
2843 3593 3072 3648 minutis
3117 3595 3282 3648 rebus
3315 3599 3617 3650 contentio-

359 3678 808 3748 μικρολογεῖσθαι
861 3679 1098 3749 περὶτὰ
1146 3679 1475 3751 γράμματα.
1533 3697 1552 3729 ι
1603 3676 1931 3748 Τοιγαροῦν,

2039 3699 2164 3737 nem
2199 3684 2550 3748 damnemus,
2585 3687 2897 3740 litterarum
2944 3696 3124 3740 tamen
3159 3689 3419 3742 minutias
3454 3692 3616 3744 anxie

362 3786 382 3822 ι
431 3768 602 3823 Ἀλλά
649 3771 770 3835 ταῖς
821 3771 1118 3836 συλλαϐαῖς
1162 3771 1574 3844 δυσχεραίνετε,
1622 3768 1718 3824 ach
1765 3785 1935 3840 προσ-

359 3847 588 3917 πταίετε
638 3865 706 3936 τῇ
757 3865 930 3935 φωνῇ,
982 3864 1077 3918 καὶ
1125 3863 1273 3928 λίθος
1321 3863 1746 3934 προσκόμματος
1802 3862 1935 3932 ἡμῖν

357 3953 523 4029 τοῦτο
549 3953 760 4018 γίνεται
801 3957 896 4010 καὶ
944 3955 1124 4027 πέτρα
1157 3955 1473 4020 σκανδάλου,
1521 3953 1642 4008 ἐπεὶ
1670 3955 1766 4008 καὶ
1802 3955 1938 4024 Χρι-

362 4050 490 4111 στός
547 4064 722 4102 τισιν⁶
775 4047 1117 4119 ἀνθρώπινον
1171 4051 1232 4103 τὸ
1281 4049 1470 4112 πάθος.
1503 4047 1807 4118 Συμϐὠμεν
1839 4045 1937 4099 ἀλ-

359 4139 547 4209 λήλοις
596 4141 1008 4212 πνευματικῶς.
1053 4139 1346 4213 Γενὼμεθα
1379 4140 1691 4212 φιλάδελφοι
1734 4139 1936 4211 μᾶλλον

289 4229 298 4236 ’
363 4233 396 4304 ἢ
435 4232 714 4302 φίλαυτοι.
744 4233 874 4287 Δότε
902 4233 1002 4306 τὴν
1030 4233 1264 4306 δύναμιν
1289 4233 1389 4304 τῆς
1415 4233 1687 4305 θεότητος,
1713 4233 1808 4286 καὶ
1836 4229 1939 4286 δὼ-

361 4341 533 4395 σομεν
573 4326 734 4396 ἡμεῖς
757 4327 857 4395 τῆς
884 4326 1070 4397 φωνῆς
1109 4327 1204 4396 τὴν
1229 4327 1596 4398 συγχώρησιν.
1637 4325 1937 4398 ὐμολογή-

364 4431 496 4468 σατε
545 4417 646 4486 τὴν
697 4415 862 4484 φύσιν
910 4419 970 4470 ἐν
1021 4417 1209 4478 ἄλλαις
1258 4418 1484 4484 φωναῖς,
1531 4411 1618 4478 αἷς
1671 4416 1936 4470 αἰδεῖσθαι

367 4506 591 4574 μᾶλλον,
619 4509 716 4560 καὶ
746 4508 822 4570 ὡς
861 4507 1116 4572 ἀσθενεῖς
1156 4508 1300 4579 ὑμᾶς
1334 4509 1713 4580 ἱατρεύσομεν.
1747 4511 1936 4564 Ἔστιν

362 4597 400 4652 ἃ.
429 4601 529 4652 καὶ
559 4599 666 4653 τῶν
695 4601 830 4667 πρὸς
853 4601 1049 4672 ἡδονὴν
1079 4600 1581 4672 παρακλέψαντες.»

433 4879 503 4935 Τί
543 4879 602 4934 δι
631 4895 647 4948 ;
692 4879 826 4950 Οὐχὶ
862 4880 955 4966 καὶ
983 4879 1062 4952 τῷ
1097 4881 1340 4956 μεγίστῳ
1371 4883 1652 4964 Βασιλεῖῳ-
1683 4881 1938 4954 διακενῆς

365 4975 734 5047 ἑπεγκαλοῦσῖ
765 4995 874 5031 τισι
917 4977 1313 5050 διαμέμφεται,
1349 4979 1445 5033 καὶ
1495 4983 1856 5050 προσεπαινεῖ
1877 4979 1938 5032 τὸ

363 5071 464 5142 τῆς
497 5071 810 5141 οἰκονομίας
837 5071 1171 5142 ἀπορῤητον,
1201 5073 1294 5124 καὶ
1328 5072 1513 5124 πᾶσαν
1543 5074 1655 5134 τοῖς
1694 5073 1936 5144 κακούρ-

366 5180 483 5232 γοις
531 5161 837 5236 περιαιρῶν
891 5165 1187 5236 πρόφασιν,
1215 5165 1334 5218 οὐδὲ
1361 5167 1486 5228 τοὺς
1541 5165 1939 5238 ἀφελεστέρονς

257 5249 268 5257 ’
369 5261 645 5330 συγχωρεῖ
672 5258 1026 5328 βλάπτεσθαι,
1057 5258 1157 5330 τὴν
1191 5259 1360 5330 χείρω
1395 5259 1526 5330 περὶ
1578 5259 1745 5313 αὑτοῦ
1780 5259 1940 5327 δόξαν

369 5348 617 5420 ἔχοντας.
646 5367 667 5402 ι
722 5351 962 5414 Ἐκεῖνος
996 5350 1128 5423 γὰρ,
1182 5351 1404 5428 φησῖνίὀ
1443 5351 1585 5414 θεῖος
1613 5351 1816 5423 δηλαδὴ
1845 5355 1938 5405 καὶ

371 5441 544 5512 μέγας
573 5441 874 5506 Βασίλειος,
896 5442 1060 5496 ἕνεκα
1093 5442 1192 5514 μὲν
1215 5441 1316 5496 τοῦ
1343 5428 1646 5514 ὀρθοῦίκαὶ
1671 5443 1770 5514 τῆς
1797 5442 1938 5498 κατὰ

369 5534 470 5605 τὴν
510 5533 674 5601 ἁγίαν
725 5527 932 5603 Τριάδα
984 5534 1278 5602 συναφείας
1315 5536 1410 5588 καὶ
1469 5534 1740 5600 συνθείας,
1771 5533 1804 5606 ἢ
1837 5535 1936 5588 οὐκ

370 5623 468 5680 οἷδ’
496 5627 526 5680 ὃ
553 5643 605 5679 τι
629 5625 962 5698 κυριώτερον
987 5627 1162 5680 εἰπεῖν
1189 5627 1295 5698 χρὴ
1327 5626 1424 5680 καὶ
1475 5627 1828 5698 σαφέστερον,
1864 5629 1938 5700 μὴ

370 5717 452 5770 δτι
481 5715 686 5789 θρόνων
715 5719 988 5782 ἐκπεσεῖν,
1017 5711 1100 5777 οἷς
1143 5717 1264 5770 οὐδὲ
1308 5717 1405 5770 ἀπ’
1433 5716 1613 5788 ἀρχῆς
1662 5715 1942 5788 ἐπεπήδη-

375 5826 489 5878 σιν,
518 5811 656 5865 ἀλλὰ
683 5813 778 5864 καὶ
809 5809 986 5882 φυγὴν
1020 5810 1116 5864 καὶ
1149 5809 1401 5876 θάνατον,
1439 5811 1654 5874 καὶτὰς
1709 5809 1816 5880 πρὸ
1845 5808 1942 5863 τοῦ

377 5901 606 5958 θανάτου
637 5901 888 5968 κολάσεις
919 5901 1218 5975 προθύμως
1255 5902 1472 5968 ίδέξατο
1505 5900 1574 5982 ἂν
1599 5900 1674 5968 ὡς
1727 5899 1942 5974 κέρδο;,

1960 5027 2014 5086 ἴ)

2039 3790 2255 3846 urgere.
2291 3794 2311 3828 ι
2341 3776 2702 3846 Quapropter,
2745 3795 2764 3828 ι
2796 3779 2870 3830 At
2893 3779 3131 3848 syllabas
3179 3779 3407 3832 moleste
3437 3780 3616 3850 fertis,

2039 3875 2201 3938 atque
2229 3868 2297 3923 ad
2331 3881 2522 3924 vocem
2553 3870 2878 3940 impingilis.
2929 3871 3178 3940 lapisque
3212 3870 3532 3940 offensionis
3560 3883 3616 3928 et

2037 3973 2188 4034 petra
2217 3963 2462 4018 scandali
2494 3961 2598 4017 hoc
2626 3964 2784 4017 vobis
2814 3963 3068 4020 elﬁcitur.
3102 3964 3214 4021 Nec
3235 3967 3459 4032 mirum,
3487 3983 3609 4022 cum

2037 4055 2298 4110 Christus
2337 4070 2559 4124 quoque
2591 4056 2870 4129 nonnullis
2904 4057 3166 4112 seandalo
3192 4059 3374 4112 fuerit.
3407 4057 3616 4114 Huma.

2039 4162 2146 4203 nus
2175 4148 2220 4201 is
2255 4147 2478 4217 quidem
2530 4147 2787 4205 affectus.
2836 4148 3040 4205 Verum
3083 4130 3456 4224 spiritualiter'
3477 4155 3616 4208 inter

2029 4254 2141 4294 .nos
2197 4239 2342 4294 hanc
2393 4243 2826 4298 controversiam
2877 4245 3292 4316 transigamus:
3365 4246 3616 4302 fraternae

2038 4333 2219 4403 potius
2249 4333 2532 4388 charitatis
2556 4336 2821 4401 studium,
2846 4352 3006 4406 quam
3039 4340 3208 4392 nostri
3241 4353 3482 4394 amorem
3504 4356 3618 4409 prae

2040 4425 2200 4479 nobis
2236 4426 2500 4480 feramus.
2549 4425 2668 4480 Vim
2719 4429 3022 4484 divinitatis
3059 4445 3124 4484 ac
3173 4431 3468 4500 potentiam
3513 4448 3614 4485 no-

2037 4511 2123 4567 bis
2163 4512 2308 4574 date,
2357 4523 2410 4568 et
2460 4530 2564 4568 nos
2613 4515 2852 4570 vicissim
2883 4518 3188 4573 divinitatis
3220 4535 3402 4574 vocem
3459 4515 3615 4576 vobis

2039 4602 2432 4658 concedamus.
2473 4602 2736 4658 Naturam
2789 4605 2915 4661 aliis
2952 4609 3198 4674 vocibus,
3239 4610 3438 4679 quibus
3493 4611 3617 4679 plus

2040 4697 2284 4752 tribuitis
2319 4698 2726 4752 confiteamini:
2761 4715 2827 4754 ac
2877 4716 2972 4755 vos
3018 4711 3073 4754 ut
3119 4703 3366 4756 infirmos
3401 4704 3619 4766 curabi-

2041 4805 2186 4854 mus,
2213 4792 2476 4845 nounulla
2509 4791 2662 4846 vobis
2681 4807 2834 4863 grata
2871 4801 2922 4849 et
2959 4795 3202 4864 jucunda
3226 4796 3614 4852 suifurantcsa

2112 4880 2252 4946 Quid
2310 4883 2610 4952 prtcterea?
2657 4884 2854 4938 Annon
2923 4895 2977 4940 ct
3042 4904 3295 4958 magnum
3354 4889 3616 4944 Basilium

2044 4972 2244 5030 frustra
2285 4977 2636 5032 criminantes
2698 4979 2936 5046 incusat,
2985 4980 3346 5052 laudibusque
3403 4984 3620 5038 extollit

2041 5069 2500 5138 dispensationem
2535 5070 2704 5138 illius,
2737 5089 2860 5140 qua:
2919 5075 3008 5128 vix
3056 5076 3282 5142 eripi-imi
3311 5084 3505 5143 potest,
3567 5085 3621 5130 ct

2043 5161 2544 5217 orunemmalclicis
2579 5165 2872 5218 accusandi
2907 5178 3095 5218 ansam
3127 5167 3463 5234 praeripieas,
3489 5166 3626 5221 sim-

2047 5254 2321 5323 pliciores,
2357 5255 2450 5324 qui
2507 5255 2574 5310 de
2627 5271 2692 5310 eo
2739 5271 2849 5311 non
2911 5267 3056 5312 recte
3119 5261 3447 5320 sentiebant,
3499 5259 3621 5312 ιωΙὶ

2048 5346 2190 5400 haud
2228 5347 2541 5416 permittit?
2573 5365 2590 5397 ι
2627 5347 2718 5403 llle
2749 5349 2918 5414 enim,
2970 5369 2988 5401 ι
3045 5351 3123 5405 ait
3160 5351 3380 5404 divinus
3430 5365 3627 5420 nempe

2047 5454 2382 5510 magnusque
2406 5438 2660 5505 Basilius,
2697 5459 2717 5493 ι
2742 5457 2842 5512 pro
2895 5455 3042 5498 recta
3090 5447 3331 5502 doctrina
3397 5455 3631 5499 sancta:-

2038 5547 2144 5605 que
2189 5529 2466 5588 Trinitatis
2503 5533 2927 5603 conjunctione;
2966 5544 3020 5590 et
3053 5536 3376 5601 condeitate,
3427 5545 3521 5590 aut
3579 5537 3626 5590 si

2041 5639 2151 5692 quo
2201 5625 2374 5694 magis
2429 5628 2650 5696 proprio
2701 5634 2755 5680 et
2801 5627 3094 5698 perspicuo
3125 5629 3290 5681 verbo
3323 5643 3408 5682 res
3438 5645 3498 5682 ea
3522 5643 3626 5682 no-

2045 5715 2149 5768 tari
2185 5725 2382 5786 potest,
2412 5730 2519 5769 non
2548 5715 2710 5770 modo
2764 5717 2830 5771 de
2871 5717 3090 5781 throno,
3137 5715 3204 5771 ad
3243 5731 3402 5784 quem
3429 5731 3528 5770 nec
3557 5717 3631 5768 ab

2047 5809 2202 5862 imtio
2225 5809 2446 5878 quidem
2479 5809 2675 5878 cupide
2702 5807 2960 5880 prosiliit,
3013 5806 3296 5862 exturbari
3335 5823 3400 5862 ac
3441 5806 3632 5875 dejici,

2049 5901 2144 5959 sed
2167 5901 2330 5960 etiam
2362 5902 2550 5961 exsilio
2581 5909 2636 5958 et
2666 5911 2859 5960 morte.
2899 5913 3064 5975 atque
3105 5911 3236 5959 ante
3301 5903 3468 5958 variis
3506 5917 3631 5958 cru.

3867 4914 3892 4984 ἴ

3922 4949 3935 4970 \
