3978 6588
459 384 532 450 35
1523 377 1737 439 ΙΟΑΝι
1781 376 1995 437 VECCI
2035 376 2058 435 (

2191 375 2699 438 PATRIARCILE
3648 374 3708 435 36

424 492 428 497 ’
460 493 700 552 ciatibus
732 487 896 557 allici,
952 496 1205 561 prompto
1248 485 1525 555 alacrique
1579 484 1765 538 animo
1804 483 2043 547 tulisset,

2160 483 2202 536 n‘a
2231 483 2495 538 κίνδυνον.
2531 482 2696 550 Δηλοῖ
2736 480 2794 534 δὲ
2840 476 2924 545 οἷς
2969 481 3071 553 ἤδη
3098 478 3366 552 πεποίηκε
3398 478 3491 535 καὶ
3516 474 3597 545 οἷς
3622 483 3711 535 πί-

461 600 525 639 ac
553 583 743 650 ,lucro
802 580 986 651 potius
1038 592 1202 648 quam
1267 575 1508 646 periculo
1559 575 1898 642 deputasset.
1931 570 2045 626 lloc

461 690 594 730 vero
622 675 692 728 ita
723 688 866 739 esse,
903 671 1189 726 declarant
1233 684 1297 722 ea
1344 683 1466 735 qua:
1497 675 1551 720 et
1581 665 1708 721 fecit
1764 674 1817 719 et
1852 678 2046 735 passus

469 780 575 833 est,
633 768 819 837 utqui
865 767 1026 821 etiam
1072 766 1141 818 ob
1187 762 1433 817 veritatis
1456 757 1826 813 defensionem
1851 757 2046 811 exsilio

466 860 751 921 multatus,
777 855 912 911 nihil
949 854 1093 909 aliud
1147 851 1345 921 negotii
1390 850 1717 919 susceperit,
1755 864 1920 918 quam
1950 847 2044 902 uni

430 950 434 953 ’
464 968 531 1005 ex
562 950 814 1014 asseclis,
850 957 906 1001 ut
936 962 995 1001 se
1026 944 1266 1013 acceptis
1313 942 1674 1013 pugillaribus
1703 950 2044 1010 sequeretur,

466 1044 779 1113 imperaret.
808 1039 1073 1095 Caeterum
1107 1049 1392 1091 sermones
1423 1049 1546 1087 cum
1601 1032 1810 1102 judicio
1857 1032 2047 1100 dispo-

466 1147 597 1187 nere
642 1131 710 1185 de
758 1127 974 1183 Davidis
1016 1124 1250 1179 consilio
1300 1131 1354 1177 et
1383 1124 1651 1177 sententia
1677 1120 2044 1175 necessarium

464 1240 587 1279 esse
627 1221 933 1291 judicabat,
996 1234 1061 1273 ac
1097 1217 1219 1272 belli
1268 1228 1503 1283 tempus.
1564 1221 1619 1267 et
1665 1214 2045 1268 haereticorum

465 1313 832 1384 principatum
887 1308 1283 1379 aliquantisper
1330 1307 1585 1367 tolerare,
1616 1304 1794 1373 quoad
1829 1303 2050 1356 liberta-

463 1408 536 1461 tis
561 1414 775 1474 tempus
827 1401 1227 1465 successisset,
1271 1399 1577 1467 linguaeque
1630 1397 1934 1450 libertatem
1985 1411 2050 1451 ac

465 1497 740 1553 licentiam
802 1494 1095 1549 attulisset.
1153 1491 1232 1545 llli
1291 1491 1434 1544 enim
1474 1489 1675 1541 nudam
1712 1496 1767 1539 et
1803 1496 2046 1555 apertam

463 1606 652 1645 vocem
681 1588 749 1642 de
774 1585 978 1657 Spiritu
1004 1591 1219 1647 sancto,
1254 1583 1398 1651 quod
1428 1580 1585 1634 DeuS‘
1603 1590 1766 1642 esset,
1805 1581 2048 1646 arripere

463 1682 777 1741 studebant.
829 1680 972 1747 quod
1008 1678 1252 1747 quidem,
1290 1675 1506 1728 tametsi
1553 1687 1740 1726 verum
1771 1679 1907 1737 erat,
1944 1671 2049 1724 im-

2145 577 2360 640 πονθεν,
2384 577 2443 639 ὃς
2476 592 2539 645 γε
2567 578 2662 628 καὶ
2695 575 2914 644 ὲξορίαν
2948 574 3089 646 ὑπὲρ
3122 576 3220 645 τῆς
3251 571 3513 642 ἀληθείας
3550 588 3709 626 κατα-

2146 668 2377 739 κριθεὶς,
2424 666 2681 720 τοσοῦτον
2712 665 3209 735 ἐπραγματεύσατο
3257 665 3439 734 μόνον,
3486 666 3609 718 ὅσον
3641 661 3712 719 ἑνὶ

2145 762 2252 814 τῶν
2282 762 2593 815 ἀκολούθων
2624 762 2822 824 εἰπεῖν,
2859 761 3121 832 ἀραμένῳ
3150 759 3211 813 τδ
3239 760 3469 813 πυκτίον
3498 757 3715 810 ἀκολου-

2134 851 2283 906 θεῖν.
2334 853 2656 921 Οἰκονομεῖν
2718 851 2779 904 δὲ
2839 854 2969 913 τοὺς
3033 849 3223 916 λόγους
3270 849 3328 900 ἐν
3386 847 3565 918 κρίσει
3617 845 3713 898 τῶν

2145 945 2370 998 δικαίων
2416 943 2659 1011 ἐνόμιζε,
2694 943 2772 1013 τῷ
2820 943 2953 1013 θείῳ
2985 942 3151 995 Δαϐὶδ
3182 941 3311 1009 περὶ
3341 938 3537 993 τούτου
3581 956 3711 1007 συμο

2147 1038 2324 1108 δούλῳ
2367 1039 2673 1109 χρώμενος,
2705 1036 2801 1090 καὶ
2831 1035 3028 1105 μικρὸν
3073 1036 3198 1088 ὅσον
3228 1032 3319 1087 τὸν
3355 1030 3447 1084 τοῦ
3482 1030 3711 1100 πολέμου

2147 1132 2341 1201 καιρὸν
2362 1130 2660 1199 διαφέρων,
2687 1130 2780 1181 καὶ
2803 1130 2902 1198 τὴν
2927 1126 3039 1179 τῶν
3064 1123 3360 1193 αἱρετικῶν
3380 1122 3711 1189 δυναστείαν,

2146 1223 2254 1285 ἕως
2281 1225 2308 1276 ὁ
2333 1221 2435 1290 τῆς
2469 1219 2786 1290 ἐλευθερίας
2818 1220 2912 1271 καὶ
2940 1218 3042 1285 τῆς
3075 1217 3295 1286 αἰθρίας
3322 1214 3560 1285 ἐπιλάϐῃ
3595 1229 3708 1269 και-

2150 1315 2264 1386 ρὸς,
2295 1315 2390 1368 καί⁵
2415 1314 2490 1382 δῷ
2522 1315 2585 1382 τῇ
2617 1311 2842 1385 γλώσσῃ
2872 1311 2972 1382 τὴν
3004 1310 3341 1381 παρρησίαν.
3374 1310 3435 1361 Οἱ
3472 1308 3574 1377 μὲν
3615 1311 3715 1375 γὰρ

2150 1407 2376 1476 ἐζήτουν
2419 1402 2681 1458 λαϐέσθαι
2727 1405 2941 1473 γυμνῆς
2980 1402 3084 1471 τῆς
3109 1402 3241 1471 περὶ
3270 1400 3368 1454 τοῦ
3408 1400 3717 1467 ῐΙνεύματος

2150 1499 2357 1566 φωνῆς,
2389 1496 2465 1559 ὠς
2493 1495 2580 1562 εἴη
2615 1495 2768 1557 Θεόςο
2804 1495 2964 1565 ὅπερ,
2996 1492 3058 1546 δν
3085 1493 3306 1562 ἀληθὲς,
3334 1492 3557 1556 εὐσεϐὲς
3582 1492 3720 1544 ὲκεί-

2150 1606 2260 1653 νοις
2307 1588 2748 1659 ὑπελαμϐάνετο,
2801 1588 2899 1641 καὶ
2943 1585 3022 1657 τῷ
3073 1584 3229 1655 κακῴ
3289 1584 3565 1656 προστάτῃ
3627 1587 3720 1655 τῆς

2151 1681 2459 1747 εὐσεϐείας,
2492 1683 2579 1735 ἵνα
2610 1681 2701 1735 τὸν
2733 1681 2831 1752 μὲν
2863 1680 2963 1751 τῆς
2992 1678 3203 1739 πόλεως
3241 1678 3380 1747 μετὰ
3412 1677 3511 1745 τῆς
3545 1675 3720 1730 θεολό·

464 1777 612 1845 ρῖυω
646 1782 827 1826 tamen
868 1770 998 1832 illis,
1046 1777 1209 1836 atque
1261 1767 1429 1834 impio
1482 1763 1774 1832 impietatis
1818 1762 2048 1816 antistiti

2160 1787 2253 1840 γου
2301 1770 2551 1840 γλώττης
2601 1771 3024 1842 ὐπερορίσωσισ,
3070 1769 3227 1822 αὐτοὶ
3272 1764 3330 1821 δὲ
3363 1768 3721 1836 κατασχόντες

465 1821 611 1845 τ--ν
649 1821 826 1826 ν-ν-ε-ν-
1122 1821 1136 1836 .
1342 1821 1356 1834 .
1561 1821 1573 1832 .

465 1867 771 1930 videbatur,
824 1874 883 1917 ut
933 1876 1058 1916 cum
1098 1858 1321 1930 quidem
1377 1872 1503 1911 cum
1537 1855 1841 1926 theologica
1870 1855 2050 1925 lingua

2166 1821 2247 1840 ,η
2313 1821 2547 1840 ,η----..
2608 1821 3086 1842 κ
3190 1821 3193 1822 ν
3544 1821 3574 1836 η
3701 1821 3719 1831 -

2160 1862 2254 1931 τὴν
2294 1861 2640 1933 Ἐκκλησίαν,
2678 1864 2772 1914 καί¹
2797 1861 2893 1931 τῆς
2923 1858 3132 1913 ἑαυτῶν
3160 1858 3361 1921 κακίας
3391 1861 3722 1929 ὁρμητηριον

465 1958 687 2013 civitate
770 1954 1055 2024 pellerent,
1133 1950 1234 2020 ipsi
1269 1959 1451 2004 autem
1482 1946 1781 2002 Ecclesiam
1813 1960 2051 2015 occupa-

468 2060 623 2114 rent;
647 2062 879 2117 eamque
912 2026 1134 2099 sceleris
1162 2044 1245 2098 sui
1273 2039 1737 2113 propugnaculum
1756 2038 2051 2103 efficerent,

478 2152 641 2212 atque
673 2140 800 2194 hinc
822 2137 1039 2200 deinde,
1066 2135 1214 2189 velut
1258 2149 1323 2188 ex
1347 2149 1470 2187 arce
1512 2133 1772 2203 quadam,
1808 2132 1860 2186 id
1892 2145 2054 2186 omne

467 2235 613 2306 quod
665 2233 936 2302 reliquum
986 2238 1123 2294 erat,
1181 2228 1591 2298 popularentur.
1635 2226 1821 2281 Atille
1852 2227 1906 2280 in
1933 2226 2055 2281 aliis

468 2328 688 2397 quidem
717 2324 943 2377 vocibus
967 2336 998 2374 e
1028 2319 1309 2388 Scriptura
1366 2321 1569 2389 petitis,
1622 2316 2057 2387 testimoniisque

473 2419 702 2475 minime
729 2414 910 2469 dubiis
937 2412 1185 2466 eamdem
1243 2412 1352 2464 vim
1403 2411 1751 2476 habentibus,
1798 2424 2055 2465 necessa-

470 2510 676 2578 riisque
710 2502 1068 2575 argumentis,
1127 2500 1471 2555 adversarios
1531 2498 1604 2553 ita
1643 2500 2055 2569 comprimebat,

472 2610 533 2656 ut
558 2599 710 2654 nullo
741 2596 902 2650 modo
947 2608 1250 2662 repugnare
1295 2607 1361 2647 ac
1406 2601 1598 2646 contra
1650 2592 1750 2644 niti
1784 2600 2001 2660 possent
2037 2608 2051 2645 :

471 2692 589 2758 sed,
621 2702 743 2759 qua:
769 2687 1004 2740 maxima
1040 2682 1313 2739 sermonis
1346 2683 1522 2736 virtus
1547 2690 1594 2736 el
1632 2683 1915 2749 prudentia
1950 2693 2053 2747 est,

471 2780 711 2852 propriis
751 2776 983 2830 vocibus
1022 2774 1569 2843 constringerentur:
1596 2774 2054 2842 quemadmodum

470 2873 520 2930 is
573 2872 731 2933 liber,
783 2883 947 2940 quem
1009 2866 1117 2921 hoc
1159 2874 1483 2937 argumento
1536 2865 1726 2931 edidit,
1774 2865 2059 2935 perspicue

473 2963 747 3030 ostendet,
779 2963 832 3015 in
868 2974 979 3029 quo
1021 2959 1295 3013 calamum
1326 2960 1483 3028 quasi
1511 2974 1578 3013 ex
1602 2958 1837 3028 Spiritus
1865 2958 2059 3028 pyxide

477 3065 678 3110 movet.
743 3052 849 3108 Sed
898 3051 1377 3120 tamen‘propriam
1422 3066 1610 3105 vocem
1647 3050 1862 3103 interim
1898 3064 2057 3103 usur-

2156 1958 2542 2026 ποιησάμενοι,
2580 1953 2831 2009 ιντεῦθεν
2881 1952 2944 2007 τὸ
2999 1952 3323 2019 λειπόμενον
3355 1950 3524 2015 ἅπαν,
3552 1950 3629 2015 ὼς
3664 1950 3724 2003 ἔκ

2152 2065 2301 2113 τινος
2358 2050 2708 2119 ἀκροπόλεως
2757 2046 3200 2116 καταδράμωσιν.
3243 2042 3301 2096 ’0
3352 2043 3408 2096 δὲ
3454 2044 3513 2094 ὲν
3545 2041 3725 2104 ἄλλαις

2158 2139 2259 2211 μὲν
2307 2143 2516 2210 φωναῖς
2561 2142 2863 2212 γραφικαίς
2905 2140 2999 2192 καὶ
3047 2136 3380 2207 μαρτυρίαις
3429 2134 3726 2203 ἀναμφιλὲ-

2155 2248 2305 2295 κτοις
2332 2233 2534 2285 ταυτὸν
2557 2231 2909 2302 δυναμέναις,
2945 2230 3041 2283 καὶ
3069 2232 3188 2292 ταῖς
3217 2229 3326 2282 τῶν
3356 2226 3726 2295 συλλογισμῶν

2155 2324 2427 2392 ἀνάγκαις
2477 2322 2650 2387 οὕτως
2695 2319 2837 2394 ἦγχε
2881 2323 3011 2387 τοὺς
3054 2322 3459 2389 ἀντιλέγοντας,
3492 2315 3567 2383 ὼς
3608 2316 3728 2388 μηδ’

2155 2416 2487 2470 ἀντιϐαίνειν
2517 2414 2686 2486 ἔχειν,
2715 2413 2834 2468 ἀλλ’
2860 2414 3093 2477 οἰκείαις
3123 2411 3430 2466 συνδεῐσθαι
3483 2413 3686 2481 φωναῖς
3708 2421 3723 2442 ⁶

2156 2507 2303 2578 ἥπερ
2349 2508 2415 2577 δὴ
2451 2507 2547 2561 καὶ
2586 2507 2820 2578 μεγίστη
2865 2506 3025 2574 λόγου
3076 2506 3309 2575 δύναμις
3361 2506 3459 2558 καὶ
3494 2503 3726 2566 σύνεσις.

2156 2597 2400 2668 Δηλώσει
2422 2580 2488 2651 ’δὲ
2521 2598 2617 2651 καὶ
2645 2598 2673 2649 ὁ
2710 2597 2887 2667 λόγος,
2916 2596 2981 2651 ὃν
3013 2598 3146 2667 περὶ
3170 2595 3364 2650 τούτου
3399 2595 3728 2665 συνέγραψε,
3764 2600 3769 2605 “

2159 2688 2327 2743 κινῶν
2351 2688 2450 2762 τὴν
2479 2689 2721 2759 γραφίδα
2753 2689 2829 2752 ὡς
2860 2691 2926 2743 ἐκ
2977 2688 3198 2756 πυξίδος
3244 2686 3339 2740 τοῦ
3394 2685 3731 2756 Πνεύματος,

2156 2780 2256 2850 τὴν
2304 2779 2363 2833 δὲ
2417 2781 2614 2847 κυρίαν
2645 2780 2833 2851 φωνὴν
2886 2779 3025 2844 τέως
3059 2766 3433 2849 ὑπερετίθετο,
3473 2776 3623 2847 παρά
3669 2792 3732 2830 τε

2160 2871 2254 2923 τοῦ
2311 2872 2633 2941 Πνεύματος
2697 2872 2863 2926 αὐτοῦ
2914 2874 3011 2926 καὶ
3073 2871 3185 2928 τῶν
3239 2871 3483 2942 γνησίων
3540 2869 3733 2922 τούτου

2161 2963 2582 3032 συναγωνιστῶν
2612 2964 2771 3035 χάριν
2803 2963 2971 3017 αίτῶν
2995 2966 3063 3036 τῇ
3095 2965 3377 3034 οἰκονομίᾳ
3407 2962 3485 3035 μὴ
3540 2962 3735 3033 δυσχσο

2164 3055 2392 3127 ραίνειν,
2422 3056 2694 3126 μηδεμιᾶς
2727 3057 3126 3128 ἀντεχομένους
3159 3057 3343 3128 φωνῆς
3375 3056 3438 3109 τὸ
3469 3058 3577 3110 πᾶν
3602 3057 3738 3108 ἀπο.

476 3162 607 3217 pare
660 3146 965 3212 dill‘erehat,
1033 3154 1146 3200 tum
1200 3144 1268 3197 ab
1320 3144 1553 3213 ipsomct
1605 3139 1834 3210 Spiritu,
1867 3150 1979 3193 tum
2020 3153 2053 3192 a

2160 3146 2311 3201 λέσαι
2360 3148 2427 3201 δι’
2454 3148 2784 3220 ἀπληστίαν,
2838 3149 2915 3221 τῷ
2953 3148 3135 3221 καιρῷ
3190 3152 3607 3221 παρασυρείσης
3637 3148 3740 3218 τῆς

476 3238 709 3294 sinceris
738 3239 916 3309 ipsius
944 3235 1443 3310 propugnatoribus
1480 3236 1534 3288 in
1566 3232 1754 3302 gratiis
1790 3232 1913 3287 loco
1951 3231 2054 3285 hoc

475 3341 689 3400 petens,
755 3348 823 3385 ne
869 3332 972 3385 hoc
1031 3346 1132 3386 suo
1196 3328 1428 3384 consilio
1472 3326 1894 3388 oll'enderentur,
1958 3338 2058 3378 nec

416 3432 421 3436 ‘
477 3423 904 3483 committerent.
965 3430 1026 3476 ut
1082 3422 1214 3474 dum
1259 3433 1423 3473 unam
1466 3417 1717 3471 voculam
1778 3414 2057 3470 mordicus

477 3512 715 3568 retinere
742 3523 1094 3577 conarentur,
1128 3521 1346 3581 prepter
1386 3509 1760 3580 inexplebilem
1791 3508 2059 3577 cupidita-

478 3615 586 3658 tem
611 3605 794 3658 omnia
830 3605 1139 3673 perderent,
1166 3605 1428 3658 convulsa
1466 3602 1725 3656 nimirum
1748 3599 2060 3654 turbulento

475 3705 720 3766 tempore
739 3710 801 3750 ac
828 3696 1107 3751 destructa
1130 3696 1349 3764 pietate.
1388 3693 1539 3764 Ipsos
1564 3693 1709 3747 enim
1744 3693 1875 3746 nihil
1904 3708 1968 3745 ex
1999 3705 2063 3746 eo

480 3786 818 3839 incommodi
849 3801 914 3839 ac
948 3787 1261 3840 detrimenti
1306 3794 1646 3853 accepturos,
1699 3784 1744 3839 si
1798 3782 2061 3837 vocabula

479 3877 706 3946 paulum
768 3872 1208 3943 immolarentur,
1274 3878 1438 3933 modo
1489 3877 1612 3933 aliis
1654 3875 1837 3932 verbis
1871 3876 2059 3930 eadem

478 3964 810 4024 docerentur
836 3987 850 4025 :
880 3985 1056 4039 neque
1078 3970 1223 4025 enim
1251 3970 1479 4025 salutem
1521 3979 1764 4024 nostram
1797 3968 1853 4022 in
1881 3968 2060 4023 verbis

2160 3237 2462 3301 εὐσεϐείας.
2512 3240 2704 3303 Αὐτοῖς
2742 3239 2844 3310 μὲν
2890 3240 3001 3311 γὰρ
3046 3238 3308 3309 οὐδεμίαν
3344 3235 3485 3293 εἶναι
3532 3236 3739 3309 ζημίαν

2162 3329 2656 3402 ὖπαλλαττομένων
2711 3331 2908 3403 μικρὸν
2959 3330 3070 3386 τῶν
3118 3330 3343 3397 λέξεων,
3387 3328 3482 3383 καὶ
3531 3333 3742 3399 φωναῖς

2162 3419 2352 3482 ἄλλαις
2384 3421 2446 3474 τὸ
2479 3424 2593 3476 ἴσον
2624 3422 3051 3493 διδασκομένοις.
3084 3422 3218 3476 Οὐδὲ
3269 3422 3380 3492 γάρ
3404 3423 3462 3475 ὲν
3482 3422 3742 3491 ,ῥήμασιν

2162 3513 2298 3582 ἡμῖν
2330 3508 2594 3584 εἶναιτὴν
2626 3513 2902 3584 σωτηρίαν
2937 3513 3144 3586 μᾶλλον
3176 3514 3209 3584 ἢ
3240 3513 3554 3583 πράγμασι.
3588 3510 3745 3579 Μηδὶ

2165 3602 2275 3672 γάρ
2324 3603 2387 3655 τὸ
2426 3602 2699 3656 Ἰουδαίων
2743 3601 2900 3666 ἔθνος
2944 3601 3241 3657 ἀποϐαλεῖν
3271 3603 3362 3668 ἂν,
3393 3602 3465 3665 εί,
3517 3600 3615 3667 τὴν
3644 3598 3743 3652 τοῦ

2183 3693 2554 3765 Ἦλεεμμὲνου
2607 3692 2791 3766 φωνὴν
2821 3694 2943 3749 ἀντὶ
2979 3695 3081 3765 τῆς
3108 3692 3349 3767 Χριστοῦ
3389 3693 3523 3763 πρὸς
3559 3690 3746 3758 ὀλίγον

2166 3784 2574 3856 ἐπιζητοῦντες,
2615 3787 2804 3857 ἠξίουν
2843 3785 2965 3856 μεθ’
3004 3786 3168 3858 ἡμῶν
3204 3784 3518 3841 τάττεσθαι.
3558 3783 3649 3853 Τῷ
3684 3782 3749 3835 ὀὶ

2166 3877 2331 3948 κοινῷ
2365 3878 2634 3951 μεγίστην
2663 3878 2732 3934 ἂν
2762 3877 2967 3950 βλάϐην
2992 3877 3248 3949 γενέσθαι
3278 3877 3382 3949 τῆς
3412 3875 3749 3946 Ἐκκλησίας

2164 3970 2623 4043 κατασχεθείσης.
2660 3990 2681 4025 ι

479 4064 853 4133 ροιὶυδςιιυαιη
887 4067 944 4118 in
991 4066 1158 4119 rebus
1186 4065 1534 4124 consistere;
1576 4065 1776 4134 quippe
1803 4079 1929 4118 cum
1964 4079 2066 4119 nec
2101 4062 2276 4121 Judaei
2316 4066 2538 4138 quidem
2573 4067 2857 4139 rejiciendi
2918 4078 3067 4133 sunt,
3095 4068 3141 4123 si
3171 4068 3240 4124 ad
3270 4068 3492 4139 aliquod
3530 4076 3755 4136 tempus

480 4170 581 4225 pro
619 4155 839 4210 Christo
867 4169 1055 4209 vocem
1107 4156 1255 4210 uncti
1289 4155 1393 4210 sibi
1425 4153 1653 4210 concedi
1690 4160 2053 4224 pustulantes,
2093 4153 2148 4211 in
2181 4165 2429 4213 nostrum
2490 4174 2776 4215 numerum
2807 4169 2972 4230 atque
3036 4161 3284 4217 ordinem
3332 4161 3529 4216 ascribi
3553 4161 3753 4216 velint.

479 4252 552 4304 At
574 4250 888 4318 reipublicm
917 4266 1029 4306 non
1054 4265 1217 4322 posse
1256 4250 1520 4320 majorem
1553 4251 1845 4320 perniciem
1874 4265 1940 4305 ac
1996 4262 2204 4321 pestem
2239 4252 2445 4318 aﬂ‘srri,
2477 4268 2640 4325 quam
2705 4254 2755 4320 si
2811 4251 3058 4310 Ecclesia
3090 4255 3160 4310 ab
3198 4255 3468 4311 haereticis
3512 4271 3760 4328 occupa-

480 4358 656 4405 retur.
696 4366 718 4401 ι

580 4442 707 4498 Haec
781 4441 848 4496 de
925 4453 1123 4510 magno
1206 4438 1408 4494 Basilio
1477 4438 1779 4508 astipulans
1861 4438 2058 4512 Grego-

2249 4440 2486 4498 Τοιαῦτα
2521 4444 2600 4516 τῷ
2641 4446 2863 4516 μεγάλῳ
2919 4446 3186 4519 Βασιλείῳ
3241 4448 3697 4521 προσμαρτυρῶν
3727 4451 3763 4504 6

480 4534 601 4589 rius
623 4539 982 4603 cognomento
1019 4527 1350 4601 Theologus,
1403 4544 1687 4586 assensum
1720 4546 1751 4585 a
1784 4544 1845 4585 se
1874 4546 2072 4602 magno

488 4624 790 4681 Athanasio
822 4621 1128 4676 exhibitum
1169 4622 1484 4678 conﬁrmat.
1539 4621 1806 4678 Maximus
1860 4633 2068 4690 autem,

484 4736 614 4775 vere
642 4716 933 4779 maximus,
970 4715 1037 4769 ad
1079 4711 1349 4784 Pyrrhum
1394 4716 1770 4784 presbyterum
1802 4715 2068 4783 scribens,

488 4813 630 4868 inter
659 4809 766 4863 alia
799 4807 949 4872 dicit,
974 4825 993 4857 ι
1016 4806 1202 4875 Neque
1226 4806 1370 4861 enim
1406 4820 1567 4861 voces
1595 4806 1729 4861 nihil
1755 4806 2071 4876 signiﬁcan-

494 4917 577 4962 tes
599 4900 927 4971 simpliciter
952 4898 1255 4960 aﬂerimus.
1282 4898 1376 4954 sed
1404 4899 1704 4955 sententias
1725 4901 1948 4955 vocibus
1977 4915 2071 4956 ex-

488 4997 798 5069 primimus.
854 4995 1027 5060 Quam
1082 4994 1152 5047 ob
1206 5005 1430 5047 causam
1487 5005 1650 5046 voces
1697 5005 2072 5061 saepenumero

492 5087 775 5156 delloquos
840 5085 1027 5140 Patres
1088 5084 1263 5152 reperi
1322 5081 1709 5146 concedentes,
1773 5084 2072 5136 sententias

492 5179 645 5235 nullo
667 5177 853 5242 modo,
880 5176 1025 5248 quod
1060 5191 1168 5231 non
1200 5176 1254 5229 in
1297 5174 1543 5246 syllabis,
1578 5174 1671 5229 sed
1701 5176 1986 5228 sententiis
2018 5183 2074 5230 et

499 5271 674 5329 rebus
711 5271 905 5326 salutis
940 5279 1139 5323 nostra:
1166 5266 1486 5338 mysterium
1511 5266 1758 5320 exsistit:
1814 5265 1946 5321 illud
1988 5275 2072 5319 et-

492 5368 640 5424 enim
669 5363 963 5427 faciebant,
1011 5362 1164 5431 pacis
1192 5376 1377 5415 curam
1401 5370 1671 5429 gerentes,
1704 5359 1829 5425 hoc,
1859 5359 2075 5413 animos

493 5459 696 5513 virtute
727 5453 1136 5511 conﬁrmantes.
1171 5472 1190 5506 ι
1226 5451 1333 5507 Sed
1364 5451 1487 5507 vide
1533 5461 1790 5522 praeterea
1823 5460 2071 5507 sanctum

336 5577 345 5589 ι
386 5612 393 5617 η
456 5600 463 5617 ι
495 5562 863 5620 magnumque
890 5545 1174 5611 Basiliam,
1208 5559 1446 5615 quanam
1478 5544 1570 5599 ille
1592 5545 1800 5599 ratione
1833 5559 2073 5598 consona

496 5644 813 5714 svmmystis
860 5640 1092 5707 Spiritus
1159 5639 1494 5710 presbyteris
1545 5638 1791 5693 scribens
1852 5636 2077 5703 paciiice

498 5736 906 5805 susgeritleec
936 5746 1102 5793 sunt:
1139 5732 1377 5804 «Magna
1447 5742 1533 5789 est
1590 5731 1868 5788 inclinatio
1938 5738 2076 5785 tem-

499 5829 649 5896 poris
674 5828 740 5883 ad
768 5826 1135 5884 Ecclesiarum
1162 5827 1522 5883 eversionem.
1562 5825 1735 5894 Atque
1761 5821 1811 5877 id
1839 5821 1951 5892 jam
1975 5820 2068 5876 diu

2168 4533 2269 4605 τῆς
2304 4533 2585 4604 θεολογίας
2616 4536 2929 4607 ἐπώνυμος,
2957 4538 3058 4607 τὴν
3089 4539 3219 4610 παρ’
3247 4540 3413 4594 αὑτοῦ
3445 4543 3763 4612 γενομένην

2173 4628 2535 4701 συγκρότησιν
2571 4630 2650 4702 τῷ
2690 4633 2863 4703 Πατρὶ
2887 4634 3045 4705 ἡμῶν
3081 4635 3386 4707 ’Δθανασίῳ
3410 4637 3761 4710 συνίστησιν.

2184 4718 2245 4805 Ὀ
2273 4719 2329 4773 δὲ
2376 4720 2942 4805 ,μεγιστοςρΜάξιμος
2980 4725 3117 4805 πρὸς
3158 4726 3378 4798 Πύρρον
3413 4728 3769 4785 ἐπιστέλλων

2172 4798 2749 4883 ἤρε’σϐὗτερονςέστιν
2794 4807 2856 4869 οὗ
2888 4798 3159 4888 κφησίτῆς
3203 4804 3519 4892 ἐπιστολῆς,
3566 4840 3586 4873 ι
3634 4824 3771 4895 Οὐχ

2172 4902 2365 4967 ἁπλῶς
2410 4906 2518 4976 γὰρ
2556 4907 2743 4973 φωνὰς
2779 4908 3031 4978 ἀσήμους
3070 4909 3442 4980 προφέρομεν,
3508 4911 3629 4966 ἀλλ’
3664 4915 3770 4969 ἒν-

2170 4994 2322 5060 νοίας
2373 4998 2495 5061 ταῖς
2549 5000 2757 5067 φωναίς
2813 4999 3270 5073 διασημαίνομεν.
3328 5002 3406 5057 Δι’
3446 5005 3514 5076 ἢν
3565 5006 3770 5062 αἰτίαν

2173 5087 2357 5156 φωνάς
2415 5090 2516 5160 μὲν
2572 5091 2835 5155 πολλάκις
2887 5096 3359 5167 παραχωροῦντας
3406 5095 3566 5169 εὗρον
3620 5101 3773 5165 τοὺς

2174 5179 2471 5251 θεηγόρους
2513 5183 2765 5252 Πατέρας
2791 5221 2806 5248 ,
2854 5186 3067 5251 ἐννοίας
3113 5187 3170 5240 δὲ
3213 5189 3505 5260 οὐδαμῶν
3543 5190 3629 5247 ὅτι
3675 5193 3768 5263 μὴ

2174 5271 2235 5323 ὲν
2274 5271 2587 5338 συλλαϐαῖς,
2637 5274 2774 5328 ἀλλὰ
2823 5276 3060 5347 νοήμασί
3095 5294 3156 5331 τε
3212 5282 3305 5334 καὶ
3359 5285 3650 5352 πράγμασι
3690 5283 3771 5336 τὸ

2172 5365 2273 5433 τῆς
2312 5366 2586 5436 σωτηρίας
2621 5366 2782 5436 ἡμῶν
2822 5367 3059 5440 ὑπάρχει
3123 5371 3448 5444 μυστήριον.
3509 5374 3583 5426 Τὸ
3644 5374 3772 5444 μὲν

2174 5454 2285 5525 γὰρ
2322 5455 2540 5510 ἐποίουν
2579 5458 2802 5529 εἰρήνης
2842 5461 3245 5531 φροντίζοντες,
3276 5466 3336 5517 τὸ
3363 5465 3421 5519 δὲ
3457 5465 3646 5539 ψυχάς
3685 5471 3771 5541 τῇ

2175 5546 2405 5619 ἀληθείᾳ
2444 5550 2812 5621 στηρίζοντες.
2850 5569 2871 5603 ι
2923 5552 3084 5607 Ἀλλά
3125 5553 3238 5625 γὰρ
3262 5556 3364 5627 ὅρα
3392 5558 3629 5630 καθεξῆς
3653 5563 3775 5618 καὶ

2176 5641 2339 5696 πάλιν
2375 5642 2470 5695 τὸν
2510 5643 2656 5715 ἱερὸν
2696 5645 2793 5697 καὶ
2830 5643 3009 5716 μέγαν
3047 5646 3350 5717 Βασίλειον,
3379 5651 3527 5714 ὅπως
3556 5653 3658 5705 καὶ
3705 5656 3783 5708 ὲν

2176 5733 2359 5798 ἄλλοις
2397 5724 2561 5798 αὖτὸς
2586 5734 2857 5806 σύμφωνα
2894 5738 3009 5803 τοῖς
3047 5738 3233 5804 αὐτοῖς
3272 5741 3625 5813 συμμύσταις
3655 5744 3781 5798 τοῦ

2178 5826 2496 5899 Πνεῦματος
2572 5826 2972 5901 πρεσϐυτέροις
3048 5831 3383 5885 ἐπιστέλλων
3456 5836 3787 5901 είρενικῶς
