4070 6582
393 382 464 450 37
1500 381 1596 443 DE
1638 377 1932 442 UNIONE
1975 377 2513 440 EtICLESIARUM
3594 379 3668 438 38

396 498 714 552 ὑποτίθεται
753 497 883 552 τάδε
910 513 922 530 ·
981 498 1057 560 ὡς
1101 516 1120 550 t
1157 495 1220 549 ⁸0
1257 497 1449 569 καιρὸς
1488 498 1690 569 πολλὴν
1729 497 1844 566 ἔχει
1885 499 1968 566 ρο·

2081 494 2294 560 quidem
2345 503 2433 548 est
2469 508 2594 548 cum
2659 489 3049 550 intelleximus.
3130 493 3438 552 Ediﬁcatio
3489 504 3672 549 autem

398 592 506 663 πὴν
544 592 685 662 πρὸς
740 591 1128 662 καταστροφὴν
1156 589 1266 644 τῶν
1303 589 1664 659 Ἐκκλησιῶν,
1699 591 1794 643 καὶ
1821 589 1980 643 τοῦτο

396 683 565 737 πολὺν
605 684 802 754 ἔχομεν
840 683 941 754 ἤδη
998 683 1213 752 χρόνον,
1250 682 1310 747 ἐξ
1357 676 1418 736 οὔ
1458 681 1976 752 καταμανθάνομεν.

399 775 674 846 οἰκοδομὴ
710 775 764 827 δὲ
800 774 1149 844 Ἐκκλησίας,
1179 775 1270 827 καὶ
1303 772 1638 843 σφαλμάτων
1665 771 1976 843 διόρθωσις,

398 867 492 921 καὶ
532 868 853 937 συμπάθεια
893 869 994 936 μὲν
1049 868 1186 937 πρὸς
1216 867 1342 930 τοὺς
1375 865 1764 929 ἀσθενοῦντας,
1805 865 1978 935 ὑπερ-

310 967 314 970 ·
397 960 676 1028 ασπισμὸς
729 960 790 1013 δὲ
842 959 981 1028 πρὸς
1039 959 1166 1021 τοὺς
1205 959 1554 1028 ὑγιαίνοντας
1592 957 1700 1011 τῶν
1734 957 1978 1026 ἀδελφῶν

399 1052 517 1104 οὐδὲ
558 1048 662 1114 εἷς.
727 1051 845 1105 ἀλλ’
882 1051 1007 1104 οὔτε
1049 1051 1328 1122 βοήθημα,
1369 1053 1402 1124 ἢ
1445 1050 1840 1122 θεραπευτικὸν
1879 1049 1982 1118 τῆς

399 1143 892 1213 προκατασχούσης
931 1144 1088 1196 νόσου
1127 1143 1160 1213 ἢ
1205 1144 1647 1212 προφυλακτικὸν
1675 1143 1778 1211 τῆς
1807 1159 1981 1212 προσ-

397 1232 715 1302 δοκωμένης
771 1232 948 1287 οὐδέν.
1005 1233 1114 1285 Καὶ
1164 1233 1301 1294 ὅλως
1355 1231 1502 1284 ἔοικε
1539 1231 1730 1285 λοιπὸν
1790 1234 1824 1302 ἡ
1879 1233 1979 1303 τῆς

410 1322 738 1392 Ἐκκλησίας
773 1324 1140 1388 κατάστασις,
1181 1323 1268 1376 ἶνα
1298 1323 1528 1394 ἑναργεῖ
1559 1324 1856 1393 χρήσωμαι
1902 1324 1980 1394 τῷ

398 1415 786 1484 ὑποδείγματι,
824 1414 930 1468 κᾶν
967 1415 1351 1482 εὐτελέστερον
1383 1410 1526 1468 εἶναι
1565 1415 1732 1479 δοκεῖ,
1775 1416 1979 1487 ίματίῳ

395 1502 620 1570 παλαιῷ
660 1503 766 1554 ὑπὸ
802 1501 905 1571 τῆς
955 1502 1231 1572 τυχούσης
1274 1502 1605 1571 προφάσεως
1641 1504 1838 1574 ῥᾳδίως
1877 1523 1980 1559 κα-

395 1593 866 1664 ταρῤηγνυμένῳ,
904 1592 932 1646 ὃ
962 1593 1098 1665 πρὸς
1126 1593 1226 1662 τὴν
1255 1594 1324 1657 -έξ
1360 1593 1539 1665 ἀρχῆς
1567 1596 1722 1664 ἰσχὺν
1749 1598 1982 1651 ἐπανελο

397 1684 511 1737 θεῖν
573 1684 739 1737 πάλιν
797 1685 1074 1740 ἀδυνατεῖ.
1129 1686 1218 1748 Ὠς
1275 1685 1369 1738 οὖν
1410 1688 1469 1736 ὲν
1510 1687 1690 1757 καιρῴ
1748 1689 1980 1761 τοιούτῳ

402 1777 645 1846 μεγάλης
698 1777 858 1847 χρεία
908 1778 1009 1847 τῆς
1051 1776 1313 1846 σπουδῆς,
1359 1778 1454 1830 καὶ
1493 1779 1693 1848 πολλῆς
1722 1780 1822 1848 τῆς
1853 1784 1979 1836 ἐπι-

2082 584 2362 646 Erclcsize,
2406 593 2716 639 erratorum
2753 584 3041 649 correctio,
3074 602 3203 656 erga
3250 585 3464 647 fratres.
3503 589 3548 640 si
3587 589 3672 641 in-

2079 676 2352 731 ﬁrmiores
2423 689 2591 742 sunt,
2649 693 2951 733 consensus
3004 679 3226 748 quidatu
3316 674 3677 734 humanitatis

2081 767 2294 834 plenus,
2351 769 2395 820 si
2473 777 2619 822 recte
2694 769 2962 834 valeant,
3022 771 3382 840 pt-Opugnatio
3431 771 3673 839 ipsorum

2081 859 2296 920 salutis,
2360 859 2519 927 plane
2580 860 2750 923 nulla,
2806 875 2871 915 ac
2920 876 2989 914 ne
3043 862 3359 931 praesidium
3421 862 3670 931 quidem,

2079 950 2222 1018 quod
2279 959 2373 1003 aut
2431 961 2750 1018 praesentem
2803 953 3056 1007 morbum
3120 970 3320 1010 curare
3351 965 3538 1024 queat,
3576 965 3673 1010 aut

2081 1041 2487 1109 impendentem
2549 1043 2889 1112 propulsare.
2932 1045 3280 1116 Omninoque
3332 1049 3527 1104 similis
3558 1051 3675 1120 jam

2085 1143 2172 1186 est
2205 1132 2465 1188 Ecclesiae
2499 1144 2696 1201 status,
2745 1146 2804 1190 ut
2846 1137 3208 1194 similitudine
3241 1151 3386 1205 utar,
3416 1147 3676 1213 quamvis

2083 1223 2246 1278 vilior
2287 1225 2458 1280 videri
2509 1228 2708 1297 possit,
2759 1228 2997 1284 evidenti
3050 1241 3255 1298 tamen,
3306 1237 3475 1289 veteri
3508 1241 3675 1291 vesti-

2083 1323 2291 1380 mento,
2349 1317 2496 1385 quod
2550 1319 2632 1373 vel
2688 1319 2789 1374 levi
2833 1321 2901 1376 de
2928 1338 3094 1377 causa
3138 1323 3294 1379 facile
3319 1326 3677 1394 discinditur,

2089 1404 2378 1473 pristinam
2415 1421 2546 1460 vero
2578 1409 2910 1464 soliditatem
2939 1427 3263 1482 recuperare
3305 1416 3456 1471 nullo
3512 1429 3677 1486 pacto

2084 1495 2506 1568 potestdgitur}
2535 1498 2588 1552 in
2651 1501 2742 1554 tali
2789 1511 3051 1572 tempore,
3120 1521 3378 1576 magnotu
3430 1511 3674 1565 studium

2083 1601 2390 1657 magnaque
2419 1589 2702 1659 diligentia
2745 1607 2881 1660 Opus
2927 1604 3010 1649 est
3046 1595 3100 1650 in
3137 1600 3462 1666 quibusdam
3497 1601 3680 1658 Eccle-

2085 1676 2182 1731 siis
2239 1678 2552 1747 juvandis:
2601 1682 2939 1749 juvabuutur
3001 1696 3207 1750 autem,
3261 1689 3308 1742 si
3360 1706 3483 1760 qua:
3529 1709 3676 1749 nunc

2083 1768 2294 1824 divulsa
2335 1782 2484 1832 sunt,
2537 1774 2944 1844 coniungantur
2979 1794 2993 1842 ;
3029 1777 3450 1850 conjungcntur,
3480 1783 3525 1839 si
3551 1785 3679 1854 qui-

402 1868 625 1936 μελείας
656 1869 1088 1941 εὐεργετηθῆναί
1116 1888 1166 1923 τι
1193 1873 1288 1939 τῆς
1328 1871 1684 1943 Ἐκκλησίας.
1737 1874 1979 1945 Εὐεργε-

2085 1859 2186 1914 bus
2216 1859 2269 1914 in
2312 1861 2476 1917 rebus
2515 1864 2724 1919 nullum
2774 1868 3068 1924 animabus
3095 1870 3482 1928 detrimentum
3543 1850 3677 1932 alle-

401 1959 494 2011 σία
552 1960 612 2012 δέ
678 1962 826 2014 ἐστιν
879 1961 1152 2032 ένωθῆναι
1225 1964 1296 2016 τὰ
1369 1964 1507 2027 τέως
1577 1964 1978 2036 διεσπαρμένα.

401 2050 633 2112 Ἐνωσις
659 2052 704 2106 δ’
739 2055 806 2108 ἂν
833 2055 1067 2122 γένοιτο,
1102 2057 1150 2108 εί
1179 2055 1601 2128 βουληθείημεν,
1643 2059 1701 2110 ὲν
1749 2056 1832 2123 οἷς
1869 2079 1980 2133 μη-

396 2145 489 2198 δὲν
537 2144 854 2215 βλάπτομεν
900 2147 1002 2210 τὰς
1049 2146 1231 2218 ψυχάς
1281 2153 1818 2222 συμπεριενεχθῆναι
1869 2157 1982 2217 τοίς

395 2236 830 2309 ἀσθενεστέροις.
874 2239 1031 2292 Ἐπεὶ
1064 2235 1172 2314 ¹οὖν
1219 2241 1395 2294 πολλὰ
1445 2244 1690 2313 στόματα
1731 2245 1981 2315 ἧνοικται

396 2331 538 2384 κατά
563 2329 659 2383 τοῦ
691 2330 1010 2402 Πνεῦματος
1042 2331 1139 2386 τοῦ
1171 2335 1352 2401 ἁγίου,
1386 2335 1481 2388 καὶ
1511 2335 1708 2390 πολλαὶ
1736 2338 1980 2407 γλῶσσαι

395 2421 480 2486 είς
533 2423 636 2492 τὴν
693 2423 817 2477 κατ’
857 2424 1022 2478 αὑτοῦ
1075 2424 1451 2498 βλασφημίαν,
1499 2427 1762 2499 ἀξιοῦμεν
1807 2433 1978 2502 ἡμᾶς,

393 2513 520 2566 ὅσον
549 2515 701 2567 ἐστὶν
731 2514 816 2583 ἐφ’
846 2517 1001 2586 ἡμῖν,
1035 2518 1114 2578 εἰς
1149 2516 1329 2585 ὀλίγον
1362 2515 1598 2587 ἀριθμὸν
1652 2521 1982 2589 περιστῆναι

395 2607 526 2669 τοὺς
563 2606 1047 2677 βλασφημοῦντας,
1077 2609 1174 2661 καὶ
1203 2609 1331 2670 τοὺς
1368 2610 1444 2679 μὴ
1479 2610 1736 2678 λέγοντας
1773 2611 1982 2681 κτίσμα

395 2699 459 2751 τὸ
491 2699 719 2767 Πνεῦμα
769 2701 832 2753 τὸ
880 2701 1037 2768 άγιον
1089 2701 1348 2770 δέχεσθαι
1394 2703 1474 2762 είς
1522 2703 1834 2769 κοινωνίαν,
1894 2705 1983 2756 ἵνα

399 2791 555 2860 μόνοι
612 2791 1054 2862 καταλειφθῶσιν
1109 2793 1158 2844 οί
1220 2792 1556 2863 βλάσφημοι.
1615 2813 1634 2846 ι
1679 2796 1787 2848 Καὶ
1842 2796 1985 2866 μετά

394 2901 520 2937 τινα
547 2899 561 2914 ⁸
595 2904 615 2936 t
649 2887 832 2957 Μηδὲν
858 2887 1042 2940 τοίνυν
1073 2886 1236 2939 πλέον
1272 2887 1648 2956 ὲπιξητῶμεν,
1680 2885 1815 2940 ἀλλὰ
1846 2904 1985 2957 προ.

393 2975 706 3046 τεινώμεθα
735 2980 847 3040 τοῖς
874 2978 1226 3048 βουλομένοις
1251 2981 1387 3050 ἡμῖν
1420 2979 1791 3032 συνάπτεσθαι
1827 2980 1983 3033 ἀδελ-

399 3073 521 3138 φοῖς
551 3071 656 3139 τὴν
687 3073 744 3123 ὲν
772 3071 982 3142 Νικαίᾳ
1015 3071 1199 3124 πίστιν
1224 3089 1239 3104 ο
1280 3071 1386 3125 κᾶν
1415 3073 1617 3125 ἐκεῖνοι
1651 3073 1980 3138 σύνθωνται,

2083 1955 2278 2018 rimus,
2312 1957 2646 2012 voluerimus
2709 1973 2808 2014 nos
2836 1961 3229 2017 infirmioribus
3259 1968 3678 2024 accommodare

2081 2054 2136 2099 et
2189 2046 2440 2115 obsequi.
2494 2047 2765 2114 Quoniam
2818 2052 2985 2120 igitur
3042 2055 3339 2110 multorum
3397 2073 3492 2112 ora
3545 2075 3673 2114 sese

2082 2135 2347 2192 adversus
2419 2137 2682 2209 Spiritum
2741 2154 2990 2198 sanctum
3056 2159 3407 2215 aperuerunt.
3467 2152 3670 2205 multo-

2081 2244 2314 2299 rumque
2368 2229 2566 2301 lingua:
2601 2234 2666 2286 ad
2719 2233 3034 2302 jacieudum
3109 2239 3161 2291 in
3225 2240 3374 2294 illum
3415 2241 3673 2311 blasphe-

2088 2320 2229 2374 mias
2268 2336 2327 2375 se
2361 2313 2652 2390 acu‘erunt,
2684 2327 2949 2396 optimum
2983 2327 3125 2384 factu
3157 2345 3280 2385 esse
3310 2334 3583 2398 ducimus,
3615 2344 3674 2390 ut

2082 2425 2344 2480 quantum
2392 2413 2444 2468 itt
2504 2417 2658 2472 vobis
2702 2428 2810 2484 est,
2873 2420 3318 2490 blasphemorum
3379 2443 3672 2484 numerum

2083 2505 2362 2571 minuatis,
2413 2516 2466 2560 et
2512 2508 2577 2561 ad
2627 2525 2836 2578 paucos
2891 2514 3153 2579 redigatis
3183 2533 3196 2568 :
3228 2527 3392 2586 atque
3426 2535 3542 2584 eos,
3579 2522 3674 2590 qui

2086 2594 2346 2666 Spiritum
2390 2610 2640 2653 sanctum
2669 2615 2981 2658 creaturam
3017 2621 3139 2660 esse
3170 2619 3391 2678 negant,
3435 2612 3488 2663 in
3525 2627 3677 2666 cout-

2083 2691 2396 2744 munionem
2458 2693 2751 2769 recipiatis,
2811 2704 2870 2750 ut
2936 2698 3038 2752 snli
3098 2701 3477 2771 relinquantur
3525 2706 3677 2758 blas-

2087 2779 2325 2848 phemi.»
2373 2781 2438 2836 Et
2487 2793 2607 2853 post
2641 2801 2809 2853 pauca
2841 2807 2856 2842 ;
2887 2806 2906 2840 t
2943 2788 3086 2860 Ergo
3117 2792 3248 2844 nihil
3280 2793 3418 2847 ultra
3461 2811 3678 2864 quaera-

2088 2887 2234 2936 mus,
2269 2875 2362 2927 sed
2391 2874 2678 2940 fratribus,
2711 2880 2802 2949 qui
2828 2881 3112 2936 nobiscum
3161 2885 3311 2939 coire
3355 2888 3674 2943 societatem

2083 2965 2297 3032 volunt,
2352 2967 2533 3032 Iidem,
2581 2987 2702 3039 qua:
2756 2970 2952 3028 Nicmae
3003 2976 3212 3030 sancita
3239 2988 3358 3043 est,
3404 2995 3680 3050 prapona-

2083 3069 2228 3120 mus,
2269 3073 2331 3111 ac
2376 3060 2419 3112 si
2461 3062 2513 3114 in
2551 3078 2613 3116 ca
2668 3067 3017 3128 conveniant,
3060 3067 3195 3122 illud
3231 3086 3448 3140 quoque
3486 3074 3677 3144 exiga-

400 3159 772 3230 lmpmttlipsv
816 3160 913 3215 καὶ
963 3163 1027 3215 τὸ
1086 3161 1164 3232 μὴ
1209 3161 1321 3215 δεῖν
1374 3162 1630 3227 λέγεσθαι
1678 3164 1888 3233 κτίσμα
1921 3165 1979 3217 τὸ

2087 3164 2232 3212 mus,
2291 3150 2552 3221 Spiritum
2623 3167 2875 3212 sanctum
2955 3174 3132 3228 neque
3186 3175 3493 3217 creaturam
3566 3167 3676 3222 dici

397 3250 627 3320 Πνεῦμα
675 3251 735 3304 τὸ
783 3255 961 3320 ἆγιον,
1013 3253 1148 3323 μηδὲ
1197 3255 1552 3318 κυινωνικοὺς
1609 3257 1790 3309 αὐτῶν
1837 3253 1980 3310 εἶναι

394 3345 524 3407 τοὺς
554 3344 838 3412 λέγοντας.
896 3345 1046 3416 Ilipa
1083 3346 1141 3398 δὲ
1185 3345 1393 3398 τούτων
1421 3345 1558 3410 ἀξιῶ
1591 3347 1758 3418 μηδὲν
1787 3348 1981 3419 ἐπιζη-

396 3439 608 3490 τείσθαι
642 3437 772 3508 παρ’
809 3439 988 3508 ἡμῶν.
1029 3439 1342 3507 Πέπεισμαι
1371 3440 1486 3509 γὰρ
1509 3440 1592 3492 ὃτι
1628 3444 1694 3512 τῇ
1748 3459 1982 3510 χρονιω-

395 3533 530 3601 τέρᾳ
559 3533 932 3602 συνδιαγωγῇ,
964 3535 1060 3586 καὶ
1095 3534 1163 3604 τῇ
1198 3532 1534 3602 ἀφιλονείκῳ
1568 3535 1976 3606 συγγυμνασίᾳ,

395 3626 492 3675 καὶ
520 3623 574 3677 ετ
601 3639 654 3674 τι
685 3624 794 3676 δέει
827 3625 992 3678 πλέον
1027 3623 1400 3694 προστεθῆναι
1435 3625 1516 3685 εἰς
1549 3623 1844 3693 τράνωσιν,
1875 3625 1979 3677 δώ-

397 3734 480 3772 σει
532 3723 562 3773 ό
615 3719 821 3788 Κύριος
869 3724 899 3773 ό
945 3721 1124 3773 πάντα
1171 3719 1454 3788 συνεργῶν
1488 3721 1569 3782 είς
1602 3720 1809 3786 ἀγαθὸν
1863 3721 1980 3782 τοῖς

395 3811 687 3880 ἀγαπῶσιν
719 3814 909 3868 αὐτόν.
943 3833 962 3865 ι
997 3813 1219 3883 Συνῳδά
1246 3812 1424 3882 τούτῳ
1449 3797 1552 3864 ¹καὶ.
1588 3815 1616 3865 ό
1646 3813 1787 3875 θεῖος
1821 3809 1980 3877 αὖθις

396 3905 744 3974 γνωματεύει
778 3906 1106 3976 Γρηγόριος,
1139 3891 1198 3957 ἐν
1230 3921 1293 3973 γε
1318 3903 1394 3973 τῷ
1431 3905 1635 3975 πρώτῳ
1665 3897 1774 3982 τῶν
1808 3903 1978 3957 αὐτοῦ

397 3987 909 4072 βφηνιξιῷγίέγθα
956 3996 1014 4066 ἐξ
1054 3981 1241 4052 αὐτῶν
1295 3996 1602 4067 προοιμίων
1661 3995 1804 4048 οὕτω
1861 4013 1978 4059 πως

397 4069 687 4158 apricanti?
717 4105 738 4140 ι
779 4088 914 4144 Arist.
951 4105 1044 4159 μοι
1071 4088 1174 4160 τὴν
1203 4087 1458 4158 γλῶσσαν
1489 4088 1521 4154 ή
1549 4087 1855 4158 προθυμία,
1883 4089 1980 4142 καὶ

399 4179 718 4251 περιφρονῶ
750 4180 845 4234 τὸν
874 4179 1223 4252 ἀνθρώπινον
1255 4181 1422 4251 νόμον
1451 4179 1544 4236 διὰ
1568 4181 1661 4233 τὸν
1692 4181 1856 4249 νόμον
1880 4181 1978 4235 τοῦ

367 4270 756 4341 ξηνεύματοςο
787 4269 916 4325 οὔτε
965 4272 1304 4342 νωθέστερον
1342 4267 1486 4326 εἶναι
1516 4272 1693 4339 λέγων
1741 4273 1838 4326 τοῦ
1876 4289 1975 4344 με·

403 4362 546 4432 τρίου
603 4362 794 4429 καλὸν,
828 4361 954 4416 οὔτε
991 4363 1351 4434 θερμότερον,
1402 4363 1478 4424 ὡς
1528 4363 1560 4433 ἢ
1599 4363 1669 4416 δι’
1717 4364 1978 4417 εὐκολίαν

399 4453 529 4504 πᾶσι
553 4450 953 4522 συμφέρεσθαι,
986 4451 1014 4523 ἢ
1039 4453 1106 4505 δι’
1123 4452 1352 4520 ἀταξίαν
1379 4453 1600 4507 πάντων
1623 4453 1978 4508 ἀποστατεῖν.

2083 3254 2361 3312 oportere,
2397 3264 2572 3317 neque
2601 3264 2719 3312 eos,
2747 3253 2839 3320 qui
2874 3252 3084 3317 dicunt,
3131 3255 3186 3309 in
3229 3259 3673 3314 communionem

2084 3340 2217 3409 ipsis
2247 3358 2369 3397 esse
2411 3347 2777 3414 recipiendos.
2800 3346 2943 3402 Nihil
2974 3350 3118 3404 aliud
3143 3359 3246 3415 est,
3276 3354 3420 3422 quod
3449 3333 3690 3423 prtetcr-v

2081 3447 2144 3485 ea
2227 3437 2387 3490 nobis
2443 3437 2826 3506 inquirendum
2881 3457 3160 3499 censeam.
3220 3442 3473 3500 Persuasi
3526 3461 3673 3501 enim

2081 3525 2238 3590 mihi,
2286 3528 2332 3582 si
2370 3531 2502 3598 quid
2533 3535 2696 3585 etiam
2729 3543 2830 3598 est,
2865 3537 3044 3604 quoad
3109 3537 3426 3606 ampliorem
3457 3540 3680 3594 eviden—

2081 3616 2211 3668 tiam
2240 3619 2426 3673 addito
2462 3637 2604 3689 opus
2633 3623 2726 3687 sit,
2755 3627 2804 3676 id
2849 3626 3119 3696 frequenti
3153 3629 3457 3694 collationi,
3512 3631 3675 3686 mini-

2080 3724 2292 3778 maeque
2341 3715 2697 3770 contentiosa:
2753 3716 2893 3772 inter
2948 3735 3048 3774 nos
3107 3723 3486 3776 exercitationi
3516 3723 3676 3778 datu-

2079 3816 2199 3853 rum
2232 3817 2351 3857 esse
2383 3802 2698 3871 Dominum,
2732 3811 2825 3879 qui
2863 3811 3040 3878 ipsum
3075 3812 3434 3880 diligentibus
3486 3814 3671 3867 omnia

2079 3901 2404 3959 cooperator
2451 3895 2506 3948 in
2561 3899 2788 3952 bonum.
2821 3916 2840 3950 ι
2883 3897 3024 3952 Huic
3059 3914 3302 3955 consona
3350 3909 3405 3954 et
3452 3900 3673 3955 divinus

2078 3983 2240 4052 plane
2267 3983 2561 4056 Gregorius
2586 3992 2891 4059 praescribit
2915 3995 3087 4062 prima
3117 3994 3368 4048 oratione
3410 3994 3477 4048 de
3515 4009 3670 4063 pace.

2078 4083 2134 4138 in
2178 4095 2286 4148 qua
2334 4079 2454 4149 ipso
2489 4085 2672 4136 statim
2719 4083 2987 4153 protentio
3019 4085 3318 4145 exorditur.
3365 4083 3671 4154 tLinguant

2079 4191 2256 4230 meam
2291 4177 2454 4230 solvit
2477 4176 2756 4240 alacritas,
2795 4177 3079 4248 legemque
3122 4179 3415 4231 humanam
3449 4185 3673 4246 prapter

2084 4268 2326 4338 Spiritus
2357 4269 2531 4339 legem
2559 4278 2878 4336 contemno,
2923 4285 3023 4324 nec
3050 4272 3381 4339 segniorem,
3407 4270 3671 4337 inquiens,

2079 4375 2412 4432 quemquam
2440 4375 2563 4416 esse
2592 4362 2810 4425 debere,
2837 4376 3002 4431 quam
3035 4376 3133 4430 par
3182 4362 3277 4422 sit.
3310 4376 3410 4414 nec
3451 4360 3667 4414 fervcnc

2046 4445 2048 4447 ’
2082 4455 2278 4506 tiorem
2310 4469 2324 4506 :
2360 4453 2433 4507 ita
2470 4465 2528 4507 ut
2553 4454 2634 4508 vel
2658 4454 2730 4508 ob
2762 4454 3039 4507 levitatem
3074 4454 3141 4508 ad
3178 4468 3372 4508 omnes
3401 4469 3459 4508 se
3484 4468 3675 4522 aggre-

405 4539 640 4612 Ὅμοίως
673 4547 786 4614 γὰρ
833 4546 930 4600 καὶ
957 4544 1020 4598 τὸ
1053 4543 1219 4606 νωθὲς
1251 4545 1557 4616 ἄπρακτον,
1589 4545 1685 4597 καὶ
1716 4545 1776 4598 τὸ
1829 4544 1978 4598 εὐκί-

2081 4554 2192 4616 get,
2217 4545 2304 4600 vel
2341 4546 2410 4599 ob
2439 4546 2806 4600 temeritatem
2846 4554 2901 4600 et
2947 4546 3294 4600 insolentiam
3321 4545 3391 4598 ab
3415 4545 3674 4599 omnibus

402 4652 554 4705 ιητον
600 4636 992 4708 ἀκοινώνητον.
1034 4637 1177 4691 Ἀλλ’
1204 4632 1266 4692 οὗ
1300 4637 1402 4707 μὲν
1437 4631 1566 4711 ἂνῇ
1619 4635 1862 4707 πρόδηλα
1907 4638 1977 4691 τά

403 4729 493 4799 τῆς
537 4730 846 4797 εὐσεϐείας,
891 4731 988 4784 καὶ
1013 4731 1170 4802 πυρὶ,
1203 4733 1298 4784 καὶ
1335 4731 1566 4801 σιδήρῳ,
1609 4731 1705 4784 καὶ
1739 4731 1977 4799 καιροῖς,

404 4829 490 4878 ea‘.
519 4824 835 4889 δυνάσταις,
871 4824 966 4876 καὶ
999 4826 1132 4877 πᾶσι
1162 4824 1431 4894 πρότερον
1469 4824 1638 4892 ὁμόσε
1693 4823 1976 4893 χωρητέον

405 4915 430 4986 ἦ
460 4917 559 4987 τῆς
599 4917 782 4986 ζύμης
812 4915 1107 4985 μεθεκτέον
1137 4914 1234 4985 τῆς
1266 4914 1534 4984 πονηρᾶς,
1572 4915 1666 4965 καὶ
1697 4929 1977 4981 συγκατα-

407 5011 582 5063 θετέον
635 5012 750 5072 τοῖς
807 5007 994 5071 κακῶς
1043 5007 1257 5078 ἔχουσιν
1285 5020 1301 5037 ⁸
1339 5000 1401 5057 οὗ
1432 5005 1490 5058 δὲ
1519 5003 1582 5056 τὸ
1609 5003 1815 5056 λυποῦν
1841 5003 1975 5055 ὑπό-

408 5121 516 5158 ma.
544 5105 643 5158 xui.
673 5101 840 5172 φόϐος
890 5101 1272 5168 άνεξέταστος,
1324 5098 1534 5170 βέλτιον
1561 5095 1656 5149 τοῦ
1689 5095 1888 5166 τάχους
1940 5098 1974 5165 ἡ

407 5198 758 5269 μακροθυμία
807 5197 902 5251 καὶ
957 5194 1058 5266 τῆς
1111 5192 1402 5256 αὐθαδείας
1453 5192 1488 5262 η
1542 5189 1974 5257 συγκατάὃασις.

408 5294 510 5349 Καὶ
559 5291 744 5362 πολλῷ
797 5292 1050 5362 κρεῖττον
1115 5289 1211 5341 καὶ
1259 5285 1730 5355 λυσιτελέστερον,
1783 5285 1842 5337 ὲν
1899 5282 1978 5354 τῷ

404 5385 564 5456 κοινῷ
594 5385 811 5453 σώματι
867 5382 1152 5454 μένοντας,
1183 5376 1537 5448 καταρτίζειν
1563 5375 1853 5445 ἀλλήλους,
1899 5376 1977 5440 ὼς

409 5477 647 5548 ἱλλήλων
699 5475 838 5545 μέλη
885 5467 1406 5543 καταρτίζεσθαι,ἢ
1467 5467 1842 5536 καταγνόντας
1891 5466 1980 5520 διὰ

408 5573 496 5638 τῆς
542 5571 924 5632 ἀποστάσεως,
983 5566 1078 5620 καὶ
1126 5565 1188 5617 τὸ
1233 5562 1550 5628 ἀξιόπιστον
1581 5559 1659 5632 τῷ
1707 5559 1978 5632 χωρισμῷ

410 5664 692 5729 trioa-na;
718 5660 912 5714 ἔπειτα
943 5659 1002 5725 ἐξ
1033 5648 1414 5727 ἐπιτάγματος
1439 5654 1628 5725 ῶσπερ
1650 5655 1977 5724 τυράννους,

409 5759 512 5811 iii.‘
544 5759 644 5810 οὐκ
694 5753 958 5822 ἀδελφοὺς
1004 5751 1318 5821 νομοθετεῖν
1345 5747 1448 5816 τὴν
1490 5745 1804 5818 διόρθωσιν.
1850 5764 1870 5798 ι

410 5851 561 5914 αὐτὸς
591 5849 648 5902 ὲν
679 5845 931 5917 θεολογίὲ
956 5845 1128 5917 μέγας
1151 5839 1454 5915 Γρηγόριος
1478 5838 1575 5926 καὶ
1604 5840 1663 5894 ἑν
1692 5837 1773 5910 τῷ
1803 5830 1976 5912 τρῆᾦ

2081 4653 2142 4692 se
2165 4648 2480 4704 removeat;
2535 4653 2689 4707 aeque
2741 4638 2914 4700 enim,
2940 4645 2996 4692 et
3028 4638 3176 4692 iners
3205 4637 3466 4709 segnities
3487 4647 3592 4704 est,
3620 4647 3674 4692 et

2079 4730 2360 4785 mobilitas
2394 4739 2560 4801 atque
2589 4731 2958 4786 inconstantia
2999 4748 3028 4784 a
3063 4731 3322 4785 societate
3347 4740 3399 4785 et
3427 4745 3675 4785 commu-

2081 4823 2245 4876 nioue
2262 4821 2444 4895 aliena
2478 4838 2493 4876 :
2527 4838 2716 4877 verum
2747 4824 2846 4878 ubi
2879 4833 3065 4892 aperte
3087 4838 3146 4878 se
3183 4822 3366 4892 prodit
3397 4823 3670 4892 impietas,

2079 4925 2196 4971 tum
2228 4933 2360 4973 vero
2388 4915 2547 4971 nobis
2573 4914 2884 4969 faciendum
2924 4928 3067 4978 esse,
3115 4923 3172 4967 ut
3199 4915 3466 4968 adversus
3493 4914 3673 4982 ignem

2080 5022 2135 5069 ct
2159 5015 2385 5078 ferrum,
2410 5021 2464 5065 et
2489 5021 2759 5078 tempora,
2787 5019 2841 5062 et
2860 5005 3158 5077 principes,
3184 5020 3248 5060 ac
3266 5007 3500 5075 denique
3524 5005 3673 5076 prius

2081 5107 2345 5162 adversus
2401 5102 2589 5158 omnia
2641 5099 2897 5155 cominus
2953 5100 3214 5162 feramur,
3249 5113 3414 5168 quam
3459 5107 3518 5152 ut
3547 5098 3675 5152 mali

2081 5199 2333 5255 fermenti
2366 5195 2660 5268 participes
2712 5191 3040 5254 alliciamur,
3071 5206 3138 5246 ac
3181 5191 3324 5245 male
3349 5190 3556 5244 allectis
3585 5204 3677 5242 as-

2083 5293 2411 5347 sentiamur.
2438 5289 2507 5342 At
2537 5302 2662 5341 cum
2695 5283 2943 5355 suspicio
2973 5284 3092 5337 sola
3131 5281 3377 5336 animum
3424 5289 3672 5333 nostrum

2090 5385 2233 5438 male
2305 5381 2490 5444 habet,
2548 5379 2822 5446 timorque
2881 5375 3046 5430 nullis
3110 5373 3276 5429 certis
3335 5371 3677 5442 argumentis

2083 5477 2330 5542 innixus,
2361 5484 2474 5528 tutu
2506 5485 2632 5524 vero
2663 5468 2943 5524 lenitatem
2989 5465 3176 5537 potius
3225 5478 3390 5533 quam
3423 5461 3676 5517 celerita-

2085 5578 2218 5629 tem,
2268 5575 2323 5620 et
2387 5564 2760 5634 indulgentem
2829 5559 3214 5625 demissiouem
3275 5555 3456 5626 potius
3508 5569 3674 5623 quam

2084 5661 2454 5731 arrogantiam
2510 5667 2565 5712 et
2614 5653 3022 5711 contumaciam
3061 5649 3320 5704 adbibero
3368 5647 3671 5702 convenit:

2083 5757 2371 5822 multoque
2437 5750 2632 5805 melius
2693 5756 2748 5804 et
2796 5742 3196 5802 c0uducibilius
3230 5749 3415 5804 cst,ut
3450 5741 3678 5793 incont-

2087 5841 2239 5899 muni
2265 5854 2494 5912 corpore
2527 5846 2829 5901 manentes,
2863 5842 3055 5890 mutuo
3085 5845 3187 5887 nos
3234 5832 3382 5901 ipsos
3411 5839 3677 5898 tauquam
