3978 6610
425 399 498 466 39
1492 401 1707 463 JOAN.
1742 399 1961 463 VECCI
1997 405 2008 456 t

2141 399 2412 460 PATRIA
2430 396 2648 457 ιιεΗίΕ
3625 395 3696 459 ιο

429 510 524 568 alii
583 506 814 564 aliorum
876 507 1142 572 membra,
1177 507 1541 579 corrigamus,
1574 518 1739 578 atque
1764 508 2008 578 corriga-

2115 508 2421 595 βίρηνικῷ.
2450 503 2511 563 οὗ
2543 508 2575 578 ἡ
2607 509 2773 577 ἀρχη,
2814 523 2831 557 ι
2879 506 3084 577 Εἰρήνη
3119 505 3248 576 ψίλη
3289 505 3350 559 τὸ
3380 506 3554 575 γλυκὺ
3603 510 3697 560 καὶ

429 618 576 671 mur,
610 617 773 672 quam
817 609 875 655 ut
915 600 1232 671 praejudicio
1278 616 1374 671 per
1425 604 1789 656 secessionem
1841 602 2008 663 facto,

429 705 483 751 et
506 697 828 751 auctoritate
882 709 975 763 per
1023 680 1426 764 separationem
1468 695 1696 760 amissa,
1729 710 1792 748 ex
1836 692 2011 749 edicto

429 795 643 858 postea,
696 786 844 841 velut
895 786 1108 857 tyranni
1158 794 1347 839 etnon
1382 783 1577 839 fratres
1616 786 2009 840 correctionem

431 880 785 949 imperemus.
820 896 838 930 ι
884 877 1032 932 Idem
1074 878 1129 930 in
1156 876 1428 947 theologia
1457 894 1685 948 magnus
1715 876 2010 949 Gregorius

428 971 590 1024 tertia
643 969 887 1023 oratione
946 968 1012 1018 de
1062 965 1226 1029 Pace,
1261 966 1422 1036 cujus
1461 968 1809 1036 principium,
1848 984 1865 1016 ι
1900 964 2009 1018 Pax

424 1063 624 1125 amica,
651 1072 704 1115 et
730 1076 837 1114 non
864 1076 919 1110 re
947 1060 1234 1120 duntaxat,
1265 1060 1357 1114 sed
1383 1060 1603 1114 nomine
1623 1074 1838 1130 quoque
1895 1059 2013 1127 ipso

420 1154 688 1225 jucunda,
712 1172 729 1203 ι
757 1155 868 1206 huic
893 1154 945 1206 in
982 1166 1266 1221 progressu
1295 1153 1559 1206 orationis
1593 1151 1790 1206 habet:
1823 1171 1841 1203 ι
1869 1150 2010 1218 Quid

426 1245 542 1301 haec
560 1245 979 1308 committimus,
1003 1244 1197 1297 fratres
1213 1242 1301 1296 let
1321 1243 1563 1309 quandiu
1578 1243 2012 1299 committamus?

426 1334 659 1402 Quando
685 1335 752 1388 ab
783 1339 884 1388 hac
924 1335 1142 1399 crapula
1170 1333 1669 1404 emergentushut
1716 1336 1855 1389 hanc
1883 1351 2014 1388 oeu—

423 1427 600 1483 lorum
636 1430 811 1482 lemen
848 1428 1217 1490 detrahemus,
1258 1440 1424 1499 atque
1462 1428 1528 1481 ad
1559 1429 1803 1481 veritatis
1828 1427 2012 1481 lumen

404 1523 829 1593 ‘susptciemns?
879 1522 1010 1587 Qua:
1057 1524 1167 1576 haec
1198 1521 1373 1590 caligo
1408 1520 1524 1575 est?
1560 1520 1694 1587 Quis
1728 1519 1821 1574 hic
1866 1534 1997 1573 noc-

428 1627 627 1671 turnus
656 1615 978 1671 conﬂictus?
1010 1615 1141 1680 Quae
1181 1614 1295 1669 hate
1346 1622 1668 1682 tempestas,
1700 1613 1909 1669 amicos
1945 1612 2012 1667 ab

376 1710 683 1764 ‘hostihus
740 1724 848 1762 non
905 1708 1321 1762 intermovens?
1381 1704 1509 1761 Cur'
1552 1708 1750 1763 vicinis
1808 1709 2013 1762 nostris

371 1860 376 1872 ,
434 1801 794 1872 opprobrium
857 1798 984 1855 facti
1033 1816 1245 1865 sumus,
1297 1801 1653 1855 subsannatio
1706 1810 1761 1855 et
1806 1798 2011 1855 derisit)

2120 590 2352 671 πρᾶγμα
2401 601 2495 653 καὶ
2532 600 2727 667 ὕνομα,
2792 617 2811 651 ι
2866 599 3012 651 οὕτω
3065 601 3202 671 φησὶ
3255 600 3502 671 προϊών·
3567 618 3585 652 ι
3629 599 3695 654 Τί

2113 693 2312 753 ταῦτα,
2359 686 2404 744 ὦ
2461 688 2630 747 οὗτος.
2666 692 2758 744 καὶ
2793 691 2958 760 μέχρι
2988 690 3172 757 τίνοςς
3208 692 3347 744 Πότε
3383 691 3440 745 δὲ
3464 690 3565 760 τῆς
3598 690 3697 759 μέ-

2116 785 2217 851 θης
2249 782 2580 853 ἐκνήψομεν,
2611 784 2643 852 ἢ
2698 783 2809 834 τῶν
2838 781 3142 852 ὀφθαλμῶν
3175 782 3273 851 τὴν
3306 781 3487 851 λήμην
3536 798 3695 851 περι-

2116 878 2442 948 αιρήσομεν,
2473 876 2569 928 καὶ
2618 874 2756 945 πρὸς
2782 874 2844 927 τὸ
2872 876 2971 944 τῆς
3005 874 3268 943 ἀληθείας
3298 870 3697 944 φῶς“ὰνα6λέ-

2113 970 2328 1042 ψομεν;
2381 969 2516 1021 Ποῖα
2553 970 2891 1035 σκοτόμαινα
2941 968 3139 1030 ταῦτα,
3199 966 3282 1028 τίς
3326 968 3693 1035 νυκτομαχίαι,

2113 1063 2199 1124 τίς
2232 1061 2368 1132 ζάλη
2408 1061 2576 1130 φίλων
2607 1059 2703 1112 καὶ
2742 1059 3018 1128 πολεμίωι
3043 1058 3166 1128 ὄψιν
3200 1059 3258 1111 οὐ
3293 1058 3648 1128 διακρίνουσα
3676 1074 3693 1123 ;

2115 1156 2270 1210 Διατί
2310 1156 2619 1224 γεγόναμεν
2665 1152 2869 1211 ὄνειδος
2918 1154 3032 1216 τοῖς
3075 1155 3316 1220 γείτοσιν
3351 1152 3528 1220 ἡμῶν,
3588 1167 3693 1218 μν-

2112 1246 2420 1318 κτηρισμὸς
2462 1246 2556 1297 καὶ
2590 1244 2896 1314 χλευασμὸς
2922 1247 3035 1307 τοῖς
3072 1242 3258 1310 κύκλῳ
3291 1243 3449 1314 ἡμῶν
3480 1259 3494 1309 ;
3522 1242 3619 1304 Τίς
3657 1243 3692 1312 ἡ

2116 1339 2399 1410 φιλοτιμία
2430 1337 2519 1390 τοῦ
2540 1337 2713 1392 κακοῦ
2739 1353 2754 1402 ;
2784 1336 2956 1391 Πόθεν
2988 1337 3162 1399 οῦτως
3200 1336 3450 1389 ἀθάνατα
3488 1335 3695 1402 κάμνοο

2118 1451 2219 1504 μεν
2251 1449 2266 1497 ;
2301 1430 2504 1502 μᾶλλον
2532 1431 2589 1483 δὲ
2618 1430 2737 1484 οὐδὲ
2782 1431 3089 1500 κάμνομεν,
3125 1428 3244 1481 ἀλλ’
3295 1427 3588 1500 ἐρρώμεθα
3617 1426 3696 1496 τῷ

2114 1527 2271 1600 κακῷ
2302 1545 2316 1593 ;
2353 1526 2713 1595 Μαινομένων
2740 1528 2798 1578 τὸ
2841 1523 3037 1587 πάθος,
3090 1523 3187 1577 καὶ
3226 1523 3467 1592 ἡδόμεθα
3514 1522 3694 1574 δαπαο

2114 1620 2368 1691 νώμενοι.
2421 1620 2531 1674 Καὶ
2580 1615 2820 1689 οὐδαμοῦ
2855 1617 3037 1683 λόγος,
3077 1616 3138 1668 οὐ
3168 1616 3342 1685 φίλος,
3370 1615 3432 1668 οὐ
3473 1614 3697 1683 σύμμα-

2116 1731 2232 1786 χος,
2284 1714 2384 1767 οὐκ
2444 1699 2651 1783 ἰατρδς,
2706 1711 2740 1781 ἢ
2803 1708 3179 1779 φαρμακεύων
3230 1708 3263 1778 ἢ
3322 1706 3602 1777 ἐκτέμνων
3634 1707 3698 1758 τὸ

2116 1806 2311 1871 πάθος,
2344 1806 2405 1859 ού
2442 1823 2513 1858 πα
2525 1804 2800 1874 ραστὰτης
2823 1801 3075 1870 ἄγγελος,
3110 1801 3171 1853 οὐ
3198 1799 3330 1862 Θεός
3350 1816 3364 1830 ·
3389 1798 3527 1852 ἀλλὰ
3560 1797 3697 1867 πρὶς

428 1896 534 1956 his,
562 1895 652 1964 qui
686 1894 737 1947 in
770 1892 1002 1947 circuitu
1030 1902 1219 1948 nostro
1252 1893 1416 1947 sunt?
1445 1890 1731 1960 Quodnam
1765 1893 1868 1947 hoc
1895 1902 2004 1947 tam

2115 1903 2227 1963 τοῖς
2280 1897 2460 1961 ἄλλοις
2511 1898 2605 1949 καὶ
2643 1894 2745 1966 τὴν
2801 1892 2896 1947 τοῦ
2950 1891 3088 1945 Θεοῦ
3120 1890 3535 1962 φιλανθρωπίαν
3564 1890 3698 1958 ἡμῖν

426 1986 689 2039 obnixum
730 1984 855 2037 ntali
911 1983 1196 2065 studium?
1227 1983 1366 2049 Quid
1421 1996 1529 2038 tam
1587 1985 1886 2039 immortali
1924 1984 2008 2038 la-

426 2077 562 2132 liore
601 2076 934 2147 fatigamur?
967 2076 1107 2142 Quid
1150 2086 1329 2131 autem
1358 2075 1484 2132 dico
1520 2076 1818 2148 fatigamur
1845 2077 1869 2131 ’ί
1899 2076 2009 2131 imo

429 2186 492 2224 ex
523 2171 642 2237 ipso
667 2170 832 2230 malo,
857 2179 914 2222 ut
946 2168 1142 2223 furiosi
1174 2170 1373 2233 solent,
1406 2171 1578 2225 robur
1600 2183 2007 2240 comparamus,

426 2269 482 2314 et
528 2274 651 2312 cum
694 2259 1058 2324 ahsumimur,
1109 2261 1448 2329 gaudemus,
1503 2276 1605 2315 nec
1665 2276 1895 2330 usquam
1927 2270 2012 2315 est

430 2349 595 2415 ratio,
633 2364 733 2403 nec
780 2349 1012 2413 amicus,
1062 2365 1163 2405 nec
1197 2351 1404 2414 socius,
1454 2368 1554 2406 nec
1598 2352 1867 2419 medicus,
1915 2352 2010 2422 qui

434 2441 688 2494 morbum
753 2442 836 2494 vel
897 2440 1312 2497 medicamentis
1366 2443 1554 2512 pellat,
1604 2442 1688 2496 vel
1742 2452 2008 2512 amputet,

430 2547 533 2587 nec
560 2532 857 2602 opituletur
899 2533 1143 2602 angelus,
1179 2548 1280 2588 nec
1330 2532 1475 2588 Deus
1515 2551 1530 2588 :
1569 2549 1759 2588 verum
1818 2544 2011 2603 printer

429 2624 561 2690 alia,
599 2624 689 2678 Dei
724 2641 943 2695 quoque
982 2627 1371 2696 benignitatem
1415 2626 1575 2682 nobis
1605 2627 2007 2697 praeclusimus.

439 2734 459 2768 ι
501 2714 571 2771 Ut
598 2718 750 2787 quid,
786 2716 1366 2791 Domine,_recessi5ti
1427 2720 1586 2792 longe
1611 2720 1672 2774 '?
1724 2720 2009 2785 Quomodo

428 2811 693 2865 averteris
730 2810 783 2864 in
863 2811 1072 2864 tinem?
1124 2810 1354 2876 Quando
1391 2827 1490 2867 nos
1534 2812 1820 2867 visitabis?
1861 2810 2009 2879 Quo-

433 2916 559 2954 nam
593 2903 707 2954 hmc
752 2901 1191 2970 progredientur,
1231 2909 1287 2956 et
1335 2902 1427 2955 ubi
1475 2901 2011 2973 COIlSiSleltt?eqti-

431 2994 557 3048 dem
587 3009 800 3059 vereor,
833 3010 901 3048 ne
934 3010 1173 3064 praesens
1202 3009 1382 3048 rerum
1411 3004 1590 3050 status
1618 2995 1758 3065 ignis
1790 2995 1934 3050 illius
1953 2994 2007 3049 in

427 3086 841 3153 exspectatione
876 3085 1039 3155 positi
1072 3085 1258 3141 fumus
1287 3086 1507 3155 quidam
1538 3088 1647 3141 sit:
1675 3102 1744 3142 ne
1772 3087 1857 3141 his
1895 3088 2009 3141 An-

427 3179 717 3235 tichristus
739 3181 1113 3249 superveniat,
1148 3194 1212 3233 ac
1245 3188 1464 3235 nostros
1493 3182 1677 3250 lapsus
1711 3188 1765 3235 et
1791 3180 2009 3235 morbos

2117 1991 2303 2052 αὐτοῖς
2339 1987 2761 2056 ἐπεκλείσαμεν.
2804 2004 2823 2038 ι
2867 1985 2988 2038 Ἵνα
3027 1983 3103 2047 τί,
3152 1982 3345 2051 Κύριε,
3379 1980 3698 2049 ἀφέστηκας

2121 2079 2417 2151 μακρόθεν.
2447 2078 2685 2141 καὶπῶς
2717 2076 3043 2146 ἀποστρέφῃ
3074 2077 3154 2138 είς
3180 2073 3352 2139 τέλος;
3383 2091 3402 2124 ι
3442 2071 3536 2125 καὶ
3564 2072 3701 2125 πότε

2118 2171 2426 2239 ἐπισκοπὴν
2451 2171 2608 2238 ἡμῶν
2632 2171 2835 2240 ποιήσῃ
2868 2185 2885 2236 ;
2923 2168 3034 2222 Kal.
3055 2167 3159 2220 ποῦ
3191 2166 3531 2236 προϐήσεται
3566 2163 3702 2216 ταῦ-

2117 2283 2205 2331 τα,
2231 2267 2325 2320 καὶ
2359 2268 2618 2336 στήσεται
2649 2279 2664 2330 ;
2703 2264 2929 2317 Δέδοικα
2963 2263 3038 2333 μὴ
3069 2262 3277 2323 καπνῦς
3399 2257 3496 2311 τοῦ
3529 2273 3701 2327 προσ-

2116 2363 2427 2432 δοκωμένου
2454 2358 2625 2429 πυρὸς
2648 2359 2717 2413 τὰ
2767 2358 3013 2428 παρόντα
3035 2371 3050 2389 ⁸
3090 2356 3167 2427 μὴ
3196 2354 3408 2416 τούτοις
3446 2355 3475 2407 ὁ
3525 2349 3701 2405 Ἀντί·-

2117 2473 2339 2526 χριστος
2378 2453 2752 2524 ἐπιστῇ,’καὶ
2801 2453 2991 2522 καιρὸν
3020 2450 3161 2524 λάϐῃ
3192 2449 3291 2518 τῆς
3331 2446 3499 2501 αὑτοῦ
3540 2446 3698 2499 δυνα-

2118 2547 2301 2609 στείας
2330 2546 2395 2599 τὰ
2426 2545 2673 2617 ἡμέτερα
2701 2541 3024 2611 πταίσματα
3045 2556 3105 2594 τε
3132 2540 3228 2593 καὶ
3258 2538 3697 2612 ἀρρωστήματα.

2117 2641 2193 2693 Οὐ
2233 2640 2341 2709 γὰρ
2369 2638 2679 2706 ὑγιαίνουσι
2704 2633 3007 2706 προσϐαλεί
3040 2633 3224 2703 τυχὸν,
3257 2629 3377 2684 οὐδὲ
3408 2632 3473 2700 τῇ
3505 2628 3700 2699 ἀγάπῃ

2117 2730 2604 2798 πεπυκνωμένοις.
2631 2746 2649 2780 ι
2690 2725 2803 2781 Καὶ
2846 2727 2983 2797 μετὰ
3017 2724 3225 2796 βραχέα
3254 2738 3268 2756 ·
3312 2740 3330 2774 t
3368 2723 3442 2774 Οὐ
3472 2719 3701 2791 διαρρή-

2119 2840 2286 2894 σομεν
2321 2823 2454 2893 ἡμῖν
2484 2823 2670 2884 αὐτοῖς
2697 2820 2819 2873 τίνα
2847 2818 2947 2889 μὲν
2974 2818 3037 2871 οὐ
3071 2814 3333 2887 ζητητέον
3356 2813 3698 2873 παντάπασι,

2113 2915 2239 2970 τίνα
2269 2913 2324 2967 δὲ
2350 2913 2491 2983 ὑπὲρ
2521 2907 2598 2965 ῶν
2633 2911 2894 2983 μετρίως,
2928 2911 3049 2964 τίνα
3079 2909 3136 2962 δὲ
3165 2907 3569 2977 συγχωρητέον,
3602 2903 3699 2957 καὶ

2115 3005 2487 3078 παραιτητέον
2534 3007 2649 3067 τοῖς
2678 3004 2969 3075 φιλέρισιν,
3005 3003 3154 3064 ὅπως
3201 2998 3268 3054 ἂν
3300 3000 3399 3073 ἔχῃ
3430 2999 3506 3061 ὡς
3543 2994 3699 3050 οὐδὲν

2117 3101 2208 3154 τὸν
2235 3098 2396 3166 λόγον
2442 3096 2603 3168 ἡμῶν
2638 3095 3143 3166 παραϐλάπτοντας
3183 3093 3276 3146 καὶ
3316 3092 3441 3171 τίνα
3485 3089 3584 3158 μὲν
3624 3088 3694 3157 τῇ

2119 3193 2301 3247 πίστει
2334 3192 2538 3247 ,δοτέον
2589 3190 2751 3262 μόνῃ,
2803 3188 2926 3242 τίνα
2977 3187 3033 3240 δὲ
3078 3185 3177 3240 καὶ
3216 3186 3330 3248 τοῖς
3379 3180 3696 3250 λογισμοῖςς

428 3276 483 3328 in
522 3274 864 3342 principatus
905 3272 991 3327 sui
1021 3275 1366 3328 occasionem
1403 3274 1630 3342 arripiat
1663 3294 1676 3329 :
1711 3290 1809 3328 nec
1840 3274 2006 3339 enim,

2126 3285 2301 3355 ’Υπὲρ
2336 3284 2393 3338 δὲ
2425 3284 2589 3337 τίνων
2623 3284 2719 3336 καὶ
2749 3281 3091 3353 πολεμητέον
3126 3278 3402 3348 ἐκθύμως,
3435 3275 3693 3343 λογικῶς,

428 3367 648 3436 opinor,
694 3380 858 3421 sanos
919 3366 1217 3431 adorietur,
1274 3380 1372 3421 nec
1429 3365 1694 3420 cltaritate
1726 3375 1912 3436 septos
1953 3377 2007 3420 et

428 3460 693 3513 munitos.
733 3480 750 3510 ι
786 3458 852 3513 Et
902 3458 1093 3528 paucis
1145 3457 1446 3527 interjectis
1495 3474 1511 3513 :
1560 3477 1578 3510 ι
1633 3456 1892 3523 Quaenam
1941 3475 2007 3514 ne

425 3555 720 3623 quaerenda
754 3553 973 3623 quidem
1010 3553 1237 3607 omnino
1261 3564 1413 3618 sunt,
1436 3569 1684 3623 quaenam
1716 3552 2006 3607 mediocri-

426 3656 534 3713 ter,
564 3661 816 3716 quamam
863 3646 1222 3701 contentiosis
1280 3646 1595 3700 hominibus
1659 3647 2005 3701 concedenda

428 3746 483 3790 et
519 3722 900 3806 relinquenda,
935 3750 1155 3806 quoquo
1189 3737 1376 3791 modo-
1402 3738 1617 3791 tandem
1651 3751 1709 3791 se
1744 3737 2003 3803 habeant,

431 3837 620 3898 utpote
645 3829 856 3883 nullum
888 3827 1153 3883 doctrina:
1186 3838 1394 3883 nostrae
1435 3829 1825 3883 detrimentum
1873 3829 2008 3883 affe-

427 3921 607 3975 reutia
630 3921 933 3987 'lQuamam
959 3920 1082 3975 lidei
1110 3921 1215 3977 soli
1249 3921 1529 3977 donanda?
1553 3921 1811 3989 Quaenam
1839 3924 2004 3978 etiam

426 4016 965 4081 ratiocinationibus,
1003 4032 1101 4086 pro
1151 4015 1355 4086 quibus
1400 4017 1635 4086 denique
1674 4018 1787 4072 acri
1822 4019 2007 4073 animo

425 4107 781 4177 pugnandum
810 4109 903 4174 sit,
934 4108 1241 4163 rationibus
1272 4118 1475 4174 tamen,
1527 4125 1636 4164 non
1666 4109 1814 4167 ferro
1844 4119 2007 4181 atque

427 4198 637 4254 armis?
695 4199 835 4253 Nam
897 4201 1156 4257 adversus
1206 4216 1428 4271 quoque
1481 4218 1676 4258 manus
1735 4203 2005 4269 attollere,

426 4305 655 4360 prorsus
690 4306 723 4343 a
757 4305 921 4345 causa
952 4300 1138 4345 nostra
1177 4293 1413 4345 alienum
1459 4300 1565 4356 est,
1597 4302 1758 4363 atque
1784 4291 1850 4345 ad
1889 4309 2003 4357 eos,

423 4385 519 4455 qui
542 4384 700 4439 nobis
727 4382 922 4438 infensi
951 4394 1101 4449 sunt,
1129 4384 1649 4461 abjieiendum.Non
1679 4403 1843 4441 unam
1867 4388 2008 4442 hanc

427 4478 655 4547 pietatis
686 4477 929 4546 regulam
978 4478 1138 4531 nobis
1190 4479 1525 4548 prepositam
1562 4494 1686 4534 esse
1719 4481 2004 4548 ducemus,

2113 3376 2227 3430 ἀλλ’
2271 3376 2371 3445 οὐχ
2415 3374 2751 3441 ὁπλιτικῶςς
2781 3373 2854 3428 Τὸ
2889 3375 2998 3444 γὰρ
3047 3372 3140 3427 καὶ
3179 3374 3371 3444 χεῖρας
3416 3369 3697 3438 ἀνταίρειν

2114 3468 2397 3532 παντελῶς
2431 3468 2535 3535 ἔξω
2560 3468 2661 3538 τῆς
2691 3468 2971 3537 ἡμετέρας
3014 3467 3209 3539 αὐλῆς,
3238 3467 3332 3518 καὶ
3357 3467 3468 3528 τοῖς
3504 3460 3698 3533 μισοῦ-

2116 3580 2200 3615 σιν
2230 3564 2379 3633 ἡμᾶς
2413 3562 2807 3631 ἀπορῤιπτέον.
2841 3560 2954 3629 Οὐχ
2982 3561 3072 3613 ἴνα
3106 3561 3207 3630 μὲν
3253 3559 3378 3626 ὅρον
3409 3556 3696 3620 εὐσεϐείας

2112 3654 2447 3725 ἡγησάμεθα
2508 3655 2840 3726 προσκυνεῖν
2878 3653 3122 3722 Πατέρα,
3172 3651 3270 3704 καὶ⁹
3295 3651 3445 3717 Υίὸν,
3496 3648 3591 3702 καὶ
3632 3648 3695 3702 τὸ

2114 3745 2339 3817 Πνεῦμα
2368 3746 2429 3799 τὸ
2464 3747 2643 3815 ἅγιον,
2675 3747 2778 3817 τὴν
2810 3745 2939 3816 μίαν
2970 3747 3028 3799 ἐν
3061 3747 3175 3809 τοῖς
3202 3744 3348 3816 τρισὶ
3383 3743 3614 3814 θεότητά
3634 3760 3696 3797 τε

2115 3839 2213 3892 καὶ
2251 3839 2483 3908 δύναμιν
2526 3838 2693 3909 μηδὲν
2745 3836 3168 3909 ὑπερσέδοντες,
3227 3836 3364 3909 μηδὲ
3403 3836 3700 3891 ὐποσέσον-

2114 3948 2225 3998 τες,
2255 3932 2345 3985 ἵνα
2377 3932 2471 3984 καί
2493 3930 2655 3996 αὐτὸς
2684 3931 2879 4002 μικρόν
2920 3948 2974 3984 τι
3009 3933 3340 4003 μιμήσωμαι
3392 3932 3516 3994 τοὺς
3566 3929 3700 4001 περὶ

2114 4027 2289 4081 ταῦτα
2340 4025 2558 4096 σοφούς.
2593 4026 2666 4079 Τὸ
2702 4026 2800 4095 μὲν
2828 4026 2936 4097 γὰρ
2961 4025 3243 4087 ἀδύνατον,
3290 4024 3350 4078 τὸ
3378 4023 3435 4077 δὲ
3476 4023 3698 4095 ἀσεϐὲς,

2123 4119 2260 4190 μηδὲ
2302 4119 2532 4188 μέγεθος
2559 4120 2616 4170 ὲν
2658 4118 2940 4187 ὀνομάτων
2984 4117 3243 4187 κενότησι
3281 4117 3698 4181 διακόπτοντες.

2115 4211 2286 4264 Οὐδὲν
2314 4211 2422 4281 γὰρ
2468 4210 2667 4264 ἑαυτοῦ
2719 4210 2909 4281 μεῖζον
2961 4209 3271 4282 ἢέλαττον.
3323 4209 3529 4265 Τούτου
3560 4213 3699 4281 γοῦν

2118 4303 2454 4374 ὡρισμένου,
2507 4305 2601 4358 καὶ
2633 4303 2704 4359 τὰ
2747 4303 2881 4359 ἄλλα
2929 4304 3345 4376 ὁμονοήσωμεν,
3394 4305 3561 4378 ἤγουν
3596 4308 3698 4376 τῆς

2114 4396 2286 4467 αὐτῆς
2333 4395 2564 4466 Τριάδος
2620 4396 2715 4450 καὶ
2761 4398 2858 4449 τοῦ
2910 4398 3076 4451 αὐτοῦ
3110 4398 3298 4468 σχεδὸν
3324 4398 3597 4468 δόγματός
3634 4418 3696 4454 τε

2115 4487 2215 4541 καὶ
2241 4487 2517 4557 σώματος.
2546 4488 2659 4552 Τὰς
2687 4487 2744 4542 δὲ
2776 4491 3039 4557 περιττὰς
3064 4492 3160 4543 καὶ
3175 4491 3489 4563 ἀχρήστους
3513 4510 3695 4563 παρα-

426 4578 488 4622 υι
518 4567 758 4632 Patrem,
791 4568 988 4623 Filium
1026 4582 1080 4624 et
1114 4570 1377 4640 Spiritum
1413 4582 1687 4637 sanctum,
1723 4589 1887 4628 uuam
1949 4576 2003 4629 in

2115 4580 2323 4649 φυάδας
2367 4578 2462 4633 καὶ
2491 4580 2820 4651 παρεξόδους
2847 4582 2954 4635 τῶν
2985 4583 3079 4636 νῦν
3112 4584 3467 4654 ζητημάτων,
3503 4583 3694 4655 ὥσπερ

423 4662 606 4718 tribus
643 4665 895 4733 personis
925 4664 1213 4731 Deitatem,
1252 4662 1307 4720 et
1348 4670 1648 4736 potentiam
1691 4670 2007 4737 adoremus,

2115 4690 2166 4725 τι
2194 4672 2411 4744 νόσημα
2444 4673 2624 4727 κοινὸν
2650 4674 2958 4746 ἐκκόψομέν
2986 4693 3044 4729 τε
3102 4676 3197 4729 καὶ
3238 4679 3630 4748 ἀναιρήσομεν.
3669 4697 3688 4730 ι

425 4754 567 4807 nihil
610 4756 1040 4824 supercolentes,
1092 4768 1187 4809 aut
1239 4757 1585 4813 suhcolentes
1634 4775 1649 4813 :
1697 4759 1829 4814 libet
1865 4762 2008 4815 enim

2130 4764 2272 4818 Ἀλλ’
2300 4766 2357 4819 αί
2387 4766 2487 4836 μὲν
2534 4766 2806 4836 ὑποθῆκαι
2834 4767 2942 4821 τῶν
2976 4768 3079 4837 τῆς
3119 4766 3449 4840 Ἐκκλησίας
3475 4773 3696 4840 φωστήη

428 4846 680 4900 nonnihil
711 4861 805 4901 eos
864 4848 1090 4913 imitari,
1122 4850 1215 4920 qui
1263 4848 1316 4902 in
1352 4849 1516 4904 rebus
1539 4850 1658 4906 sciti
1692 4865 1754 4906 ac
1780 4853 2008 4909 solertes

2116 4871 2248 4925 ρων,
2284 4855 2408 4908 καθ’
2437 4854 2504 4918 ἃς
2530 4855 2918 4927 ὑποτιθέμενοι
2948 4858 3228 4926 φαίνονται
3270 4860 3329 4911 τὸ
3357 4859 3467 4912 τῶν
3495 4858 3696 4922 λέξεων

424 4944 592 5000 Sunt;
625 4936 856 4989 alterum
891 4938 1035 4991 enim
1073 4939 1191 4993 lieri
1225 4956 1330 4993 non
1357 4951 1560 5009 potest,
1595 4942 1826 4996 alterum
1858 4943 2008 4997 nefa-

2115 4949 2370 5021 διάφορον
2399 4951 2669 5021 παρορᾷν,
2699 4951 2860 5004 ὁπότε
2889 4953 2921 5022 ἡ
2947 4951 3082 5021 πρὸς
3113 4951 3320 5005 ἔννοιαν
3340 4951 3692 5024 ὁμοφροσύνη

424 5025 570 5078 rium
619 5036 675 5081 et
702 5028 931 5097 impium
962 5039 1045 5084 est
1072 5049 1088 5087 :
1117 5048 1217 5086 nec
1248 5034 1678 5100 magnitudinem
1713 5051 1876 5091 unam
1915 5052 2008 5106 per

2116 5042 2280 5111 μέσον
2303 5042 2413 5095 τῶν
2445 5042 2553 5095 ἀπὸ
2582 5043 2821 5113 Χριστοῦ
2846 5048 3000 5116 κοινῇ
3025 5046 3378 5116 καλουμένων
3401 5046 3568 5099 ἐθνῶν
3596 5047 3695 5097 καὶ

422 5118 715 5171 nominum
758 5124 1055 5176 novitatem
1098 5125 1467 5181 discindentes
1493 5143 1508 5180 :
1538 5144 1641 5183 nec
1668 5129 1813 5184 enim
1843 5132 2006 5200 quid-

2118 5133 2330 5203 ἁνδρῶν
2365 5134 2739 5202 ἀναφαίνοιτο,
2775 5132 2930 5189 τόσαι
2957 5155 3014 5191 τε
3045 5141 3137 5191 καί
3163 5139 3387 5205 τοιαίδε,
3419 5138 3450 5209 ἢ
3488 5138 3694 5206 μᾶλλον

420 5223 594 5277 quam
636 5212 821 5281 scipso
866 5215 1044 5285 majus
1074 5226 1168 5270 aut
1196 5219 1375 5273 minus
1405 5228 1506 5275 est.
1538 5220 1650 5276 Hoc
1676 5222 1876 5292 quippe
1911 5237 2008 5292 po-

2116 5226 2178 5278 οὑ
2217 5227 2397 5291 τόσαι,
2442 5230 2565 5281 ἐπεὶ
2608 5229 2705 5283 καὶ
2754 5229 2914 5284 ἄλλαι
2962 5230 3140 5286 ἄλλων
3200 5232 3414 5300 πολλαὶ,
3460 5227 3537 5286 ὧν
3592 5232 3694 5303 τὴν

425 5303 537 5359 sito
598 5316 653 5360 et
702 5307 1020 5373 constituto,
1087 5313 1298 5365 caeteris
1329 5314 1497 5367 etiam
1556 5314 1621 5389 in
1654 5315 1819 5369 rebus
1870 5331 2006 5371 eou-

2116 5320 2351 5374 ἐνταῦθα
2385 5320 2602 5375 ἔκθεσιν
2642 5321 2973 5394 παρείδομεν
2998 5323 3087 5378 διὰ
3124 5325 3185 5379 τὸ
3217 5325 3563 5396 πολύστιχον.

420 5400 751 5470 sentiemus,
816 5405 1010 5458 saltem
1083 5409 1175 5478 qui
1220 5410 1467 5464 eamdem
1540 5409 1864 5466 Trinitatem
1945 5414 2200 5481 colimus,
2267 5428 2430 5487 atque
2502 5418 2744 5489 ejusdem
2807 5434 2943 5489 pene
2996 5420 3268 5491 dogmatis
3321 5432 3375 5475 et
3439 5418 3692 5491 corporis

420 5506 638 5561 sumus,
677 5511 744 5550 ac
777 5496 1084 5566 superﬂuos
1114 5511 1167 5555 et
1212 5500 1436 5557 inutiles
1497 5505 1866 5572 qmestionnm
1906 5505 2137 5576 hujusce
2194 5512 2536 5579 tempestatis
2579 5510 2824 5566 stolones
2865 5526 2929 5565 ac
2951 5512 3209 5578 deﬂexus,
3244 5505 3501 5581 tanquam
3534 5527 3690 5567 com-

422 5600 648 5641 munem
689 5590 977 5658 quemdam
1051 5594 1304 5648 morbum
1362 5588 1783 5664 ‘exscindemus,
1819 5608 1871 5652 et
1908 5600 1975 5655 de
2019 5603 2198 5657 medio
2248 5603 2523 5658 tollemus.
2593 5624 2611 5656 ι
2685 5603 2789 5658 Sed
2862 5605 3189 5661 documenta
3261 5607 3518 5663 Ecclesia:
3608 5609 3693 5660 lu-

418 5680 659 5745 minum,
703 5681 922 5751 quibus,
983 5694 1043 5740 ut
1089 5688 1362 5758 videntur,
1412 5690 1731 5761 admonent,
1811 5710 2003 5752 vocum
2060 5695 2407 5755 diilcrcutias
2470 5690 2820 5771 negligendas
2877 5715 3020 5768 esse,
3055 5715 3178 5757 cum
3229 5705 3511 5760 sententia:
3548 5722 3689 5760 uitus

490 5841 516 5870 ⁸
551 5839 700 5898 Psal.
743 5862 793 5913 ι,
826 5848 883 5915 l;
922 5864 1022 5913 xu,
1072 5853 1121 5904 t.
