4070 6610
337 466 399 533 41
903 498 909 503 ’
1436 470 1537 532 DE
1580 468 1875 534 UNIONE
1915 471 2469 535 ECCLESIARUM.
3539 464 3609 529 i2

338 595 665 646 consensus,
707 578 851 637 inter
910 577 1161 636 nationes
1187 586 1243 635 et
1303 578 1458 635 viros
1498 595 1530 634 a
1590 578 1829 636 Christo.
1877 580 2158 635 communi
2227 580 2451 635 nomine
2529 574 2903 647 compellatos,
2988 574 3292 641 intercedit,
3389 584 3470 632 tot
3545 592 3610 636 ac

339 674 486 743 talia,
518 676 632 732 imo
665 691 844 747 neque
884 685 984 744 tot,
1024 691 1150 732 cum
1180 683 1236 733 et
1270 675 1376 731 alia
1406 676 1639 730 aliorum
1672 675 1941 746 permulta
1977 675 2106 742 sint,
2145 691 2269 745 quae
2315 675 2387 730 ob
2414 668 2780 745 prolixitatem
2807 671 3032 726 nimiam
3066 686 3172 727 non
3215 671 3606 746 exscribimus.

407 776 501 824 ια’.
547 767 705 823 Ἐπεὶ
751 767 808 821 δὲ
833 768 869 840 ἠ
903 766 998 822 τοῦ
1038 766 1281 840 μεγάλου
1325 765 1648 822 ’Δθανασίου
1678 766 1926 838 ὑποθήκη

2108 768 2199 823 il.
2235 768 2621 823 Verumtamen
2652 779 2779 822 cum
2800 762 2984 835 magni
3015 761 3303 818 Athanasii
3336 764 3608 819 monitum

338 859 443 913 τῶν
476 858 657 914 ἄλλων
702 857 1037 930 προτέτακαι
1061 897 1077 924 ,
1123 858 1208 912 δεῖ
1238 857 1533 929 εσκοπῆσαι
1573 858 1746 928 ἡμᾶς,
1793 856 1926 926 ὅσην

2027 861 2256 933 reliquis
2288 862 2642 932 praepositum
2686 858 2779 926 sit,
2814 857 3277 914 considerandum
3324 865 3409 912 est
3445 872 3612 920 a,no-
3664 866 3669 907 :

340 947 449 1023 εῐχε
480 950 747 1022 διαφορὰν
778 950 915 1021 πρὸς
968 952 1068 1021 τὴν
1100 948 1268 1018 λέξιν,
1290 948 1350 1018 ἐξ
1380 944 1449 1021 ἦς
1476 949 1537 1003 τὸ
1570 950 1735 1020 μέσον
1766 947 1926 1019 ἡμῶν

2029 954 2136 1020 bis,
2163 968 2419 1024 quaenam
2458 960 2605 1009 esset
2624 950 2927 1008 diﬂ‘erentia
2963 953 3106 1005 inter
3125 965 3310 1006 vocem
3334 950 3405 1005 ob
3443 966 3610 1020 quam

346 1059 405 1097 τε
448 1042 550 1097 καὶ
593 1039 815 1095 Ἰταλῶν
842 1040 1145 1097 σκάνδαλον
1183 1043 1490 1114 ἀνεῤῥάγη,
1530 1042 1564 1111 ἡ
1593 1041 1704 1095 τῶν
1730 1040 1926 1106 λέξεων

2028 1047 2350 1103 scandalum
2393 1060 2495 1102 nos
2549 1053 2713 1114 atque
2784 1043 2947 1102 Italos
2995 1043 3224 1099 turbans
3282 1043 3609 1099 suseitatum

342 1134 564 1190 ἐκείνων
591 1134 845 1207 δύναμις,
874 1133 964 1204 ἐφ’
992 1128 1082 1199 αἶς
1123 1134 1478 1215 originale;
1510 1128 1681 1207 οὗτος
1700 1132 1926 1188 Ἀθανά-

2031 1147 2137 1204 est,
2169 1147 2221 1193 et
2252 1152 2443 1193 earum
2473 1152 2674 1192 vocum
2734 1135 2845 1191 vim
2888 1135 3090 1205 quibus
3136 1135 3346 1205 angelis
3386 1149 3614 1205 compar

2031 1230 2317 1304 profligato
2348 1229 2576 1286 dissidio
2612 1229 2887 1285 Ecelesias
2914 1227 3328 1295 reconciliavit;
3359 1238 3435 1295 et,
3460 1228 3614 1299 quod
3676 1240 3720 1307 by
3838 1286 3841 1289 _
3876 1302 3879 1313 Ὗ

346 1245 455 1290 σιος
506 1226 611 1299 τὴν
661 1227 1014 1301 καταλλαγὴν
1055 1229 1168 1283 τῶν
1218 1229 1558 1297 Ἐκκλησιῶν
1595 1228 1886 1299 ἐποιήσατο
1908 1243 1924 1260 ο

311 1300 541 1373 Tale
571 1318 637 1389 δὴ
660 1300 1000 1388 θαυμαστὸν,
1033 1319 1116 1374 ὅτι
1159 1320 1280 1391 οὐχὶ
1308 1319 1507 1386 ἄλλων,
1540 1318 1683 1374 ἀλλὰ
1722 1318 1929 1373 τούτων

344 1411 519 1467 αὐτῶν
563 1412 739 1466 ἐθνῶν
773 1428 832 1465 τε
875 1411 974 1465 καὶ
1006 1412 1340 1483 ἐκκλησιῶν,
1373 1412 1504 1484 περὶ
1547 1393 1623 1468 ὧν
1664 1411 1761 1468 νῦν
1787 1413 1816 1465 ό
1845 1411 1932 1465 λό-

339 1518 432 1570 γος
487 1503 645 1573 ἡμῖν.
698 1501 773 1555 Τὸ
800 1501 929 1573 ,γάρ
979 1501 1222 1565 ἐκείνους
1282 1502 1380 1572 μὲν
1445 1500 1577 1572 μίαν
1629 1499 1930 1553 ὑπόστασιν

343 1569 545 1659 λέγειν,
571 1592 700 1654 τούς
735 1591 783 1645 δ’
800 1569 1294 1665 ἦῖιέῖέῥουςτρεῑς
1324 1588 1420 1646 ἐπὶ
1447 1569 1548 1662 τῆς
1571 1582 1930 1664 Τριάδοςτὰς

342 1666 675 1759 ὑποστάσεις
708 1683 1029 1756 κηρύττειν,
1060 1668 1560 1759 τὸῗδιαφορώτατον
1588 1684 1698 1740 τῶν
1726 1682 1931 1755 δογμά-

338 1792 446 1829 των
462 1762 658 1833 ἐδόκει.
686 1758 1154 1849 Σαϐελλιανισμδς
1187 1779 1298 1848 γὰρ
1330 1783 1426 1835 καὶ
1464 1760 1845 1851 Ἀρειανισμὸς
1863 1774 1931 1851 ἦν

339 1850 413 1919 τε
447 1868 911 1940 ὑποπτευόμενον.
955 1870 1096 1926 Ἀλλ’
1142 1873 1170 1923 ὁ
1214 1871 1381 1936 καλὸς
1411 1850 1567 1936 οὗτος
1607 1872 1714 1926 τῶν
1743 1850 1933 1941 ψυχῶν

338 1959 625 2032 οἰκονόμος
663 1962 725 2015 οὐ
766 1962 905 2034 πρὸς
954 1964 1053 2027 τὰς
1096 1963 1293 2029 λέξεις,
1328 1964 1464 2019 ἀλλὰ
1501 1964 1638 2037 πρὸς
1683 1963 1783 2037 τὴν
1819 1956 1933 2018 διά-

338 2070 492 2108 νοιαν
535 2054 717 2126 βάψας
746 2057 841 2112 τὸν
871 2058 1017 2126 νοῦν,
1049 2058 1290 2113 τοσαῦτα
1324 2061 1419 2115 καὶ
1447 2055 1592 2127 εἷπε,
1644 2060 1738 2115 καὶ
1767 2059 1934 2132 ἔγρα-

341 2148 465 2218 ψεν,
507 2147 610 2200 ὅσα
651 2148 716 2220 δὴ
751 2150 847 2204 κα)⁵
871 2151 1374 2221 προανατέτακται.
1425 2149 1695 2207 Ἐνταῦθα
1725 2151 1784 2205 δὲ
1817 2155 1929 2216 τοῖς

346 2237 713 2306 ἀφιλονείκως
768 2241 1081 2295 ἐνδιαιτῶσι
1154 2243 1234 2312 τῷ
1286 2242 1577 2313 πράγματι
1635 2240 1839 2314 πολλὴν
1895 2243 1929 2313 ἠ

340 2331 488 2397 λέξις
539 2330 656 2401 ἔχει
715 2333 854 2402 πρὸς
900 2334 1004 2405 τὴν
1050 2334 1402 2407 καταλλαγὴν
1437 2334 1537 2407 τὴν
1587 2337 1782 2406 ῥοπήν.
1819 2335 1933 2389 Καὶ

345 2422 508 2477 τοῦτο
543 2424 780 2479 συνιδεῖν
815 2425 933 2480 ἔστι
975 2428 1093 2491 τοῖς
1148 2429 1662 2499 προσεκτικώτερον
1710 2428 1930 2482 διασκοο

343 2517 468 2568 πεῖν
517 2514 893 2588 βουλομένοις,
940 2518 995 2573 τί
1034 2520 1135 2590 μὲν
1176 2520 1235 2572 ai
1273 2519 1450 2585 λέξεις
1482 2522 1690 2573 ἐκεῖναι
1731 2521 1826 2573 ἐπὶ
1862 2522 1932 2593 τῇ

342 2606 445 2677 τῆς
483 2608 716 2678 Τριάδος
749 2608 1002 2683 θεολογίᾳ
1044 2610 1333 2681 ἠδύναντο,
1375 2606 1451 2668 ὧν
1477 2612 1578 2683 τὴν
1612 2612 1929 2683 ἐκφώνησιν

340 2701 609 2773 παριδὼν,
649 2703 750 2774 τὴν
779 2704 989 2759 ἔννοιαν
1023 2706 1104 2769 είς
1140 2704 1489 2777 καταλλαγὴν
1521 2705 1798 2777 παρέλαϐε
1822 2705 1932 2759 τῶν

339 2795 650 2865 ἐκκλησιῶν
690 2796 853 2879 ότῆς
889 2797 1221 2862 Ἀθανασίας
1254 2799 1543 2873 ἐπώνυμος
1574 2816 1590 2830 θ
1631 2798 1684 2852 τί
1730 2797 1788 2852 δὲ
1835 2799 1933 2853 καὶ

338 2890 395 2944 al
454 2889 639 2955 λέξεις
704 2887 867 2946 αὗται
916 2891 1178 2963 διάφορον
1232 2892 1452 2964 ἔχουσιν
1502 2892 1591 2962 ἐφ’
1630 2888 1717 2957 αἷς
1747 2892 1843 2948 νῦν
1874 2895 1931 2947 αἱ

339 2974 838 3049 αὑταὶῈκκλησίαι
869 2981 950 3038 εἰς
985 2980 1251 3035 ἄσπονδον
1278 2983 1340 3035 τὸ
1354 2981 1474 3036 κατ’
1493 2981 1738 3054 ἀλλήλων
1774 2984 1932 3053 μῖσος

343 3069 692 3140 άνήφθησαν.
742 3071 893 3127 Ἐκεῖ
937 3072 1039 3144 μὲν
1075 3074 1187 3145 γὰρ
1229 3074 1407 3146 δόγμα
1446 3074 1623 3129 ἐδόκει
1671 3091 1930 3147 παρασα-

345 3161 603 3217 λεύεσθαι
658 3163 1131 3236 δεδοκιμασμένον
1193 3166 1300 3219 ὑπὸ
1361 3167 1643 3239 Πατέρων,
1697 3166 1793 3220 καὶ
1845 3167 1928 3232 είς

338 3254 786 3326 ὁμολογουμένην
839 3258 1105 3328 διαφορὰν
1159 3260 1228 3330 τῇ
1282 3257 1579 3329 Ἐκκλησία
1621 3256 1929 3329 παραδοθὲν

340 3346 461 3417 (τίς
485 3351 597 3421 γὰρ
627 3350 738 3405 τῶν
794 3351 920 3405 τότε
972 3351 1101 3421 μίαν
1135 3350 1326 3405 οὐσίαν
1362 3351 1457 3404 καὶ
1497 3353 1648 3423 τρεῖς
1689 3352 1928 3407 ὑποστά-

341 3455 454 3504 σεις
480 3444 575 3496 ἐπὶ
606 3446 704 3514 τῆς
737 3446 898 3514 ἁγίας
932 3443 1162 3516 Τριάδος
1189 3445 1427 3511 ἀκούων,
1452 3446 1512 3499 τὸ
1545 3432 1648 3517 τῆξ
1687 3447 1925 3500 ὕποστά·
1953 3480 1996 3538 c

338 3548 477 3598 σεως
522 3538 618 3589 καὶ
656 3537 849 3601 οὐσίας
894 3539 996 3592 οὐκ
1030 3539 1146 3610 ᾔδει
1195 3538 1494 3609 διάφορον;
1531 3539 1550 3608 )
1593 3540 1829 3593 ἐνταῦθα
1866 3540 1923 3593 δὲ

336 3622 515 3687 οὐδεὶς
556 3625 813 3681 οὐδέποτε
875 3624 984 3682 τῶν
1033 3630 1167 3700 παρ’
1198 3631 1333 3700 ἡμῖν
1385 3629 1651 3698 θεολόγων
1690 3627 1833 3697 εἷπε,
1863 3631 1926 3685 τὸ

340 3715 442 3787 μὲν
467 3717 935 3786 ἐκπορεύεσθαι,
963 3719 1025 3773 τὸ
1063 3721 1338 3784 οὐσιωδῶς
1386 3722 1452 3774 ἐκ
1489 3720 1627 3773 Θεοῦ
1657 3720 1925 3793 ὑπάρχειν

337 3809 397 3860 τὸ
437 3808 667 3879 Πνεῦμα
697 3810 893 3880 δηλοῦν
918 3827 932 3841 ο
958 3811 1037 3867 ,τὸ
1059 3811 1114 3865 δὲ
1144 3812 1394 3882 προϊέναι
1426 3827 1508 3879 τε,
1537 3813 1631 3867 καὶ
1666 3816 1928 3886 προέρχεο

341 3900 487 3966 σθαι,
516 3902 842 3972 προχεῖσθαί
868 3920 927 3957 τε
956 3906 1051 3957 καὶ
1067 3903 1479 3974 ἐκπέμπεσθαι,
1507 3904 1638 3959 ἄλλο
1660 3906 1925 3975 τιδηλοῦν

343 3998 497 4068 παρὰ
550 3999 613 4050 τὸ
676 3999 952 4065 οὸσιωδῶς
1005 4000 1275 4072 ὑπάρχειν
1324 4000 1384 4053 τὸ
1434 4001 1661 4071 Πνεῦμα
1701 4002 1767 4054 ἐκ
1826 4000 1922 4056 τοῦ

2033 1339 2138 1378 non
2190 1323 2310 1378 sine
2357 1321 2722 1378 admiratione
2773 1320 2998 1385 dicitur,
3058 1336 3162 1376 non
3217 1321 3473 1387 aliarum,
3509 1320 3610 1376 sed
3692 1322 3698 1330 “

2030 1417 2227 1473 harum
2283 1416 2593 1483 nationum,
2625 1425 2681 1471 et
2731 1415 3126 1480 Ecclesiarum,
3159 1415 3227 1470 de
3258 1416 3461 1485 quibus
3509 1430 3615 1472 nos

2031 1524 2340 1566 sermonem
2373 1508 2735 1564 instituimus.
2760 1505 3006 1577 Namque
3035 1521 3132 1562 eos
3161 1522 3323 1562 unam
3350 1507 3618 1578 hyposta-

2032 1604 2160 1671 sim,
2193 1611 2417 1659 nostros
2462 1610 2573 1657 tres
2620 1602 2676 1656 in
2707 1599 2906 1655 Triade
2962 1614 3238 1665 asserere,
3290 1599 3608 1670 dogmatum

2030 1712 2264 1768 eamque
2316 1695 2612 1751 maximam
2686 1693 3049 1750 differentiam
3106 1693 3404 1765 importare
3458 1693 3614 1749 vide-

2029 1786 2214 1844 batur.
2284 1785 2741 1841 Sabellianismus
2811 1783 3014 1838 etenim
3087 1782 3173 1837 vel
3237 1782 3609 1847 Arianismus,

2033 1879 2180 1950 quod
2215 1878 2619 1950 suspicabatur,
2653 1885 2793 1934 erat.
2829 1874 2939 1932 Sed
2975 1874 3220 1944 prudens
3264 1873 3354 1930 hic
3395 1875 3611 1929 anima-

2034 1987 2155 2027 rum
2199 1979 2422 2027 curator
2466 1985 2576 2025 non
2629 1969 2697 2025 ad
2749 1967 2995 2031 voculas,
3031 1967 3128 2024 sed
3184 1967 3252 2023 ad
3287 1967 3611 2021 sententiam

2035 2074 2271 2120 mentem
2303 2063 2615 2128 intendens,
2649 2071 2728 2119 tot
2762 2059 3092 2128 enuntiavit,
3120 2067 3176 2116 et
3204 2060 3450 2131 scripsit,
3478 2071 3616 2132 quot

2032 2171 2201 2227 supra
2248 2156 2535 2227 designata
2581 2164 2730 2211 sunt.
2786 2153 2885 2211 ilic
2918 2168 3070 2221 vero,
3105 2154 3197 2221 qui
3233 2152 3439 2221 absque
3482 2168 3615 2208 con-

2033 2249 2281 2305 tentione
2333 2258 2388 2303 et
2419 2249 2535 2303 rixa
2588 2263 2676 2303 res
2719 2255 3011 2318 peragunt,
3043 2245 3275 2301 multum
3313 2245 3399 2301 ad,
3427 2246 3618 2300 conri-

2031 2339 2273 2394 liandam
2316 2353 2506 2410 pacem
2558 2338 2727 2393 dictio
2779 2337 3013 2402 confert,
3048 2338 3265 2405 hocque
3314 2335 3616 2406 deprehen-

2030 2428 2163 2485 dere
2208 2438 2459 2499 possunt,
2516 2429 2783 2484 attentius
2825 2427 3103 2498 negotium
3155 2426 3461 2496 dijudicare
3506 2442 3618 2480 non

2034 2530 2370 2587 recusantes,
2406 2534 2545 2590 quas
2580 2535 2743 2575 voces
2778 2518 2904 2586 illae,
2928 2520 3059 2575 dum
3089 2518 3158 2574 de
3189 2517 3394 2574 Triade
3424 2532 3621 2589 agere-

2031 2621 2142 2679 tur,
2168 2612 2313 2669 vires
2364 2613 2663 2679 habebant,
2695 2628 2928 2684 quorum
2961 2611 3467 2684 pronuntiationem
3489 2626 3621 2666 con-

2034 2716 2309 2773 temnens,
2358 2705 2688 2760 sententiam
2723 2703 2791 2759 ad
2829 2704 3103 2774 pacandas
3145 2703 3422 2758 Eeclesias
3475 2703 3619 2757 arri-

2031 2799 2174 2869 puit,
2231 2798 2319 2853 cui
2379 2798 2450 2853 ab
2513 2796 2927 2852 immortalitate
2967 2810 3169 2851 nomen
3229 2804 3333 2860 est,
3390 2803 3445 2850 et
3502 2811 3614 2865 quo
3698 2802 3839 2869 ,1],

2032 2894 2354 2950 discrimine
2387 2893 2777 2964 disiunguntur
2807 2893 2913 2958 hae,
2950 2906 3050 2962 pro
3082 2890 3283 2962 quibus
3325 2904 3473 2945 nunc
3504 2905 3616 2946 eae-

2032 2985 2156 3040 dem
2188 2983 2467 3050 Ecclesiae,
2499 2984 2555 3039 in
2589 2984 2676 3041 sui
2734 2984 2923 3041 odium
2980 2982 3095 3039 fere
3147 2981 3478 3054 inexpiabile
3528 2982 3616 3038 ln-

2030 3079 2399 3135 ﬂammantur.
2433 3076 2682 3151 Namque
2715 3078 2791 3134 ibi
2822 3079 3017 3150 dOgma
3051 3077 3340 3132 videbatur
3362 3090 3615 3146 compro-

2031 3175 2219 3229 batum
2260 3188 2291 3228 a
2326 3171 2608 3239 Patribus,
2639 3182 2690 3228 et
2719 3171 3040 3228 indubitatae
3072 3178 3344 3240 eertmque
3377 3179 3518 3224 nota:
3556 3170 3614 3224 iu

2031 3265 2300 3333 Ecclesia,
2336 3265 2559 3320 dimovi.
2618 3264 2777 3338 (Quis
2825 3264 2973 3318 enim
3024 3262 3081 3317 id
3133 3262 3395 3333 temporis
3448 3278 3614 3317 unam

2030 3356 2326 3411 essentiam
2356 3365 2411 3410 et
2440 3365 2553 3411 tres
2598 3354 2920 3426 hypostascs
2951 3353 3005 3408 in
3057 3365 3246 3409 sancta
3272 3352 3470 3408 Triade
3515 3369 3617 3407 au-

2030 3446 2224 3509 diens,
2291 3446 2652 3518 hypostaseos
2706 3455 2761 3501 et
2816 3445 3072 3501 essentiae
3133 3444 3433 3501 discrimen
3500 3460 3609 3500 non

2030 3538 2418 3609 agnoscebat?)
2455 3547 2512 3592 at
2545 3537 2633 3592 hic
2662 3551 2822 3591 nemo
2855 3552 3095 3607 unquam
3131 3552 3195 3592 ex
3227 3538 3431 3591 nostris
3460 3537 3613 3590 theo—

2028 3631 2167 3703 IOgis
2207 3630 2517 3697 aﬂirmavit,
2565 3629 2875 3696 Proredere,
2908 3629 3055 3699 quod
3105 3644 3170 3684 ex
3205 3627 3316 3682 Deo
3351 3628 3617 3683 essentia-

2028 3722 2152 3777 liter
2182 3723 2449 3793 spiratum
2485 3736 2611 3777 esse
2676 3721 2876 3787 innuit,
2936 3720 3190 3790 progredi
3224 3735 3374 3786 vero,
3422 3736 3620 3791 prove-

2028 3816 2170 3878 nire,
2212 3813 2531 3884 eﬂundique
2566 3823 2621 3869 et
2658 3813 2832 3869 emitti
2886 3813 3035 3868 aliud
3071 3814 3350 3884 quidpiam
3404 3824 3615 3881 uolare,

2029 3922 2195 3978 quam
2232 3907 2600 3962 essentialiter
2632 3920 2757 3962 esse
2789 3906 3056 3976 Spiritum
3087 3920 3152 3961 ex
3190 3905 3375 3961 Patre.
3406 3904 3618 3960 Nihilo-

2029 3998 2214 4053 minus
2245 3999 2500 4053 essentia:
2551 4006 2719 4068 atque
2770 3997 3082 4068 hypostasis
3123 3996 3433 4053 dill‘ereutia
3476 3999 3611 4052 nulli

1985 4094 1991 4101 ’
2028 4105 2093 4145 ex
2122 4090 2209 4155 iis,
2239 4090 2333 4160 qui
2365 4096 2480 4144 tum
2515 4099 2692 4157 erant,
2713 4100 3089 4157 controversa,
3113 4091 3334 4148 divinus
3370 4093 3611 4148 Athana-

2028 4182 2146 4239 sius
2172 4182 2540 4241 diﬂ‘erentiam
2594 4183 2928 4255 apprehendi
2965 4185 3262 4249 concessit,
3295 4187 3438 4256 apud
3472 4201 3612 4255 quos

670 4275 814 4357 μὴν
841 4275 1104 4343 τοιαύτην
1137 4275 1402 4343 διαφορὰν
1426 4275 1558 4345 παρ’
1591 4275 1823 4337 ἐκείνοις
1844 4275 1924 4338 εἰς
2028 4275 2338 4331 diﬂ‘erentia
2374 4276 2563 4331 semel
2615 4291 2739 4331 esse
2805 4276 3144 4342 innotuerat,
3196 4283 3252 4331 et
3310 4277 3616 4333 ini-aluerat

287 4347 828 4438 Ἦιρῖρὰνάξρῆκε
868 4366 1203 4434 λογίζεσθαι,
1255 4368 1388 4438 παρ’
1421 4362 1503 4430 οἷς
1557 4368 1652 4421 καὶ
1691 4368 1771 4431 είς
1807 4368 1924 4421 δια-

2027 4380 2248 4438 propter
2268 4368 2471 4433 lingua:
2501 4368 2916 4433 abundantiam,
2952 4382 3188 4438 quorum
3212 4384 3339 4423 vero
3371 4369 3609 4440 linguam

339 4461 517 4531 φοράν
572 4458 723 4524 ἅπαξ
778 4456 1030 4526 ἐγνώσθη
1093 4458 1189 4511 καὶ
1242 4459 1498 4529 ἐλογίσθη
1563 4458 1651 4512 διὰ
1705 4458 1766 4512 τὸ
1822 4459 1924 4528 τῆς

2027 4468 2252 4530 propter
2316 4460 2403 4514 sui
2465 4459 2705 4529 inopiam
2780 4460 3108 4530 peculiarem
3169 4475 3358 4515 earum
3416 4476 3610 4515 vocum

337 4553 593 4624 γλώσσης
633 4546 955 4615 πλατύ.⁷Ων
1002 4551 1059 4604 δὲ
1093 4551 1154 4603 τὸ
1184 4551 1587 4623 ἐτερόγλωσσον
1630 4551 1814 4606 στενόν
1860 4569 1921 4604 τε

2028 4567 2183 4607 usum
2210 4551 2497 4607 induxisse
2518 4561 2874 4622 cognoverat,
2913 4568 3037 4607 eum
3068 4552 3175 4608 illis
3200 4562 3389 4622 pacate
3414 4552 3614 4608 frater-

336 4645 436 4716 τῆς
465 4648 749 4718 προφορᾶς
776 4645 1042 4716 παραίτια
1077 4644 1253 4713 ἰδικῆς
1297 4644 1407 4697 τῶν
1434 4643 1636 4709 λέξεων
1665 4646 1916 4717 χρήσεως

2027 4655 2206 4711 neque
2244 4656 2306 4696 se
2346 4656 2564 4712 gerens,
2601 4656 2799 4696 vocum
2853 4643 3183 4698 sententiam
3222 4643 3609 4716 investigabat,

338 4090 499 4143 Θεοῦ.
542 4088 691 4142 Ἀλλ’
724 4089 876 4160 ὅμως
899 4089 1043 4143 οῦτω
1072 4090 1173 4160 τῆς
1204 4090 1470 4160 διαφορᾶς
1511 4092 1702 4155 οὐσίας
1735 4108 1793 4145 τε
1829 4091 1924 4145 καὶ

339 4182 697 4246 ὑποστάσεως
723 4182 1237 4253 ἀνομολογουμένης
1266 4185 1378 4246 τοῖς
1406 4184 1525 4236 τότε
1616 4184 1922 4260 θεοείκελος

348 4273 814 4355 ’ἀθανάτῃς-τὴν
841 4274 1104 4343 τοιαύτην
1137 4273 1402 4343 διαφορὰν
1426 4275 1558 4345 παρ’
1591 4273 1823 4337 ἐκείνοις
1844 4275 1924 4338 εἰς

338 4740 475 4811 ᾔδει,
540 4732 677 4793 ἀλλὰ
730 4739 944 4803 τούτοις
1010 4733 1237 4809 ἡμέρως
1316 4738 1769 4809 προσφερόμενος
1822 4740 1918 4792 καὶ

2027 4743 2079 4790 et
2127 4734 2455 4805 prolationis
2508 4750 2708 4790 sonum
2760 4726 2985 4791 minime
3024 4752 3248 4801 curans,
3292 4737 3610 4793 intentionis

338 4831 665 4903 ἀδελφικῶς,
699 4830 792 4884 τὸν
818 4829 947 4883 νοῦν
985 4829 1095 4882 τῶν
1124 4829 1325 4896 λέξεων
1369 4831 1666 4900 ἁνηρεὺνα,
1696 4830 1794 4883 καὶ
1827 4831 1919 4885 τὸν

2027 4828 2266 4883 fructum
2300 4828 2650 4898 decerpcbat,
2683 4842 2820 4897 opus
2854 4828 3013 4898 plane
3047 4829 3271 4883 molitus
3316 4830 3414 4882 viri
3454 4829 3612 4883 Chri-

340 4924 436 4996 τῆς
486 4925 856 4995 ἐκφωνήσεως
905 4922 1165 4993 παρορῶν
1211 4918 1368 4994 ἦχον,
1405 4923 1497 4975 τὶν
1528 4924 1624 4992 τῆς
1673 4921 1919 4986 διανοίας

338 5016 546 5087 ἐτρύγα
583 5014 819 5085 καρπὸν,
856 5013 1018 5083 ἔργον
1049 5014 1209 5067 τοῦτο
1239 5013 1409 5067 ποιῶν
1445 5013 1638 5086 ἀνδρὸς
1681 5013 1915 5084 Χριστὸν

344 5110 709 5180 μιμουμένου,
774 5107 923 5162 λίθον
964 5109 1055 5162 τὸν
1113 5109 1533 5178 ἀκρογωνιαῖον,
1567 5108 1657 5161 τὸν
1698 5109 1766 5160 τά
1806 5108 1917 5160 διε-

339 5204 519 5257 στῶτα
556 5201 897 5272 συνδήσαντα
943 5200 1039 5254 καὶ
1076 5201 1415 5269 συνάψαντα.
1462 5198 1601 5254 Ἀλλ’
1656 5201 1775 5254 ἐκεῖ
1816 5199 1916 5270 μὲν

336 5297 365 5350 ὃ
399 5313 454 5350 τι
484 5295 914 5368 ἀνακρινόμενοι
942 5296 1073 5366 παρ’
1097 5294 1267 5349 αὐτοῦ
1321 5293 1513 5347 Ἰταλοὶ
1538 5294 1915 5365 ἀπελογήσαν-

334 5406 442 5456 το;
508 5389 842 5443 ’Υπόστασιν
909 5389 1010 5460 μὲν
1080 5390 1315 5459 λέγομεν
1362 5386 1656 5459 ἡγούμενοι
1715 5386 1913 5441 ταυτὸν

333 5482 475 5539 εἶναι
501 5484 681 5538 είπεῖν
722 5484 1022 5539 ὑπόστασιν
1055 5485 1151 5537 καὶ
1171 5482 1361 5536 οὐσίαν
1387 5496 1400 5512 ·
1435 5482 1560 5552 μίαν
1586 5481 1642 5535 δὲ
1682 5482 1911 5553 φρονοῦ-

340 5596 439 5651 μεν
495 5579 588 5633 διὰ
624 5579 687 5632 se
738 5579 803 5632 ἐκ
842 5579 943 5649 τῆς
1000 5577 1189 5641 οὐσίας
1246 5575 1342 5631 τοῦ
1375 5576 1589 5646 [ἰατρὸς
1643 5572 1784 5628 εἶναι
1821 5576 1913 5629 τὸν

334 5671 486 5737 Υίδν,
522 5673 619 5727 καὶ
654 5670 743 5725 διὰ
767 5672 865 5742 τὴν
885 5671 1197 5739 ταύτότητα
1223 5670 1325 5741 τῆς
1353 5668 1596 5739 φύσεως,
1628 5667 1914 5732 ἀσπασίως

337 5764 365 5817 ό
394 5765 589 5833 ’Λγιος
628 5763 728 5834 τὴν
761 5763 1063 5833 ἀπολογίαν
1103 5763 1423 5835 προσήκατο
1447 5801 1462 5826 ,
1509 5760 1604 5816 καὶ
1639 5761 1739 5831 τὴν
1785 5761 1916 5829 παρ’

338 5861 467 5928 ἡμῖν
498 5856 1007 5927 δεδογματισμένην
1036 5856 1137 5925 τῆς
1174 5854 1366 5919 οὐσίας
1420 5855 1514 5909 καὶ
1559 5836 1930 5916 ὑποστάσεως

338 5950 603 6023 διαφορὰν
656 5946 924 6020 παριδὼν,
969 5948 1070 6017 τὴν
1110 5947 1202 5999 ἐπὶ
1247 5945 1327 6018 τῷ
1359 5946 1638 6019 συμφώνῳ
1680 5942 1778 6015 τῆς
1829 5944 1913 5997 ἐν·

656 6043 926 6107 Ρλτιιοι..
959 6041 1078 6104 Gs.
1112 6038 1313 6103 CXLI.

2023 4930 2169 4976 stum
2201 4920 2532 4983 aemulantis,
2557 4920 2876 4990 angularem
2913 4918 3169 4990 lapidem,
3198 4920 3291 4990 qui
3333 4920 3604 4991 disjuncta

2022 5013 2317 5084 colligavit,
2352 5014 2757 5082 copulavitque.
2809 5010 2879 5066 Et
2903 5012 3001 5077 ibi,
3038 5012 3165 5083 quid
3191 5013 3507 5083 interrogati
3539 5014 3607 5067 ab

2021 5108 2213 5162 eodem
2257 5105 2381 5161 ltali
2440 5104 2882 5176 responderunt?
2936 5104 3286 5176 Hypostasim
3345 5107 3603 5172 dicimus,

2022 5198 2164 5255 idem
2203 5213 2326 5253 esse
2360 5198 2703 5269 hypostasim
2751 5210 2805 5252 et
2850 5198 3144 5253 essentiam
3198 5198 3604 5264 existimantes,

2023 5304 2187 5345 unam
2223 5304 2352 5344 vero
2377 5298 2649 5354 tenemus,
2681 5289 2828 5359 quod
2857 5304 2923 5344 ex
2955 5289 3193 5345 essentia
3228 5289 3405 5345 Patris
3429 5288 3604 5343 Filius

2022 5391 2130 5447 est,
2188 5389 2243 5435 et
2300 5389 2526 5451 propter
2557 5383 2803 5436 eamdem
2858 5389 3136 5436 naturam.
3187 5380 3371 5449 Equo
3417 5382 3604 5435 animo

2025 5487 2251 5533 sanctus
2290 5475 2701 5544 responsionem
2749 5474 2992 5541 admisit,
3026 5477 3118 5544 et;
3146 5474 3292 5544 quod
3325 5476 3465 5544 apud
3500 5490 3602 5528 nos

2022 5579 2143 5625 erat
2190 5569 2493 5647 decretum,
2537 5569 2793 5624 essentiaa
2841 5577 2895 5623 et
2944 5566 3259 5638 hypostasis
3298 5565 3598 5621 discrimen

2020 5660 2323 5731 negligens,
2366 5674 2492 5715 eum
2534 5661 2813 5715 sententia:
2849 5656 3299 5722 concordassent,
3336 5654 3600 5713 Ecclesia-

2018 5769 2139 5809 rum
2173 5755 2429 5809 unionem
2462 5753 2549 5824 pie
2579 5751 2833 5824 perfecit.
2866 5751 2968 5806 Hic
3010 5760 3192 5805 autem
3226 5764 3353 5806 cum
3385 5749 3597 5806 nullum

2021 5863 2051 5903 a
2082 5848 2339 5905 Patribus
2371 5857 2650 5904 asseratur
2689 5846 2991 5904 discrimen
3049 5845 3103 5899 in
3140 5844 3465 5915 explicando
3505 5861 3603 5898 na-

2023 5940 2272 5997 turaliter
2316 5951 2372 5997 et
2418 5941 2782 5998 essentialiter
2815 5938 3079 6027 Spiritum
3111 5954 3233 5995 esse
3274 5954 3341 5994 ex
3378 5937 3510 6007 Deo,
3540 5940 3596 5994 in

3158 6035 3198 6095 2

3476 6182 3508 6207 δ
