3978 6598
397 407 466 471 43
1447 406 1652 467 JOAN.
1694 405 1904 466 VECCl
1938 405 2046 469 CP.
2084 407 2591 476 PATRIARCHE
3339 410 3344 421 ’
3575 408 3647 475 44

400 519 624 573 vocibus
651 518 801 574 hisee
830 518 1125 588 procedere,
1154 517 1420 587 progredi,
1448 518 1673 586 e/fimdt',
1707 518 1962 585 (namque

2070 519 2218 583 νοίας
2247 522 2601 593 καταλλαγὴν
2624 522 2732 577 τῶν
2778 521 3116 594 Ἐκκλησιῶν
3145 522 3411 592 θεοφιλῶς
3443 525 3641 595 ἀπειρ-

401 627 509 667 una
543 626 734 665 omnes
764 611 1128 666 essentialiter
1176 625 1297 666 esse
1328 625 1392 665 ex
1431 609 1541 663 Deo
1575 608 1836 677 Spiritum
1874 624 1969 660 uo-

402 705 539 775 tant)
569 703 821 774 iuniores
856 703 1116 771 theologi,
1156 711 1231 766 et,
1260 711 1319 756 ut
1349 701 1452 757 sibi
1484 701 1755 763 videntur,
1789 699 1967 754 Patri-

399 799 505 854 bus
536 796 875 867 dOgmatistas
905 795 1237 856 securiores,
1271 807 1337 847 ex
1370 807 1428 848 se
1468 792 1600 862 ipsis
1634 790 1968 845 tlill‘ereutias

391 890 751 956 conﬁngunt;
785 897 838 941 et
866 886 1006 940 lictis
1046 884 1195 939 hisce
1227 884 1548 939 differentiis
1593 899 1715 937 tum
1763 880 1966 933 Roma-

393 998 472 1038 sna
510 979 755 1036 Ecclesia
780 977 1160 1038 contendente,
1186 992 1252 1030 ex
1289 973 1448 1029 Patre
1473 984 1526 1029 et
1549 974 1687 1028 Filio
1717 972 1821 1026 dici
1848 969 1969 1040 Spi-

308 1116 319 1137 ,
404 1076 598 1137 ritum,
635 1073 779 1142 quod
807 1072 1085 1141 opinatur,
1118 1070 1324 1124 nullum
1349 1068 1641 1122 discrimen
1673 1081 1815 1124 esse.
1850 1065 1966 1118 sive

386 1169 571 1229 odicas,
601 1183 663 1220 ex
686 1163 848 1219 Patre
878 1173 930 1217 et
952 1163 1089 1219 Filio
1116 1162 1376 1232 Spiritum
1408 1171 1656 1215 sanctum
1689 1157 1964 1227 progredi,

399 1262 513 1316 sive
544 1274 611 1313 ex
635 1256 793 1311 Patre
828 1265 881 1310 et
914 1255 1050 1310 Filio
1099 1254 1321 1316 cll'undi,
1358 1262 1412 1306 et
1443 1250 1727 1320 provenire
1755 1249 1870 1303 sive
1897 1262 1964 1301 cx

398 1352 557 1408 Pa‘tre
593 1358 647 1408 et
703 1349 841 1404 Filio
898 1349 1050 1402 illum
1089 1346 1403 1417 procedere,
1470 1360 1593 1399 cum
1660 1358 1821 1397 voces
1882 1340 1967 1394 hic

398 1444 688 1505 universae,
727 1440 1093 1495 essentialiter
1148 1454 1271 1493 esse
1337 1438 1600 1506 Spiritum
1653 1451 1719 1489 ex
1772 1433 1880 1487 Deo
1913 1442 1963 1487 et

394 1534 556 1589 Patre
608 1533 939 1604 signilicent,
996 1529 1495 1603 reconciliationem
1561 1536 1845 1595 respuunt.
1901 1525 1967 1578 Et

390 1641 563 1682 unum
600 1629 703 1679 hoc
744 1623 1081 1694 potissimam
1133 1621 1345 1675 dissidii
1383 1636 1601 1675 causam
1640 1625 1961 1676 statuentes,

393 1722 531 1773 duas
562 1717 769 1774 scilicet
800 1731 995 1770 causas
1021 1729 1143 1768 esse
1180 1716 1395 1766 Patrem
1430 1726 1480 1765 et
1518 1710 1735 1774 Filium,
1771 1709 1813 1762 si
1841 1706 1964 1778 quis

393 1826 460 1866 cx
480 1809 644 1864 Patre
668 1819 721 1864 et
741 1806 881 1861 Filio
911 1807 1057 1862 dicat
1082 1807 1347 1877 Spiritum
1372 1816 1621 1859 sanctum
1645 1802 1960 1871 procedere,

384 1903 646 1959 erunibus
712 1899 942 1970 reliquis
997 1883 1328 1954 sententiam
1397 1899 1534 1950 hanc
1588 1904 1961 1965 oppugnantes

382 2011 553 2052 aures
614 1995 1018 2064 substringttnt.
1068 1992 1183 2046 Itali
1235 1993 1281 2046 si
1330 1991 1548 2063 quidem
1602 2004 1708 2043 non
1751 1997 1960 2041 tantum

394 2089 561 2151 illius,
602 2087 915 2158 procedere,
958 2092 1011 2139 et
1039 2084 1313 2155 progredi,
1349 2082 1635 2153 provenire
1676 2089 1729 2133 et
1757 2076 1961 2133 cll‘undi

388 2179 703 2234 indifferens
744 2187 1006 2248 quantum
1052 2180 1118 2231 ad
1172 2176 1523 2233 sententiam,
1555 2173 1618 2227 ad
1652 2171 1964 2241 signiﬁcan-

382 2273 543 2335 dum,
578 2270 947 2326 essentialiter
997 2284 1118 2325 esse
1156 2268 1420 2336 Spiritum
1461 2282 1526 2320 ex
1564 2267 1695 2329 Deo,
1740 2278 1965 2329 resima-

382 2365 580 2419 dentes
624 2368 956 2431 proponunt,
1004 2375 1063 2416 se
1113 2359 1663 2433 tietnpemorrduas
1724 2355 1961 2425 Spiritus

386 2472 581 2513 causas
601 2470 870 2521 asserere,
891 2454 1032 2524 quod
1062 2455 1203 2523 apud
1241 2468 1341 2506 nos
1371 2450 1590 2506 Graecos
1622 2452 1673 2502 in
1706 2448 1960 2504 confeSso

386 2548 481 2609 sit,
531 2548 668 2600 duas
716 2560 838 2600 esse
888 2559 1084 2599 causas
1140 2544 1398 2613 Spiritus,
1428 2543 1559 2596 dum
1593 2542 1857 2596 asseritnr
1891 2554 1959 2593 ex

389 2635 549 2690 Patre
604 2646 658 2690 et
717 2633 858 2688 Filio
894 2634 1156 2704 Spiritum
1230 2631 1482 2702 progredi
1539 2642 1594 2686 et
1645 2630 1957 2701 provenire.

384 2727 646 2795 Quinimo
689 2736 742 2782 et
796 2728 978 2796 magni
1017 2726 1196 2781 Basilii
1242 2727 1600 2796 theologicam
1646 2725 1792 2778 illam
1831 2738 1959 2778 sen-

386 2819 634 2883 tentiam,
665 2818 720 2871 in
756 2818 918 2889 hujus
949 2818 1219 2873 orationis
1237 2819 1464 2873 exordio
1491 2817 1817 2886 appos-itam,
1841 2829 1958 2869 omo

386 2911 473 2963 nia
505 2910 1036 2978 insinuantem,quae
1060 2909 1180 2963 Filii
1211 2922 1363 2974 sunt,
1384 2911 1447 2963 ad
1478 2909 1705 2979 primam
1733 2922 1957 2962 causam

383 3001 599 3057 Patrem
657 3002 871 3067 referri,
924 3012 1181 3073 tanquam
1253 3003 1490 3057 validum
1553 3001 1957 3057 ﬁrmamentum

386 3096 622 3165 propria:
655 3094 1034 3165 responsionis
1056 3095 1409 3154 collucantes.
1442 3110 1547 3148 non
1581 3094 1715 3148 duas
1738 3107 1958 3163 proces-

2074 612 2302 679 γάσατο.
2343 614 2609 669 Ἐνταῦθα
2635 614 2689 669 δὲ
2716 614 2808 669 καὶ
2840 615 3114 684 μηδεμιᾶς
3163 613 3422 684 ρηθείσης
3451 615 3645 683 διαφο-

2077 705 2177 775 ρᾶς
2208 707 2359 775 παρά
2391 724 2532 769 τινος
2560 706 2670 760 τῶν
2714 707 2978 777 Πατέρων
3023 708 3102 769 εἰς
3136 707 3234 777 τὴν
3283 707 3514 777 δήλωσιν
3547 706 3644 760 τοῦ

2073 795 2321 864 φυσικῶς
2347 797 2442 850 καὶ
2464 795 2738 859 οὑσιωδῶς
2762 796 3030 865 ὑπάρχειν
3051 796 3111 848 τὸ
3140 796 3364 863 Πνεῦμα
3396 795 3461 846 ἐκ
3483 793 3644 859 Θεοῦ,

2075 888 2167 939 ἐπὶ
2220 888 2340 951 ταῖς
2392 886 2569 953 λέξεσι
2603 887 2852 953 ταύταις,
2901 887 3022 950 ταῖς
3053 886 3149 938 τοῦ
3211 886 3645 950 ἐκπορεύεσθαι

2073 976 2294 1048 δηλαδὴ,
2368 978 2463 1031 καὶ
2518 977 2936 1047 προέρχεσθαι,
2996 978 3088 1030 καὶ
3124 976 3474 1045 προχεῖσθαι
3504 974 3644 1045 (κοι-

2076 1069 2182 1132 νῶς
2220 1069 2331 1139 γὰρ
2399 1070 2632 1137 ἅπασαι)
2682 1070 2742 1123 τὸ
2789 1069 3062 1132 οὑσιωδῶς
3107 1070 3372 1139 ὑπάρχειν
3420 1066 3642 1134 δηλοῦσι

2072 1163 2132 1214 τὸ
2160 1163 2386 1230 Πνεῦμα
2411 1161 2475 1214 ὲκ
2509 1162 2671 1227 Θεοῦ,
2717 1164 2766 1215 οἰ
2805 1163 2913 1216 νέοι
2945 1162 3206 1230 θεολόγοι.
3243 1162 3336 1212 καὶ
3389 1161 3532 1213 κατὰ
3577 1158 3640 1210 τδ

2071 1253 2263 1307 δοκοῦν
2302 1254 2491 1318 αὑτοῖς
2538 1255 2938 1325 ἁσφαλέστεροι
2978 1254 3090 1306 τῶν
3137 1253 3393 1322 Πατέρων
3431 1252 3640 1317 δογμα-

2068 1348 2272 1412 τισταί,
2309 1346 2577 1416 διαφορὰς
2605 1347 2702 1413 ἀφ’
2731 1345 2939 1398 ἑαυτῶν
2977 1344 3410 1398 ἀναπλάττουσιν
3440 1360 3453 1373 ·
3502 1338 3642 1393 κάπὶ

2065 1444 2189 1501 ταῖς
2222 1438 2634 1513 πεπλασμέναις
2661 1437 2887 1500 ταύταις
2930 1436 2959 1490 δ
2984 1439 3218 1507 αφοραῖς
3249 1436 3349 1504 τὴν
3374 1435 3474 1504 τῆς
3508 1433 3642 1485 Ῥω·

2071 1534 2274 1600 μαῖκῆς
2347 1531 2677 1602 Ἑκκλησίας
2742 1530 3094 1599 καταλλαγὴν
3165 1531 3224 1581 οὑ
3298 1527 3636 1597 προσίενται,

2066 1624 2531 1697 διισχυριζόμενοι
2562 1626 2627 1676 ἐκ
2657 1624 2871 1692 Πατρδς
2902 1624 2992 1676 καὶ
3020 1621 3148 1674 Υἰοῦ
3179 1620 3356 1688 λέγειν
3380 1620 3439 1671 τὸ
3469 1617 3638 1671 Πνεῦ-

2072 1736 2168 1789 μα,
2217 1716 2305 1771 διὰ
2362 1716 2421 1769 τὸ
2475 1715 2736 1786 ἡγεῖσθαι
2794 1715 2963 1785 μηδὲν
3020 1713 3301 1783 διαφέρειν
3353 1712 3531 1764 εἰπεῖν
3574 1712 3640 1761 ἐκ

2068 1809 2281 1880 Πατρός
2305 1808 2400 1862 καὶ
2431 1807 2563 1860 Υἰοῦ
2597 1807 2656 1859 τὸ
2703 1806 2857 1873 ἅγιον
2896 1805 3121 1875 Πνεῦμα
3161 1804 3547 1875 προέρχετθαι,
3576 1806 3640 1856 ὲκ

2068 1900 2404 1971 Πατροςκαὶ
2450 1897 2584 1952 Υἰοῦ
2629 1896 2976 1969 προχεῖσθαι,
3026 1898 3119 1951 καί
3161 1898 3430 1966 προϊέναι,
3453 1895 3549 1947 καὶ
3575 1895 3638 1946 ἐκ

2066 1995 2279 2064 Πατρδς
2311 1995 2408 2047 καὶ
2436 1993 2563 2046 Υἰοῦ
2603 1993 2735 2047 αὑτὸ
2784 1990 3208 2063 ἐκπορεύεσθαι,
3247 1983 3350 2044 ἅτε
3387 1990 3495 2042 τῶν
3547 1987 3638 2039 λέ-

2065 2088 2200 2154 ξεων
2223 2085 2428 2139 τούτων
2454 2086 2688 2139 ἁπασῶν
2707 2084 2984 2153 δηλουσῶν
3006 2083 3067 2135 τὸ
3081 2082 3355 2144 οὑσιωδῶς
3371 2083 3636 2151 ὑπάρχειν

2063 2180 2125 2234 τδ
2164 2179 2389 2250 Πνεῦμα
2414 2181 2477 2230 ὲκ
2522 2178 2737 2246 Πατρὸς
2768 2176 2866 2230 καὶ
2905 2175 3056 2231 Υίοῦ.
3094 2176 3234 2229 Ἀλλ’
3264 2174 3321 2227 ἓν
3355 2174 3509 2227 τοῦτο
3551 2175 3636 2226 αἰ-

2061 2272 2326 2326 τιώτατον
2350 2272 2447 2337 τῆς
2473 2269 2812 2331 διαστάσεως
2847 2266 3304 2338 προϐαλλόμενοι,
3336 2265 3396 2317 τὸ
3417 2265 3511 2318 δύο
3535 2263 3633 2317 τοῦ

2063 2362 2381 2431 Πνεῦματος
2435 2360 2618 2422 αἰτίας
2679 2358 3081 2425 ἀν-φαίνεσθαι
3127 2356 3217 2409 τὸν
3269 2357 3486 2424 Πατέρα
3540 2354 3634 2406 καὶ

2061 2455 2152 2510 τὸν
2197 2455 2347 2518 Υἱὸν,
2377 2454 2471 2507 ἐάν
2493 2470 2575 2515 τις
2601 2454 2666 2505 ἐκ
2689 2452 2901 2521 Πατρός
2930 2452 3024 2505 καὶ
3052 2450 3182 2505 Υἰοῦ
3212 2449 3348 2520 λέγῃ
3372 2448 3431 2501 τὸ
3459 2446 3631 2499 Πνεῦ-

2064 2565 2140 2621 μα
2201 2548 2264 2599 τὸ
2322 2545 2476 2613 ἅγιον
2538 2542 2962 2616 ἐκπορεύεσθαι,
3019 2542 3157 2612 πρὸς
3219 2544 3327 2594 πᾶν
3382 2539 3515 2594 ἄλλο
3563 2540 3629 2609 τῇ

2062 2641 2241 2710 ἐννοίᾳ
2264 2637 2440 2709 ταύτῃ
2469 2635 2867 2706 διαμαχόμενοι
2904 2634 3091 2704 βὺουσι
3122 2635 3193 2687 τὰ
3239 2628 3375 2687 ὦτα.
3439 2631 3635 2685 Ἰταλοὶ

2061 2731 2168 2801 γὰρ
2193 2731 2251 2782 οὑ
2292 2729 2453 2798 μόνον
2475 2727 2535 2779 τὸ
2570 2710 2665 2779 τοῦ
2704 2726 3104 2795 ἐκπορεύεσθαι
3139 2725 3273 2794 πρὸς
3307 2724 3366 2777 τὸ
3409 2724 3631 2794 προχεῖ-

2062 2823 2207 2888 σθαι,
2252 2822 2498 2893 προιέναι
2528 2837 2609 2884 τε,
2640 2822 2734 2872 καὶ
2772 2819 3140 2891 προέρχεσθαι
3166 2818 3478 2887 ἀδιάφορον,
3509 2819 3633 2869 ὅσον

2061 2919 2153 2970 ἐπὶ
2192 2918 2258 2986 τῇ
2298 2912 2547 2984 σημασίᾳ
2587 2912 2682 2965 τοῦ
2714 2912 2989 2974 οὑσιιυδώς
3022 2912 3291 2981 ὑπάρχειν
3318 2912 3378 2961 τὸ
3408 2908 3635 2977 Πνεῦμα

2060 3010 2125 3063 ἐκ
2163 3005 2320 3071 θεοῦ,
2355 3006 2433 3069 εἰς
2481 3003 2790 3073 ἀπάντησιν
2833 3002 3229 3072 προϐάλλονται
3285 3001 3378 3054 τοῦ
3425 3001 3499 3070 μὴ
3539 3000 3632 3051 δύο

2058 3102 2159 3164 τὰς
2210 3095 2389 3159 αἰτίας
2441 3093 2685 3161 δοξάζειν
2732 3094 2825 3147 τοῦ
2875 3094 3211 3163 Πνεῦματος,
3260 3091 3347 3145 διὰ
3413 3093 3471 3143 τὸ
3537 3088 3633 3143 καὶ

389 3189 563 3267 tionis
596 3203 792 3243 causas
819 3187 1000 3242 dicere
1026 3188 1381 3251 εοιιιι-ιιάυιιι,
1409 3185 1551 3256 quod
1583 3201 1776 3255 magno
1809 3184 1961 3238 Basi-

2062 3194 2212 3265 παρὰ
2271 3192 2381 3254 ταῖς
2435 3189 2694 3256 Γραικοῖς
2743 3187 3123 3256 ὁμολογεῖσθαι
3170 3186 3304 3255 ἡμῖν
3346 3183 3441 3235 δύο
3491 3177 3633 3234 εἶναι

382 3279 461 3339 lio
513 3287 757 3343 auctore,
787 3278 1049 3348 quidquid
1085 3295 1114 3332 a
1147 3277 1283 3332 Filio
1318 3279 1519 3332 dicitur
1547 3292 1691 3344 esse,
1740 3277 1794 3330 in
1844 3276 1956 3346 pri-

376 3386 529 3426 mam
561 3386 781 3425 causam
816 3368 1034 3424 Patrem
1075 3371 1377 3425 reducitur.
1412 3368 1589 3424 Latini
1622 3370 1805 3439 itaque
1849 3366 1955 3422 non

372 3464 595 3533 absque
657 3464 892 3528 ratione,
959 3463 1028 3517 ita
1092 3464 1544 3532 responsionihus
1600 3461 1956 3530 comparatis,

380 3554 811 3609 ecclesiasticam
881 3570 1066 3624 pacem
1126 3554 1372 3609 ambiunt
1432 3569 1448 3608 :
1510 3552 1605 3607 sed
1662 3560 1959 3606 sectatores

384 3649 722 3711 schismatis,
769 3647 837 3702 ad
890 3648 1099 3701 nullum
1133 3662 1197 3699 ex
1248 3647 1375 3711 illis,
1408 3660 1530 3714 quae
1574 3659 1696 3698 cum
1750 3646 1959 3695 ratione

385 3743 786 3805 proponuntur,
819 3735 1064 3788 animum
1099 3735 1409 3787 advertunt.
1437 3733 1500 3787 Et
1527 3741 1709 3786 tamen
1733 3731 1959 3785 divinis-

376 3827 559 3879 simus
593 3827 926 3879 Athanasius
981 3824 1239 3878 Romana:
1273 3824 1526 3878 Ecclesia:
1580 3823 1745 3889 ﬁlios,
1792 3835 1957 3874 unam

388 3917 716 3987 liypostasim
760 3926 1147 3970 asseverantes
1186 3914 1400 3969 Patrem
1453 3924 1506 3968 et
1556 3912 1778 3976 Filium,
1812 3911 1957 3981 quod

376 4024 452 4061 ex
483 4009 716 4062 essentia
753 4008 929 4063 Patris
966 4006 1132 4061 Filius
1163 4016 1328 4070 esset,
1357 4017 1409 4060 et
1443 4017 1659 4076 propter
1697 4005 1954 4058 unitatem

388 4111 615 4165 natura},
640 4110 693 4154 et
722 4102 798 4153 uti
837 4101 922 4168 pie
956 4102 1251 4153 settl‘enlcs
1287 4099 1624 4166 complexus,
1650 4107 1704 4152 et
1748 4098 1823 4151 uti
1864 4110 1956 4150 or-

384 4194 654 4248 thodoxos
683 4193 1037 4248 exosculatus
1080 4202 1182 4246 est.
1217 4190 1349 4256 Quis
1388 4189 1653 4267 lacinias
1698 4192 1800 4244 hoc
1826 4198 1961 4244 tem-

385 4286 536 4355 poris
573 4285 833 4355 plm-aret,
863 4294 916 4339 et
947 4286 1249 4354 plangeret.
1278 4299 1383 4337 non
1421 4292 1477 4337 ut
1514 4282 1601 4335 ille
1645 4298 1805 4351 super
1838 4292 1956 4335 tur-

386 4377 528 4430 rimn
561 4386 615 4431 et
648 4392 931 4431 murorum
982 4362 1210 4455 disiecto
1242 4362 1484 4440 animum
1511 4373 1832 4435 Jerusalem,
1864 4373 1955 4427 sed

292 4528 299 4537 ,
384 4483 551 4535 super
580 4469 835 4522 vastitate
892 4452 1056 4537 atque
1105 4452 1410 4549 direptione
1463 4465 1696 4531 ﬁliarum
1755 4474 1956 4518 nostrae

2059 3286 2156 3345 τὰς
2211 3282 2393 3342 αἰτίας
2443 3278 2538 3332 τοῦ
2586 3277 2906 3347 Πνεῦματος
2951 3279 3008 3338 ἐν
3051 3276 3128 3346 τῷ
3168 3279 3231 3328 ἐκ
3278 3274 3490 3344 Πατρδς
3536 3272 3633 3324 καὶ

2061 3375 2196 3431 Υίοῦ
2237 3376 2299 3428 τὸ
2355 3372 2584 3442 Πνεῦμα
2634 3370 2886 3440 προϊέναι
2943 3386 3003 3422 τε
3064 3370 3158 3422 καὶ
3220 3366 3626 3442 προέρχεσϐαιο

2061 3467 2199 3522 ἀλλὰ
2253 3467 2345 3519 καὶ
2397 3470 2497 3537 τὴν
2541 3463 2636 3517 τοῦ
2688 3462 2928 3534 μεγάλου
2975 3462 3259 3516 Βασιλείου
3313 3461 3631 3530 θεολογικὴν

2063 3563 2281 3629 ἐκείνην
2306 3559 2533 3625 ἔννοιαν,
2576 3557 2697 3628 ἥτις
2731 3558 2788 3611 ἐν
2828 3557 3020 3627 ἀρχαῖς
3046 3554 3137 3607 τοῦ
3173 3556 3442 3625 παρόντος
3468 3553 3629 3619 λόγου

2060 3653 2389 3722 διείληπται,
2427 3650 2523 3720 τὴν
2561 3652 2740 3704 πάντα
2768 3649 3035 3719 δηλοῦσαν
3074 3651 3144 3701 τὰ
3187 3648 3281 3701 τοῦ
3325 3646 3457 3700 Υίοῦ
3491 3634 3630 3715 πρὶς

2038 3738 2159 3815 τὴν
2217 3743 2441 3813 πρώτην
2483 3743 2665 3796 αἰτίαν
2706 3742 3077 3817 ἀναφέρεσθαι
3134 3742 3227 3795 τὸν
3277 3740 3520 3809 Πατέρα,
3568 3742 3629 3792 ἐν

2064 3837 2270 3908 ἰσχυρῷ
2295 3836 2395 3905 τῆς
2437 3835 2618 3888 αὑτῶν
2665 3836 2961 3903 ἀπολογίας
2987 3835 3255 3901 τιθέασιν,
3291 3836 3363 3905 μὴ
3394 3836 3486 3888 δύο
3526 3833 3624 3903 τῆς

2060 3926 2448 3996 ἐκπορεύσεως
2506 3924 2655 3978 αἴτια
2712 3924 2892 3993 λέγειν
2951 3925 3373 3996 διενιστάμενοι,
3417 3926 3503 3978 διὰ
3568 3926 3630 3981 τὸ

2060 4018 2202 4072 κατὰ
2224 4022 2313 4071 τὶν
2355 4018 2532 4087 μέγαν
2560 4016 2861 4084 Βασίλειον,
2903 4022 3012 4073 πᾶν
3046 4019 3172 4073 εἴτι
3201 4021 3350 4090 παρὰ
3371 4020 3464 4073 τοῦ
3497 4020 3627 4073 Υὶοῦ

2058 4113 2278 4181 λέγεται
2316 4105 2480 4176 εἶναι,
2522 4110 2604 4174 εἰς
2646 4110 2744 4182 τὴν
2772 4111 2999 4182 πρώτην
3036 4113 3215 4165 αἰτίαν
3254 4114 3631 4182 ἀναφέρεσθαι

2059 4205 2150 4257 τδν
2206 4202 2452 4273 Πατέρα.
2496 4206 2726 4281 ,Λατῖνοι
2767 4204 2869 4273 μὲν
2909 4200 3003 4258 οὖν
3053 4205 3292 4269 εὐλόγως
3340 4204 3485 4258 οὑτω
3530 4206 3629 4268 τὰς

2060 4294 2273 4351 ἑαυτῶν
2321 4294 2623 4375 ᾁπολογίας
2654 4294 2947 4366 τιθέμενοι,
2988 4295 3086 4366 τὴν
3133 4296 3628 4368 Ἐκκλησιαστικὴν

2054 4376 2284 4458 εἰρήνην
2319 4386 2788 4456 μεταδιώκουσινο
2822 4388 2873 4453 οἰ
2898 4388 2954 4440 δὲ
2994 4387 3419 4458 τοῦσχίσματ-ις
3461 4408 3629 4444 σπου-

2057 4464 2246 4556 δασταὶ
2287 4475 2423 4549 πρὸς
2454 4475 2602 4529 οὐδὲν
2632 4477 2740 4529 τῶν
2782 4476 2955 4540 οὕτως
2998 4479 3236 4548 εὐλόγως
3270 4482 3629 4552 προτεινομέ-

383 4558 711 4625 Jerusalem,
762 4552 1769 4629 Ecclesiarum'nempesubversione,
1820 4571 1955 4625 quas

2062 4553 2169 4621 νων
2234 4566 2521 4636 ἀνέχονται
2578 4567 3026 4637 ἐπιστρέφεσθαι.
3112 4570 3169 4635 'Q
3240 4569 3295 4622 δὲ
3351 4571 3628 4635 θειότατος

387 4654 442 4710 in
476 4654 832 4722 perditionem
860 4656 1217 4726 rapinamque
1264 4654 1455 4722 Agaris
1487 4666 1652 4721 nepos
1680 4651 1951 4718 exposuit,
2000 4651 2009 4675 ί

387 4747 588 4800 nullam
623 4745 784 4799 aliam
818 4746 890 4800 ob
929 4760 1149 4799 causam
1184 4758 1346 4814 quam
1385 4743 1562 4799 solum
1606 4742 1676 4795 ob
1723 4741 1823 4793 hoc
1856 4742 1955 4793 Ec-
1998 4731 2005 4785 ἐ

385 4836 675 4889 clesiarnm
705 4835 1014 4890 dissidium.
1044 4833 1150 4889 Sed
1183 4833 1316 4888 heus
1354 4846 1431 4896 tu,
1463 4832 1557 4902 qui
1592 4833 1768 4885 zelum
1794 4829 1958 4884 Atlia-
1998 4818 2009 4857 ‘

390 4927 553 4988 nasii,
587 4926 733 4995 quod
768 4926 974 4979 utinam
1007 4939 1289 4997 nunquam
1323 4925 1417 4979 tibi
1466 4914 1804 4993 a'r'rogasses,
1863 4938 1956 4975 su-

387 5019 579 5086 peras!
613 5019 950 5073 Athanasius
986 5018 1286 5072 Romanam
1312 5016 1632 5081 Ecclesiam,
1668 5032 1830 5070 unam
1864 5015 1957 5084 hy-

388 5106 669 5177 p'ostasim,
703 5108 1007 5174 dicentem,
1058 5107 1275 5164 Patrem
1318 5094 1376 5163 et
1422 5106 1643 5171 Filium,
1699 5106 1844 5175 quod
1888 5120 1955 5158 ex

384 5203 622 5254 essentia
649 5198 824 5256 Patris
850 5199 1023 5257 Filius
1050 5210 1153 5264 est,
1180 5216 1235 5256 et
1266 5209 1484 5271 promer
1514 5215 1675 5252 unam
1703 5206 1952 5251 naturain

385 5298 439 5348 in
475 5297 917 5350 communionem
964 5294 1176 5364 recipit,
1212 5303 1265 5348 et
1310 5292 1365 5347 in
1404 5293 1543 5346 hanc
1577 5293 1820 5346 eamdem
1860 5290 1957 5345 Ee-

385 5385 608 5441 clesiam
646 5388 849 5456 rejicis,
882 5402 949 5441 ex
983 5385 1141 5440 Patre
1171 5392 1226 5439 et
1275 5382 1416 5438 Filio
1462 5392 1792 5437 asserentem
1829 5383 1955 5453 Spi-

390 5478 553 5531 ritum
600 5479 893 5548 procedere
925 5516 941 5542 ,
988 5478 1132 5545 quod
1180 5485 1361 5531 teneat
1395 5475 1604 5530 nullum
1656 5474 1952 5529 discrimen

388 5585 535 5635 esse,
564 5572 677 5625 sive
702 5572 852 5625 dicas
893 5584 960 5625 ex
1011 5569 1173 5623 Patre
1204 5578 1259 5623 et
1288 5569 1428 5625 Filio
1467 5583 1590 5624 cum
1625 5568 1874 5638 progredi
1903 5579 1956 5622 et

390 5664 680 5732 provenire
707 5664 821 5718 sive
852 5679 915 5717 ex
945 5661 1106 5718 Patre
1141 5678 1194 5718 et
1221 5661 1363 5715 Filio
1385 5664 1695 5730 procedere,
1738 5671 1957 5733 propter

388 5769 550 5809 voces
583 5769 749 5809 unum
786 5754 1040 5824 idemque
1089 5754 1479 5824 signiﬁcantes,
1531 5771 1652 5825 qua:
1690 5755 1956 5810 universa:

392 5847 444 5900 in
482 5844 565 5900 his
621 5846 986 5902 communiter
1024 5846 1686 5920 innuunthessentialiter
1729 5863 1792 5903 ex
1848 5847 1956 5903 Deo

2071 4660 2385 4724 Ἀθανάσιος
2424 4653 2580 4721 οὗτος
2616 4658 2717 4730 τῆς
2755 4659 3077 4731 Ῥωμαῖκῆς
3129 4661 3451 4731 Ἐκκλησίας
3478 4665 3627 4730 υἰοὺς

2062 4751 2191 4821 μίαν
2225 4753 2526 4806 ὑπόστασιν
2553 4751 2812 4820 λέγοντας
2839 4753 2930 4804 τὸν
2961 4753 3183 4824 Πατέρα
3227 4756 3318 4808 καὶ
3354 4757 3444 4808 τὸν
3477 4756 3625 4824 Υίὸν,

2057 4842 2146 4895 διὰ
2173 4842 2234 4894 τὸ
2261 4845 2324 4896 ὲκ
2354 4843 2458 4912 τῆς
2486 4842 2675 4906 οὐσίας
2697 4842 2792 4895 τοῦ
2830 4844 3040 4914 Πατρὺς
3073 4840 3213 4897 εἶναι
3244 4846 3335 4900 τὸν
3361 4846 3504 4909 Υῐὸν,
3534 4849 3628 4900 καὶ

2057 4934 2145 4987 διὰ
2178 4934 2276 5004 τὴν
2323 4936 2629 5004 ταυτότητά
2670 4935 2770 5005 τῆς
2825 4935 3062 5002 φύσεως,
3114 4938 3207 4988 καὶ
3261 4937 3337 5000 ὡς
3382 4940 3628 5005 εὐσεϐεῖς

2056 5026 2422 5096 ὴγκαλίσατο,
2476 5028 2572 5080 καί
2610 5025 2683 5088 ὡς
2726 5026 3046 5097 ὀρθοδόξους
3092 5031 3516 5100 περιεπτύξατο.
3562 5034 3626 5086 Ὢ

2056 5118 2141 5180 τίς
2188 5117 2456 5188 Ἱερεμίας
2501 5118 2655 5170 ἔσται
2707 5120 2799 5171 καὶ
2830 5118 2946 5195 νῦν,
2982 5119 3077 5173 καὶ
3108 5119 3367 5190 θρηνήσει
3410 5122 3503 5175 καὶ
3533 5126 3628 5176 κό-

2055 5208 2239 5277 ψεται,
2280 5210 2378 5279 οὑχ
2412 5208 2489 5272 ὡς
2523 5210 2726 5271 ἐκεῖνος
2757 5212 2851 5262 ἐπὶ
2877 5214 2942 5282 τῇ
2968 5211 3241 5285 καταϐολῇ
3266 5212 3374 5267 τῶν
3403 5233 3628 5285 πυργω-

2062 5299 2270 5369 μάτων,
2311 5303 2405 5353 κα¹ι
2442 5301 2553 5354 τῶν
2582 5302 2795 5373 βάρεων
2824 5303 2925 5373 τῆς
2959 5303 3198 5369 παλαιᾶς
3243 5304 3626 5379 Ἰερουσαλὴμ,

2058 5394 2174 5447 ἀλλ’
2229 5396 2324 5446 ἐπὶ
2371 5400 2620 5468 προνομῇ
2671 5413 2729 5450 τε
2789 5399 2881 5451 καί⁴
2931 5400 3160 5471 ἁρπαγῇ
3205 5400 3316 5468 τῷν
3363 5404 3462 5473 τῆς
3504 5405 3628 5459 καθ’

2058 5487 2209 5558 ἡμᾶς
2279 5485 2641 5560 Ἰερουσαλὴμ
2703 5489 3043 5561 θυγατέρων,
3107 5496 3175 5563 τῇ
3244 5499 3625 5568 καταστροφῇ,

2058 5578 2224 5649 φημὶ,
2248 5580 2358 5633 τῶν
2383 5580 2740 5651 Ἐκκλησιῶν,
2788 5582 2854 5643 ἃς
2885 5586 2964 5647 εἰς
2997 5584 3205 5657 φθορὰν
3262 5587 3357 5640 καὶ
3383 5586 3619 5656 διάρπα-

2059 5687 2178 5740 γμα
2208 5671 2459 5742 ὁάσεϐὴς
2489 5673 2589 5742 τῆς
2629 5674 2809 5745 ’Ἅγαρ
2840 5674 3109 5744 ἀπόγονος
3138 5676 3294 5731 ἔθετο
3330 5678 3418 5731 ἐπ’
3452 5677 3627 5732 οὐδενὶ

2056 5762 2203 5831 ἄλλῳ
2251 5763 2431 5834 αἰτίῳ,
2460 5763 2578 5818 ἀλλ’
2618 5765 2651 5837 ἢ
2703 5766 2796 5819 ἐπὶ
2832 5768 2982 5840 μόνῳ
3005 5768 3184 5841 τούτῳ
3231 5768 3309 5841 τῷ
3362 5770 3625 5841 σχίσματι

2057 5855 2165 5909 τῶν
2218 5853 2599 5926 Ἐκκλησιῶνς
2640 5855 2876 5926 Ἀλλ’,ὧ
2936 5861 3025 5928 σὺ,
3071 5863 3101 5915 ό
3154 5863 3245 5918 τὸν
3297 5864 3623 5922 Ἀθανασίου
