4070 6594
382 446 451 511 45
1476 446 1577 508 ‘DE
1619 445 1915 509 UNIONE
1956 442 2519 507 ECCLESIARUM.
3578 439 3649 502 46

385 565 545 638 ζῆλον
575 607 589 628 ,
628 566 704 631 ὡς
760 566 838 638 μὴ
899 565 1129 637 ὤφελες,
1183 564 1577 638 ῦπεραναόάς,
1635 564 1964 645 ξΑθανάσηιμος

2070 563 2336 634 Spiritum
2383 578 2549 620 esse:
2586 572 2960 634 praetereaque
3023 563 3170 634 quod
3241 579 3440 631 magno
3495 562 3650 617 Β.ιεὶ-

386 659 482 735 τὴν
515 657 835 732 Ῥωμαϊκὴν
872 658 1208 731 Ἐκκλησίαν
1231 661 1311 724 εἰς
1335 658 1623 731 κρινωνίαν
1652 659 1963 730 προσίεται,

388 754 517 831 μίαν
534 753 849 831 ύπόστασιν
870 736 1139 823 λέγουσαν
1166 751 1261 806 τὸν
1297 753 1518 831 Πατέρα
1558 752 1653 805 καὶ
1686 752 1778 831 τὸν
1812 750 1962 816 Υίὲν,

384 828 579 899 δίδΓῶ
608 828 817 917 ἐκιῖῆς
862 832 1054 908 οὖσίας
1095 838 1188 898 τοῦ
1218 830 1444 918 Πατρδς
1492 841 1633 898 εἶναι
1670 830 1775 898 τὸν
1811 844 1963 909 Υίὸν,

385 935 480 990 καὶ
515 936 609 991 διὰ
666 937 769 1008 τὴν
819 937 1127 1008 ταυτότητα
1178 938 1281 1009 τῆς
1332 936 1571 1006 φύσεως,
1616 937 1713 991 καὶ
1761 937 1827 991 σὺ
1864 937 1966 1009 τὴν

384 1029 642 1100 τοιαύτην
681 1029 879 1101 ἀπωθῇ
932 1027 1283 1099 Ἐκκλησίαν,
1324 1030 1391 1083 ἐκ
1431 1029 1649 1100 Πατρὸς
1684 1029 1779 1083 καὶ
1833 1027 1964 1101 Υίοῦ

382 1119 441 1172 τὸ
470 1106 701 1187 Πνεῦμα
726 1118 1000 1187 λέγουσαν
1031 1119 1459 1189 ἐκπορεύεσθαι,
1498 1119 1587 1174 διὰ
1614 1120 1676 1173 τὸ
1709 1102 1966 1189 ἡγεῖσθαι

385 1209 555 1280 μηδὲν
583 1210 874 1282 διαφέρειν
912 1211 1090 1266 εἰπεῖν
1133 1214 1199 1267 ἐκ
1241 1212 1456 1284 Πατρδς
1494 1213 1594 1267 κα)⁹
1646 1211 1780 1265 Υίοῦ
1833 1209 1968 1265 αὐτὸ

382 1306 638 1377 προϊέναι
671 1324 733 1360 τε
766 1308 863 1361 καὶ
903 1307 1297 1381 προέρχεσθαι,
1350 1309 1449 1364 καὶ
1492 1310 1556 1361 ἐκ
1605 1307 1819 1379 Πατρός
1870 1308 1968 1361 καὶ

382 1398 514 1451 Υίοῦ
565 1400 982 1472 ἐκπορεύεσθαι
1019 1401 1110 1456 διὰ
1144 1401 1205 1456 τδ
1236 1402 1346 1455 τῶν
1378 1399 1578 1466 λέξεων
1619 1399 1966 1470 ἰσοδύναμον,

380 1489 464 1558 ἐφ’
489 1485 573 1554 οἷς
617 1490 836 1546 ἅπασαι
882 1484 1047 1547 αὗται
1094 1492 1321 1563 δηλοῦσι
1360 1493 1557 1555 κοινῶς
1595 1490 1655 1545 τὸ
1692 1490 1968 1554 ούσιωδῶς

380 1582 444 1635 ἐκ
486 1582 628 1637 Θεοῦ
675 1584 735 1638 τὸ
774 1585 1005 1656 Πνεῦμα
1058 1586 1350 1657 ὑπάρχειν.
1390 1586 1512 1639 Ἔτι
1550 1586 1607 1639 δὲ
1644 1584 1734 1639 διὰ
1778 1584 1842 1638 τὸ
1888 1584 1969 1655 τῷ

381 1674 611 1745 μεγάλῳ
662 1676 958 1751 πείθεσθαι
997 1676 1292 1746 Βασιλείῳ,
1340 1696 1358 1729 ι
1391 1678 1501 1733 πᾶν
1555 1676 1616 1731 τὸ
1660 1679 1815 1744 παρὰ
1868 1673 1965 1731 τοῦ

379 1765 513 1821 Υἱοῦ
564 1756 867 1840 λεγόμενον
908 1767 1049 1825 εῖναι
1093 1771 1175 1835 είς
1217 1771 1318 1842 τὴν
1366 1771 1595 1841 πρώτην
1639 1771 1824 1827 αἰτίαν
1871 1773 1966 1825 τὸν

378 1860 606 1933 Πατέρα
637 1863 860 1933 λέγοντι
899 1864 1273 1936 ἀναφέρεσθαι
1302 1880 1318 1897 ·
1380 1884 1401 1919 ι
1433 1865 1573 1934 ὅπερ
1606 1864 1687 1929 εἰς
1735 1866 1968 1936 ἀνατρο-

2070 653 2141 708 lio
2173 654 2405 709 credunt
2437 654 2641 709 dicenti
2676 670 2690 708 :
2728 672 2754 706 ‹
2804 652 3083 724 Quidquid
3140 669 3207 709 ex
3267 651 3407 707 Filio
3449 652 3652 707 dicitur

2067 763 2211 813 esse,
2246 750 2302 803 in
2332 750 2566 819 primam
2601 762 2825 803 causam
2854 746 3073 802 Patrem
3110 747 3414 810 reducitur,
3449 765 3467 797 ι
3502 747 3651 815 quod

2067 842 2135 898 ad
2168 844 2279 899 duo
2325 843 2599 912 principia
2655 841 2972 907 evertenda,
3031 856 3314 910 unumque
3373 840 3654 894 stabilirn-
3702 869 3707 901 τ

2068 936 2198 992 dum
2237 946 2463 992 sanctus
2499 936 2623 1000 iste,
2658 945 2719 992 ut
2767 937 2926 1007 plane
2955 934 3306 990 manifestum
3339 943 3440 997 est,
3476 949 3656 987 eunu-

2068 1030 2263 1085 tiavit?
2300 1030 2383 1084 Tu
2437 1044 2606 1100 porro
2641 1031 2687 1085 si
2724 1046 2981 1099 magnum
3031 1042 3140 1083 non
3183 1025 3465 1098 digtloscis
3502 1027 3656 1082 Basi-

2068 1123 2202 1180 lium
2237 1125 2289 1178 in
2320 1123 2524 1195 quibus
2567 1123 2722 1189 dicit,
2757 1124 2901 1193 quod
2930 1137 2958 1176 ι
2991 1122 3130 1178 Filio
3161 1137 3284 1178 esse
3329 1121 3551 1185 dicitur,
3583 1121 3651 1174 ad

2072 1215 2305 1286 primam
2355 1231 2580 1271 causam
2642 1215 2967 1271 relationem
3031 1214 3255 1281 habere,
3292 1222 3654 1278 astruentem,

2068 1306 2302 1363 duorum
2334 1306 2730 1377 principiorum
2777 1306 3173 1371 amolitionem,
3217 1314 3275 1361 et
3322 1307 3485 1360 unius
3515 1321 3653 1361 con-

2072 1397 2463 1454 siderationem
2500 1397 2900 1465 insinuantem,
2929 1406 3184 1453 accurate
3217 1406 3456 1453 mentem
3488 1398 3655 1453 dictis

2070 1492 2245 1546 sancti
2270 1490 2464 1561 ﬁgens,
2485 1498 2733 1554 actutum
2763 1489 2830 1545 ad
2856 1505 3045 1545 eorum
3073 1491 3445 1561 dignotionem
3466 1507 3657 1561 pervc—

2071 1584 2241 1639 neris.
2290 1582 2516 1639 Attento
2560 1583 2746 1653 itaque
2776 1583 2853 1638 sis
2881 1583 3089 1638 animo.
3146 1582 3373 1654 Magnus
3419 1584 3656 1639 Basilius

2068 1690 2171 1746 pro
2204 1674 2412 1744 Spiritu
2472 1683 2665 1732 sancto
2721 1678 2987 1733 adversus
3039 1678 3365 1732 Eunomium
3416 1676 3658 1747 Spiritus

2073 1771 2284 1824 hostem
2332 1768 2649 1831 decertans.
2687 1784 2795 1824 non
2852 1770 2929 1825 illi
2971 1771 3300 1827 contradicit
3361 1771 3654 1835 asserenti,

2071 1876 2137 1917 ex
2181 1862 2322 1916 Filio
2351 1878 2475 1918 esse
2525 1862 2818 1932 Spiritum,
2853 1873 2907 1919 et
2934 1864 3296 1921 nihilominus
3337 1866 3381 1921 si
3432 1876 3657 1921 sanctus

378 1952 488 2022 πὴν
522 1956 629 2024 μὲν
657 1955 1085 2028 τῆςιδυαρχίας,
1120 1957 1474 2028 κατασκευὴν
1520 1956 1578 2009 δέ
1622 1956 1723 2026 τῆς
1763 1972 1964 2028 μοναρ-

2070 1969 2136 2010 ex
2171 1953 2314 2010 Filio
2349 1969 2474 2010 esse
2506 1953 2771 2025 Spiritum
2805 1970 2914 2010 non
2963 1956 3294 2022 admitteret,
3331 1955 3474 2013 lor-te
3527 1959 3656 2015 inde

375 2049 497 2115 χίας
536 2048 569 2099 6
611 2049 803 2117 Ἄγιος
844 2045 1003 2114 οὗτος
1027 2050 1171 2104 κατὰ
1200 2051 1263 2104 τὸ
1302 2050 1479 2120 πάντη
1502 2049 1770 2121 πρόδηλον
1813 2049 1969 2119 εῐρη-

374 2153 489 2193 κεν.
521 2138 602 2193 Σὺ
629 2138 676 2192 δ’
699 2140 817 2194 ἀλλ’
846 2143 896 2195 εί
926 2141 1001 2213 μὴ
1039 2142 1134 2195 τὸν
1171 2142 1347 2213 μέγαν
1375 2142 1764 2210 διαγινώσκεις
1794 2140 1960 2195 Βασί-

372 2226 540 2294 λειον,
560 2231 623 2282 ἐν
646 2225 731 2295 οἷς
759 2231 910 2302 λέγει
933 2232 996 2286 τὸ
1022 2232 1175 2302 παρὰ
1198 2233 1293 2286 τοῦ
1325 2232 1460 2288 Υίοῦ
1478 2228 1624 2286 εἶναι
1648 2231 1965 2303 λεγόμενον,

373 2327 511 2396 πρὸς
545 2326 650 2398 τὴν
679 2328 906 2400 πρώτην
946 2328 1131 2382 αἰτίαν
1156 2328 1257 2398 τὴν
1282 2329 1565 2398 ἀναφορὰν
1593 2325 1763 2398 ἔχειν,
1792 2342 1969 2379 κατα-

374 2420 730 2484 σκευάζοντα
768 2421 868 2490 τὴν
895 2420 1000 2490 τῆς
1036 2420 1307 2493 δυαρχίας
1343 2418 1681 2491 ἀνατροπὴν,
1731 2421 1829 2473 καὶ
1869 2419 1970 2491 τὴν

372 2510 472 2582 τῆς
515 2514 655 2583 μιᾶς
700 2509 881 2584 ἀρχῆς
920 2516 1335 2585 παρεισάγοντα
1373 2513 1608 2576 ἔννοιαν,
1649 2512 1778 2567 ἀλλ’
1808 2512 1971 2583 ἀκρι-

374 2604 486 2670 ϐῶς
528 2609 839 2680 ἐπιστήσας
894 2603 979 2673 οἷς
1014 2609 1045 2662 6
1083 2607 1242 2677 ἅγιος
1291 2609 1410 2662 ἐκεῖ
1438 2607 1627 2676 λέγει,
1669 2607 1750 2671 εἰς
1802 2607 1971 2676 τάχος

371 2696 580 2770 ἐλεύσῃ
621 2699 761 2769 πρὸς
793 2699 897 2773 τὴν
934 2700 1143 2755 τούτων
1183 2699 1498 2768 διάγνωσιν.
1555 2698 1759 2752 Σκόπει
1787 2697 1917 2767 γάρ’
1941 2697 1970 2750 6

376 2790 559 2869 μέγας
607 2789 920 2869 βασίλειος,
949 2793 1079 2863 περὶ
1116 2791 1211 2845 τοῦ
1269 2791 1429 2861 ἁγίου
1458 2790 1793 2869 ιΠνεύματος
1846 2774 1968 2843 κατ’

368 2864 687 2955 "ﬁgulo-trioa
717 2882 812 2936 τοῦ
838 2866 1312 2957 Πνευματομάχου
1342 2864 1788 2955 μαχόμενος,οὐκ
1821 2883 1970 2935 ἀντι-

370 2960 525 3041 λέγει
550 2966 725 3038 αύτῷ,
762 2969 849 3036 ἐφ’
879 2964 962 3030 οἷς
1008 2971 1197 3022 ἀκούει
1242 2962 1494 3038 λέγοντος
1538 2967 1713 3041 αὐτοῦ
1757 2958 1824 3021 ἐκ
1870 2965 1968 3019 τοῦ

2071 2047 2247 2118 magis
2287 2062 2352 2103 ac
2407 2048 2583 2120 magis
2637 2063 2701 2104 os
2745 2047 2949 2105 eﬁ‘rene
3009 2048 3262 2105 Eunomii
3316 2050 3659 2122 ohtttrasser,

2067 2152 2192 2194 cum
2234 2135 2426 2207 p0sset
2472 2139 2677 2203 dicere,
2712 2138 2959 2206 Quanam
2992 2141 3226 2207 ratione,
3259 2140 3519 2211 Eunomi,
3556 2159 3615 2198 at
3644 2174 3658 2181 -

2069 2229 2169 2285 des
2191 2230 2400 2296 dicere,
2431 2245 2498 2286 ex
2529 2229 2669 2285 Filio
2706 2245 2830 2287 esse
2866 2229 3130 2302 Spiritum
3158 2242 3433 2300 sanctum,
3465 2234 3560 2304 qui
3585 2250 3654 2295 ελ

2070 2324 2193 2379 solo
2223 2322 2386 2379 Patre
2434 2323 2559 2379 est?
2605 2322 2709 2380 Sed
2739 2326 2983 2396 pessimo
3013 2325 3217 2398 Deique
3256 2327 3400 2384 hosti
3436 2340 3657 2383 eontra-

2068 2416 2223 2483 dicit,
2270 2416 2421 2488 quod
2455 2417 2547 2473 ille
2579 2433 2647 2473 ex
2683 2418 2802 2473 solo
2855 2417 3001 2474 Fiiio
3046 2418 3314 2490 Spiritum
3373 2436 3497 2478 esse
3547 2432 3663 2479 sta-

2070 2518 2268 2565 tueret.
2298 2508 2416 2564 Hoc
2453 2510 2601 2565 enim
2631 2511 2811 2567 innuit
2836 2512 3050 2578 dicens,
3085 2530 3104 2565 ι
3139 2512 3432 2580 Quomodo
3459 2514 3658 2586 itaque

2072 2618 2294 2659 causam
2323 2603 2564 2674 Spiritus
2604 2601 2894 2674 Unigenito
2923 2606 3027 2660 soli
3067 2606 3343 2662 vindicat?
3371 2605 3526 2674 Quod
3558 2626 3659 2663 au-

2072 2705 2181 2749 tem
2218 2697 2328 2749 duo
2365 2696 2636 2767 principia
2696 2696 3045 2767 apertissime
3085 2698 3336 2768 inferret,
3379 2702 3532 2771 quo‘d
3562 2705 3657 2758 ah

2072 2787 2345 2842 Eunomio
2390 2788 2703 2852 dicebatur,
2750 2804 2815 2845 ex
2861 2789 3022 2845 Patre
3066 2791 3243 2846 solum
3294 2790 3495 2848 Filium
3536 2810 3661 2851 esse
3724 2850 3731 2857 δ
3784 2804 3807 2839 μ’

2071 2879 2425 2947 decernente,
2463 2892 2521 2937 et
2573 2880 2839 2952 Spiritum
2896 2897 2962 2937 ex
3010 2881 3149 2938 Filio
3195 2885 3375 2940 solum
3404 2925 3419 2951 ,
3469 2892 3656 2942 statim
3694 2948 3697 2953 _
3824 2894 3843 2937 ‘.
3912 2870 3924 2945 ,λ

2074 2982 2303 3027 sanctus
2324 2972 2549 3029 subdit:
2584 2992 2603 3026 ι
2642 2972 2700 3028 Si
2726 2974 2913 3043 itaque
2947 2975 3058 3030 duo
3095 2976 3365 3048 principia
3384 2980 3489 3034 sibi
3522 2962 3689 3036 corp.

370 3040 779 3143 imlpares
813 3060 1059 3145 Πνεῦμα..
1093 3062 1290 3135 Καίτοι
1316 3078 1380 3131 γε
1415 3064 1463 3113 εί
1502 3060 1578 3138 μὴ
1603 3063 1666 3114 ἐκ
1693 3060 1788 3113 τοῦ
1839 3059 1964 3113 Υίοῦ

2076 3064 2246 3119 traria
2270 3064 2543 3120 inducens
2575 3065 2693 3122 haec
2711 3065 2809 3132 ait,
2840 3084 2859 3118 ι
2886 3065 3194 3123 Eunomius
3218 3070 3451 3137 scilicet,
3483 3089 3504 3124 ι
3528 3087 3653 3128 cum

371 3145 519 3225 εζναι
559 3153 622 3205 τὸ
660 3153 885 3235 Πνεῦμα
911 3154 1124 3232 ὁδάγιος
1154 3154 1503 3224 παρεδέχετο,
1537 3153 1660 3239 τάχ’
1690 3153 1758 3207 ἂν
1785 3151 1964 3207 ἐντεῦ·

2073 3156 2377 3214 Manichazo
2421 3170 2586 3230 atque
2623 3156 3287 3230 Marcione‘conteretur;
3342 3163 3389 3219 si
3431 3181 3561 3220 vero
3588 3166 3658 3220 ah

373 3241 465 3329 θεν
505 3246 707 3315 μᾶλλον
736 3244 1026 3317 ἀπέφραξε
1056 3249 1233 3324 στόμα
1269 3246 1541 3317 Εὑνομὶου
1572 3249 1634 3300 τὸ
1660 3247 1964 3329 ἀπύλωτον,

2076 3266 2208 3317 una,
2240 3266 2364 3323 quae
2389 3260 2539 3317 sunt,
2576 3252 2869 3324 appendet,
2905 3253 3051 3322 quod
3089 3269 3119 3308 a
3164 3252 3304 3309 Filio
3335 3254 3540 3311 factum
3570 3274 3660 3312 as-

370 3328 554 3393 εἰπεῖν
590 3338 773 3412 ἔχων-τ
796 3340 925 3404 Πῶς
954 3342 1113 3408 ὅλως,
1150 3341 1404 3411 Εύνόμιε,
1448 3342 1652 3412 τολμᾷς
1689 3340 1872 3410 λέγειν
1903 3328 1964 3394 ἐκ

2072 3344 2299 3411 seritur,
2318 3344 2384 3398 ad
2403 3343 2636 3415 primam
2653 3359 2873 3399 causam
2903 3344 3223 3401 relationem
3246 3348 3429 3402 habet.
3459 3367 3478 3401 ι
3503 3349 3660 3404 Anne

369 3430 470 3485 τοῦ
517 3431 651 3486 Υἱοῦ
704 3428 845 3487 εἶναι
889 3433 950 3487 τὸ
992 3435 1058 3487 ἐκ
1089 3433 1253 3500 μόνου
1311 3434 1406 3488 τοῦ
1449 3436 1666 3498 Πατρὸς
1716 3434 1964 3506 ὑπάρχον

2073 3445 2159 3492 est
2198 3435 2305 3490 hoc
2344 3435 2716 3503 manilestius,
2755 3451 2924 3490 unum
2975 3436 3307 3507 principium
3345 3448 3400 3493 et
3431 3455 3655 3495 causam

369 3522 537 3592 ἅγιον
563 3523 821 3596 Πνεῦμα;
860 3524 1004 3601 Ἀλλ’
1037 3527 1310 3596 ἀντιλέγει
1332 3526 1410 3600 τῷ
1440 3528 1685 3601 κακίστῳ
1714 3528 1808 3581 καὶ
1842 3529 1964 3581 θεο-

2076 3542 2241 3582 unam
2259 3526 2549 3589 inducens,
2565 3541 2689 3581 cum
2708 3525 2834 3596 quis
2848 3542 2914 3580 ex
2931 3525 3069 3580 Filio
3083 3525 3496 3598 dicitSpiritum
3513 3533 3660 3586 esse?

374 3618 565 3688 μάχῳ,
598 3620 681 3671 ὅτι
710 3620 775 3671 ἐκ
808 3600 972 3689 μόνου
1017 3618 1115 3672 τοῦ
1158 3618 1292 3673 Υἱοῦ
1340 3600 1703 3691 ἐδογμάτιζεν
1754 3621 1964 3689 ἐκεῖνος

2070 3617 2213 3675 Cum
2254 3627 2480 3675 sanctus
2518 3618 2585 3674 ad
2632 3618 3019 3674 stabiliendum
3054 3620 3210 3687 illud,
3253 3636 3377 3691 quae
3408 3632 3561 3686 sunt,
3590 3638 3658 3679 ex

372 3702 537 3789 εἵῦαῖ
550 3706 894 3789 τᾎἸῙνεῦμα.
926 3708 1101 3766 Τοῦτο
1121 3698 1232 3784 γὰρ
1254 3712 1407 3785 δηλοῖ
1431 3713 1605 3781 λέγων
1622 3729 1636 3744 ο
1672 3712 1841 3787 and);
1871 3713 1964 3768 οὖν

2077 3727 2190 3768 uno
2209 3711 2521 3782 dependere
2552 3711 2843 3782 principio,
2874 3712 3009 3768 illud
3034 3724 3301 3780 assumat,
3334 3715 3399 3768 ad
3427 3716 3658 3784 primaut

370 3788 497 3876 ιτῆῖ
506 3788 600 3859 τοῦ
626 3806 943 3878 Πνεῦματος
972 3806 1154 3861 αἰτίαν
1186 3807 1265 3879 τῷ
1282 3808 1581 3878 Μονογενεῖ
1609 3806 1755 3880 μόνῳ
1788 3800 1961 3880 προσέ

2072 3798 2296 3862 causam
2322 3805 2650 3860 relationem
2676 3806 2895 3870 habere,
2915 3806 3060 3875 quod
3076 3822 3111 3861 a
3134 3806 3271 3862 Filio
3288 3823 3409 3864 esse
3431 3810 3655 3865 dicitur.

373 3884 640 3981 Reum;
684 3898 704 3952 ἱ
743 3890 879 3956 Ὅτι
908 3886 966 3956 δὲ
996 3903 1259 3974 δυαρχίας
1314 3900 1558 3973 ἔμφασιν
1597 3898 1711 3972 εἶχε
1778 3901 1840 3954 τὸ
1871 3900 2004 3973 παρ’
2047 3900 2316 3972 Εὐνομίου
2347 3899 2643 3970 λεγόμενον
2675 3899 2742 3953 ἐκ
2802 3898 2896 3953 τοῦ
2932 3900 3166 3971 Πατρός,
3212 3901 3374 3972 μόνον
3402 3902 3497 3956 τὸν
3528 3903 3659 3958 Υίὺν
3722 3942 3726 3953 .

348 3978 809 4063 ’δογματίζοντος
866 3990 1033 4064 εἶναι,
1072 3996 1169 4053 καὶ
1242 3996 1306 4050 τὸ
1349 3995 1574 4066 Πνεῦμα
1616 3999 1682 4050 ἐκ
1727 3995 1822 4051 τοῦ
1874 3995 2005 4051 Υίοῦ
2049 3996 2231 4065 μόνον,
2265 3994 2461 4063 ἐπάγει
2508 3996 2538 4049 6
2603 3997 2760 4064 ἆγιος
2788 3994 3070 4064 παρευθύς
3095 4012 3110 4029 ·
3147 4014 3166 4049 ι
3208 3996 3272 4053 Ei
3305 3997 3405 4068 μὲν
3443 3994 3537 4053 οὖν
3565 3999 3659 4054 δύο
3720 3990 3729 4071 ί

372 4087 560 4160 ἀρχὰς
605 4090 1069 4158 ἀντιπαρεξάγων
1092 4088 1388 4159 ἀλλήλαις,
1425 4086 1600 4143 ταῦτά
1645 4091 1838 4159 φησιν,
1880 4108 1899 4142 ι
1945 4089 1972 4141 6
2010 4088 2277 4157 Εὑνόμιος
2314 4085 2583 4156 δηλονότι,
2626 4102 2652 4137 ι
2679 4084 2819 4156 μετά
2850 4085 3157 4156 Μανιχαίου
3188 4088 3284 4141 καὶ
3330 4088 3658 4159 Μαρκίωνος
3726 4078 3743 4129 ['-

375 4185 805 4258 συντριϐήσεται
829 4201 845 4218 '
872 4186 1008 4239 εἰδὲ
1042 4187 1172 4257 μιᾶς
1201 4186 1426 4253 ἐξάπτει
1477 4185 1545 4241 τὰ
1581 4186 1730 4252 Ιὂντα,
1787 4184 1848 4239 τὸ
1880 4185 2033 4256 παρὰ
2071 4183 2167 4239 τοῦ
2202 4183 2339 4242 Υίοῦ
2384 4182 2716 4255 γεγενῆσθαι
2754 4181 3047 4253 λεγόμενον
3091 4183 3230 4254 πρὸς
3278 4183 3378 4254 τὴν
3435 4183 3658 4255 πρώτην
3730 4240 3739 4252 θ

373 4284 563 4340 αἰτίαν
587 4284 688 4357 τὴν
720 4284 1002 4355 ἀναφορὰν
1030 4283 1165 4355 ἔχει.
1204 4303 1224 4336 ι
1260 4284 1326 4337 Τί
1350 4284 1546 4338 τούτου
1614 4283 2003 4356 ἀριδηλότερον
2042 4285 2122 4347 εἰς
2162 4284 2229 4336 τὸ
2265 4281 2397 4353 μίαν
2466 4280 2644 4353 ἀρχὴν
2682 4280 2781 4335 καὶ
2827 4280 2958 4351 μίαν
3002 4280 3185 4335 αἰτίαν
3220 4281 3487 4348 νοεῖσθαι,
3526 4285 3657 4339 ὅταν

375 4380 475 4433 καὶ
507 4381 571 4432 ἐκ
600 4378 697 4432 τοῦ
733 4378 865 4433 Υίοῦ
894 4377 1027 4451 λέγῃ
1055 4393 1141 4442 τις
1187 4372 1331 4433 εἶναι
1376 4378 1440 4434 τὸ
1471 4377 1733 4450 Πνεῦμα;
1781 4377 1941 4433 Ἐπεὶ
1982 4380 2010 4432 ό
2046 4376 2202 4446 ἆγιος
2241 4378 2321 4439 εἰς
2354 4374 2706 4444 κατασκευὴν
2741 4374 2837 4434 τοῦ
2872 4374 3006 4443 μιᾶς
3051 4372 3384 4438 ἐξάπτεσθαι
3424 4376 3493 4430 τὰ
3522 4377 3656 4431 ὄντα

373 4476 580 4539 αἰτίας,
603 4474 763 4529 τοῦτο
794 4474 1084 4544 λαμσάνει,
1117 4474 1177 4528 τὸ
1205 4474 1344 4547 πρὸς
1371 4475 1473 4547 τὴν
1500 4472 1723 4547 πρώτην
1753 4473 1932 4529 αἰτίαν
1970 4476 2072 4545 τὴν
2101 4473 2383 4543 ἀναφορὰν
2413 4471 2581 4542 ἔχειν,
2615 4470 2677 4524 τὸ
2707 4472 2860 4543 παρὰ
2887 4474 2981 4527 τοῦ
3013 4473 3143 4527 Υίοῦ
3168 4469 3309 4531 εἶναι
3335 4476 3653 4548 λεγόμενον.

450 4571 541 4642 ιβ’.
590 4567 733 4625 Ἀλλ’
758 4569 885 4623 ἐπεί
910 4586 1055 4632 τινες
1085 4569 1388 4636 κάνταῦθα,
1415 4568 1492 4634 ὡς
1526 4571 1621 4623 καὶ
1660 4572 1719 4624 ὲν
1744 4570 1957 4632 πολλοῖς

2140 4569 2225 4623 12.
2252 4566 2637 4624 Verumtamen
2660 4582 2782 4621 cum
2814 4570 3057 4625 nonnulli
3080 4572 3165 4626 hic
3187 4588 3427 4642 quoque,
3454 4589 3649 4644 quem-

375 4663 582 4728 ἄλλοις,
617 4660 855 4725 ἀναιδῶς
887 4661 989 4714 οὐκ
1037 4661 1259 4716 ὀκνοῦσι
1288 4662 1358 4716 τὰ
1387 4662 1482 4716 τοῦ
1527 4663 1767 4734 μεγάλου
1800 4661 1964 4717 Βασι-

2072 4662 2366 4717 admodum
2414 4669 2471 4717 et
2514 4659 2569 4714 in
2603 4660 2882 4731 plerisque
2924 4662 3068 4729 aliis,
3128 4664 3474 4735 impudenter
3517 4670 3654 4723 satis

378 4757 530 4811 λείου
591 4753 901 4809 modum
952 4753 1228 4823 λέγοντες,
1284 4755 1428 4826 Περὶ
1467 4754 1577 4809 τῶν
1635 4755 1963 4827 ποιημάτων

374 4850 550 4905 ταῦτα
578 4848 804 4922 ἐρρέθη,
838 4847 931 4901 καὶ
957 4847 1019 4900 ού
1059 4847 1190 4918 περὶ
1220 4847 1317 4902 τοῦ
1361 4847 1700 4917 Πνεύματος,
1737 4848 1828 4902 διὰ
1862 4849 1963 4919 τὴν

384 4938 746 5011 γεγενῆσθαι
792 4936 939 5003 λέξιν
961 4954 978 4971 ο
1009 4936 1070 4991 τὸ
1091 4939 1202 5008 γὰρ
1235 4939 1389 5009 παρὰ
1416 4938 1511 4991 τοῦ
1553 4939 1684 4992 Υἰοῦ
1732 4955 1965 5010 γεγενη-

382 5035 545 5103 μένον
598 5032 719 5096 πῶς
776 5030 845 5086 ἂν
892 5031 981 5100 εἴη
1034 5032 1098 5085 τὸ
1154 5031 1402 5103 Πνεῦμα,
1455 5032 1718 5102 ἀποίητον
1768 5032 1828 5086 ὂν
1866 5034 1959 5086 καὶ

380 5126 691 5198 ἁγένητον;
765 5123 882 5179 ἀλλ’
958 5124 1400 5195 αίσχυνέσοωσαν
1460 5117 1608 5177 οῦτοι
1672 5125 1960 5196 προδήλως

383 5217 525 5271 οῦτω
551 5217 647 5272 τὸν
676 5218 775 5289 τῆς
816 5216 1149 5287 Ἐκκλησίας
1199 5216 1467 5288 φωστῆρα
1502 5215 1594 5270 καὶ
1634 5217 1959 5272 διδάσκαλον

379 5309 777 5374 διαϐάλλοντες.
804 5309 898 5380 Μὴ
927 5311 1058 5381 γὰρ,
1085 5310 1168 5364 ὅτι
1192 5308 1255 5362 τὸ
1276 5309 1427 5379 παρὰ
1453 5308 1547 5363 τοῦ
1572 5308 1700 5363 Υίοῦ
1729 5311 1962 5378 γεγενῆ-

384 5402 510 5457 σθαι
539 5402 895 5473 λεγόμενονό
926 5401 1084 5470 ἅγιος
1115 5400 1235 5456 εἶπε
1265 5402 1394 5470 περὶ
1428 5399 1755 5471 ποιημάτων
1790 5393 1958 5467 εῖναι,

383 5496 535 5567 αύτῷ
572 5495 666 5550 τὸν
707 5496 867 5565 λόγον
905 5495 1365 5550 διαϐαλλέτωσαν.
1416 5492 1574 5549 Ἀλλά
1625 5495 1958 5548 συνιέτωσαν

380 5590 510 5660 περὶ
539 5587 636 5643 τοῦ
674 5588 993 5659 Πνεύματος
1015 5582 1155 5642 εἷναι
1189 5587 1281 5639 τὸν
1308 5585 1471 5655 λόγον
1510 5587 1575 5639 ἐκ
1605 5586 1703 5657 τῆς
1728 5603 1955 5657 περικο-

383 5681 495 5752 πῆς
519 5681 742 5753 ἁπάσης
783 5681 912 5752 περὶ
961 5679 1174 5744 οὐδενὸς
1200 5680 1393 5751 ἐτέρου
1427 5682 1824 5750 γεγενημένης,
1845 5677 1963 5734 ἀλλ’

381 5773 418 5845 ἢ
446 5774 578 5844 περὶ
615 5773 788 5844 αὐτῆς
818 5776 918 5842 τῆς
966 5772 1061 5826 τοῦ
1122 5772 1441 5842 Πνεύματος
1489 5771 1864 5835 ὑποστάσεως.
1902 5772 1963 5827 Εί

383 5866 441 5921 δὲ
471 5868 572 5939 τῆς
597 5865 971 5939 ἐμφαινούσης
1001 5865 1068 5920 τὰ
1104 5867 1384 5936 ποιήματα
1414 5863 1613 5930 λέξεως
1637 5864 1963 5938 πανούργως

382 5958 745 6034 δραττόμενοι
776 5958 917 6033 πρὸς
959 5957 1284 6017 ἐθελόκακόν
1327 5957 1641 6031 ἀντιλογίαν
1669 5959 1961 6035 χωροῦσιν,

2072 4764 2439 4825 praesumunt,
2492 4754 2674 4823 magni
2712 4753 2896 4808 Basilii
2932 4756 3096 4810 verba
3127 4755 3181 4811 in
3214 4759 3422 4814 crimen
3480 4761 3657 4815 addu-

2072 4860 2218 4907 Cere,
2262 4846 2509 4900 dicentes
2558 4859 2622 4898 ea
2655 4844 2724 4899 de
2761 4846 3032 4900 creaturis
3053 4854 3105 4901 et
3161 4863 3269 4902 non
3330 4849 3398 4902 de
3442 4847 3673 4919 Spiritrr

2070 4938 2353 4992 enuntiata
2405 4945 2565 4999 esse.
2614 4945 2848 5007 propter
2900 4935 3141 4993 Verbum
3195 4941 3446 5008 factum;
3497 4944 3647 5011 quod

2070 5031 2217 5085 enim
2252 5045 2282 5085 a
2315 5029 2455 5103 Filio
2482 5027 2687 5084 factum
2731 5036 2835 5095 est,
2868 5034 3146 5098 quomodo
3197 5031 3438 5100 Spiritus
3467 5031 3654 5098 fuerit,
3744 5068 3749 5072 -

2073 5126 2169 5197 qui
2201 5140 2381 5196 neque
2405 5122 2587 5179 factus
2613 5130 2720 5185 est.
2759 5137 2938 5192 neque
2990 5124 3332 5193 productus?
3356 5123 3461 5180 Sed
3493 5126 3656 5181 dedc-

2068 5235 2201 5276 core
2259 5214 2646 5273 sulluudautur
2697 5214 2776 5279 hi,
2818 5216 2911 5285 qui
2954 5215 3097 5269 adeo
3124 5215 3435 5272 'manifeste
3465 5218 3647 5271 lumen

2080 5312 2336 5371 Ecclesiae
2361 5325 2426 5365 ac
2472 5309 2750 5363 doctorem
2790 5306 3182 5363 criminantur.
3219 5306 3551 5379 thuidem,
3579 5310 3651 5371 si.

2070 5404 2217 5477 quod
2241 5420 2272 5459 a
2308 5402 2452 5458 Filio
2482 5401 2683 5457 factum
2711 5415 2835 5455 esse
2882 5400 3106 5464 dicitur,
3135 5411 3357 5455 sanctus
3406 5402 3472 5455 de
3496 5415 3654 5455 crea-

2075 5497 2216 5553 turis
2262 5495 2589 5560 enuntiavit,
2650 5494 2957 5549 orationem
2995 5501 3277 5549 accusent.
3311 5491 3416 5548 Sed
3455 5493 3655 5549 iutelli~

2073 5601 2204 5662 gant
2235 5588 2303 5644 de
2341 5587 2547 5657 Spiritu
2611 5602 2920 5643 sermonem
2968 5601 3089 5641 esse
3119 5600 3243 5639 cum
3284 5588 3337 5638 in
3369 5593 3520 5641 textu
3554 5588 3649 5641 illo

2066 5682 2326 5738 universo
2382 5681 2584 5735 nullius
2643 5679 2784 5734 alius
2816 5681 3021 5733 mentio
3090 5677 3201 5741 flat,
3260 5677 3362 5732 nisi
3429 5679 3495 5733 de
3531 5679 3646 5749 ipsa

2068 5770 2308 5842 Spiritus
2344 5771 2646 5842 hypostasi.
2671 5769 2826 5836 Quod
2863 5769 2907 5824 si
2933 5768 3251 5833 dictionem,
3276 5784 3398 5838 qua:
3430 5778 3642 5825 creatu-

2069 5880 2162 5919 ras
2211 5863 2459 5934 respicit,
2493 5861 2767 5916 malitiose
2803 5861 3152 5931 arripientes.
3190 5862 3255 5916 ad
3284 5862 3547 5931 perditam
3579 5861 3648 5917 de

2072 5958 2353 6016 industria
2383 5954 2877 6014 contradictionem
2908 5956 3155 6020 veniunt,
3179 5954 3503 6025 intelligant,
3532 5953 3647 6010 Eu-
