4070 6634
142 2376 177 2403 ἦ
242 2392 265 2403 Αἱ

106 2388 179 2499 if
224 2392 265 2469 ἶ
291 2416 340 2469 γι
388 2416 556 2470 Patre
576 2414 859 2471 essentiali
897 2414 1136 2486 Spiritus
1167 2415 1482 2472 exsistentia
1510 2420 1739 2472 assumi.
1774 2418 1970 2477 Statim

410 442 482 505 47

1466 427 1688 509 'JOAN.
1734 447 1948 512 vnccr
1986 450 2095 512 cr.
2140 450 2650 513 annisannis
2770 476 2798 520 ν

3593 455 3665 524 48

408 561 575 616 nomii
604 560 889 617 intentioni
916 569 1164 618 sanctum
1203 561 1645 631 respondentem,
1683 564 1960 620 dictionen

2083 567 2202 620 ἀλλ’
2255 568 2608 623 ἀκουέτωσαν
2662 568 2739 633 ὡς
2783 570 2921 639 πρὸς
2976 568 3074 642 τὴν
3127 570 3397 639 Εὐνομίου
3451 571 3662 627 ἔννοιαν

404 655 552 707 illam
598 669 918 723 usurpasse,
950 654 1107 724 quasi
1142 654 1345 708 diceret
1376 672 1389 707 :
1432 652 1608 707 Etiam
1650 655 1696 708 si
1722 665 1980 712 creatura

404 745 525 799 Filii
557 755 704 801 esset
731 745 994 816 Spiritus,
1028 756 1088 801 ut
1118 753 1174 799 tu
1201 746 1403 813 inquis,
1435 744 1698 812 Eunomi,
1728 762 1836 800 non
1874 748 1977 802 soli

400 833 696 905 Unigenito
718 852 882 891 causa
919 836 1065 892 illius
1086 834 1435 905 appingeuda
1465 846 1630 900 esset,
1656 838 1802 906 quod
1835 839 1980 893 nulla

403 931 652 999 operatio
679 929 799 986 Filii
825 941 909 985 est
932 946 962 985 a
1016 930 1172 987 Patre
1222 928 1489 993 abscissa,
1517 939 1573 984 et
1602 931 1749 1000 quod
1779 947 1808 986 a
1842 931 1981 987 Filio

398 1022 521 1075 ﬁeri
550 1022 773 1086 dicitur,
802 1021 868 1076 ad
903 1022 1135 1091 primam
1167 1035 1390 1076 causam
1435 1021 1757 1077 relationem
1787 1023 1977 1079 habet.

319 1152 327 1162 .
403 1113 472 1168 Et
493 1114 609 1169 haec
637 1102 879 1185 quidem,
907 1113 1053 1184 quod
1085 1114 1424 1183 amplissima
1454 1115 1528 1170 sit
1554 1114 1741 1171 Basilii
1785 1127 1981 1172 aucto-

402 1206 558 1272 ritas,
591 1206 737 1262 hune
776 1208 830 1261 in
890 1207 1133 1271 modum,
1195 1223 1317 1276 quae
1376 1207 1441 1262 ad
1471 1223 1695 1265 causam
1738 1209 1978 1280 Spiritus

400 1299 656 1364 attinent,
684 1298 1050 1369 explanantis,
1092 1299 1310 1355 abunde
1368 1300 1511 1355 dicta
1542 1316 1666 1357 esse
1701 1302 1975 1369 videntur,

397 1393 467 1445 ad
498 1393 904 1458 stabiliendum,
942 1408 1051 1448 non
1088 1392 1316 1463 intelligi
1345 1393 1484 1449 duas
1531 1408 1729 1450 causas
1759 1393 1974 1450 Patrem

394 1493 452 1538 ct
496 1482 695 1540 Filium
749 1485 1009 1555 Spiritus,
1047 1501 1170 1540 cum
1220 1486 1344 1555 quis
1401 1501 1466 1541 ex
1517 1487 1679 1542 Patre
1735 1497 1790 1544 et
1836 1486 1976 1546 Filio

402 1577 665 1646 Spiritum
691 1587 944 1633 sanctum
977 1593 1101 1635 esse
1140 1575 1391 1634 aliirma-t.

467 1857 556 1912 15.
590 1856 727 1912 Cum
756 1870 889 1912 vero
948 1870 1049 1927 pro
1076 1857 1432 1927 responsione
1484 1857 1744 1915 Italorum
1796 1860 1975 1917 oratio

2087 659 2116 711 ὁ
2145 657 2299 726 ἅγιος
2339 659 2622 725 ἀπαντῶν,
2665 658 2766 729 τὴν
2807 659 2959 726 λέξιν
2992 661 3183 732 εἴρηκε
3219 662 3444 733 ταύτην.
3495 665 3661 717 οἰονεὶ

2088 747 2264 817 λέγων
2294 749 2393 817 ὡς,
2428 750 2487 802 Εἰ
2525 752 2618 805 καὶ
2651 752 2867 822 ποίημα
2899 749 2968 820 ἦν
3014 753 3108 806 τοῦ
3139 753 3268 807 Υἰοῦ
3303 752 3365 808 τδ
3414 756 3658 824 Πνεῦμα,

2089 843 2343 912 Εὐνόμιε,
2381 844 2523 898 κατὰ
2558 843 2638 909 σὲ,
2674 844 2789 899 ἀλλ’
2821 845 2944 915 οὐχὶ
2972 846 3118 917 μόνῳ
3137 847 3216 917 τῷ
3242 849 3539 913 Μονογενεϊ
3555 850 3662 903 ἔδει

2086 935 2438 1005 προστιθέναι
2491 936 2591 1008 τὴν
2647 939 2828 991 αἰτίαν
2885 937 3078 1000 αὐτοῦ.
3129 939 3220 994 διὰ
3270 941 3332 992 τὸ
3391 942 3662 1011 μηδεμίαν

2085 1027 2369 1096 ἐνέργειαν
2400 1027 2496 1081 τοῦ
2529 1027 2660 1082 Υἰοῦ
2685 1031 3144 1102 ἀποτετμημένην
3166 1030 3262 1085 τοῦ
3281 1032 3491 1103 Πατρὸς
3522 1028 3661 1085 εἶναι

2086 1120 2183 1172 καὶ⁴
2215 1118 2307 1172 διὰ
2336 1119 2402 1173 τὸ
2430 1122 2561 1186 πᾶν,
2601 1121 2662 1174 τὸ
2694 1122 2845 1193 παρὰ
2871 1123 2967 1176 τοῦ
2996 1122 3126 1176 Υἰοῦ
3150 1124 3476 1193 γεγενῆσθαι
3508 1126 3663 1192 λεγό-

2090 1226 2272 1280 μενον,
2294 1211 2431 1283 πρὸς
2457 1213 2557 1282 τὴν
2583 1213 2810 1284 πρώτην
2840 1214 3022 1269 αἰτίαν
3058 1215 3158 1287 τὴν
3182 1217 3463 1285 ἀναφορὰν
3494 1218 3657 1286 ἔχειν.

2085 1302 2195 1356 Καὶ
2222 1304 2397 1359 ταῦτα
2440 1306 2538 1375 μὲν
2561 1306 2650 1361 διὰ
2677 1310 2739 1361 τὸ
2777 1308 2873 1361 τοῦ
2909 1307 3151 1379 μεγάλου
3198 1309 3481 1364 Βασιλείου
3511 1310 3661 1375 ἀξιὸ·

2085 1410 2301 1459 πιστον,
2357 1395 2504 1451 οὕτω
2552 1397 2622 1451 τὰ
2669 1399 2798 1468 περί
2850 1399 2951 1469 τῆς
2998 1399 3096 1453 τοῦ
3136 1392 3451 1471 Πνεῦματος
3482 1401 3659 1465 αἰτίας

2083 1484 2475 1557 ἐξηγουμένου,
2517 1488 2836 1559 ἀρκούντως
2867 1490 2966 1559 μὲν
3005 1490 3155 1546 δοκεί
3183 1491 3329 1563 ἔχειν
3361 1494 3442 1556 εἰς
3470 1493 3656 1563 παρὰ·

2084 1593 2276 1632 στασιν
2305 1578 2399 1632 τοῦ
2436 1581 2511 1651 μὴ
2559 1581 2653 1634 δύο
2699 1582 2881 1648 αἰτίας
2933 1584 3173 1639 νοεῖσθαι
3203 1586 3300 1639 τοῦ
3332 1585 3645 1656 Πνεῦματος

2081 1666 2176 1719 τὸν
2208 1667 2436 1738 Πατέρα
2466 1672 2560 1724 καὶ
2591 1672 2682 1725 τὸν
2725 1672 2872 1740 Υίὸν,
2914 1673 3044 1728 ὃταν
3076 1693 3160 1739 τις
3196 1680 3261 1729 ἐκ
3299 1675 3393 1730 τοῦ
3435 1678 3650 1749 Πατρὶς

2080 1757 2297 1811 καὶτοῦ
2330 1759 2462 1814 Υίοῢ
2503 1756 2645 1827 εἶναι
2668 1762 2801 1835 λέγῃ
2828 1764 2890 1818 τδ
2926 1765 3154 1836 Πνεῦμα
3181 1767 3243 1818 τὸ
3277 1767 3456 1836 ἆγιον;

2056 1839 2060 1844 ’
2152 1849 2246 1918 ιγ’.
2293 1852 2445 1907 Ἐπεὶ
2473 1854 2531 1907 δὲ
2561 1857 2643 1919 εἰς
2673 1857 2972 1929 ἀπολογίαν
3008 1858 3117 1912 τῶν
3165 1858 3384 1927 Ἰταλῷν
3425 1861 3454 1914 ὁ
3498 1859 3657 1929 λόγος

389 1960 664 2022 proponat
717 1951 976 2009 dictionis
1008 1953 1294 2022 procedere
1334 1967 1623 2024 compares
1666 1957 1813 2013 vires
1843 1972 1960 2012 cum

2076 1946 2440 2019 προὸάλλεται
2474 1944 2537 2001 τ’)
2565 1948 2663 2018 τῆς
2686 1950 3118 2019 ἐκπορεύεσθαι
3168 1951 3366 2017 λέξεως
3413 1934 3654 2008 ἰσοδὺνᾶ-

383 2044 525 2110 illis,
582 2047 853 2115 provenire
901 2053 955 2100 et
996 2047 1267 2117 progredi.
1315 2047 1637 2117 digerantur
1692 2050 1781 2105 hic
1826 2066 1857 2105 a
1886 2065 1973 2106 me

380 2137 540 2191 dicta
594 2147 939 2202 sanctorum,
998 2138 1203 2208 quibus
1235 2138 1563 2202 innotescat,
1619 2155 1727 2195 non
1758 2150 1970 2197 tantum

388 2229 765 2300 processionis
797 2244 1021 2297 nomen,
1077 2231 1259 2309 sedet
1289 2232 1426 2309 alias
1458 2236 1724 2303 quasdam
1781 2235 1976 2293 dictio-

394 2337 492 2376 nes
518 2320 883 2392 apertissime,
915 2329 969 2375 et
1017 2322 1139 2377 sine
1184 2306 1297 2377 ullo
1350 2306 1620 2381 velamine
1671 2329 1738 2383 de
1770 2329 1885 2398 ipsa
1904 2346 1973 2386 ex

389 2508 538 2562 enim
571 2522 805 2578 magnus
828 2507 1058 2562 Basilius
1091 2507 1145 2561 in
1174 2509 1416 2563 secundo
1437 2509 1502 2563 ad
1524 2510 1970 2579 Amphilochium

370 2602 570 2672 'capite
618 2602 761 2657 inter
798 2601 936 2657 alias
966 2602 1170 2656 multas
1228 2602 1519 2668 dictiones,
1556 2605 1761 2674 quibus
1796 2605 1972 2676 Spiri—

384 2711 478 2752 ius
501 2712 623 2751 cum
656 2697 813 2752 Patre
844 2705 900 2752 et
943 2696 1080 2751 Filio
1113 2696 1558 2753 communionem
1583 2700 1828 2770 exponit,
1855 2702 1971 2759 haec

372 2803 604 2860 quoque
639 2788 823 2843 addit:
850 2806 869 2840 ι
910 2786 1098 2859 Neque
1126 2789 1257 2845 hinc
1299 2789 1478 2844 solum
1517 2793 1784 2848 naturalis
1815 2810 1968 2849 com-

386 2881 665 2936 munionis
702 2880 1118 2947 demonstratio,
1179 2882 1274 2936 sed
1313 2882 1476 2936 etiam
1534 2883 1679 2952 quod
1724 2899 1790 2939 ex
1859 2883 1968 2942 Deo

383 2991 507 3031 esse
533 2975 755 3038 dicitur,
798 2989 903 3029 non
933 2982 993 3028 ut
1023 2974 1209 3029 omnia
1261 2991 1328 3029 ex
1372 2975 1505 3042 Deo,
1541 2978 1636 3031 sed
1693 2978 1860 3033 veluti
1895 2994 1966 3033 ex

374 3064 567 3130 'Patre,
598 3080 876 3136 egressus,
911 3065 1019 3119 non
1061 3068 1280 3136 genitus
1310 3075 1367 3119 ιιι
1401 3065 1594 3132 Filius,
1629 3068 1724 3123 sed
1749 3079 1807 3124 ut
1839 3070 1963 3141 Spi-

387 3160 524 3214 ritus
556 3159 667 3214 oris
691 3160 832 3225 ejus.
862 3157 1023 3213 llisce
1048 3158 1401 3214 familiaritas
1427 3169 1484 3214 et
1531 3163 1802 3217 connexio
1818 3176 1965 3234 ‘ape-

377 3250 547 3315 ritur,
580 3251 676 3305 sed
710 3252 903 3304 modus
935 3249 1273 3305 exsistentiae
1297 3251 1520 3307 silentio
1580 3253 1897 3308 involvitur.
1937 3274 1957 3306 ι

376 3343 613 3415 Ει·ἰιιιυο
686 3358 756 3398 ne
814 3342 1129 3397 mortalium
1193 3345 1451 3413 cuiquam
1519 3343 1839 3411 obscurmn,
1902 3347 1959 3401 in

383 3438 537 3495 hisce
582 3438 899 3504 dictionem,
936 3455 957 3489 ι
1023 3438 1209 3508 egredi
1261 3437 1529 3507 Spiritum
1566 3454 1631 3494 ex
1688 3441 1798 3495 Deo
1849 3456 1958 3496 non

376 3528 630 3597 genitum
658 3535 717 3582 ut
747 3525 971 3593 Filium,
993 3527 1089 3582 sed
1120 3537 1177 3580 ut
1210 3524 1476 3597 Spiritum
1509 3529 1622 3582 oris
1644 3529 1791 3598 ejus,
1832 3547 1852 3580 ι
1892 3543 1960 3582 ex

370 3620 546 3676 [Patre
598 3620 971 3683 essentialem,
1003 3628 1060 3675 et
1090 3619 1401 3675 naturalem
1456 3622 1631 3691 ipsius
1687 3622 1959 3676 exsistan-

278 3738 291 3751 -
381 3713 514 3768 tiam
545 3713 872 3769 counotari?
899 3713 1130 3782 Magnus
1153 3724 1205 3767 et
1253 3713 1708 3768 admirandorum
1734 3714 1960 3769 elfector

104 3799 119 3875 Ῐ
200 3816 227 3859 1r
248 3834 331 3882 με
354 3803 678 3889 (Gregorius
705 3803 1167 3861 Neocaesariensis
1193 3807 1483 3875 episcopus
1511 3807 1959 3875 oratione,cnjus

379 3896 739 3967 principium,
776 3914 797 3949 ι
840 3896 1216 3952 lnimicissimi
1257 3906 1310 3951 et
1341 3898 1506 3953 alieni
1551 3899 1620 3953 ab
1657 3900 1956 3968 apostolica

369 3990 732 4047 confessione
773 3999 925 4057 sunt,
981 3991 1074 4060 qui
1138 3988 1337 4045 Filium
1398 4006 1461 4045 ex
1523 3990 1616 4057 iis,
1668 4008 1791 4067 quae
1846 4008 1955 4046 non

376 4094 614 4149 exstant,
644 4093 917 4148 asserunt,
951 4084 1118 4154 inquit
1141 4097 1164 4139 :
1197 4084 1408 4138 Domini
1440 4083 1601 4139 Pater
1627 4085 1956 4154 principium

373 4186 481 4241 est,
509 4177 579 4232 ab
606 4186 815 4232 aeterno
848 4191 988 4232 eum
1018 4190 1309 4246 generatis,
1339 4185 1393 4231 et
1431 4174 1697 4231 Dominus
1726 4186 1808 4229 est
1836 4190 1960 4244 pro-

378 4280 600 4342 tutypus
616 4267 878 4339 Spiritus.
923 4287 941 4319 ι
968 4266 1037 4321 Ει
1064 4277 1187 4338 post
1216 4283 1390 4337 pauca
1421 4268 1655 4322 ibidem:
1689 4286 1706 4318 ι
1737 4266 1956 4338 ingeni-

286 4354 289 4355 ν
380 4373 471 4417 tus
511 4376 635 4417 cum
669 4362 740 4416 sit
762 4358 942 4426 Pater,
983 4364 1202 4431 genitus
1237 4376 1365 4416 vero
1395 4376 1462 4415 cx
1486 4358 1648 4415 Patre
1666 4360 1871 4425 Filius,
1902 4369 1955 4415 et

381 4451 621 4523 Spiritus
643 4467 708 4508 ex
739 4452 973 4507 essentia
1015 4452 1191 4507 Patris
1222 4467 1315 4521 per
1367 4450 1568 4505 Filium
1619 4450 1955 4521 sempiterne

390 4547 652 4601 emissus.
690 4564 709 4599 ι
745 4544 881 4611 Quis
930 4546 983 4599 in
1018 4548 1246 4600 dubium
1290 4546 1537 4609 verterit,
1577 4547 1804 4600 emissus
1849 4545 1955 4599 hoc

2011 2088 2014 2092 λ
2079 2055 2178 2109 μον
2217 2039 2355 2111 πρὸς
2387 2040 2449 2094 τὸ
2476 2043 2748 2108 προϊέναι
2779 2060 2837 2097 τε
2875 2045 2971 2098 καὶ
3017 2046 3434 2115 προέρχεσθαι,
3482 2054 3654 2102 κατα-

2075 2131 2376 2203 στρωθήτω
2412 2149 2502 2203 μοι
2537 2126 2639 2187 ὦδε
2672 2137 2767 2188 καὶ
2802 2135 2871 2189 τὰ
2908 2135 3019 2190 τῶν
3061 2137 3234 2205 ἁγίων
3275 2139 3437 2209 ῥητὰ,
3475 2140 3532 2207 ἐξ
3577 2134 3653 2193 ὧν

2076 2240 2169 2287 μοι
2200 2224 2590 2292 διαγινώσκειν
2629 2227 2908 2296 ἐγγίνεται
2939 2228 3016 2292 ὡς
3063 2230 3188 2299 οὐχὶ
3233 2232 3396 2300 μόνον
3441 2232 3505 2286 τὸ
3551 2234 3653 2303 τῆς

2079 2317 2460 2389 ὲκπορεύσεως
2505 2319 2711 2390 ὄνομα,
2770 2320 2907 2375 ἀλλὰ
2948 2316 3042 2375 καὶ
3082 2322 3240 2377 ἄλλαι
3291 2323 3433 2387 τινὲς
3478 2324 3653 2389 λέξεις

2069 2406 2344 2477 λαμπρῶς
2380 2407 2476 2461 καὶ
2504 2409 2946 2474 ἁνεπισκιάστως
2978 2411 3069 2465 ἐπ’
3099 2413 3274 2482 αὐτῆς
3309 2414 3407 2484 τῆς
3445 2416 3509 2468 ἐκ
3553 2414 3650 2468 τοῦ

2070 2497 2289 2570 Πατρδς
2311 2498 2604 2564 οὑσιώδους
2625 2500 2720 2554 τοῦ
2770 2503 3092 2573 Πνεῦματος
3127 2504 3415 2574 ὑπάρξεως
3447 2506 3651 2577 ἐκλαμ-

2070 2593 2359 2649 ϐάνονται.
2424 2594 2631 2648 Αὐτίκα
2690 2598 2798 2667 γὰρ
2851 2599 2878 2650 ὁ
2934 2598 3107 2667 μέγας
3150 2598 3431 2663 Βασίλειος
3469 2602 3527 2652 ἐν
3572 2598 3650 2670 τῷ

2069 2685 2287 2769 ἐὸῥόμιρ
2311 2686 2419 2739 τῶν
2442 2672 2585 2759 Πρὸς
2622 2678 2975 2763 Ἆμφιλόχιον
2996 2672 3485 2769 κεφαλαίωνξμετᾶ
3507 2672 3649 2745 18"“

2071 2768 2519 2845 iung-nona“
2548 2782 2728 2850 λέξεσι
2760 2782 3096 2856 παρατίθησι
3124 2785 3222 2857 τὴν
3258 2768 3353 2839 τοῦ
3398 2787 3650 2858 Πνεῦμα-

2071 2889 2165 2934 τος
2200 2874 2488 2928 κοινωνίαν
2517 2875 2651 2944 πρὸς
2688 2875 2781 2929 τὸν
2832 2877 3053 2948 Πατέρα
3081 2878 3178 2932 καὶ
3217 2878 3309 2932 τὸν
3349 2878 3501 2943 Υἱὸν,
3552 2880 3648 2933 καὶ

2067 2968 2241 3020 ταῦτὰ
2269 2985 2437 3039 φησιν
2468 2983 2484 2999 ο
2518 2988 2536 3020 ι
2576 2968 2689 3021 Καὶ
2725 2970 2826 3022 οὐκ
2860 2969 3112 3024 ἐντεῦθεν
3145 2972 3307 3041 μόνον
3359 2973 3459 3041 τῆς
3504 2975 3649 3027 κατὰ

2068 3060 2169 3129 τὴν
2201 3060 2362 3129 φύσιν
2389 3060 2673 3124 κοινωνίας
2700 3062 2733 3133 ἡ
2761 3062 3055 3127 ἀπόδειξις,
3082 3063 3200 3118 ἀλλ’
3225 3067 3308 3117 ὅτι
3332 3065 3425 3117 καὶ
3455 3065 3519 3116 ὲκ
3549 3061 3645 3118 τοῦ

2073 3153 2210 3206 Θεοῦ
2256 3148 2398 3217 εἶναι
2426 3153 2670 3222 λέγεται,
2702 3154 2800 3224 οὐχ
2833 3154 2908 3215 ὡς
2938 3156 3008 3207 τὰ
3041 3154 3222 3208 πάντα
3255 3157 3320 3210 ἐκ
3358 3155 3452 3208 τοῦ
3485 3156 3644 3223 Θεοῦ,

2068 3249 2187 3301 ἀλλ’
2240 3248 2317 3311 ὡς
2346 3250 2409 3301 ὲκ
2456 3247 2551 3300 τοῦ
2590 3246 2727 3301 Θεοῦ
2767 3246 3053 3317 προελθὸν,
3099 3248 3162 3300 οὐ
3206 3250 3480 3317 γεννητῶς
3510 3250 3585 3312 ὼς
3615 3253 3646 3303 ὁ

1991 3318 2033 3376 c
2067 3341 2214 3411 Υἱὸς,
2267 3340 2381 3393 ἀλλ’
2417 3339 2491 3404 ὡς
2539 3339 2764 3408 Πνεῦμα
2810 3340 3081 3409 στόματος
3127 3340 3295 3393 αὐτοῦ
3332 3356 3345 3370 ·
3390 3340 3491 3411 τῆς
3542 3343 3643 3411 μὲν

2006 3482 2013 3487 .
2065 3435 2403 3505 οἰκειότητος
2429 3432 2774 3503 δηλουμένης
2804 3431 3063 3499 ἐνταῦθα,
3093 3432 3189 3485 τοῦ
3227 3432 3285 3486 δὲ
3312 3433 3514 3503 τρόπου
3541 3434 3642 3505 τῆς
3746 3449 3751 3453 '

2062 3528 2353 3599 ὑπάρξεως
2381 3528 2624 3598 ἀρρήτου
2660 3524 3096 3595 φυλασσομένου.
3131 3526 3252 3579 Τίνι
3281 3528 3392 3580 τῶν
3424 3529 3643 3582 πάντων

2064 3621 2262 3691 ἄδηλον
2289 3620 2365 3682 ὡς
2391 3617 2629 3672 ἐνταῦθα
2674 3621 2706 3688 ἠ
2756 3616 2902 3682 λέξις
2935 3619 2968 3688 ὴ
2999 3616 3093 3671 τοῦ
3155 3636 3174 3670 ι
3207 3619 3524 3687 προελθεῖν
3576 3620 3640 3673 τὸ

2060 3713 2303 3782 Πνεῦμα
2326 3713 2395 3766 ἐκ
2423 3711 2530 3766 τοῦ
2563 3711 2713 3765 Θεοῦ
2746 3713 2817 3765 οὐ
2839 3710 3142 3779 τεννητῶς
3163 3713 3243 3778 ὡς
3266 3715 3299 3766 ό
3331 3713 3483 3779 Υἱὸς,
3502 3713 3639 3768 ἀλλ’

2059 3806 2136 3870 ὡς
2163 3806 2405 3874 Πνεῦμα
2436 3792 2735 3873 viduatae;
2758 3800 3001 3869 αὑτοῦ,›
3018 3802 3189 3872 αὐτὴν
3210 3806 3308 3874 τὴν
3336 3807 3398 3857 ὲκ
3428 3805 3641 3876 Πατρὸς

2059 3895 2291 3968 οὑσιώδη
2340 3902 2437 3950 καὶ
2495 3896 2733 3966 φυσικὴν
2790 3895 2947 3966 δηλοί
2999 3896 3166 3950 αὐτοῦ
3216 3896 3455 3967 ὓπαρξιν
3496 3912 3517 3962 ;
3579 3897 3639 3952 ’0

2058 3986 2235 4055 μέγας
2266 3984 2360 4037 καὶ
2400 3985 2831 4065 Θα-υ-ματουργὺς
2857 3986 3182 4065 Γρηγᾴριος,
3204 3986 3640 4057 Νεοκαισαρείας

2057 4079 2379 4145 ἐπίσκοπος,
2418 4081 2474 4133 ὲν
2506 4078 2583 4149 τῷ
2614 4078 2782 4149 λόγῳ,
2814 4072 2876 4133 οὗ
2906 4082 2938 4149 ή
2982 4081 3146 4150 ἀρχὴ,
3183 4099 3202 4133 ι
3237 4080 3515 4150 Ἐχθιστοι
3545 4084 3640 4135 καὶ

2058 4172 2334 4241 ἀλλότριοι
2370 4175 2470 4243 τῆς
2503 4172 2870 4242 ἀποστολικῆς
2908 4173 3201 4243 ὁμολογίας
3247 4175 3296 4226 οἱ
3346 4174 3442 4227 τὸν
3511 4174 3638 4228 Υἰὸν

2059 4265 2119 4330 ἐξ
2146 4267 2248 4319 οὐκ
2274 4266 2445 4320 ὄντων
2486 4266 2789 4335 λέγοντες,ο
2826 4268 2992 4337 φησὶν
3024 4268 3129 4331 ὅτι,
3166 4285 3186 4320 ι
3218 4267 3323 4321 Τοῦ
3366 4268 3573 4336 Κυρίου
3610 4270 3639 4321 ὁ

2058 4357 2254 4428 Πατὴρ
2281 4356 2447 4428 ἀρχὴ,
2480 4357 2667 4421 ἀϊδίως
2706 4357 2870 4413 αὐτὸν
2897 4359 3188 4429 γεννήσας,
3231 4360 3324 4414 καὶ
3355 4360 3639 4429 πρωτότο-

2058 4467 2160 4523 πος
2185 4449 2279 4504 τοῦ
2308 4449 2628 4518 Πνεύματος
2660 4453 2687 4503 ὁ
2715 4450 2942 4520 Κύριος.
2971 4469 2991 4502 ι
3031 4452 3144 4505 Καὶ
3166 4436 3304 4521 μετὰ
3329 4444 3537 4506 τινανὲν
3559 4453 3636 4523 τῷ

2057 4521 2210 4611 αὶτῷ
2234 4557 2249 4570 ·
2290 4559 2309 4593 ι
2355 4542 2683 4611 Ἀγεννήτου
2705 4544 2806 4612 μὲν
2837 4541 2991 4605 ὄντος
3023 4542 3117 4595 τοῦ
3148 4544 3389 4617 Πατρδς,
3438 4521 3635 4614 γεννηλ

387 4651 444 4689 tn
482 4634 623 4699 loco,
657 4648 765 4688 non
820 4642 983 4686 tantae
1030 4647 1152 4687 esse
1185 4634 1426 4699 virtutis,
1476 4633 1545 4687 ad
1601 4634 1949 4689 essentialcm

2063 4630 2247 4697 θέντος
2286 4633 2343 4686 δὲ
2378 4633 2473 4687 τοῦ
2507 4633 2638 4687 Υἱοῦ
2683 4635 2747 4686 ὲκ
2802 4634 3040 4704 Πατρδς,
3087 4634 3181 4687 τοῦ
3214 4652 3270 4688 τε
3315 4636 3632 4705 Πολεύματος

375 4728 614 4797 Spiritus
656 4725 1030 4782 cxsisteutiam
1062 4725 1625 4787 commonstrandam,
1690 4739 1949 4795 quantum

375 4820 691 4882 haberet,si
727 4821 1035 4888 appositum
1088 4816 1305 4880 fuisset,
1351 4818 1680 4885 procedens?
1716 4815 1952 4870 Theolo—

373 4932 474 4987 gus
507 4916 805 4987 Gregorius
828 4914 1108 4970 nonnullis
1133 4929 1359 4968 suarum
1391 4912 1751 4982 scriptionum
1791 4913 1947 4976 locis,

378 5031 395 5061 ς
429 5010 606 5066 Audis
641 4992 1051 5081 generationem
1078 5008 1101 5061 ?
1134 5007 1363 5061 modum
1394 5021 1463 5059 ne
1492 5006 1767 5060 curiosius
1796 5012 1937 5059 inve-

372 5101 594 5170 stigato.
635 5099 806 5154 Audis
833 5099 1100 5169 Spiritum
1144 5114 1211 5153 ex
1246 5095 1405 5151 Patre
1440 5095 1740 5167 progredi?
1784 5096 1949 5150 ratio-

372 5205 495 5244 nem
528 5204 598 5243 ne
618 5188 780 5244 anxie
804 5187 1089 5258 inquirito.
1129 5185 1284 5254 Quod
1309 5186 1353 5240 si
1386 5184 1509 5240 Filii
1539 5174 1945 5255 generationem

368 5293 422 5337 et
463 5282 704 5353 Spiritus
758 5295 1112 5352 progressum
1155 5279 1423 5335 sollicitus
1472 5278 1810 5340 exterebras,
1844 5292 1946 5347 ego

368 5392 587 5447 quoque
625 5391 657 5431 a
707 5387 756 5430 te
797 5374 1174 5445 pervestigabo
1219 5374 1417 5428 anima:
1469 5380 1525 5426 et
1565 5370 1813 5440 corporis
1843 5373 1947 5423 mi-

369 5469 630 5524 stiouem.
681 5486 701 5521 ι
735 5467 872 5534 Quis
927 5466 1015 5521 hic
1082 5464 1336 5530 audiens,
1370 5461 1635 5532 Spiritum
1688 5461 1945 5541 progredi

367 5575 398 5613 a
430 5556 616 5623 Patre,
643 5557 793 5612 aliud
825 5555 1123 5611 dictionem
1174 5566 1367 5609 natare
1392 5550 1744 5617 existimabit,
1777 5566 1942 5620 quam

366 5650 499 5705 illud
519 5649 757 5714 idem,si
793 5649 913 5704 loco
935 5648 1081 5703 illius
1122 5645 1478 5702 substitutum
1513 5644 1727 5709 fuisset,
1759 5658 1944 5711 proce-

362 5743 515 5809 dere,
549 5743 720 5811 ipsam
756 5741 967 5796 scilicet
1003 5755 1068 5794 ex
1100 5736 1262 5809 Patre
1295 5737 1642 5794 essentialem
1677 5743 1730 5789 et
1778 5743 1941 5789 natu-

366 5835 536 5887 ralem
595 5832 833 5904 Spiritus
887 5829 1309 5888 exsistentiam?
1372 5830 1519 5885 Idem
1566 5826 1819 5883 oratione
1873 5826 1941 5881 ad

366 5924 639 5984 ιικιυυυω
668 5923 1060 5998 philosophum
1088 5927 1207 5981 ait:
1247 5943 1264 5977 ι
1303 5922 1446 5991 Quin
1484 5921 1706 5994 pictatis
1738 5929 1940 5978 nostra:

2057 4728 2121 4778 ἐκ
2145 4726 2248 4795 τῆς
2270 4725 2456 4789 οὐσίας
2485 4724 2581 4779 τοῦ
2616 4725 2831 4796 Πατρὸς
2867 4725 2938 4779 δι’
2981 4725 3112 4779 Υίοῦ
3159 4726 3346 4791 ἀῖδίως
3380 4728 3632 4797 ἐκπεμφ.

2057 4818 2264 4881 Θέντος.
2280 4838 2295 4869 ι
2320 4816 2413 4881 Τίς
2437 4818 2740 4888 ἀμφιϐαλεί
2758 4819 2840 4870 ὅτι
2861 4818 2919 4871 τὸ
2935 4818 3380 4888 ἐκπεμφθέντπ
3395 4819 3630 4875 ἑνταῦῡα

2052 4910 2323 4979 τοσαύτην
2355 4910 2508 4981 ἰσχὺν
2553 4909 2667 4980 ἔχει
2696 4911 2778 4973 εἰς
2818 4909 2918 4980 τὴν
2967 4911 3067 4975 τῆς
3118 4912 3411 4991 οὗσιώδους
3453 4913 3631 4986 ὑπάρ-

2052 5004 2187 5070 ξεως
2210 5002 2304 5056 τοῦ
2330 5004 2649 5073 Πνεύματος
2684 5002 2943 5075 δήλωσιν,
2979 5005 3113 5073 ὅσην
3154 5006 3222 5057 ἂν
3268 5001 3409 5075 εἶχεν
3445 5009 3492 5058 εἰ
3534 5009 3627 5061 καὶ

2051 5097 2112 5149 τὸ
2142 5096 2615 5164 ἑκπορευθέντος
2660 5095 2879 5162 exuto;
2929 5093 2990 5150 '0
3023 5097 3285 5163 Θεολόγος
3325 5098 3626 5169 Γρηγόριος

2051 5187 2109 5241 ἕν
2131 5204 2241 5240 τισι
2279 5186 2387 5241 τῶν
2422 5188 2588 5240 αὐτοῦ
2611 5187 2786 5251 οὕτως
2823 5188 2965 5259 ἔφη·
3008 5207 3028 5240 ι
3053 5188 3295 5254 Ἀκούεις
3330 5193 3621 5261 γέννησιν;

2049 5280 2109 5331 τὸ
2157 5280 2275 5343 πῶς
2346 5280 2422 5350 μὴ
2477 5279 2871 5350 περιεργάζου.
2935 5281 3184 5345 Ἀκούεις
3252 5282 3335 5336 ὅτι
3397 5283 3626 5353 Πνεῦμα

2051 5370 2240 5438 προϊὸν
2292 5368 2357 5421 ἐκ
2395 5367 2489 5421 τοῦ
2528 5369 2741 5438 Πατρός
2773 5385 2788 5436 ;
2831 5369 2894 5423 τὸ
2927 5372 3077 5434 ὅπως
3116 5372 3192 5442 μὴ
3232 5372 3625 5444 πολυπραγμό⁹

2047 5477 2151 5513 νει.
2217 5461 2279 5513 ΕΞ
2330 5460 2389 5514 δὲ
2439 5460 2928 5532 πολυπραγμονεῖς
2986 5464 3119 5518 Υἰοῦ
3175 5465 3465 5535 γέννησιν,
3532 5467 3623 5521 καὶ

2049 5553 2369 5619 Πνεύματος
2423 5553 2672 5624 πρόοδον,
2737 5554 2893 5621 κάγώ
2936 5573 3032 5608 σου
3074 5557 3519 5629 πολυπραγμονῶ
3562 5559 3622 5612 τὸ

2048 5645 2238 5715 κρᾶμα
2285 5645 2465 5716 ψυχῆς
2511 5645 2607 5700 καὶ
2670 5645 2944 5717 σώματος.
2976 5648 3072 5711 Τίς
3126 5650 3341 5704 ἁκούων
3386 5651 3620 5706 ἐνταῦθα

2049 5737 2239 5806 προϊὸν
2270 5736 2330 5789 τὸ
2364 5736 2591 5807 Πνεῦμα
2621 5737 2687 5791 ἐκ
2727 5736 2820 5791 τοῦ
2868 5738 3106 5809 Πατρὺς,
3147 5738 3277 5794 ἄλλο
3316 5758 3370 5794 τι
3419 5741 3619 5811 δηλοῦν

2051 5828 2150 5899 τὴν
2195 5827 2345 5894 λέξιν
2373 5832 2642 5899 οἰήσεται,
2679 5831 2916 5902 ῆὲκεῖνο
2949 5833 3088 5904 ὅπερ
3120 5835 3188 5888 ἂν
3228 5835 3278 5887 εἰ
3319 5835 3498 5889 καὶτὸ
3530 5836 3619 5887 ἐκο

2044 5918 2419 5992 πορευόμενον
2451 5921 2647 5990 ἔκειτο,
2697 5921 2869 5995 αὐτὴν
2911 5923 3114 5999 δηλαδὴ
3149 5923 3248 5999 τὴν
3293 5926 3356 5978 ἐκ
3406 5924 3618 5994 Πατρὸς
