4070 6596
288 1575 292 1578 ι
391 1536 612 1582 staseon
647 1531 840 1603 laedit),
889 1532 1155 1594 fratribus
1187 1540 1399 1595 veniam
1453 1541 1544 1606 do,
1598 1550 1656 1596 et
1711 1540 1969 1598 dictionis

394 411 455 471 Μ
1460 405 1674 469 JOAN.
1709 406 1925 471 VECCI
1964 415 1974 464 t

2122 392 2643 476 suamnam:
3576 395 3658 486 ’δε

392 527 456 565 rx
492 512 704 568 duabus
728 512 912 571 causis
933 514 1087 572 illum
1111 526 1165 574 et
1188 520 1466 591 progredi,
1496 531 1551 578 et
1571 523 1884 594 provenire,
1916 532 1971 579 et

2081 523 2221 579 ιὰνιὸ
2246 525 2425 597 λέγων
2447 530 2512 585 ὲκ
2528 530 2623 585 τοῦ
2650 531 2869 602 Πατρδς
2891 534 2989 589 καὶ
3026 532 3121 591 τοῦ
3162 533 3293 591 Υίοῦ
3322 534 3456 591 αὐτὸ
3498 535 3661 591 hmo-

394 604 569 659 emitti
630 606 838 663 dicere.
895 609 998 665 Sed
1044 625 1226 679 nemo,
1265 612 1565 671 dummodo
1600 615 1860 688 pietatem
1913 617 1966 670 in

2081 620 2332 689 ρεύεσθαι
2368 621 2462 675 δύο
2490 623 2586 678 τοῦ
2616 622 2937 693 Πνεύματος
2964 626 3113 681 αἴτια
3148 626 3304 702 λέγῃ,
3328 628 3418 682 τὸν
3444 628 3664 698 Πατέρα
3706 678 3721 694 ,

390 708 611 759 tu‘ctore
646 700 808 769 gerit,
832 716 901 757 ex
931 702 1147 759 duabus
1186 706 1370 763 causis
1408 719 1505 763 aut
1535 709 1847 778 provenire,
1877 721 1972 766 aut

2081 714 2171 765 καὶ
2204 712 2295 764 τὸν
2329 712 2480 778 Υἱδν,
2512 714 2610 768 καὶ
2639 717 2669 770 δ
2714 717 2778 769 ὲκ
2808 717 2903 771 τοῦ
2962 719 3177 791 Πατρδς
3231 700 3325 774 καὶ
3368 719 3465 773 τοῦ
3526 719 3660 775 Υίοῦ

395 791 671 859 progredi,
701 801 795 847 aut
847 794 1023 848 emitti
1061 795 1231 852 dicet.
1267 797 1334 855 Et
1379 800 1601 870 quidem
1638 816 1668 856 a
1706 804 1969 862 Romanis

2081 803 2464 874 προέρχεσθαι,
2530 806 2563 878 ή
2628 808 2902 879 προϊέναι,
2958 810 2992 882 ἢ
3050 807 3436 880 ἐκπέμπεσθαι
3481 812 3660 881 λέγων

391 882 443 929 in
475 880 598 935 lldei
645 880 907 954 Symbolo
952 883 1213 942 dictionis
1258 889 1619 957 additionem,
1684 908 1810 948 cum
1854 894 1967 966 jam

2081 896 2231 962 ιύτδ,
2263 898 2325 950 ἐκ
2356 896 2451 951 δύο
2478 897 2669 953 αἰτίων
2696 901 2791 954 καὶ
2828 880 3107 973 προϊέναι,
3133 904 3239 957 καὶ·
3262 880 3658 975 προέρχεσθαι,

392 972 535 1027 facta
562 974 652 1040 sit,
712 991 820 1031 non
879 979 1019 1036 bene
1065 979 1261 1035 factam
1305 997 1430 1040 esse
1481 984 1716 1042 dixero?
1764 987 1968 1045 bonum

2081 989 2170 1041 και
2231 990 2624 1060 ἐκπέμπεσθαι
2680 991 2829 1061 λέγει
2875 972 3028 1049 αὐτά.
3082 994 3245 1050 Ἀλλὰ
3293 972 3415 1068 μῆν’
3457 972 3658 1067 οὐδεὶς,

391 1065 535 1119 haud
576 1068 865 1123 dicendum
920 1082 1025 1138 est,
1055 1074 1321 1144 quidquid
1378 1076 1645 1134 fratribus
1675 1079 1966 1137 dissidium

392 1156 567 1213 :ill‘ert.
600 1158 731 1215 Mihi
774 1178 998 1232 quoque
1040 1174 1220 1220 tecum
1282 1168 1397 1224 istaec
1449 1171 1651 1226 dicenti
1685 1172 1967 1228 convenit.

396 1251 783 1309 Verumtamen
846 1272 971 1310 cum
1034 1257 1295 1315 dictionis
1324 1260 1553 1330 hujusce
1608 1264 1817 1319 additio
1866 1281 1971 1321 suo

392 1355 556 1397 sensu
591 1345 847 1413 pietatem
879 1348 1044 1405 nobis
1074 1352 1328 1407 traditam
1354 1354 1668 1411 nullatenus
1690 1357 1968 1422 vulneret,

390 1436 594 1505 {neque
625 1438 770 1492 enim
810 1456 979 1497 unum
1022 1445 1296 1512 essentiw,
1335 1461 1513 1517 neque
1555 1448 1759 1503 trinum
1801 1449 1974 1520 hypo-

2074 1077 2400 1149 βουλόμενος
2432 1081 2679 1135 εὐσεϐεῖν
2733 1084 2809 1147 ῶς
2838 1086 2901 1138 ἐκ
2968 1085 3063 1140 δύο
3108 1087 3300 1142 αἰτίων
3329 1088 3361 1157 ἢ
3393 1090 3664 1158 προϊέναι,

2071 1170 2106 1240 ἢ
2148 1173 2519 1242 προέρχεσθαι
2544 1174 2605 1226 τὸ
2641 1175 2865 1245 Πνεῦμα
2892 1179 3026 1248 ὲρεϊ.
3054 1178 3164 1232 Καὶ
3190 1179 3273 1233 ὅτι
3311 1180 3466 1251 μὲνὴ
3507 1181 3662 1250 παρὰ

2071 1262 2185 1315 τῶν
2233 1263 2526 1334 Ῥωμαίων
2561 1270 2820 1334 γεγονυῖα
2860 1269 2954 1324 ἐπὶ
2989 1269 3066 1340 τῷ
3093 1270 3193 1341 τῆς
3233 1272 3475 1334 πίστεως
3512 1273 3664 1342 Συμ-

2073 1356 2218 1427 δόλῳ
2243 1357 2533 1429 προσθήκη
2568 1360 2670 1422 τῆς
2699 1359 2924 1425 λέξεως,
2978 1364 3062 1416 ὅτι
3104 1365 3198 1417 καὶ
3242 1363 3382 1427 ὅλως
3414 1363 3665 1433 γέγονεν,

2070 1450 2139 1504 ού
2173 1450 2354 1512 καλῶς
2382 1453 2606 1520 γέγονεν
2633 1454 2809 1517 εῐπως
2843 1453 3008 1508 καλὸν
3052 1455 3155 1509 οῦκ
3184 1454 3331 1510 ἐστιν
3356 1458 3530 1512 εἰπεῖν
3563 1458 3674 1510 πᾶν

2070 1541 2133 1595 τὸ
2170 1541 2455 1597 διάστασιν
2507 1546 2621 1608 τοῖς
2650 1546 2901 1616 ἀδελφοῖς
2935 1548 3252 1618 προξενοῦνο
3288 1549 3547 1621 σύμφημί
3587 1564 3674 1602 σοι

390 1620 726 1678 auditionem
763 1630 1103 1697 praeteriens,
1154 1633 1589 1689 consentientem
1638 1635 1963 1689 sententiam

2081 1633 2153 1705 τῷ
2193 1634 2414 1704 λέγοντι
2447 1637 2543 1691 καὶ
2581 1638 2747 1703 αὐτός
2769 1655 2783 1668 ·
2816 1640 2900 1693 ὅτι
2935 1640 2990 1694 δὲ
3025 1644 3058 1713 ή
3106 1643 3207 1713 τῆς
3236 1642 3436 1708 λέξεων
3465 1620 3672 1713 ταύτης

392 1712 619 1806 arripio,
681 1716 1092 1792 discipulosque
1154 1723 1368 1780 efﬁcior
1422 1741 1611 1781 eorum
1658 1726 1968 1792 doctorum,

2081 1728 2373 1800 προσθήκη
2405 1730 2557 1783 οὐδέν
2586 1747 2643 1783 τι
2670 1712 3117 1804 παρατιτρώσκει
3161 1712 3298 1806 πρὸς
3330 1734 3541 1790 ἔννοιαν
3572 1735 3688 1806 τὴν·

392 1802 488 1870 qui
522 1805 574 1858 in
634 1806 967 1868 dictionibus
1018 1813 1423 1873 discordantias
1480 1816 1839 1888 negligentes,
1899 1819 1970 1873 ob

2081 1821 2207 1891 ἡμῖν
2238 1821 2637 1891 παραδοθεῖσαν
2661 1802 2944 1879 εὐσέϐειαν
2964 1843 2979 1857 ·
3010 1825 3136 1880 οὔτε
3151 1802 3262 1899 γαρ
3295 1829 3357 1880 τὸ
3391 1802 3676 1899 μοναδικδν

391 1900 810 1957 consensionem
846 1907 1130 1962 sententiae
1159 1922 1348 1978 pacem
1403 1909 1895 1979 amplectebantur.

2081 1910 2173 1982 τῆς
2186 1911 2376 1977 οὐσίας
2388 1912 2452 1966 λυ
2462 1914 2714 1984 μαίνεται
2733 1916 2857 1971 οὔτε
2869 1918 2931 1971 τὸ
2948 1919 3058 1972 τῶν
3074 1896 3429 1975 ὑποστάσεων
3462 1937 3492 1974 τ
3498 1920 3674 1991 ριαδι..

392 1996 490 2044 κόν
518 1994 927 2066 οζσυγγινώσκω
963 2006 1073 2066 τοῖς
1114 2004 1389 2075 ἀδελφοῖς,
1437 2006 1530 2059 καὶ
1578 2006 1901 2077 προσθήκην
1937 2007 2136 2075 λέξεως
2179 2011 2563 2082 παρατρέχων,
2601 2013 2661 2066 τὸ
2702 2014 2997 2086 σύμφωνον
3032 2018 3132 2089 τῆς
3175 2015 3389 2080 ἑννοίας
3416 2016 3673 2085 ἀρπάζω.

394 2090 492 2144 καὶ
537 2094 788 2167 μαθητὴς
824 2097 1160 2155 διδασκάλων
1202 2103 1449 2169 ἐκείνων,
1485 2101 1535 2157 οἳ
1582 2102 1643 2158 τὸ
1683 2103 1744 2158 ἐν
1789 2103 1974 2171 λέξεσι
2011 2106 2365 2178 παρορῶντες
2408 2106 2740 2180 ἀσύμφωνον
2772 2110 2877 2182 τὴν
2913 2110 3006 2165 ἐπὶ
3034 2109 3113 2183 τῷ
3153 2110 3435 2183 συμφώνῳ
3463 2110 3673 2175 ἑννοίας

394 2185 619 2265 εἰρήνην
657 2188 991 2258 ἠσπάζοντο.
2739 2184 2748 2192 ⁸

470 2283 557 2338 15.
593 2282 689 2338 Sat
707 2285 823 2341 scio
854 2296 906 2343 te
934 2304 1151 2345 rursum
1173 2291 1710 2350 contradictionibus
1734 2294 1961 2351 studen-

396 2384 529 2440 tem,
558 2376 826 2447 ingerere.
858 2388 912 2434 et
939 2385 1219 2452 quomodo
1258 2386 1650 2456 proprietatem
1697 2387 1976 2443 confusio-

397 2483 518 2523 nem
555 2486 661 2525 non
693 2472 1022 2540 introdm-et,
1069 2477 1161 2547 qui
1215 2478 1434 2547 asserit,
1478 2481 1776 2550 procedere
1803 2479 1974 2551 Spiri-

2085 2483 2267 2553 λέγειν
2306 2483 2706 2555 ἐκπορεύεσθαι
2752 2485 2815 2538 τὸ
2857 2483 3083 2555 Πνεῦμα
3108 2485 3204 2537 καὶ
3234 2485 3299 2538 ἐκ
3343 2482 3442 2536 τοῦ
3496 2481 3669 2548 Υἱοῦς

397 2570 513 2613 tum
543 2570 597 2615 et
621 2577 685 2616 ex
708 2561 886 2619 Filio?
912 2563 1023 2634 Ego
1056 2566 1153 2622 tibi
1184 2567 1391 2640 scripto
1421 2568 1637 2624 traditis
1664 2569 1972 2625 auctorita-

2101 2573 2251 2651 Ἐγὼ.
2278 2575 2335 2629 δέ
2371 2592 2454 2630 σοι
2478 2576 2566 2631 διὰ
2594 2576 2888 2649 γραφικῶν
2931 2577 3292 2645 παραστήσας
3351 2574 3671 2646 μαρτυριῶν

395 2652 563 2718 tibus,
592 2652 809 2711 Triadis
855 2658 1266 2727 propriissimas
1309 2661 1671 2739 proprietates
1694 2660 1807 2739 [tria
1861 2661 1974 2718 lucc

2087 2667 2165 2732 ὡς
2195 2668 2251 2721 αἱ
2280 2667 2380 2738 τῆς
2410 2667 2643 2739 Τριάδος
2672 2668 2881 2741 κυρίως
2927 2670 3191 2738 ἰδιότητες
3213 2669 3279 2722 τὰ
3311 2667 3441 2738 τρία
3494 2668 3671 2720 ταῦτα
3704 2728 3711 2743 ﬂ

397 2746 619 2801 nomina
662 2763 807 2813 esse,
840 2749 1099 2820 {Patrem
1152 2752 1376 2819 Filium,
1408 2763 1463 2810 et
1508 2753 1773 2825 Spiritum
1807 2771 1963 2839 com-

2083 2759 2331 2830 δνόματά
2359 2760 2494 2826 εἰσι,
2524 2760 2583 2819 τὸ
2611 2745 2829 2832 Πατὴρ,
2863 2759 2993 2823 Υἱός
3015 2776 3096 2822 τε,
3132 2761 3227 2813 καὶ
3281 2757 3532 2828 Πνεῦμα,
3569 2756 3670 2827 τὴν

398 2846 735 2904 monstrans,
773 2850 922 2895 tuam
956 2843 1096 2900 hanc
1116 2844 1609 2903 contradictionem
1634 2847 1967 2904 convellam.

2087 2852 2188 2925 σὴν
2216 2852 2425 2927 ταύτην
2450 2854 2777 2926 ἀντίρρησιν
2809 2853 3219 2923 ἀποτρέψομαι*
3248 2855 3296 2906 εί
3328 2854 3435 2924 γὰρ
3474 2852 3508 2921 ή
3574 2867 3642 2905 κυ

393 2923 439 2978 Ε
465 2929 606 2981 enim
621 2930 665 2985 si
687 2946 810 2985 vera
827 2934 1130 3001 preprietas
1148 2934 1409 3005 Spiritus,
1426 2937 1528 2993 boc
1550 2938 1725 3008 ipsum
1746 2948 1850 3005 est,
1871 2955 1974 2995 non

2088 2944 2219 3016 ρίως
2252 2944 2452 3016 ἰδιότης
2475 2944 2572 2999 τοῦ
2627 2945 2947 3016 Πνεύματος
3001 2946 3137 3000 αὐτὸ
3180 2944 3346 2997 τοῦτό
3401 2948 3541 3006 ἐστι,
3606 2942 3669 2996 τὸ

394 3034 520 3074 esse
551 3038 675 3076 eum
719 3022 959 3093 Patrem,
1008 3043 1187 3099 neque
1212 3028 1434 3093 Filium,
1464 3031 1556 3086 sed
1591 3034 1969 3089 tantummodo

2089 3039 2230 3110 μήτε
2263 3037 2489 3107 Πατέρα
2526 3034 2669 3093 εἶναι
2714 3039 2872 3104 αὐτὸ,
2921 3039 3061 3108 μήτε
3121 3036 3271 3099 Υίδν,
3318 3036 3456 3090 ἀλλὰ
3508 3035 3669 3106 μόνον

399 3111 690 3179 Spiritum,
723 3124 778 3170 et
808 3116 1069 3186 Spiritum
1114 3118 1291 3174 Patris
1319 3131 1373 3176 ct
1412 3119 1558 3189 Filii,
1588 3124 1794 3194 poteris
1842 3124 1972 3179 hinc

2086 3129 2338 3201 Πνεῦμα,
2367 3130 2464 3184 καὶ
2501 3130 2732 3201 Πνεῦμα
2758 3130 2975 3201 Πατρδς
3004 3129 3096 3185 καὶ
3133 3128 3288 3192 Υἱοῦ,
3314 3129 3459 3199 ἔχεις
3482 3125 3664 3181 ἐντεῦ-

398 3217 652 3262 arcurate
686 3208 1029 3279 dignoscere,
1075 3226 1142 3267 ea
1188 3213 1400 3269 ratione
1442 3230 1551 3285 qua
1596 3215 1831 3286 Spiritus
1863 3215 1974 3271 Pa-

2089 3220 2183 3275 θεν
2215 3220 2463 3292 ἀκριϐῶς
2489 3221 2922 3290 διαγνῶναιζότι,
2947 3221 3139 3293 ὥσπερ
3170 3220 3399 3290 Πνεῦμα
3429 3218 3668 3289 Πατρὸς,

400 3297 520 3360 tris.
557 3307 611 3352 et
645 3301 885 3370 Spiritus
931 3300 1055 3358 Filii
1104 3312 1329 3361 sanctus
1376 3306 1617 3378 Spiritus
1655 3308 1883 3374 dicitur,
1927 3318 1974 3365 et

2092 3315 2187 3369 καὶ
2218 3312 2443 3383 Πνεῦμα
2470 3314 2600 3367 Υἱοῦ
2636 3314 2696 3368 τὸ
2725 3312 2881 3384 ἅγιον
2911 3314 3130 3383 λέγεται
3167 3311 3409 3383 Πνεῦμα,
3463 3316 3557 3364 καὶ
3610 3309 3668 3363 αι

398 3389 767 3459 liypostaseon
792 3393 1157 3464 pr0prietates
1189 3411 1299 3452 non
1325 3398 1763 3468 confunduntur,
1792 3403 1974 3457 eadem

2088 3404 2199 3459 τῶν
2232 3405 2592 3459 ύποστάσεων
2611 3405 2873 3478 ἰδιότητες
2893 3405 2955 3459 οὐ
2979 3405 3374 3475 συγκέχυνται,
3405 3402 3550 3456 οὕτω
3571 3401 3668 3455 καὶ

398 3498 523 3536 eum
558 3498 597 3538 at
621 3485 779 3541 nobis
804 3501 871 3541 ex
922 3488 1086 3543 Patre
1126 3491 1424 3558 procedere
1456 3493 1682 3560 dicitur,
1716 3504 1769 3550 et
1811 3510 1841 3550 a
1878 3496 1974 3550 Ro«

2088 3498 2216 3551 ὅταν
2238 3497 2359 3553 καθ’
2389 3499 2540 3569 ἡμᾶς
2573 3499 2673 3568 μὲν
2698 3500 2763 3551 ὲκ
2802 3497 3018 3569 Πατρδς
3051 3496 3452 3568 ἐκπορεύεσθαι
3501 3492 3667 3564 λέγηεί

2166 2304 2252 2353 ιε’.
2277 2292 2409 2352 Οἶδα
2441 2297 2710 2379 ὄτιπάλιν
2744 2297 3066 2370 βουλόμενος
3092 2297 3395 2366 ἀντιλέγειν
3429 2314 3542 2366 μοι,
3577 2297 3672 2352 καὶ

2098 2390 2241 2457 πῶς,
2272 2394 2487 2462 φήσεις,
2522 2391 2582 2445 ού
2619 2390 2880 2462 σύγχυσις
2915 2391 3025 2447 τῶν
3058 2391 3336 2462 ίδιοτὴτων
3395 2389 3550 2443 ἔσται
3613 2388 3671 2442 τίη

396 3580 668 3635 munisex
697 3581 858 3636 Patre
885 3592 941 3638 et
972 3582 1134 3648 Filio,
1180 3584 1534 3641 inconfusum
1577 3588 1975 3659 proprietatum

399 3676 735 3730 conservari.
774 3676 840 3728 At
886 3691 1139 3746 quamam
1191 3688 1320 3733 sunt
1364 3678 1596 3748 hujusce
1627 3682 1980 3752 proprietatis

397 3767 605 3837 scripta
668 3766 1019 3823 testimonia?
1066 3766 1376 3840 Nyssenus,
1411 3772 1654 3827 secunda
1719 3775 1982 3829 adversus

398 3857 728 3935 Eunomiutu
762 3858 1009 3914 oratione
1037 3874 1054 3914 :
1081 3876 1100 3912 ι
1132 3857 1534 3930 Hypostaseon,
1559 3862 1657 3928 ait,
1676 3866 1982 3934 proprietas

398 3961 644 4020 apertam
680 3960 735 4006 ct
780 3950 1129 4006 inconfusant
1174 3952 1342 4007 elIicit
1373 3969 1737 4023 personarum
1783 3958 1983 4013 distin-

397 4046 673 4110 ctionem,
697 4043 897 4110 Patris,
941 4044 1191 4115 inquam,
1226 4054 1279 4100 et
1308 4044 1453 4113 Filii,
1489 4057 1543 4102 et
1587 4047 1827 4117 Spiritus
1855 4065 1983 4104 san-

398 4141 469 4193 rti
519 4158 531 4194 :
587 4140 673 4194 liis
711 4139 858 4193 enim
919 4139 1438 4208 compellationibus
1491 4155 1601 4195 non
1657 4151 1977 4197 naturarum

398 4231 696 4285 discrimen
774 4229 1117 4298 edocemur,
1204 4231 1341 4291 sed.
1387 4232 1537 4287 solas
1612 4231 1980 4303 bypostascon

397 4325 709 4396 exploratas
773 4324 1149 4394 praprietates.
1183 4325 1612 4395 Cltrysostomus
1638 4327 1691 4380 in
1716 4341 1824 4380 uno
1850 4340 1981 4381 suo-

398 4434 520 4471 rum
555 4431 874 4472 sermonum
918 4415 1035 4472 haec
1062 4416 1240 4488 inquit
1272 4434 1288 4471 :
1330 4435 1348 4469 ι
1387 4415 1781 4487 Proprietatem
1829 4418 1977 4473 enim

398 4532 411 4560 ι
435 4526 522 4564 um
541 4510 752 4576 dixero,
777 4508 992 4566 Patrem
1016 4506 1231 4563 Patrem
1254 4508 1565 4580 intelligito,
1596 4518 1655 4564 et.
1672 4506 1868 4564 Filium
1892 4508 1979 4564 Fi-

2084 3604 2201 3655 ται,
2247 3588 2391 3642 κατὰ
2440 3587 2497 3642 δὲ
2543 3588 2671 3651 τοὺς
2713 3587 3022 3658 Ῥωμαίους
3056 3591 3118 3642 ὲκ
3144 3588 3358 3658 Πατρὸς
3389 3587 3483 3641 καὶ
3508 3584 3665 3650 Υἱοῦ,

2086 3679 2149 3732 τὸ
2187 3679 2501 3749 ἀσύγχυτον
2522 3679 2634 3734 τῶν
2670 3678 2956 3748 ἰδιοτήτων
2989 3681 3312 3750 τετήρηται.
3337 3679 3494 3741 Τίνες
3520 3677 3576 3731 δὲ
3607 3678 3665 3731 αι

2084 3774 2361 3842 γραφικαὶ
2417 3772 2518 3842 τῆς
2571 3771 2833 3843 τοιαύτης
2886 3771 3151 3843 ἰδιότητος
3227 3771 3560 3842 μαρτυρίαις
3605 3770 3665 3823 ’0

2087 3864 2315 3932 Νύσσης
2355 3863 2413 3916 έν
2440 3862 2520 3933 τῷ
2547 3864 2671 3917 κατ’
2703 3862 2973 3933 Εύνομίου
2999 3864 3239 3935 δευτέρῳ
3278 3865 3421 3933 λόγῳ
3472 3858 3663 3924 αὑτοῦ,

2092 3973 2111 4007 ι
2133 3955 2200 4009 Ἠ
2220 3954 2331 4007 τῶν
2366 3953 2777 4021 ύποστάσεων,ι
2817 3954 3008 4023 φησὶν,
3048 3970 3069 4005 ι
3103 3953 3304 4023 ἰδιότης
3335 3953 3543 4023 τρανὴν
3569 3949 3665 4003 καὶ⁵

2084 4045 2397 4117 ἀσύγχυτον
2434 4047 2671 4099 ποιεῖται
2703 4043 2937 4115 τὴντῶν
2990 4043 3303 4116 προσώπων
3352 4040 3661 4111 διαστολὴν,

2082 4138 2297 4209 Πατρδς
2326 4136 2471 4206 λέγω
2500 4137 2597 4190 καὶ
2646 4134 2803 4197 Υεοῦ.
2858 4124 2954 4189 καὶ
2982 4136 3143 4204 ἁγίου
3189 4133 3539 4211 Πνεύματος.
3563 4131 3663 4186 Διὰ

2083 4231 2196 4301 γὰρ
2219 4229 2333 4283 τῶν
2370 4229 2616 4301 κλήσεων
2638 4226 2848 4282 τούτων
2882 4226 2945 4281 οὺ
2973 4227 3191 4296 φύσεων
3218 4226 3487 4296 διαφορὰν
3518 4225 3661 4279 διδα-

2086 4324 2356 4394 σκόμεθα,
2394 4323 2531 4378 ἀλλὰ
2551 4322 2725 4389 μόνας
2749 4323 2852 4385 τὰς
2874 4321 2986 4375 τῶν
3038 4321 3398 4375 ύποστάσεων
3460 4335 3661 4388 γνωρι-

2083 4419 2277 4482 στικάς
2311 4418 2607 4489 ίδιὸτητας.
2639 4435 2658 4470 ι
2706 4417 2769 4471 '0
2797 4416 3185 4485 Χρυσόστομος
3213 4415 3271 4468 εν
3293 4431 3402 4493 τινι
3430 4414 3539 4467 τῶν
3562 4413 3662 4466 αύ-

2082 4509 2178 4564 τοῦ
2209 4510 2387 4579 λόγων
2417 4509 2559 4564 οὕτω
2590 4509 2780 4581 φησιν’
2820 4526 2838 4561 ι
2890 4509 3159 4578 ’ἰδιότητα
3180 4507 3290 4576 γὰρ
3330 4508 3462 4561 ὅταν
3496 4505 3661 4572 εἴπω,

399 4609 512 4658 ium
539 4616 636 4670 ,.et
658 4604 921 4673 Spiritum
962 4613 1214 4659 sanctum
1264 4602 1526 4673 Spiritum
1571 4613 1849 4659 sanctum.
1887 4603 1974 4660 Haa

2085 4603 2176 4658 τὸν
2204 4603 2424 4674 Πατέρα
2451 4604 2675 4674 Πατέρα
2714 4606 2931 4672 νόησον,
2957 4602 3052 4654 τὸν
3086 4601 3215 4653 Υίδν
3276 4600 3425 4666 Υἱὸν,
3475 4600 3569 4652 καὶ
3604 4601 3662 4651 τὸ

397 4696 543 4752 enim
579 4696 937 4767 proprietates
965 4710 1074 4750 non
1100 4704 1512 4751 convertuntur.
1548 4693 1684 4751 Nam
1742 4711 1849 4751 non
1876 4713 1976 4768 po-

400 4799 507 4843 test
530 4790 687 4845 Pater
720 4786 893 4845 Filius
911 4803 1060 4852 esse,
1091 4797 1187 4843 aut
1205 4788 1378 4844 Filius
1408 4787 1589 4854 Pater,
1615 4798 1711 4845 aut
1742 4788 1982 4859 Spiritus

399 4888 638 4948 sanctus
658 4879 859 4944 Pater,
907 4888 997 4935 aut
1029 4879 1223 4936 Filius.
1259 4898 1280 4934 ι
1334 4881 1401 4936 Et
1441 4881 1612 4937 abbas
1660 4881 1980 4938 Theodorus

398 4973 780 5043 philosophus,
811 4972 988 5029 (Haec
1010 4973 1311 5028 triaxnihilo
1340 4973 1615 5030 intersese
1645 4974 1980 5039 discordant,

402 5066 506 5121 nisi
538 5064 892 5120 solummodo
924 5067 1275 5136 proprietate,
1311 5067 1456 5121 hunc
1483 5067 1697 5123 scilicet
1720 5083 1841 5124 esse
1877 5068 1981 5124 Pa-

338 5230 355 5247 ,
402 5167 563 5226 trem,
595 5159 742 5213 hunc
790 5157 1014 5222 Filium,
1046 5157 1201 5213 illum
1248 5157 1511 5215 Soiritum
1536 5167 1808 5216 sanctum.
1849 5179 1867 5212 ι

336 5338 339 5349 ’
378 5329 386 5341 ’
475 5342 566 5397 16.
609 5339 780 5395 Visne
808 5347 862 5395 et
901 5338 1049 5394 aliud
1079 5354 1226 5395 nunc
1267 5339 1320 5394 in
1368 5355 1599 5396 examen
1634 5341 1999 5411 proponere?

402 5436 514 5498 Ait,
543 5434 768 5504 e/fundi,
816 5433 1085 5504 progredi,
1135 5449 1405 5500 emanare,
1445 5444 1499 5488 et
1538 5435 1761 5498 similia,
1788 5435 1889 5491 etsi
1927 5435 1979 5488 iu

403 5525 681 5581 nonnullis
729 5524 866 5581 locis
913 5524 1263 5595 reperiuntur
1308 5524 1378 5580 de
1413 5522 1620 5595 Spiritu
1655 5536 1864 5581 asserta
1913 5542 1982 5581 ex

403 5616 587 5679 Patre,
621 5616 973 5671 essentialem
1004 5615 1248 5671 indicant
1291 5625 1346 5671 et
1393 5618 1701 5673 naturalem
1739 5618 1886 5674 illius
1909 5633 1974 5673 ex

404 5708 566 5765 Patre
585 5710 960 5765 exsistentiam
985 5726 1003 5766 :
1024 5724 1132 5765 non
1163 5725 1321 5781 mque
1354 5725 1508 5779 vero,
1534 5727 1660 5767 cum
1691 5728 1754 5767 ea
1780 5712 1980 5768 dicun-

405 5815 496 5857 tur
524 5818 588 5858 ex
638 5802 800 5870 Filio,
848 5802 1110 5870 inferunt,
1157 5804 1481 5861 naturaliter
1509 5814 1565 5860 et
1604 5805 1975 5863 essentialiter

407 5896 672 5962 Spiritum
708 5911 830 5953 esse
869 5913 934 5953 ex
963 5897 1121 5966 Filio,
1150 5897 1242 5953 sed
1272 5913 1347 5955 ex.
1378 5911 1446 5956 eo
1483 5898 1816 5968 spiritalium
1856 5915 1981 5954 mu-

2085 4695 2314 4765 Πνεῦμα
2342 4698 2404 4749 τὸ
2427 4696 2585 4765 ἅγιον
2616 4695 2843 4767 Πνεῦμα
2870 4694 3046 4764 ἅγιον.
3079 4686 3250 4748 Δῦται
3275 4693 3385 4762 γὰρ
3441 4692 3499 4746 αῑ
3538 4690 3661 4744 ἰδιό-

2080 4803 2243 4856 τητες
2268 4787 2367 4840 οὐκ
2397 4787 2843 4858 ἀναστρέφονται
2866 4804 2880 4820 ο
2906 4786 2966 4840 ού
2998 4786 3223 4841 δύναται
3256 4786 3365 4857 γὰρ
3392 4786 3420 4838 ὁ
3473 4782 3662 4853 Πατὴρ

2081 4877 2213 4942 Υἱὸς
2251 4877 2416 4956 εζναι,
2447 4878 2479 4950 ἦ
2508 4881 2537 4932 ὀ
2566 4880 2697 4944 Υἱὸς
2729 4878 2941 4950 Πατὴρ,
2972 4878 3004 4948 ἢ
3046 4879 3106 4932 τὸ
3136 4876 3362 4947 Πνεῦμα
3389 4870 3461 4928 to
3504 4876 3662 4943 ἆγιον

2082 4969 2222 5025 εἶναι
2255 4971 2467 5043 Πατὴρ,
2498 4971 2531 5043 ἢ
2562 4971 2715 5035 Υἱός.
2769 4990 2804 5024 -ι
2842 4971 2953 5027 Καὶ
2990 4969 3020 5024 ὁ
3077 4969 3251 5034 ἀϐϐἄς
3308 4967 3585 5038 Θεόδωρος
3632 4965 3663 5018 ὁ

2083 5062 2395 5139 φέᾎᾴσοφος,
2439 5082 2459 5117 ε
2499 5062 2705 5130 Ταῦτα,
2751 5064 2907 5136 φησὶ,
2938 5063 3007 5117 τὰ
3060 5063 3188 5134 τρία
3228 5061 3381 5115 οὐδὲν
3415 5060 3662 5132 ἀλλήλων

2081 5155 2431 5228 διαφέρουσιν
2478 5158 2528 5210 si
2566 5156 2641 5229 μὴ
2680 5158 2840 5228 μόνον
2882 5156 3025 5210 κατὰ
3058 5155 3127 5210 τὰ
3159 5156 3444 5225 ίδιὼματα,
3480 5156 3574 5208 καὶ
3599 5153 3662 5207 τὸ

2081 5252 2174 5303 τὸν
2209 5251 2308 5320 μὲν
2332 5247 2474 5304 εἶναι
2505 5250 2749 5319 Πατέρα,
2788 5236 2880 5304 τὸν
2906 5250 2967 5303 δὲ
2983 5250 3134 5313 Υἱδν,
3159 5248 3219 5303 τὸ
3240 5248 3298 5301 δὲ
3315 5246 3558 5319 Πνεῦμα.
3574 5267 3593 5296 ι

2159 5342 2257 5408 ις’.
2291 5342 2356 5396 Τί
2387 5341 2568 5413 βούλει
2598 5342 2808 5413 ἀπάρτι
2834 5343 2930 5396 καὶ
2958 5341 3148 5410 ἕτερον
3202 5339 3525 5411 προσθεῖναι
3580 5340 3661 5404 είς

2085 5436 2312 5507 σκέψινς
2345 5435 2450 5503 ὅτι,
2485 5436 2640 5504 φησὶ,
2692 5436 2755 5489 τὸ
2786 5434 3165 5503 προχεῖσθαι,
3213 5431 3509 5500 :zpoi’érat,
3563 5433 3660 5486 καὶ

2082 5526 2457 5592 ἀναϐλύζειν,
2487 5528 2580 5580 καὶ
2614 5528 2683 5580 τὰ
2711 5526 2955 5587 τοιαῦτα,
2989 5524 3038 5577 ει
3082 5524 3176 5576 καὶ
3219 5522 3369 5578 ἐστιν
3394 5519 3458 5579 οῦ
3501 5524 3658 5592 λεγό-

2086 5639 2224 5694 μενα
2247 5619 2494 5691 περὶτοῦ
2534 5620 2855 5689 Πνεύματος
2900 5621 2966 5673 ὲκ
2996 5617 3231 5688 Πατρὸς,
3261 5618 3537 5683 ούσιωδῶς
3564 5618 3659 5691 δη·

2082 5715 2234 5768 λοῦσι
2266 5714 2359 5768 καὶ
2385 5713 2655 5782 φυσικῶς,
2699 5712 2969 5783 ὑπάρχειν
3002 5709 3136 5762 αὐτὸ
3165 5710 3229 5762 ἐκ
3254 5709 3488 5781 Πατρόςο
3542 5710 3658 5763 ἀλλ’

2085 5807 2186 5860 οὐκ
2212 5806 2351 5859 ἐπὰν
2372 5804 2644 5873 λέγωνται
2671 5802 2845 5856 ταῦτα
2874 5801 2969 5855 καὶ
3001 5802 3065 5853 ὲκ
3089 5797 3183 5853 τοῦ
3231 5798 3383 5864 Υίοῦ,
3432 5798 3657 5868 δηλοῦσι

2085 5898 2146 5953 τὸ
2177 5898 2422 5963 φυσικῶς
2452 5898 2547 5952 καὶ
2591 5894 2862 5958 οὐσιωδῶς
2905 5893 3175 5964 ὑπάρχειν
3212 5890 3274 5945 τὸ
3308 5891 3528 5961 Πνεῦμα
3564 5893 3657 5946 καὶ
