4070 6596
429 458 501 521 F3
1546 451 1644 513 DE
1685 444 1980 511 umens
2018 434 2566 502 ECCLESIARUM.
3434 520 3457 521 ί
3566 519 3574 521 Α
3621 392 3708 511 εις

437 573 503 635 lx
523 566 619 622 τοῦ
650 568 807 632 Υἱοῦ,
834 568 971 623 ἀλλὰ
996 568 1096 640 τὴν
1131 567 1192 633 ἔξ
1239 566 1408 622 αὑτοῦ
1457 564 1566 620 τῶν
1622 550 2012 633 πνευματικῶν

2118 568 2313 609 norum
2344 542 2806 607 distributionem.
2841 536 2937 592 Dic
2969 532 3154 594 sodes,
3185 525 3308 599 quis
3343 537 3373 640 οῗ

434 664 800 735 χαρισμάτων
824 665 1110 741 διανομήν.
1138 656 1364 726 Ἀλλ’,ὧ
1386 660 1664 730 ἁγαπητὲ,
1698 658 1891 730 πρῶτα
1914 657 2014 726 μὲν

436 757 522 820 τίς
546 756 658 810 τῶν
684 757 859 824 ἁγίων
888 758 1081 828 εἷρηκε
1124 756 1320 822 τοῦτο;
1366 753 1675 823 Ἐρωτῶντί
1730 769 1822 823 μοι
1871 753 2011 805 ἀπο-

438 851 681 921 κρίθητι.
718 850 795 904 Οὑ
836 850 947 920 γὰρ
988 851 1178 914 ἁπλῶς
1221 850 1594 920 ἐκλαμϐάνειν
1614 848 1685 902 τὰ
1731 848 1869 919 πρὸς
1920 845 2013 900 τὸν

435 941 598 1009 λόγον
623 941 718 995 τοῦ
745 943 1017 1011 δόγματος
1047 941 1474 1012 συμϐαλλόμενα
1513 942 1732 1011 ἑκάστῳ
1773 940 2011 1008 ἐφεῖται,

435 1034 553 1089 ἀλλ’
584 1033 659 1098 ὡς
687 1037 735 1088 oi
770 1034 1013 1102 θεολόγοι
1061 1035 1171 1089 τῶν
1230 1035 1492 1104 Πατέρων
1532 1033 1864 1103 παρέδοσαν·
1915 1033 2013 1085 καὶ

435 1126 600 1180 τοῦτο
631 1127 726 1194 οὑχ
760 1128 947 1190 ἁπλῶς
974 1129 1094 1181 ἐστι
1146 1127 1244 1182 καὶ
1297 1126 1489 1196 ὀλίγην
1532 1126 1673 1197 ἔχων
1721 1124 2010 1195 διαφορὰν,

444 1219 563 1287 εἴγε
618 1221 681 1274 τὸ
733 1221 835 1290 μὲν
886 1224 950 1275 ἐκ
1006 1223 1223 1293 Πατρός
1277 1221 1604 1293 προχεῖσθαι
1667 1220 1729 1273 τὸ
1788 1220 2014 1288 Πνεῦμα

433 1313 531 1366 καὶ
557 1313 813 1382 προϊέναι
851 1314 947 1367 καὶ
976 1314 1302 1380 ἁναδλύζειν
1347 1315 1408 1369 τὸ
1442 1314 1501 1379 ἐξ
1530 1311 1696 1367 αὑτοῦ
1745 1312 2013 1381 ὑπάρχειν

430 1403 711 1467 οὑσιωῖῶς
784 1405 845 1459 τὸ
909 1406 1141 1477 Πνεῦμα
1229 1406 1471 1478 ἐδήλουν,
1545 1407 1608 1459 τὸ
1659 1404 1718 1457 δὲ
1801 1405 1893 1457 καὶ
1948 1404 2014 1456 ὲκ

432 1493 529 1546 τοῦ
605 1495 736 1549 Υξοῦ
823 1497 1166 1569 προχεῖσθαι,
1231 1498 1328 1553 καὶ
1393 1499 1662 1569 προϊέναι,
1741 1497 1836 1552 καὶ
1879 1496 2013 1549 ἁνα-

429 1584 651 1650 6>.ὑζειν
750 1591 831 1651 εἰς
910 1590 1080 1662 ἄλλην
1137 1591 1263 1647 τινὰ
1336 1590 1862 1662 παραλαμϐάνονται
1928 1588 2014 1642 ἔν-

433 1695 604 1734 νοιαν.
662 1681 837 1751 Εἴπερ
907 1684 1017 1753 γάρ
1073 1700 1160 1748 τις
1216 1679 1286 1755 ἦν
1346 1684 1406 1738 ἐν
1470 1682 1685 1746 τούτοις
1752 1682 2011 1753 διαφορὰ,

432 1772 551 1836 πῶς
577 1774 643 1826 ἂν
667 1775 766 1827 καὶ
797 1775 1166 1846 ἀπεσιωπὴθη
1201 1776 1354 1848 παρὰ
1397 1777 1507 1832 τῶν
1555 1778 1655 1842 τὴν
1718 1778 2011 1848 ἀκρίϐειαν

430 1853 918 1938 ἐπισκεψιμένωίι,
944 1870 1017 1941 μή
1046 1870 1130 1923 τοί
1152 1886 1215 1939 γε
1245 1873 1325 1934 είς
1350 1871 1516 1936 αὐτὰ,
1545 1872 1689 1943 ἆπερ
1747 1875 1828 1935 εἰς
1876 1873 2011 1928 αὑτὸ
2038 1900 2087 1961 Β

429 1960 496 2013 τὸ
522 1962 818 2029 κεφάλαιον
844 1965 1015 2036 δρῶσι
1041 1964 1136 2019 τοῦ
1161 1965 1453 2036 δόγματος,
1485 1966 1622 2021 ἀλλὰ
1645 1965 1741 2020 καὶ
1761 1967 1857 2033 είς,
1874 1966 2010 2021 ἄλλα

430 2052 615 2124 πολλῴ
632 2055 840 2110 τούτων
873 2058 1221 2131 μετριώτερα
1247 2060 1306 2113 ἐν
1340 2059 1417 2132 τῷ
1467 2062 1819 2132 παρορᾶσθαι
1881 2061 2013 2133 βλά-

432 2163 592 2201 πτειν
625 2148 924 2218 δοκοῦντα;
951 2152 1154 2223 Πρῶτα
1181 2152 1281 2224 μὲν
1312 2148 1406 2208 οῦν
1436 2156 1715 2227 ἐρωτῶντι
1741 2174 1833 2228 μοι
1872 2159 2014 2214 ἀπο·

432 2237 681 2310 κρίθητι,
709 2242 1016 2298 ειτοιοῦτον
1040 2244 1185 2316 ἔχεις
1214 2247 1411 2300 εἰπεῖν·
1439 2248 1634 2304 ἔπειτα
1667 2251 1725 2305 δὲ
1760 2252 2016 2307 ὑποτιθε-

436 2334 588 2403 μένῳ
622 2334 880 2407 πείσθητι
910 2337 970 2390 ὲν
1003 2341 1123 2401 ταῖς
1156 2339 1518 2409 δογματικαῖς
1553 2342 1784 2410 λέξεσιν,
1822 2345 1908 2416 ἐφ’
1938 2341 2015 2401 ὦν

430 2427 485 2480 oi
518 2428 762 2500 Πατέρες
791 2431 1060 2502 διαφορὰν
1084 2435 1146 2487 οὑ
1176 2434 1462 2502 δεδώκασι,
1505 2438 1580 2511 μὴ
1611 2436 1788 2503 οὕτως
1811 2440 2013 2511 ἀπερι-

433 2520 690 2586 σκέπτως
721 2523 780 2588 ἐξ
809 2523 1005 2579 ἑαυτοῦ
1059 2526 1263 2581 διδόναι
1310 2529 1594 2600 διαφοράν.
1654 2531 1860 2585 "one:
1918 2533 2016 2586 καὶ

432 2614 539 2667 οὑκ
564 2614 824 2685 εὔστοχος
849 2620 880 2685 ή
913 2618 1014 2687 τῆς
1046 2619 1305 2691 τοιαύτης
1330 2622 1542 2676 ἐπίνοια
1564 2623 1849 2695 διαψορᾶς,
1873 2642 2013 2692 γνω-

436 2705 704 2776 σθὴσεταί
733 2724 815 2760 σοι
850 2710 1229 2780 ἀπροσπαθῶς
1259 2712 1493 2779 ἐπιόντι,
1542 2714 1690 2786 ἅπερ
1745 2716 1840 2769 νῦν
1872 2733 2011 2787 γρα-

435 2798 575 2866 φικὰ
606 2800 915 2871 ἑκθήσομαί
950 2819 1034 2857 σοι
1069 2805 1227 2875 ῥητὰ,
1259 2804 1294 2859 ἃ
1321 2807 1414 2860 καὶ
1440 2806 1656 2878 ἔχουσιν
1695 2807 1888 2871 οὕτως’
1924 2811 2014 2863 Ἐν

433 2893 550 2954 τοῖς
587 2898 915 2963 πρακτικοῖς
946 2898 1047 2967 τῆς
1078 2899 1136 2951 ὲν
1165 2899 1375 2972 Nimia;
1401 2901 1628 2973 πρώτης
1683 2903 1928 2964 συνόδου,
1954 2906 2011 2957 ἐν

433 2982 519 3050 οἷς
541 2982 697 3041 εἶπον
721 2990 772 3042 οί
815 2990 1057 3060 Πατέρες
1101 2993 1239 3062 πρὸς
1279 2994 1370 3047 τὸν
1431 2996 1728 3066 Φιλόσοφον
1774 2997 1869 3051 διὰ
1916 2996 2010 3051 τοῦ

434 3080 742 3134 ἐπισκόπου
769 3084 1046 3149 Λεοντίου,
1078 3078 1153 3139 ὧν
1191 3087 1371 3156 ῥητῶν
1401 3090 1433 3158 ή
1468 3090 1634 3159 ἀρχὴ,
1689 3109 1707 3143 ι
1771 3091 2011 3144 Κάκεῖνο

435 3170 493 3223 δὲ
517 3172 760 3240 νοητέον,
797 3167 843 3227 ὦ
868 3176 1010 3245 φίλε,
1041 3175 1226 3232 λοιπὸν
1261 3179 1359 3249 τῆς
1418 3179 1677 3245 ἀληθείας
1723 3181 2009 3250 Φλόσοιρε,

371 3320 380 3328 ,
435 3262 686 3335 εὓρηται.
718 3265 790 3319 Τὸ
825 3269 1047 3339 Πνεῦμα
1082 3271 1516 3341 ἐκπορευόμενον
1549 3274 1647 3342 μὲν
1679 3274 1744 3326 ὲκ
1772 3274 2009 3344 Πατρὸς,

436 3355 569 3410 ἴδιον
601 3358 658 3411 δὲ
692 3360 788 3413 τοῦ
825 3361 954 3415 Υἱοῦ
1000 3363 1095 3416 καὶ
1126 3364 1183 3429 ἐξ
1211 3364 1372 3417 αὑτοῦ
1409 3365 1729 3431 amarum.-
1773 3386 1790 3418 ι
1828 3368 1892 3420 Τί
1929 3384 2013 3421 σοι

433 3450 669 3505 ἐνταῦθα
698 3455 779 3518 τὸ,
823 3475 841 3507 ι
873 3457 937 3509 ἐκ
977 3456 1071 3509 τοῦ
1104 3457 1236 3510 Υίοῦ
1269 3458 1612 3525 ἁναὸλύζειν,
1646 3478 1663 3511 ι
1697 3458 1844 3512 δοκεῖ
1878 3477 1893 3525 ;
1924 3460 2016 3513 οὖ-

436 3546 647 3607 σιωδῶς
697 3549 846 3602 δοκεῖ
866 3550 1265 3622 ἀναδλύζειν,ἢ
1307 3553 1608 3618 ὰνουσίωςς
1644 3556 1757 3609 Οὐκ
1784 3550 1901 3608 οἶδα
1931 3556 2014 3619 τίς

431 3638 699 3708 τολμήσει
741 3641 1005 3704 ἁνουσίως
1034 3644 1180 3713 ἐρεῖν
1199 3659 1213 3674 ·
1242 3646 1290 3696 εἰ
1322 3645 1378 3698 δὲ
1402 3646 1686 3709 ἐνουσίως,
1747 3649 1840 3699 καὶ
1895 3649 2015 3700 ἐνυ-

433 3731 736 3799 ποστάτως,
767 3735 1006 3797 πάντως.
1026 3735 1099 3788 Τὸ
1131 3735 1187 3788 δὲ
1220 3736 1493 3800 οὑσιωδῶς
1516 3739 1610 3789 καὶ
1631 3740 2014 3806 ἐνυποστάτως

432 3821 759 3889 ἀναϐλύζειν
775 3826 838 3877 ὲκ
854 3826 950 3878 τοῦ
976 3826 1101 3880 Υῐοῦ
1125 3827 1177 3880 τί
1203 3826 1268 3881 ἂν
1282 3828 1568 3883 ἄλλοέσται
1589 3830 1621 3902 ἢ
1663 3832 1722 3884 τὸ
1740 3832 2014 3898 οὑσιωδῶς

432 3913 706 3985 ὑπάρχειν
734 3914 999 3984 ὲξαὺτοῦς
1023 3920 1084 3973 Εἰ
1104 3919 1159 3971 δὲ
1180 3921 1271 3972 καὶ
1290 3923 1598 3990 μαρτυρίας
1625 3922 1706 3975 δεῖ
1730 3923 1812 3976 σοί
1845 3941 2010 3990 τινος,

430 4006 580 4069 ὅπως
615 4009 649 4076 ἡ
671 4008 765 4061 τοῦ
789 4009 1100 4080 Πνεῦματο;
1123 4010 1440 4079 ἁνὰσλυσις,
1469 4015 1646 4067 εῑτουν
1667 4016 1696 4068 ό
1725 4018 2014 4086 πηγατῖμὲς

429 4098 830 4171 οὑσιώδηςὲστὶ
850 4105 942 4154 καὶ
972 4103 1356 4170 ἐνυπόστατος,
1403 4108 1436 4176 ἡ
1465 4106 1557 4160 τοῦ
1583 4108 1819 4178 μεγάλου
1848 4104 2013 4163 Burri?-

429 4192 579 4246 λείου
593 4196 996 4267 ἀναγνωσθήτω
1012 4214 1091 4251 σοι
1111 4200 1288 4269 ῥῆσις,
1304 4200 1371 4272 ἣν
1387 4202 1442 4254 ὲν
1459 4201 1534 4272 τῷ
1552 4216 1619 4255 πε
1629 4205 1679 4273 pi
1700 4204 2014 4275 Πνεῦματος

429 4284 656 4356 λόγῳεοῦ
683 4291 715 4359 ἠ
739 4293 899 4361 ἁρχὴ,
926 4291 1411 4363 «Ἐνθυμηθὼμεν,
1432 4296 1581 4349 πᾶσα
1604 4296 1748 4367 ψυχὴ
1777 4297 2014 4368 ζητοῦσα

432 4381 683 4450 περὶτῶν
716 4380 898 4446 θείων,
918 4401 935 4434 ι
968 4385 1123 4454 φησί.
1142 4386 1223 4439 Τὰ
1240 4387 1349 4455 γὰρ
1374 4389 1491 4441 ἐκεῖ
1521 4388 1664 4442 οὕτω
1686 4389 1905 4460 δηλοῦσι
1923 4392 2013 4446 τὸν

430 4474 526 4526 τοῦ
565 4476 887 4546 Πνεῦματος
920 4483 1236 4549 πηγασμόν.
1273 4500 1290 4533 ι
1343 4482 1417 4535 Τὸ
1466 4483 1690 4555 Πνεῦμα
1744 4486 1804 4538 τὸ
1853 4487 2008 4555 ᾶγιον

428 4567 587 4620 οὐδὲν
619 4569 678 4619 ὲν
704 4569 884 4640 ἐαυτῷ
913 4572 1207 4641 ἐπίκτητον
1241 4574 1365 4645 ἕχον
1432 4576 1602 4641 ἐστὶν,
1658 4576 1772 4630 ἀλλ’
1826 4580 2012 4645 ἀϊδίως

3375 540 3408 579 ιι
3431 519 3690 576 Patrihus

2117 646 2170 701 id
2210 641 2491 700 asseruit?
2530 628 2896 703 lnterroganti
2949 622 3086 681 mihi
3134 617 3409 690 responde
3444 630 3461 669 :
3511 624 3690 679 neque

2113 738 2259 795 enim
2309 732 2641 804 simpliciter.
2672 702 2763 794 ea,
2805 736 2928 794 quae
2972 718 3039 775 ad
3093 716 3362 771 rationem
3416 702 3687 778 dogmatis

2114 830 2425 893 conferunt,
2458 835 2742 883 assumere
2772 816 3107 883 cuicunque,
3134 817 3195 862 ut
3221 800 3527 863 allubescit,
3553 811 3689 852 con-

2113 923 2344 986 ceditur,
2378 919 2474 975 sed
2499 926 2557 972 ut
2584 912 2818 982 theologi
2845 910 3035 965 Patres
3067 903 3431 960 tradiderunt.
3473 893 3539 949 Et
3582 893 3688 946 hoc

2114 1031 2291 1085 neque
2314 1011 2635 1082 simpliciter
2663 1005 2931 1077 prolatum
2964 1009 3048 1056 est
3066 1011 3243 1067 neque
3270 993 3529 1061 exiguum
3556 999 3690 1041 con-

2114 1082 2249 1159 tinet
2296 1102 2620 1164 discrimen,
2662 1097 2708 1153 si
2752 1111 2819 1151 ex
2860 1095 3022 1147 Patre
3076 1086 3279 1144 eﬂundi
3312 1084 3598 1154 Spiritum.
3633 1082 3691 1130 et

2112 1198 2423 1271 proreuire,
2464 1205 2518 1251 et
2564 1206 2845 1253 emanare,
2876 1192 2954 1247 fex
2982 1188 3123 1255 ipso,
3167 1197 3287 1238 esse
3322 1173 3691 1232 essentinliter

2113 1263 2376 1360 Spiritum
2397 1286 2707 1358 signiﬁcant
2733 1280 3044 1337 manifesto.
3063 1293 3129 1330 ex
3150 1273 3288 1329 Filio
3310 1284 3440 1324 vero
3457 1263 3707 1325 ell‘uuili,:

2113 1392 2167 1439 et
2195 1381 2503 1451 provenire,
2537 1385 2592 1432 et
2621 1389 2882 1430 emanare
2930 1371 2984 1426 iu
3017 1369 3180 1425 aliam
3228 1362 3520 1435 quamdam
3561 1370 3691 1411 sen-

2115 1449 2337 1530 tentiam
2359 1471 2564 1528 trahas.
2592 1468 2798 1523 Etenim
2823 1465 2864 1521 si
2885 1479 3007 1534 quae
3028 1470 3147 1515 erat
3174 1459 3228 1512 in
3254 1457 3340 1510 his
3361 1449 3688 1511 dim-rentia,

2113 1568 2387 1640 quomodo
2441 1561 2659 1618 silentio
2709 1558 2948 1614 involuta
3002 1562 3088 1611 est
3126 1553 3193 1607 ah
3244 1550 3332 1613 iis,
3383 1547 3476 1616 qui
3522 1556 3688 1613 quam

2113 1657 2466 1714 exactissime
2522 1651 2947 1711 examinarunt,
3009 1661 3116 1700 non
3176 1649 3385 1697 tantum
3439 1649 3524 1696 ea,
3568 1645 3690 1702 quae

2114 1762 2384 1805 summam
2416 1743 2690 1814 dogmatis
2724 1738 3048 1809 respiciunt,
3079 1734 3170 1790 sed
3206 1740 3258 1785 et
3285 1730 3389 1784 alia
3412 1726 3581 1781 multo
3608 1720 3691 1778 his

2117 1839 2435 1902 minutiora,
2477 1851 2598 1906 qua:
2650 1843 2930 1902 utrunque
2977 1823 3247 1898 neglecta'
3284 1821 3481 1877 laedere
3526 1829 3706 1899 neno:

2116 1933 2251 1989 tium
2286 1904 2612 1984 videbantur
2644 1925 2932 1981 ?Primum
2963 1923 3151 1990 itaque
3201 1911 3530 1982 respondeto
3554 1904 3689 1960 mihi

2118 2020 2406 2094 quaerenti,
2442 2021 2488 2076 si
2544 2019 2672 2087 quid
2722 2016 2900 2073 simile
2940 2012 3039 2067 lilii
3079 2007 3320 2080 suppetit
3344 2000 3689 2097 dicendum:

2113 2123 2302 2185 postea
2342 2109 2592 2166 suadenti
2622 2106 2977 2175 monentique
3007 2094 3254 2163 eredito,’
3278 2095 3333 2150 in
3369 2093 3702 2162 dogmaticis

2114 2181 2473 2269 dictionibus,
2517 2201 2586 2256 de
2635 2199 2836 2270 quibus
2890 2197 3081 2252 Patres
3129 2189 3428 2247 discrimen
3480 2181 3697 2241 nullum

2115 2298 2478 2360 tradiderunt,
2516 2310 2624 2349 non
2648 2308 2768 2347 esse
2799 2290 2939 2345 adeo
2969 2296 3175 2342 temere
3207 2293 3262 2339 et
3294 2281 3413 2336 sine
3439 2273 3695 2332 examine

2116 2406 2146 2447 a
2181 2389 2473 2458 temetipso
2499 2385 2795 2442 discrimen
2827 2377 3177 2436 tradendum.
3213 2372 3387 2443 Hujus
3417 2381 3547 2424 vero
3574 2365 3693 2419 dis-

2116 2483 2364 2540 criminis
2386 2489 2753 2535 commentum
2779 2482 2974 2547 praeter
3003 2485 3118 2527 rem
3144 2484 3264 2526 esse
3280 2471 3644 2537 cognoscetur
3661 2472 3691 2511 a

2115 2585 2185 2644 te,
2210 2573 2507 2630 dummodo
2532 2569 2727 2625 aﬂex‘tu
2755 2582 2960 2624 vacuus
2983 2548 3344 2635 percurreris,
3361 2573 3483 2628 qua:
3506 2556 3558 2609 in
3579 2569 3694 2608 me-

2113 2670 2263 2724 dium
2290 2668 2511 2722 all‘cram
2528 2666 2693 2729 dicta,
2716 2672 2769 2717 et
2791 2661 2862 2716 ita
2884 2676 2942 2715 se
2961 2658 3182 2713 habent.
3214 2654 3274 2709 In
3302 2653 3439 2707 actis
3462 2647 3695 2702 Nicaeum

2114 2761 2300 2831 prima:
2317 2759 2529 2830 synodi,
2545 2757 2743 2826 quibus
2755 2752 2945 2806 Patres
2962 2747 3284 2820 philosopho
3298 2759 3390 2813 per
3405 2740 3692 2796 Leontium

2112 2853 2428 2923 episcopum
2461 2848 2880 2919 responderunt.
2919 2845 3187 2898 dictorum
3216 2835 3550 2909 principium
3587 2839 3694 2896 est,

2119 2943 2282 2999 illluil
2308 2942 2493 3006 etiam,
2518 2940 2693 2995 amice
2730 2936 3076 3007 philosophe.
3104 2927 3561 2987 considerandum
3587 2932 3694 2989 est,

2115 3037 2260 3106 quod
2281 3040 2553 3105 superest,
2573 3032 2736 3100 hujus
2757 3027 3024 3083 veritatis.
3049 3044 3067 3076 ι
3095 3025 3151 3079 in
3174 3023 3298 3088 illis,
3332 3023 3581 3091 inquam,
3603 3032 3693 3070 re-

2115 3127 2342 3198 peritur,
2377 3124 2643 3196 rSpii-itus
2668 3131 2891 3178 sanctus
2920 3117 3223 3189 procedens
3253 3114 3471 3185 quidem
3503 3127 3568 3165 ex
3595 3109 3696 3163 Pa-

2117 3226 2216 3281 tre,
2241 3219 2495 3287 proprius
2528 3229 2660 3268 vero
2683 3212 2828 3275 Filii,
2854 3220 2907 3266 et
2937 3226 3000 3265 ex
3037 3210 3157 3279 ipso
3195 3206 3509 3261 exsiliens.»
3548 3200 3691 3268 Quid

2040 3346 2084 3404 α
2124 3295 2218 3366 iibi
2254 3310 2357 3363 hoc
2397 3308 2450 3362 in
2489 3307 2610 3363 loro
2652 3305 2808 3369 illud,
2860 3322 2879 3355 ι
2917 3319 2983 3357 ex
3018 3300 3154 3355 Filio
3193 3298 3436 3362 exsilire,
3474 3313 3493 3347 ι
3549 3292 3700 3347 vit’e-

2121 3407 2246 3457 tur?
2319 3400 2756 3456 essentialiterne
2829 3396 3042 3451 videtur
3097 3391 3322 3447 exsilire
3356 3429 3372 3456 ,
3431 3386 3517 3442 vel
3575 3386 3697 3441 sine

2115 3492 2400 3549 essentia?
2448 3491 2644 3546 Nescio
2693 3505 2762 3544 an
2798 3486 2997 3558 aliquis
3030 3493 3244 3541 tantum
3297 3497 3466 3537 ausus
3504 3478 3691 3546 fuerit,

2115 3596 2176 3642 ut
2213 3587 2417 3656 absque
2461 3583 2701 3640 essentia
2744 3580 2910 3635 dicat.
2951 3577 3109 3645 Quod
3150 3577 3198 3630 si
3230 3584 3378 3630 'cum
3425 3572 3691 3636 essentia,

2117 3680 2308 3749 utique
2354 3687 2408 3732 et
2459 3676 2512 3731 in
2561 3673 2847 3747 hypostasi
2876 3713 2890 3736 ,
2940 3687 3063 3727 cum
3113 3673 3259 3740 quod
3303 3662 3693 3723 essentialiter,

2115 3771 2342 3827 omnino
2374 3777 2429 3825 et
2465 3769 2519 3823 in
2558 3767 2837 3840 hypostnsi
2868 3773 3110 3821 emanat.
3154 3750 3549 3817 Essentialiter'
3569 3767 3695 3808 vero

2115 3875 2170 3920 et
2201 3865 2255 3919 in
2292 3861 2569 3935 hypostasi
2602 3840 2917 3916 exsilire’ex
2948 3855 3120 3921 Filio,
3155 3853 3289 3925 quid
3323 3850 3471 3906 aliud
3502 3846 3691 3912 fuerit,

2116 3973 2281 4026 quam
2316 3954 2685 4012 essentialiter
2724 3968 2847 4009 esse
2879 3967 2943 4005 ex
2977 3949 3137 4021 ipso?
3170 3945 3325 4013 Quod
3358 3944 3401 4000 si
3439 3941 3691 3997 testimo-

2116 4051 2208 4105 nio
2246 4049 2476 4117 indiges,
2508 4046 2785 4116 quomodo
2809 4042 3047 4114 Spiritus
3071 4040 3370 4102 emanatio,
3398 4036 3515 4092 sive
3543 4032 3698 4090 elﬂu—

2118 4160 2223 4199 xus
2255 4140 2566 4197 csseutialis
2597 4147 2702 4203 est,
2731 4137 2861 4194 etin
2896 4133 3203 4208 hypustasi,
3229 4143 3489 4202 percurre
3512 4125 3692 4193 magni

2114 4234 2301 4290 Basilii
2337 4233 2568 4302 dictum,
2607 4230 2753 4300 quod
2785 4228 2874 4283 ille
2905 4227 3153 4282 oratione
3179 4225 3246 4278 de
3274 4220 3506 4292 Spiritu,
3535 4215 3696 4286 cujus

2116 4327 2446 4398 principium
2478 4331 2583 4390 est,
2615 4343 2633 4377 ι
2666 4321 3039 4377 Recordemur
3066 4317 3249 4373 omnis
3283 4315 3466 4369 anima
3505 4310 3573 4366 de
3608 4308 3694 4363 di-

2116 4420 2257 4475 vinis
2287 4434 2563 4488 qumrens,
2598 4434 2617 4467 ι
2656 4414 2903 4485 digessit.
2938 4411 3071 4477 Quae
3100 4409 3244 4463 enim
3279 4407 3352 4462 ibi
3389 4413 3691 4475 ponuntur,

2113 4529 2225 4569 non
2291 4514 2398 4566 alia
2466 4510 2681 4564 ratione
2746 4506 2986 4577 Spiritus
3043 4502 3300 4559 emuxum
3356 4498 3692 4570 signiﬁcant.

2120 4606 2413 4675 «Spiritus
2463 4612 2692 4657 sanctus
2751 4600 2892 4655 nihil
2948 4599 3003 4655 in
3065 4613 3125 4654 se
3181 4596 3299 4665 ipso
3353 4590 3691 4648 adscititium

428 4662 611 4715 πάντα
642 4662 764 4732 ἔχον
788 4665 862 4728 ὡς
893 4665 1114 4735 Πνεῦμα
1144 4667 1302 4731 Θεοῦ,
1330 4670 1423 4723 καὶ
1456 4670 1513 4736 ἐξ
1551 4670 1716 4724 αὑτοῦ
1742 4677 2002 4742 πεφηνὸς,

2115 4662 2296 4762 hab-et,
2347 4698 2440 4752 sed
2475 4698 2542 4750 ah
2574 4708 2778 4750 aeterno
2813 4692 2998 4747 omnia
3046 4662 3313 4762 possidet,
3352 4695 3409 4741 ut
3451 4684 3693 4754 Spiritus

429 4756 603 4810 αἴτιον
634 4758 798 4810 αὑτὸν
820 4758 964 4828 ἔχον,
986 4759 1061 4823 ὡς
1092 4762 1275 4831 πηγὴν
1298 4762 1520 4831 ἑαυτοῦ,
1541 4764 1795 4817 κάκεῖθεν
1826 4767 2010 4834 πηγά-

429 4846 546 4911 ζον,
570 4850 724 4925 πηγὴ
749 4849 804 4903 δὲ
835 4851 968 4904 αὐτὸ
998 4853 1105 4905 τῶν
1137 4855 1560 4925 προειρημένων
1593 4857 1839 4925 ἀγαθῶν·
1888 4858 2007 4913 ἀλλ’

428 4942 564 4994 αὐτὸ
590 4944 692 5011 μὲν
718 4946 782 4995 ἐκ
818 4943 952 4997 Θεοῦ
980 4944 1228 5016 πηγάζον
1260 4948 1623 5002 ὲνυπόστατόν
1648 4952 1764 5005 ἐστι
1789 4968 1803 4984 ο
1830 4953 1900 5006 τὰ
1947 4952 2006 5007 δὲ

428 5037 490 5101 ἐξ
518 5036 686 5088 αὑτοῦ
723 5035 1042 5106 πηγὰζοντα
1078 5039 1358 5109 ἐνέργειαι
1386 5041 1552 5094 αὑτοῦ
1584 5045 1742 5098 εἰσιν.
1778 5062 1797 5096 ι
1843 5044 2009 5118 Ὁρᾷς

426 5132 577 5197 ὅπως
598 5134 626 5185 ό
657 5132 747 5185 τοῦ
777 5134 1093 5205 Πνεῦματος
1124 5137 1418 5207 πηγασμδς
1452 5140 1819 5207 ὲνυπῦστατος
1847 5143 2003 5215 εἴρη-

426 5242 541 5289 ται;
578 5227 686 5278 Ka‘t
717 5230 799 5279 ὅτι
831 5229 929 5297 μὲν
961 5229 1331 5294 ὲνυπόστατος
1353 5234 1380 5284 ό
1405 5232 1500 5285 τοῦ
1534 5234 1855 5303 Πνεύματος
1898 5254 2007 5306 πη-

427 5318 798 5390 γασμὺς,εῐτε
839 5321 1133 5393 ἀνάὸλυσις
1163 5324 1339 5393 (οὐδὲν
1389 5325 1499 5396 γὰρ
1557 5326 1754 5382 διοίσει
1822 5348 2005 5401 πηγα-

432 5412 567 5477 σμον
601 5411 776 5465 εἰπεῖν
804 5414 900 5467 καὶ
932 5414 1274 5486 ἁνάὸλυσιν),
1304 5419 1368 5471 ὲκ
1390 5418 1491 5489 τῆς
1516 5419 1689 5485 οὕτως
1715 5422 2001 5494 ἀξιολόγου

428 5507 703 5574 γραφικῆς
735 5508 1042 5579 μαρτυρίας
1067 5511 1404 5567 συνίσταται.
1452 5514 1508 5565 Ὀ
1539 5514 1595 5567 δὲ
1624 5516 1776 5582 ἅγιος
1800 5517 2005 5588 Κύριλ-

427 5596 519 5679 λος
551 5599 610 5650 ὲν
641 5598 718 5668 τῷ
754 5601 890 5670 πρὸς
922 5600 1219 5673 Νεστόριον
1246 5602 1410 5674 λόγῳ,
1442 5588 1567 5677 οῦῌή
1606 5594 1770 5679 ἀρχὴ,
1837 5602 2002 5663 (Τοῦ

419 5677 899 5765 ἷῗῖεἶῆῥοῖῆμῶν
943 5692 1192 5766 λέγοντος
1221 5698 1502 5771 ἐναργῶς,
1564 5704 1624 5756 Ὀ
1672 5677 1839 5774 φιλῶν
1895 5707 2007 5760 Πα-

427 5786 561 5855 τέρα
597 5786 630 5858 ἢ
668 5791 881 5860 μητέρα
929 5791 1070 5864 ὑπὲρ
1125 5794 1227 5866 ἐμὲ
1278 5797 1379 5849 οὐκ
1430 5797 1547 5851 ἐστι
1603 5815 1705 5868 μου
1760 5798 1933 5864 ἄξιος,
1979 5818 1998 5852 ι

429 5878 594 5947 φησίν
642 5899 655 5912 ·
695 5900 713 5935 ι
754 5885 816 5939 Ei
865 5886 962 5939 καὶ
1015 5886 1163 5942 ἔστιν
1210 5890 1268 5943 ὲν
1325 5891 1622 5947 ὑποστάσει
1665 5892 1727 5947 τὸ
1783 5893 2005 5965 Πνεῦμα

505 6001 527 6032 ⁸
556 6000 745 6058 Matth.
778 6020 832 6070 ι,
871 6006 961 6061 37.

2113 4788 2228 4850 Dei,
2261 4798 2313 4843 et
2353 4803 2416 4842 ex
2446 4788 2567 4856 ipso
2596 4798 2890 4855 apparens,
2919 4781 3004 4837 sui
3037 4793 3263 4835 causam
3292 4790 3417 4832 eum
3452 4774 3690 4837 habens,

2114 4890 2173 4937 ut
2206 4882 2287 4933 sui
2331 4879 2504 4948 ipsius
2542 4877 2769 4943 imitcm,
2807 4876 3043 4945 indeque
3076 4885 3363 4932 emanans,
3407 4868 3530 4923 fons
3562 4881 3692 4921 vero

2110 4976 2227 5043 ipse
2269 4972 2651 5042 praedictorum
2704 4969 3000 5025 bonorum.
3048 4964 3152 5021 Sed
3203 4964 3321 5035 ipse
3369 4960 3589 5032 quidem
3625 4975 3689 5013 ex

2112 5064 2225 5120 Deo
2251 5066 2479 5121 emuens
2507 5065 2561 5119 in
2586 5062 2891 5136 hypostasi,
2921 5076 3042 5132 quin
3073 5073 3205 5115 vero
3236 5074 3302 5113 ex
3339 5072 3405 5112 eo
3439 5052 3690 5116 ellluunt,

2115 5161 2461 5229 operationes
2491 5157 2665 5226 ipsius
2688 5158 2856 5213 sunt?
2884 5175 2902 5208 ι
2935 5154 3101 5211 Vides
3131 5168 3241 5223 quo
3265 5160 3426 5223 pacto
3453 5148 3692 5220 Spiritus

2090 5233 2347 5308 'eﬂluxus
2376 5253 2771 5322 enhypostatus
2806 5250 2984 5305 dictus
3008 5247 3127 5303 est?
3149 5245 3215 5301 Et
3235 5244 3473 5315 Spiritus
3497 5242 3552 5297 in
3589 5240 3691 5311 hy-

2113 5348 2321 5416 pustasi
2364 5346 2595 5401 eﬂluxus
2619 5385 2634 5408 ,
2672 5344 2788 5400 sive
2819 5342 3095 5398 emanatio
3127 5339 3288 5414 (nihil
3319 5338 3465 5393 enim
3494 5333 3687 5397 refert,

2113 5440 2229 5492 sive
2259 5437 2515 5492 emuxum
2552 5438 2667 5493 sive
2700 5437 3103 5505 emanationem
3137 5432 3391 5497 dixeris).
3422 5431 3526 5484 hoc
3553 5428 3690 5482 adeo

2105 5532 2414 5586 mstimaliili
2457 5532 2667 5602 scripto
2723 5531 3041 5587 testimonio
3091 5527 3505 5584 constabilitur.
3543 5520 3683 5577 San-

2107 5635 2230 5679 ctus
2248 5624 2515 5696 Cyrillus,
2557 5627 2810 5685 oratione
2838 5626 2905 5681 ad
2929 5623 3270 5688 Nestorium,
3298 5620 3459 5691 cuius
3484 5617 3689 5689 princi-

2106 5718 2279 5787 pium,
2339 5737 2359 5770 ι
2413 5718 2705 5775 Servatore
2767 5728 2956 5773 nostro
3027 5717 3204 5786 palam
3256 5715 3505 5770 edicente
3537 5710 3688 5780 ,Qui

2108 5818 2256 5863 amat
2307 5819 2517 5879 patrem
2565 5818 2619 5865 et
2679 5822 2906 5863 matrem
2951 5823 3114 5877 super
3151 5821 3260 5869 me,
3313 5821 3422 5861 non
3467 5812 3554 5862 est.
3603 5819 3689 5856 me

2103 5898 2324 5971 dignus,
2363 5917 2383 5954 ι
2422 5900 2599 5972 inquit
2630 5902 2650 5934 ³
2679 5918 2692 5954 :
2727 5921 2746 5954 ι
2785 5901 2936 5955 Licet
2960 5901 3031 5955 sit
3062 5904 3114 5955 in
3144 5900 3419 5973 hypostasi
3449 5898 3689 5970 Spiritus
