4070 6598
416 405 486 471 55
1483 412 1693 476 JOAN.
1732 414 1947 475 YECCI
1990 426 1994 463 4

2099 464 2101 473 ,
2142 413 2648 479 ΡΑΤΠῘΛΒΓΠΕ
3601 409 3671 473 ίό

410 520 655 592 propria,
702 530 757 577 et
794 520 907 591 jam
943 519 1285 593 intelligatur
1317 522 1624 579 secundum
1681 538 1740 578 se
1785 524 1989 593 ipsum,

2099 524 2265 594 ίδικῇ,
2304 527 2399 577 καὶ
2436 524 2501 596 δὴ
2552 525 2755 578 νοεῖται
2816 522 2939 578 καθ’
2972 523 3157 589 ἑαυτὸ,
3184 520 3306 576 καθ’
3359 521 3388 576 ὃ
3445 521 3669 592 Πνεῦμα

413 626 520 682 qua
555 609 792 682 Spiritus
817 620 921 680 est,
966 622 1023 669 et
1055 629 1160 669 non
1222 614 1414 682 Filius,
1458 624 1838 670 verumtamen
1884 630 1990 669 non

412 713 498 759 est
519 705 732 761 alienus
774 705 844 761 ab
868 720 974 772 eo;
1020 705 1260 777 Spiritus
1291 706 1440 762 enim
1483 694 1732 762 veritatis
1762 706 1994 777 appella-

414 805 503 851 tus
524 810 628 863 est,
654 810 708 854 et
735 809 816 855 est
845 800 1095 855 Christus
1111 802 1336 866 veritas,
1360 812 1415 856 et
1437 801 1749 857 effunditur
1777 801 1844 856 ab
1867 802 1992 871 ipso

413 890 627 956 eadem,
671 907 779 962 qua
833 903 887 947 et
927 909 957 948 a
1009 893 1168 948 Patre
1206 893 1442 950 ratione.
1481 912 1501 948 ι
1550 893 1696 961 Quid
1744 894 1833 948 hic
1864 894 1994 949 ais?

414 979 713 1038 Videturne
752 983 888 1047 tibi,
943 982 1011 1038 de
1058 986 1341 1040 esscntiali
1376 985 1703 1042 exsistentia
1752 984 1993 1056 Spiritus

411 1087 475 1125 ex
528 1072 671 1128 Fiiio
724 1089 1031 1130 sermonem
1074 1075 1310 1141 haberi,
1368 1091 1492 1132 cum
1552 1082 1776 1133 sanctus
1838 1076 1988 1143 dicit,

411 1165 615 1221 effundi
659 1166 918 1236 Spiritum
966 1183 996 1222 a
1023 1168 1350 1241 Filioia’quc
1382 1181 1547 1241 atque
1576 1170 1878 1227 effunditur
1923 1173 1993 1227 ab

411 1260 530 1326 ipSo
567 1259 762 1314 Patre?
792 1276 861 1315 an
912 1276 1047 1317 vero
1095 1261 1163 1317 de
1206 1262 1479 1319 donorum
1526 1264 1992 1335 dispensatione?

410 1351 555 1403 ldcm
588 1350 726 1406 libro
773 1352 1018 1408 secundo
1050 1351 1489 1418 Thesaurorum,
1520 1370 1776 1410 sermone
1834 1354 1991 1421 cujus

410 1441 502 1495 illa
553 1442 850 1513 epigraphe
896 1452 1002 1510 est,
1050 1463 1069 1497 ι
1108 1444 1188 1498 Ex
1241 1444 1482 1500 essentia
1534 1442 1714 1499 Patris
1753 1452 1809 1499 et
1855 1443 1988 1501 Filii

413 1531 677 1601 Spiritum
725 1544 980 1589 sanctum
1033 1549 1176 1602 esse,
1214 1554 1233 1588 ι
1272 1536 1385 1591 ait:
1427 1553 1446 1588 ι
1487 1534 1626 1590 Cum
1657 1534 1842 1602 itaque
1872 1532 1994 1603 Spi-

409 1623 553 1678 ritus
579 1635 803 1681 sanctus
826 1627 892 1680 ad
933 1642 1036 1683 nos
1063 1627 1354 1696 accedens,
1385 1627 1706 1683 conformes
1739 1642 1842 1683 nos
1875 1624 1991 1682 efll-

305 1724 317 1732 ’
411 1719 487 1770 cit
546 1715 675 1780 Deo,
716 1718 1059 1790 progreditur
1105 1734 1242 1775 vero
1298 1728 1355 1776 et
1416 1736 1484 1776 ex
1540 1720 1702 1777 Patre
1734 1730 1790 1775 et
1824 1719 1987 1785 Filio,

412 1809 766 1867 manifestum
795 1826 879 1868 est
918 1813 1071 1869 illum
1105 1814 1303 1870 divinas
1344 1816 1599 1871 essentiae
1626 1830 1770 1881 esse,
1799 1830 1989 1871 essen-

412 1901 613 1959 tialitcr
641 1906 695 1958 in
735 1904 851 1972 ipsa
885 1916 940 1961 et
966 1921 1035 1961 ex
1067 1907 1181 1977 ipsa
1214 1907 1683 1979 progredientem,
1727 1907 1994 1979 quemad-

410 1996 635 2051 modum
690 2012 886 2068 nempe
932 2013 998 2054 ex
1045 2002 1293 2056 humano
1334 2016 1431 2057 ore
1460 2000 1622 2057 flatus
1669 2016 1994 2067 excurrens,

188 2102 197 2129 τ
236 2094 269 2157 μ’,
308 2132 319 2147 ,
414 2086 541 2141 licet
570 2087 854 2157 pusillum,
888 2102 990 2143 nec
1021 2099 1185 2145 tanta:
1233 2089 1522 2161 dignitatis
1552 2097 1865 2160 exemplum
1899 2091 1992 2145 sit.

411 2177 588 2248 Super
616 2180 758 2234 enim
783 2180 965 2236 omnia
984 2179 1126 2238 Deus
1147 2191 1250 2238 est.
1276 2202 1301 2235 ι
1327 2181 1630 2240 Considera
1659 2184 1749 2239 hic
1777 2197 1996 2253 quoque

411 2275 692 2341 quomodo
726 2274 934 2329 scribat
990 2276 1379 2332 sanctissimus
1414 2275 1673 2347 Cyrillns,
1710 2294 1727 2329 t
1768 2274 1996 2345 Progre-

409 2363 560 2417 ditur
613 2363 852 2434 Spiritus
906 2381 973 2422 ex
1019 2364 1180 2422 Patre
1235 2376 1289 2423 et
1337 2367 1500 2431 Filio,
1542 2386 1562 2419 ι
1611 2376 1667 2422 et
1702 2366 1992 2437 intelligis,

410 2455 779 2511 cssentialiter
805 2472 937 2535 pum
990 2458 1244 2529 progredi
1272 2468 1327 2514 et
1354 2474 1422 2514 ex
1451 2458 1614 2526 Filio,
1646 2474 1771 2514 cum
1807 2469 1863 2514 et
1902 2475 1994 2515 es-

411 2546 713 2601 sentiaiiter
762 2549 991 2616 prodeat
1039 2550 1202 2603 etiam
1265 2565 1328 2604 ex
1390 2548 1574 2607 Patre.
1633 2549 1702 2605 Et
1735 2550 1993 2620 profundi

410 2638 652 2705 quidem.
689 2640 962 2711 progredi,
989 2648 1042 2695 et
1067 2657 1345 2708 emanare,
1377 2650 1542 2712 atque
1570 2642 1775 2698 similia
1806 2658 1996 2699 essen-

411 2730 591 2785 tialcm
614 2731 850 2802 Spiritus
877 2749 944 2789 ex
970 2731 1133 2790 Patre
1164 2743 1217 2791 et
1249 2733 1389 2789 Filio
1417 2734 1797 2791 ersistentiam
1824 2736 1996 2792 deuo.

412 2834 550 2890 tare,
588 2824 702 2895 jam
735 2826 925 2889 dictis.
974 2840 1034 2882 ut
1055 2835 1213 2900 puto,
1256 2829 1587 2885 testimoniis
1637 2830 1775 2885 satis
1822 2830 1997 2884 abun-

412 2919 592 2989 deque
626 2924 1067 2975 demonstratum
1104 2931 1209 2977 est.

487 3010 574 3065 f7.
631 3011 789 3078 Quod
833 3028 967 3068 vero
1001 3014 1440 3070 consideratione
1468 3016 1691 3086 dignum
1735 3017 1900 3080 duco,
1934 3016 1987 3071 id

410 3118 562 3159 nunc
627 3105 837 3159 tradam
895 3105 1159 3160 orationi.
1212 3124 1231 3159 ι
1264 3105 1643 3177 Progreditur,
1675 3109 1817 3164 dixit
1866 3125 1995 3165 san-

2094 617 2191 672 καὶ
2215 617 2313 687 οὐχ
2347 618 2498 683 Υἱὸς,
2530 617 2649 672 ἀλλ’
2679 612 2775 672 οὖν
2809 617 2956 670 ἐστιν
2994 616 3097 670 οὑκ
3143 616 3428 685 ἀλλότριον
3477 614 3669 670 αὑτοῦ.

2094 710 2321 780 Πνεῦμα
2355 710 2466 780 γὰρ
2509 708 2770 779 ἀληθείας
2796 708 3137 779 ὠνόμασται,
3158 708 3252 760 καὶ
3287 706 3404 760 ἔστι
3437 705 3671 776 Χριστὸς

2091 805 2125 873 ἡ
2161 802 2407 871 ἀλήθεια,
2438 802 2534 855 καὶ
2563 803 2852 874 προχεῖται
2873 799 3005 871 παρ’
3034 799 3226 865 αὑτοῦ,
3257 798 3509 885 καθάπερ
3537 799 3674 867 ἀμέ-

2093 896 2177 950 λει
2206 896 2298 948 καὶ
2334 895 2399 948 ὲκ
2422 892 2515 947 τοῦ
2548 894 2784 966 Πατρός.
2819 913 2839 947 t
2872 893 2938 950 Τί
2973 893 3078 965 φὴς
3132 892 3368 947 ἐνταῦθα
3409 891 3539 961 περὶ
3576 889 3671 945 τοῦ

2094 985 2370 1047 οὑσιωδῶ;
2396 984 2669 1057 ὑπάρχειν
2700 985 2765 1038 τὸ
2795 983 3025 1056 Πνεῦμα
3054 984 3116 1050 ἐξ
3149 983 3323 1049 Υίοῦ;
3370 984 3532 1036 Δοκεῖ
3590 998 3675 1035 σοι

2095 1079 2371 1133 ποιεῖσθαι
2405 1078 2497 1131 τὸν
2520 1078 2682 1147 λόγον
2722 1078 2752 1130 δ
2792 1076 2972 1145 ἅγιος,
3027 1074 3357 1147 προχεῖσθαι
3403 1073 3579 1142 λέγων
3616 1075 3676 1126 τὸ

2094 1170 2319 1240 Πνεῦμα
2356 1170 2508 1242 παρὰ
2536 1169 2630 1223 τοῦ
2663 1167 2817 1235 Υίοῦ,
2851 1169 3107 1238 καθάπερ
3135 1169 3335 1239 ἀμέλει
3366 1168 3464 1221 καὶ
3494 1166 3554 1231 ἐξ
3576 1166 3677 1221 αὑ·

2091 1264 2189 1319 τοῦ
2219 1264 2316 1318 τοῦ
2350 1262 2588 1334 Πατρὸς,
2625 1262 2659 1334 ἢ
2692 1262 2825 1333 περὶ
2852 1262 3216 1333 χαρισμάτων
3258 1258 3565 1329 διανομῆ;;
3613 1254 3677 1311 Ὀ

2094 1359 2257 1422 αὐτὸς
2291 1360 2349 1411 ὲν
2377 1356 2456 1428 τῷ
2501 1356 2747 1425 δευτέρῳ
2778 1354 2886 1409 τῶν
2932 1354 3260 1425 Θησαυρῶν,
3308 1354 3366 1405 ἐν
3424 1350 3502 1420 τῷ
3534 1349 3679 1418 λόγῳ

2092 1445 2217 1521 οὗή
2256 1448 2563 1517 ἐπιγραφὴ,
2602 1465 2621 1499 ι
2654 1447 2782 1502 ’Ότι
2810 1448 2874 1500 ἐκ
2902 1446 3004 1515 τῆς
3059 1446 3261 1509 οὐσίας
3315 1443 3413 1497 τοῦ
3463 1441 3680 1510 Πατρός

2093 1541 2188 1596 καὶ
2213 1540 2305 1594 τοῦ
2342 1539 2470 1593 Υίοῦ
2511 1539 2571 1591 τὸ
2599 1537 2827 1609 Πνεῦμα
2855 1536 2917 1591 τό
2946 1539 3126 1606 ἅγιον,
3171 1554 3191 1590 ι
3248 1535 3415 1605 φησίν
3436 1545 3452 1563 '
3485 1550 3506 1585 ι
3549 1532 3682 1584 Ὀτε

2092 1632 2272 1686 τοίνυν
2308 1630 2370 1684 τὸ
2405 1628 2634 1699 Πνεῦμα
2657 1629 2718 1682 τὸ
2738 1629 2898 1697 ἅγιον
2935 1631 2993 1683 ὲν
3024 1630 3159 1700 ἡμῖν
3187 1627 3480 1696 γινόμενον
3533 1641 3677 1693 συμ-

2098 1721 2343 1793 μόρφους
2376 1721 2526 1791 ἡμᾶς
2559 1718 2909 1773 ἀποδεικνύει
2934 1718 3094 1785 Θεοῦ,
3122 1718 3341 1788 πρόεισι
3372 1714 3431 1768 δι
3464 1714 3561 1767 καὶ
3614 1715 3682 1766 ὲκ

2096 1814 2312 1886 Πατρδς
2342 1813 2436 1867 καὶ
2470 1812 2627 1879 Υξοῦ,
2667 1811 2934 1884 πρόδηλον
2954 1811 3038 1863 ὅτι
3069 1810 3171 1878 τῆς
3202 1807 3356 1871 θείας
3389 1806 3540 1859 ὲστίν
3574 1804 3669 1857 οὐ·

2100 1908 2243 1973 σίας,
2274 1905 2545 1970 οὑσιωδῶς
2572 1907 2630 1958 ὲν
2655 1905 2795 1975 αὐτῇ
2832 1904 2927 1959 καὶ
2961 1902 3021 1969 ἐξ
3045 1901 3218 1972 αὐτῆς
3247 1899 3461 1972 προῖόν·
3489 1897 3681 1967 ῶσπερ

2099 1999 2194 2058 οὖν
2221 2001 2414 2073 ἀμέλει
2442 1999 2537 2054 καὶ
2565 1997 2626 2051 τὸ
2652 1996 2713 2063 ἐξ
2737 1995 3082 2066 ἀνθρωπείου
3119 1994 3392 2063 στόματος
3418 1991 3685 2060 ἐκτρέχον

2098 2092 2427 2165 ἐμφύσημα,
2460 2091 2512 2145 εί
2544 2090 2642 2145 καὶ
2677 2089 2876 2160 μικρὸν
2916 2086 3012 2141 καί⁵
3043 2086 3147 2140 οὑκ
3199 2083 3354 2149 ἄξιον
3392 2081 3488 2135 τοῦ
3520 2082 3683 2147 λόγου

2097 2186 2161 2241 τὸ
2186 2186 2515 2256 ὑπόδειγμα·
2561 2181 2741 2237 πάντα
2770 2182 2879 2253 γάρ
2930 2177 3193 2251 ὑπερέχει
3241 2176 3409 2238 Θεός.
3456 2191 3476 2225 t
3533 2172 3685 2243 Ὀρα

2099 2278 2385 2335 κάνταῦθα
2421 2276 2540 2340 πῶς
2563 2293 2730 2347 φησιν
2761 2276 2789 2329 ὁ
2824 2273 3001 2344 μέγας
3046 2271 3106 2355 δν
3164 2267 3342 2337 ἁγίοις
3384 2264 3699 2355 Πέριλλοςὶ

2104 2390 2124 2423 ι
2166 2373 2211 2425 Π
2217 2372 2388 2444 ρόεισι
2412 2370 2474 2423 τὸ
2500 2368 2722 2441 Πνεῦμα
2745 2369 2810 2420 ἐκ
2832 2363 3043 2445 Harpe;
3062 2350 3176 2425 ’καὶ
3196 2350 3427 2425 ’Υἷοῦξι
3470 2356 3561 2411 καὶ
3588 2351 3685 2407 σῦ-

2098 2482 2187 2528 νες
2201 2444 2489 2525 ἶῦσιωδῶς
2522 2459 2657 2514 αὐτὸ
2686 2456 2953 2530 προϊέναι
2982 2459 3078 2508 καὶ
3113 2454 3178 2506 ἐκ
3206 2449 3302 2505 τοῦ
3336 2446 3489 2513 Υίοῦ,
3526 2445 3683 2497 ἐπει-

2096 2558 2271 2628 δήπερ
2310 2554 2585 2616 οὑσιωδῶς
2612 2552 2829 2624 πρόεισι
2862 2552 2959 2603 καὶ
2990 2548 3055 2600 ὲκ
3115 2543 3353 2616 Πατρός.
3419 2540 3563 2593 Ἀλλ’
3594 2538 3680 2590 ὅτι

2100 2650 2199 2721 μὲν
2228 2648 2287 2702 τὸ
2323 2644 2699 2715 προχεῖσθαι,
2726 2642 2823 2698 καὶ
2850 2639 3146 2710 προϊέναι,
3174 2639 3266 2690 καὶ
3293 2630 3683 2693 ἀναϐλύζειν,

2098 2744 2193 2797 καὶ
2219 2742 2289 2796 τὰ
2314 2739 2565 2805 τοιαῦτα,
2603 2739 2663 2794 τὸ
2706 2735 2985 2799 οὑσιωδῶς
3010 2734 3281 2805 ὑπάρχειν
3331 2729 3393 2783 τὸ
3456 2725 3683 2795 Πνεῦμα

2097 2835 2357 2906 δηλοῦσιν
2394 2836 2461 2887 ὲκ
2504 2832 2718 2906 Πατρδς
2753 2831 2852 2884 καὶ
2902 2827 3060 2895 Υίοῦ,
3108 2828 3199 2881 διὰ
3236 2824 3347 2879 τῶν
3388 2820 3681 2896 ῥηθεισῶν,

2098 2904 2175 2992 ὼς
2201 2925 2380 3000 οἶμαι,
2407 2904 2732 2999 μαρτυριῶν
2756 2923 2958 2987 ἱκανῶς
2993 2920 3397 2976 ἀποδέδεικται.

2174 3020 2259 3087 ιζ’.
2303 3019 2371 3074 '0
2403 3017 2459 3072 δέ
2492 3034 2589 3088 μοι
2619 3014 2857 3071 ἐνταῦθα
2878 3010 3203 3073 ἐπιστασίας
3234 3008 3488 3080 ἠξίωται,
3518 3002 3677 3059 τοῦτο

2096 3114 2257 3171 δώσω
2289 3111 2368 3183 τῷ
2390 3111 2557 3182 λόγῳ.
2589 3128 2609 3163 ι
2639 3107 2900 3175 Πρόεισιν
2920 3101 3077 3159 εἶπεν
3110 3105 3138 3157 ὁ
3166 3102 3323 3172 ἆγιος
3367 3100 3427 3153 τὸ
3453 3096 3683 3167 Πνεῦμα

412 3204 556 3259 ctus,
617 3193 855 3263 Spiritus
904 3211 973 3251 ex
1027 3196 1188 3253 Patre
1257 3208 1311 3253 et
1372 3198 1583 3265 Filio,»
1647 3210 1700 3255 et
1754 3202 1987 3256 duarum

2100 3211 2167 3264 ὲκ
2198 3206 2417 3278 Πατρὸς
2441 3205 2536 3259 καὶ
2566 3201 2725 3268 Υίοῦ,
2755 3220 2776 3255 ι
2805 3200 2900 3254 καὶ
2931 3192 3027 3253 δύό
3064 3194 3278 3250 τούτων
3325 3191 3683 3283 ὑποστάσεων

416 3285 612 3340 harum
675 3286 1047 3358 hypostaseon
1101 3286 1282 3342 Patris
1342 3296 1397 3343 et
1462 3288 1582 3343 Filii
1654 3290 1991 3346 mentionem

415 3376 584 3443 fecit;
640 3386 756 3433 tum
807 3392 875 3435 ne
923 3380 1048 3451 quis
1107 3395 1205 3451 per
1262 3379 1367 3436 has
1427 3379 1566 3437 duas
1624 3380 1990 3452 liypostases,

412 3476 551 3531 duas
594 3473 831 3546 Spiritus
884 3491 1081 3532 causas
1121 3474 1313 3531 inferri
1352 3476 1758 3547 suspicaretur,
1807 3476 1991 3531 statim

412 3570 723 3640 subjunxit,
764 3589 783 3623 ι
827 3570 982 3625 illum
1014 3570 1213 3627 divinae
1251 3586 1376 3626 esse
1410 3572 1688 3634 essentiae.
1719 3570 1993 3625 essentia-

416 3662 612 3717 literiu
646 3663 788 3734 ipsa,
832 3672 887 3720 et
927 3680 991 3718 ex
1027 3665 1142 3735 ipsa
1172 3664 1583 3735 provenientem
1610 3681 1624 3730 ;
1652 3682 1671 3716 ι
1706 3665 1759 3718 in
1803 3663 1993 3733 singu-

412 3754 513 3808 lari
573 3768 803 3809 numero
838 3754 1093 3820 efferens,
1143 3755 1279 3810 nihil
1310 3753 1464 3809 aliud
1524 3768 1755 3823 prorsus
1805 3762 1995 3807 osten-

413 3846 514 3911 dit,
545 3862 738 3916 quam,
776 3862 900 3903 cum
927 3862 993 3903 ex
1022 3846 1183 3903 Patre
1211 3855 1267 3903 et
1296 3845 1436 3901 Filio
1464 3845 1671 3901 diceret
1699 3844 1991 3917 Spiritum,

416 3953 527 3992 non
576 3947 837 4009 tanquam
907 3954 975 3994 ex
1033 3938 1246 3995 duabus
1301 3938 1485 3995 causis
1539 3952 1665 3993 eum
1718 3950 1995 3996 asserere.

413 4032 609 4086 Adhuc
661 4031 827 4086 etiam
880 4030 1224 4087 manifestius
1291 4046 1484 4086 rursus
1541 4029 1942 4085 demonstravit
1974 4068 1991 4093 ,

418 4140 527 4180 non
559 4139 678 4180 esse
707 4126 841 4179 duas
878 4119 1117 4194 Spiritus
1155 4139 1378 4190 causas,
1414 4138 1542 4178 cum
1597 4122 1689 4177 ille
1720 4138 1789 4178 ex
1837 4121 1997 4177 Patre

416 4226 471 4271 ct
497 4214 639 4270 Filio
666 4216 1005 4287 progcditur,
1034 4216 1164 4271 dum
1212 4216 1422 4282 subdit,
1473 4232 1493 4266 ι
1532 4214 1996 4285 quemadmodum

420 4325 613 4381 nempe
644 4320 695 4364 et
726 4326 790 4365 ex
822 4310 1064 4364 humano
1115 4322 1211 4365 ore
1247 4307 1409 4364 flatus
1440 4322 1763 4363 excurrens.
1799 4326 1819 4360 ι
1855 4305 1996 4362 Cum

418 4403 564 4458 enim
601 4413 761 4459 antea
805 4403 1051 4469 dixisset,
1087 4422 1107 4455 ι
1137 4417 1204 4459 ex
1251 4404 1410 4459 Patre
1460 4411 1515 4458 et
1567 4400 1708 4456 Filio
1747 4399 1997 4472 progredi

419 4495 705 4566 Spiritum,
745 4515 765 4550 ι
802 4512 909 4552 non
940 4496 1201 4552 adnexuit
1251 4495 1586 4564 inductioni,
1633 4496 1997 4564 quemadmo-

2096 3300 2317 3374 Πατρδς
2340 3298 2436 3352 καὶ
2461 3295 2594 3350 Υίοῦ
2632 3291 3065 3365 ἐμνημόνευσεν*
3094 3284 3213 3341 εἷτα
3241 3286 3317 3357 μή
3348 3300 3434 3347 τις
3450 3282 3571 3374 *διὰ
3620 3281 3681 3374 το

2096 3368 2285 3448 δυῖκδν
2317 3391 2426 3445 τῶν
2458 3386 2815 3442 ὑποστάσεων
2853 3382 2929 3447 ὡς
2960 3382 3026 3434 ὲκ
3073 3377 3168 3433 δύο
3198 3375 3388 3431 αίτίων
3421 3368 3562 3427 εἶναι
3622 3369 3685 3424 τδ

2098 3487 2331 3556 Πνεῦμα
2359 3484 2631 3554 οίήσαιτο,
2669 3477 2922 3549 ἐπήγαγε
2949 3470 3230 3545 παρευθὺς
3272 3470 3353 3522 ὅτι
3400 3468 3499 3536 τῆς
3533 3464 3684 3527 θείας

2097 3579 2247 3635 ἐστὶν
2264 3576 2477 3641 οὑσίας,
2509 3569 2787 3634 οὑσιωδῶς
2808 3572 2864 3622 ὲν
2893 3568 3030 3637 αὐτῇ
3060 3565 3155 3618 καὶ
3185 3562 3244 3629 ἐξ
3265 3562 3438 3632 αὐτῆς
3462 3557 3678 3628 προϊὸν,

2097 3670 2295 3734 ἑνικῶς
2323 3667 2484 3722 τοῦτο
2512 3666 2705 3729 είπὼν,
2760 3661 2915 3715 οὐδὲν
2971 3657 3102 3713 ἄλλο
3164 3654 3387 3717 πάντως
3433 3647 3685 3704 ἐντεῦθεν

2098 3760 2410 3835 ἐμφαίνων,
2461 3758 2496 3829 ἢ
2549 3756 2634 3810 ὅτι
2690 3754 2756 3807 ὲκ
2811 3750 3030 3824 Πατρδς
3055 3748 3152 3802 atati.
3208 3743 3340 3800 Υίοῦ
3396 3742 3569 3812 λέγων
3602 3738 3684 3835 Δτδ

2098 3831 2345 3923 Πνεῦμα,
2373 3851 2472 3922 οὑχ
2497 3850 2574 3913 ὡς
2609 3850 2671 3902 ἐκ
2702 3845 2798 3901 δύο
2826 3845 3018 3900 αἰτίων
3070 3841 3219 3909 λέγει
3265 3836 3420 3892 αὐτό.
3453 3834 3565 3889 Καὶ
3599 3831 3683 3886 ἔτι

2098 3946 2158 4001 δὲ
2184 3944 2575 4018 ἀριδηλότερον
2601 3938 2765 3996 πάλιν
2816 3937 3047 4006 ἐνέφηνε
3091 3933 3166 4005 μὴ
3229 3930 3324 3985 δύο
3379 3923 3520 3981 εἷναι
3583 3925 3684 4018 τὰς

2100 4014 2281 4101 αἰτίας
2307 4014 2403 4090 τοῦ
2432 4033 2579 4090 Πνεύ
2591 4048 2785 4104 ματος,
2817 4029 2959 4083 κατὰ
2986 4025 3049 4080 τδ
3080 4026 3145 4079 ἐκ
3167 4022 3382 4093 Πατρός
3424 4019 3519 4073 καὶ
3550 4014 3683 4072 Υίοῦ

2102 4131 2358 4204 προϊέναι
2389 4128 2543 4190 αὐτὸ,
2570 4129 2628 4182 ὲν
2650 4124 2729 4192 τῷ
2759 4121 3088 4191 ἐπαγαγεῖν,
3148 4116 3398 4184 «Ὥσπερ
3426 4111 3519 4165 οῦν
3548 4110 3688 4204 ἀμέ-

2100 4201 2184 4276 λει
2221 4220 2318 4275 καὶ
2348 4218 2411 4273 τὸ
2437 4217 2496 4285 ἐξ
2524 4214 2878 4288 ἀνθρωπείου
2942 4211 3218 4281 στόματος
3271 4204 3531 4274 ὲκτρέχον
3585 4201 3686 4268 ιμ-

2102 4313 2355 4385 φύσημα.
2388 4331 2407 4364 ι
2438 4309 2627 4364 Εἰπὼν
2665 4307 2777 4378 γὰρ
2815 4305 3086 4376 πρότερον
3149 4319 3168 4352 ι
3224 4300 3289 4352 ἐκ
3320 4295 3535 4365 Πατρδς
3587 4291 3687 4347 καὶ

2102 4406 2234 4461 Υίοῦ
2266 4402 2522 4477 προϊέναι
2541 4401 2601 4455 τὸ
2628 4398 2877 4468 Πνεῦμα,
2914 4414 2933 4449 ι
2984 4395 3046 4449 οὐ
3082 4390 3392 4462 προσέθηκε
3446 4389 3514 4457 τῇ
3554 4387 3684 4437 ἐπα-

2104 4500 2285 4571 γωγῇ,
2321 4496 2513 4566 ῶσπερ
2551 4489 2646 4548 οῦν
2673 4491 2771 4546 καὶ
2798 4491 2860 4543 τὸ
2891 4488 2952 4553 ἐξ
2980 4483 3339 4558 ἀνθρωπείων
3373 4477 3681 4549 στομάτων,

416 4587 549 4641 dum
589 4603 654 4642 ex
687 4586 945 4642 humanis
995 4587 1209 4653 oribus,
1257 4605 1276 4638 t
1307 4585 1404 4644 sed
1437 4601 1504 4642 ex
1534 4586 1781 4641 humano
1815 4600 1934 4649 ore,
1973 4603 1991 4637 ι

2104 4591 2243 4647 ἀλλά
2274 4589 2334 4642 τὸ
2356 4586 2416 4653 ἐξ
2445 4582 2792 4657 ἀνθρωπείου
2822 4579 3095 4650 στόματος
3127 4596 3147 4628 ι
3184 4572 3402 4635 ἑνικῶς.
3435 4571 3550 4640 Τὴν
3577 4583 3688 4621 τοι-

418 4695 649 4735 nuntero
673 4679 959 4746 singulari,
985 4688 1040 4735 et
1059 4679 1307 4751 ejusdem
1328 4680 1549 4735 unionis
1584 4675 1817 4749 speciem
1843 4677 2000 4733 exhi-

417 4776 574 4838 bens,
604 4775 734 4829 dum
773 4790 841 4829 ex
869 4774 1027 4830 Patre
1070 4782 1125 4830 et
1168 4773 1306 4829 Filio
1347 4772 1584 4843 Spiritus
1634 4771 1996 4842 progreditur.

420 4866 532 4922 lloc
550 4866 693 4921 idem
724 4865 871 4921 aliud
909 4866 1090 4936 magni
1122 4864 1316 4921 Basilii
1348 4864 1563 4919 dictum
1596 4863 1860 4933 scriptum
1905 4861 1998 4917 tibi

417 4958 786 5014 confirmabit.
830 4958 932 5013 Hic
986 4971 1226 5029 namque
1306 4957 1361 5011 in
1412 4971 1525 5012 uno
1586 4956 1799 5024 capite,
1843 4954 2001 5025 cujus

416 5051 554 5105 inscr
570 5048 724 5120 iptio,
744 5048 1019 5103 «Divinam
1047 5058 1295 5104 naturam
1313 5062 1433 5104 esse
1453 5045 1772 5119 Spiritum,»
1801 5045 1997 5101 tradit:

418 5141 654 5212 Spiritus
687 5141 832 5196 enim
857 5155 981 5197 cum
1023 5140 1227 5197 viventi
1255 5138 1435 5196 Verbo
1484 5140 1540 5195 in
1569 5140 1764 5194 eodum
1811 5136 2003 5193 ordine

416 5235 794 5293 collocaturad
814 5236 1132 5302 creandum,
1157 5236 1280 5291 viva
1299 5234 1497 5298 virtus,
1514 5242 1568 5290 et
1585 5243 1778 5288 natura
1795 5231 1997 5296 divina,

419 5328 736 5395 ineffabilia,
754 5343 821 5382 ex
842 5324 1101 5383 ineffabili
1124 5342 1219 5383 ore
1235 5327 1510 5384 exsistens
1531 5324 1788 5381 ineffabili
1814 5324 1996 5385 modo.

416 5431 473 5476 et
503 5437 597 5491 per
628 5419 876 5475 inﬂatum
920 5419 973 5474 in
1000 5420 1279 5477 hominem
1316 5420 1504 5483 missa,
1539 5434 1661 5489 qua:
1690 5416 1997 5472 secundum

418 5529 747 5585 torporeum
769 5530 800 5569 a
834 5513 1052 5569 Christo
1099 5523 1311 5584 typum,
1359 5519 1667 5574 ostensum,
1704 5525 1895 5564 rursus
1928 5508 1997 5563 ab

419 5623 487 5661 eo
534 5621 628 5676 per
658 5605 903 5661 inflatum
935 5604 1206 5661 restituta.
1262 5602 1605 5659 Concurrere
1655 5600 1802 5655 enim
1840 5600 2001 5655 debet

419 5717 542 5754 cum
567 5699 741 5770 prima
773 5698 1036 5764 novitate,
1069 5713 1131 5751 ea
1162 5713 1284 5766 qua:
1319 5710 1464 5750 nunc
1495 5695 1551 5749 fit
1604 5695 1901 5750 innovatio.
1935 5693 2001 5747 Et

420 5808 750 5848 concursum
768 5792 1037 5862 expressit
1055 5789 1302 5855 sufflans,
1323 5788 1462 5844 idem
1485 5788 1573 5843 ille
1586 5788 1878 5853 cxsistens,
1903 5787 1998 5857 qui

421 5902 453 5942 ι
486 5884 752 5957 ptint-ipio
794 5882 1114 5949 insufflauit,
1173 5881 1439 5953 idemque,
1476 5896 1571 5951 per
1627 5897 1791 5952 quem
1850 5880 1994 5936 Deus

2108 4684 2283 4754 αὐτην
2316 4682 2415 4750 τῆς
2443 4679 2700 4747 ἑνότητος
2729 4675 2991 4744 ἔμφασιν,
3019 4672 3079 4723 ὲν
3110 4667 3188 4737 τῷ
3229 4668 3294 4719 ὲκ
3328 4661 3543 4732 Πατρδς
3592 4659 3688 4754 καὶ

2109 4750 2246 4832 Υίοῦ
2280 4773 2533 4844 προϊέναι
2559 4769 2619 4823 τὸ
2650 4768 2900 4837 Πνεῦμα,
2937 4764 3031 4818 καὶ
3078 4760 3243 4831 ἑτέρα
3290 4774 3376 4821 τις
3434 4750 3683 4844 γραφικὴ

2111 4872 2272 4943 ῥῆσις
2313 4864 2409 4920 τοῦ
2446 4862 2686 4936 μεγάλου
2718 4857 3006 4914 Βασιλείου
3040 4850 3329 4926 βεϐαιώσει
3382 4862 3486 4901 σοι’
3529 4837 3685 4905 οὗτος

2110 4936 2330 5030 καὶγὰρ
2357 4961 2413 5013 ὲν
2433 4958 2513 5011 ἑνὶ
2532 4955 2642 5009 τῶν
2668 4950 3007 5023 κεφαλαίων,
3030 4940 3140 5017 οὒή
3164 4940 3484 5030 ἐπιγραφὴ,
3508 4955 3540 5030 ιΔ
3559 4936 3686 5030 ἶΟτι

2108 5025 2408 5121 θείανφὺσις
2426 5047 2485 5101 τὸ
2502 5044 2779 5112 Πνεῦμα,›
2802 5040 2958 5113 φησί·
2986 5059 3004 5092 ι
3031 5036 3253 5105 Πνεῦμα
3278 5036 3389 5104 γὰρ
3418 5028 3496 5101 τῷ
3520 5025 3687 5121 ζῶντι

2109 5119 2269 5215 Λόγιρ
2293 5137 2724 5215 συντεταγμένον
2770 5137 2850 5199 είς
2872 5134 2933 5187 τδ
2982 5128 3357 5202 δημιουργεῖν,
3408 5119 3688 5215 ζῶσαᾼδύ-

2107 5208 2294 5306 ναμις,
2332 5233 2429 5286 καὶ
2462 5208 2582 5285 θεία
2614 5208 2798 5299 φάσις,
2828 5228 3067 5298 ἆρρητος
3089 5221 3150 5286 ἐξ
3189 5218 3434 5292 ἀρρήτου
3480 5211 3687 5306 στόμα-

2104 5303 2200 5389 τος
2225 5325 2521 5395 πεφηνυῖα,
2548 5320 2827 5394 ἀρρήτως,
2857 5312 3118 5371 καὶκατὰ
3142 5311 3242 5381 τὴν
3264 5307 3577 5379 ἐμφύσησιν
3602 5303 3683 5365 είς

2106 5416 2197 5471 τὸ)
2222 5414 2515 5484 ἄνθρωπον
2543 5410 2956 5481 ἀπεσταλμένη,
2998 5406 3095 5460 καὶ
3147 5401 3291 5455 κατὰ
3318 5400 3409 5454 τὸν
3436 5411 3682 5467 σωματι-

2108 5509 2220 5572 κῶς
2244 5507 2350 5562 ὑπὸ
2388 5506 2483 5561 τοῦ
2515 5504 2723 5575 Κυρίου
2746 5500 3026 5573 δειχθέντα
3049 5497 3243 5561 τύπον,
3271 5488 3432 5554 αὖθις
3456 5490 3551 5543 ὑπ’
3586 5486 3684 5540 αὑ-

2106 5602 2202 5657 τοῦ
2252 5602 2319 5655 δι’
2384 5600 2751 5671 ὲμφυσήσεως
2799 5588 3288 5659 ὰποκαθισταμένη
3342 5580 3713 5676 (σεντρέχειν-

2107 5696 2218 5766 γὰρ
2249 5694 2331 5747 δεῖ
2359 5669 2429 5762 τῇ
2464 5690 2608 5745 κατά
2640 5686 2815 5759 ἀρχὴν
2857 5684 3139 5752 καινότητι
3174 5679 3273 5749 τὴν
3313 5669 3676 5731 νῦν’ἀνακαίο

2110 5786 2273 5855 ντσιν)
2304 5786 2400 5840 καὶ
2448 5784 2547 5855 τὴν
2594 5778 2903 5852 συνδρομὴν
2938 5774 3285 5841 ἑξετὺπωσεν
3333 5768 3676 5842 ἐμφυσήσεις,

2108 5880 2207 5949 οὑχ
2231 5878 2416 5949 ἔτερος
2442 5877 2519 5932 ῶν
2552 5875 2701 5947 παρὰ
2722 5873 2814 5929 τὸν
2841 5870 2900 5937 ἐξ
2919 5868 3095 5942 ἀρχῆς
3113 5865 3533 5939 ὲμφυσήσαντα,
3556 5859 3675 5918 ἀλλ’
