4070 6578
337 427 404 495 57
1434 428 1532 490 DE
1573 428 1682 531 BN
1691 428 1875 490 [ONE
1905 432 1920 491 ]

2020 428 2326 493 3LESIAR
2337 431 2467 495 UM'.
2636 448 2639 449 '
2728 488 2735 493 .
3534 431 3603 498 58

335 545 495 609 αὐτὸς
525 543 596 598 δι’
624 535 685 598 οῦ
715 541 850 607 Θεὸς
872 541 1074 596 δέδωκε
1107 539 1207 612 τὴν
1233 538 1573 613 ἐμφύσησιν,
1624 540 1748 594 τότε
1816 542 1916 611 μὲν

2028 543 2284 599 inﬂatum
2342 541 2604 614 elargitus
2660 535 2932 608 €S't,'t'uiﬁ
2969 539 3190 612 quidem
3239 555 3364 599 cum
3394 542 3602 611 anima,

338 635 473 709 μετὰ
499 635 702 706 ψυχῆς.
726 633 824 689 νῦν
857 634 916 687 δὲ
962 634 1042 697 είς
1067 630 1274 703 ψυχήν.
1317 651 1337 684 ι
1387 631 1532 685 ’Δλλῗ
1577 632 1727 696 ὅπως
1763 632 1919 703 μὲνὴ

334 726 586 798 παροῦσα
610 723 707 778 τοῦ
735 723 977 795 μεγάλου
1008 721 1294 776 Βασιλείου
1323 722 1486 793 ῥῆσις
1513 723 1619 793 τὴν
1644 722 1912 795 ῥηθεῖσαν

331 819 429 890 τῆς
460 817 717 887 ἐνότητος
748 815 1069 887 συνίστησιν
1097 812 1358 885 ἔμφασιν,
1411 812 1649 886 ἐροῦμεν
1700 816 1758 868 ἐν
1808 816 1921 878 τοῖς

333 913 482 980 ἑξῆς.
526 910 646 965 Νῦν
705 908 764 963 δὲ
800 908 947 980 ἐχεις
1002 907 1247 973 πάντως,
1288 905 1569 976 ἁγαπητέ,
1621 905 1921 974 διαγνῶναι

335 1002 438 1056 ὑπὸ
462 998 558 1055 τοῦ
612 999 818 1071 ἀρτίως
864 995 1181 1060 ἐκτεθέντος
1231 995 1421 1067 ῥητοῦ,
1477 996 1615 1066 ὅπερ
1668 995 1699 1048 ὁ
1755 995 1920 1067 πολὺς

333 1087 483 1154 οὗτος
546 1093 642 1145 καὶ
688 1090 864 1162 μέγας
898 1088 1182 1152 Βασίλειος
1224 1089 1355 1158 περὶ
1399 1090 1499 1158 τῆς
1552 1087 1917 1158 ἐμφυσήσεως

333 1187 578 1258 εἴρηκεν,
603 1186 756 1248 ὅπως
784 1185 834 1237 oi
861 1185 919 1237 ἐν
944 1182 1025 1254 τῷ
1055 1180 1235 1253 καιρῷ
1279 1179 1376 1233 τοῦ
1418 1179 1721 1249 σχίσματος
1768 1179 1920 1231 ἀντι-

334 1276 726 1347 καθιστάμενοι
750 1278 865 1338 τοῖς
913 1274 1210 1346 Ῥωμαίοις.
1261 1273 1521 1343 ἡμέτεροι
1550 1269 1773 1345 ἀδελφοὶ
1803 1272 1920 1339 ἐρι-

334 1370 538 1431 στικῶς
566 1369 638 1423 τὰ
669 1367 867 1432 πολλὰ,
896 1369 991 1421 καὶ
1038 1367 1101 1420 ού
1133 1365 1271 1437 πρὸς
1314 1363 1578 1434 ἀλήθειαν
1625 1361 1724 1434 τὴν
1781 1362 1919 1432 πρὸς

330 1460 528 1524 αὐτοὺς
557 1458 841 1513 ἐποιοῦντο
869 1458 1214 1529 ἀντίρρησιν
1236 1455 1341 1527 ἤδη
1377 1453 1487 1525 γὰρ
1510 1455 1538 1507 ὁ
1592 1452 1768 1523 μέγας
1823 1443 1920 1505 οῦ-

326 1569 440 1617 τος,
490 1551 589 1604 καὶ
621 1550 793 1613 πολὺς
823 1548 924 1621 τὴν
951 1547 1234 1616 θεολογίαν
1251 1545 1539 1609 Βασίλειος
1557 1543 1916 1616 ἐμφυσᾶσθαι

326 1644 480 1714 λέγει
512 1643 574 1698 τὸ
596 1641 825 1712 Πνεῦμα
848 1640 1000 1711 παρὰ
1030 1640 1125 1695 τοῦ
1158 1641 1413 1712 Σωτῆρος
1455 1639 1569 1702 τοῖς
1612 1636 1915 1709 μαθηταῖς,

328 1738 426 1807 οὐχ
447 1729 879 1807 ὥστεχάρισμά
907 1752 962 1789 τι
1012 1733 1377 1805 διωρισμένον
1426 1731 1654 1794 τούτους
1702 1730 1915 1807 λαϐεῖν,

332 1802 522 1901 ὥσπερ
553 1830 606 1883 οἱ
627 1802 813 1898 ἐντῷ-
835 1825 1017 1899 καιρῷ
1038 1802 1135 1880 τοῦ
1167 1825 1473 1896 σχίσματος
1496 1823 1736 1887 ἅπαντες
1787 1802 1912 1893 ἐξη-

2024 651 2173 691 ιιιιηε
2223 650 2353 691 vero
2412 635 2468 690 in
2520 636 2781 691 animam.
2821 652 2841 686 ι
2903 632 3009 689 Sed
3035 634 3326 705 .quomodo
3362 649 3605 705 praesens

2023 727 2203 797 magni
2245 726 2434 782 Basilii
2473 725 2681 782 dictum
2728 724 3037 796 expositam
3089 722 3313 780 unionis
3359 725 3602 794 speciem

2022 819 2393 886 constabiliat,
2453 817 2596 873 intra
2642 817 2913 873 dicemus.
2965 815 3126 871 Nunc
3175 830 3307 870 vero
3367 830 3600 885 prorsus

2022 912 2345 985 dignoscere
2388 909 2615 981 poteris,
2657 908 3037 972 dilectissime,
3087 923 3161 962 ex
3186 907 3299 977 jam
3348 906 3603 962 adductis

2020 1002 2206 1058 verbis
2242 1016 2364 1072 qua
2396 1000 2605 1054 mullus
2637 998 2728 1054 hic
2756 1013 3098 1070 magnusque
3120 997 3359 1053 Basilius
3410 997 3478 1052 de
3511 998 3597 1050 in-

2019 1093 2154 1150 ﬂatu
2201 1093 2536 1157 enuntiavit,
2567 1092 2661 1163 qui
2702 1102 2946 1163 tempore
2989 1091 3299 1146 schismatis
3339 1089 3604 1145 Romanis

2022 1188 2477 1254 adversabantur,
2509 1185 2708 1241 fratres
2740 1194 2961 1240 nostros
2989 1183 3357 1249 contentiose,
3395 1191 3455 1237 ut
3477 1182 3603 1252 plu-

2021 1282 2266 1346 rimum’,
2329 1296 2434 1336 nec
2489 1278 2707 1335 veritati
2748 1277 3453 1355 attendentestadversus
3505 1289 3603 1330 eos

2022 1374 2513 1431 contradictionem
2564 1372 2783 1426 molitos
2824 1368 3015 1425 fuisse.
3042 1368 3163 1423 Jam
3193 1369 3337 1424 enim
3368 1382 3603 1436 magnus

2021 1466 2111 1522 hic
2129 1466 2449 1535 multusque
2474 1465 2529 1520 in
2566 1464 2732 1519 rebus
2769 1462 3096 1531 theologicis
3149 1459 3389 1516 Basilius
3423 1457 3602 1515 inﬂari

2021 1558 2156 1615 dicit
2185 1557 2454 1628 Spiritum
2488 1571 2521 1612 a
2568 1555 2865 1611 Servatore
2894 1550 3209 1623 discipulis.
3240 1565 3354 1605 non
3405 1559 3464 1604 ut
3499 1551 3602 1603 do-

2019 1664 2151 1705 num
2185 1648 2263 1703 illi
2324 1647 2542 1717 aliquod
2573 1645 2995 1702 dcterminatum
3032 1643 3366 1713 acciperent,
3401 1653 3603 1710 quem-

2018 1738 2312 1795 admodum
2376 1751 2570 1793 omnes
2614 1735 2709 1807 qui
2764 1743 3009 1805 tempore
3041 1730 3357 1790 schismatis
3419 1736 3603 1794 erant,

2019 1845 2345 1902 exposuere,
2377 1830 2560 1897 settut
2602 1837 2745 1883 totus
2773 1827 2891 1897 ipse
2912 1825 3153 1895 Spiritus
3202 1824 3260 1879 in
3294 1823 3402 1879 illis
3438 1822 3602 1877 habi-

331 1922 619 1993 γήσαντο,ο
649 1921 766 1975 ἀλλ’
798 1920 941 1975 ὥστε
967 1918 1090 1973 ὅλον
1123 1918 1258 1973 αὐτὸ
1284 1917 1347 1972 τὸ
1364 1915 1594 1988 Πνεῦμα
1646 1917 1915 1988 σχετικῶς

2020 1923 2240 1978 tuaiiter
2283 1920 2635 1986 inhabitaret,
2668 1918 2846 1975 veluti
2886 1916 3239 1989 pbstmodum
3274 1914 3424 1970 omni
3476 1927 3605 1970 ειε-

332 2016 521 2078 αύτοῖς
546 2015 855 2082 ἐνοικῆσαι,
880 2013 1072 2082 ὥσπερ
1123 2009 1420 2082 ἐσύστερον
1470 2011 1568 2064 καὶ
1616 2010 1785 2064 παντὶ
1824 2026 1916 2064 πι-

332 2108 578 2164 στεύοντι
618 2111 719 2170 τὴν
746 2104 1005 2176 τοιαύτην
1031 2104 1288 2176 σχετικὴν
1320 2103 1599 2174 ἐνοίκησιν
1626 2102 1723 2157 τοῦ
1757 2102 1916 2173 ἁγίου

329 2202 657 2274 Πνεύματος
695 2202 1015 2271 ἐγγίνεσθαι
1054 2198 1415 2271 πιστεύομεν,
1440 2199 1603 2271 εἰπερ
1655 2199 1916 2272 ἀρρήτως

329 2299 427 2353 καὶ
452 2297 596 2370 ὑπὲρ
622 2298 781 2367 λόγον
810 2296 905 2351 καὶ
932 2294 1064 2367 ὅλην
1089 2293 1191 2366 τὴν
1245 2294 1455 2364 Τριάδα
1505 2294 1691 2349 παντὶ
1738 2293 1919 2364 πιστῷ

328 2390 632 2461 δοξάζομεν
660 2389 921 2444 ἐνοικεῖν.

406 2484 496 2555 ιη’.
535 2484 599 2537 Et
629 2483 686 2537 δέ
714 2482 1079 2555 προσίσταται
1102 2479 1242 2552 πρὸς
1270 2478 1430 2535 τοῦτό
1454 2495 1599 2534 τισιν
1622 2480 1655 2548 ἡ
1687 2479 1824 2550 πρὸς
1856 2478 1918 2533 τὸ

335 2578 532 2649 μέλλον
553 2576 949 2649 ἐπηγγελμένη
984 2579 1098 2639 τοῖς
1135 2572 1412 2646 μαθηταῖς
1455 2572 1549 2626 τοῦ
1600 2572 1919 2643 Πνεύματος

330 2673 706 2742 ἐπιφοίτησις,
733 2668 872 2725 ἀλλὰ
899 2667 988 2721 διὰ
1031 2667 1131 2739 τὴν
1165 2667 1225 2720 ἐν
1278 2664 1579 2736 σωματικῷ
1632 2665 1763 2718 εῖδει
1806 2664 1917 2719 τῶν

332 2767 577 2837 πυρίνων
599 2763 863 2834 γλωσσῶν
892 2760 991 2816 τοῦ
1019 2758 1344 2831 Πνεύματος
1370 2758 1748 2828 ἐπιφοίτησιν,
1778 2758 1811 2828 ὴ
1857 2758 1917 2812 ἐν

331 2855 695 2925 Εὖαγγελίοις
714 2853 954 2909 ἐτελεῖτο
974 2851 1128 2923 παρὰ
1152 2850 1246 2905 τοῦ
1279 2850 1536 2921 Σωτῆρος
1585 2848 1913 2919 ἐπαγγελία.

339 2969 358 3002 ι
402 2949 555 3003 Ἔδει
609 2949 742 3018 γὰρ,
790 2965 807 2998 ι
850 2947 1019 3015 φησὶν
1066 2945 1096 2998 ὁ
1128 2942 1231 3013 τῆς
1271 2940 1553 3010 θεολογίας
1602 2940 1914 3010 ἐπώνυμος,

335 3062 357 3096 ι
381 3042 477 3096 καὶ
499 3041 633 3095 αὐτὸ
656 3039 894 3109 φανῆναι
919 3035 1309 3108 σωματικῶς.»
1351 3035 1460 3089 Καὶ
1487 3034 1571 3089 ὃτι
1618 3032 1695 3105 μὴ
1728 3032 1916 3104 διωρι-

332 3136 528 3205 σμένον
548 3151 602 3188 τι
623 3131 1007 3203 Πνευματικδν
1028 3130 1279 3201 χάρισμα
1299 3129 1334 3199 ἡ
1355 3127 1583 3198 τοιαύτη
1603 3125 1915 3198 ἐμφύσησις

328 3224 420 3299 ἦν,
452 3225 569 3280 ἀλλ’
598 3225 882 3297 ὴσχετικὴ
926 3224 1203 3293 ἐνοίκησις
1252 3220 1379 3274 ὅλου
1423 3218 1521 3299 τοῦ
1570 3217 1910 3288 Πνεύματος,

234 3360 251 3373 .
332 3297 529 3375 σκόπει
550 3319 615 3373 τὸ
634 3318 732 3372 τοῦ
765 3314 933 3390 ῥητοῦ
952 3317 1175 3388 χωρίον,
1200 3315 1296 3369 καὶ
1326 3316 1384 3368 ἐν
1401 3297 1467 3385 τῇ
1499 3311 1720 3366 ἐκθέσει
1743 3309 1916 3366 αὐτοῦ

2021 2014 2185 2071 denti,
2210 2012 2400 2068 eadem
2446 2010 2744 2066 habitualis
2770 2008 2943 2065 sancti
2982 2006 3228 2078 Spiritus
3269 2003 3602 2061 inhabitatio

2019 2102 2313 2174 ingeritur,
2345 2102 2390 2157 si
2417 2100 2767 2157 ineﬂ‘abiliter
2787 2110 2842 2156 et
2864 2115 3034 2171 supra
3072 2098 3343 2155 rationem
3377 2111 3602 2152 omnem

2022 2196 2340 2252 universam
2368 2194 2621 2253 Triadem
2661 2196 2716 2251 in
2745 2193 2982 2265 singulis
3032 2192 3285 2250 ﬁdelibus
3323 2191 3609 2247 credimus-

2019 2289 2353 2345 inhabitare.

2100 2476 2190 2532 18.
2225 2474 2380 2543 Quod
2415 2474 2461 2531 si
2491 2472 2882 2544 nonnullorum
2909 2484 3074 2525 aures
3095 2467 3324 2524 oﬂendit
3353 2475 3605 2537 tempore

2016 2571 2206 2626 futuro
2226 2567 2531 2640 promissus
2557 2563 2820 2637 apostolis
2852 2562 3090 2633 Spiritus
3115 2562 3405 2626 adventus,
3427 2560 3609 2617 sciant

2022 2670 2250 2734 prOpter
2302 2660 2600 2717 adventum
2658 2657 2897 2727 Spiritus
2959 2654 3012 2709 in
3092 2646 3355 2722 corporea
3421 2651 3617 2720 specie

2019 2756 2315 2827 ignitarum
2349 2752 2680 2823 linguarum,
2713 2749 2766 2803 in
2791 2745 3099 2818 Evangeliis
3144 2743 3346 2799 factam
3400 2742 3607 2799 Serva-

2017 2832 2161 2905 toris
2182 2846 2607 2918 promissionem
2644 2861 2659 2897 :
2699 2839 2976 2911 «Namque
3009 2838 3317 2910 oportebat,
3356 2854 3377 2890 ι
3426 2833 3613 2905 inquit

2014 2942 2104 2998 cui
2134 2955 2167 2996 a
2201 2938 2477 3010 theologia
2528 2949 2830 3006 cognomen
2863 2940 2984 2998 est,
3024 2947 3043 2982 ι
3084 2939 3140 2985 ει
3163 2927 3340 2998 ipsum
3368 2938 3604 2995 corpore

2020 3046 2307 3105 apparere.
2346 3050 2367 3084 ι
2396 3032 2465 3086 Ει
2501 3027 2709 3084 nullum
2747 3023 3171 3081 determinatum
3217 3020 3422 3076 donum
3440 3016 3605 3072 simi-

2018 3128 2124 3183 lem
2167 3123 2416 3183 inﬂatum
2449 3120 2658 3186 fuisse,
2700 3117 2797 3174 sed
2857 3124 3067 3171 tantum
3137 3112 3307 3168 totius
3366 3108 3615 3180 Spiritus

2021 3218 2353 3276 habitualem
2410 3211 2892 3277 inhabitationem,
2923 3210 3196 3277 siattentc
3226 3204 3432 3261 dictum
3477 3215 3612 3256 con-

1940 3269 1987 3333 Ο
2030 3312 2263 3375 siderea,
2313 3306 2482 3363 etiam
2529 3320 2600 3361 ex
2657 3303 2809 3360 illius
2864 3299 3211 3372 expositione
3264 3295 3609 3365 comperies,

332 3417 592 3488 εὑρήσεις
626 3411 939 3480 διειλέγειὸ
979 3408 1138 3479 ἅγιος
1185 3409 1287 3481 τὴν
1340 3405 1656 3477 ἐμφύσησιν
1709 3402 1920 3473 ταύτην

2023 3412 2275 3462 sanctum
2300 3401 2506 3467 dicere,
2548 3397 2796 3454 inﬂatum
2839 3395 2990 3449 illum
3027 3392 3175 3448 illius
3206 3390 3446 3461 Spiritus
3487 3398 3617 3442 esse

331 3482 552 3561 ἐκείνου
577 3501 676 3558 τοῦ
702 3501 1025 3573 Πνεύματος
1072 3495 1238 3566 εἶναι,
1282 3498 1421 3567 ὅπερ
1463 3495 1583 3549 ἐστὶ
1623 3493 1703 3565 τῷ
1755 3493 1919 3559 ζῶντι

2021 3503 2116 3574 qui
2140 3509 2225 3559 est
2248 3513 2374 3554 cum
2395 3496 2593 3551 viventi
2620 3492 2802 3548 Verbo
2841 3494 2894 3546 in
2928 3491 3122 3546 eodem
3154 3488 3348 3543 ordine
3374 3482 3615 3539 colloca-

329 3601 494 3671 Λόγῳ
523 3569 961 3667 συντεταγμένον
1008 3595 1092 3660 είς
1137 3592 1200 3647 τὸ
1248 3592 1629 3664 δημιουργεῖν,
1691 3581 1763 3643 οῦ
1804 3587 1916 3658 γὰρ

2020 3604 2108 3649 tus
2130 3593 2199 3648 ad
2239 3588 2535 3646 creandum
2572 3602 2587 3641 :
2621 3598 2861 3653 namque
2889 3596 3053 3637 nemo
3091 3580 3236 3635 dicet
3264 3577 3467 3632 donum
3502 3569 3623 3639 spi-

330 3693 397 3764 δὴ
425 3666 523 3745 παὶ
550 3690 713 3761 χάριν
742 3666 1126 3756 πνευματικὴν
1169 3684 1287 3752 ἐρεῖ
1339 3698 1424 3746 τις
1466 3677 1915 3748 συντεταγμένην

2020 3685 2178 3742 ritale
2243 3683 2300 3739 in
2366 3681 2560 3738 eodem
2627 3674 2971 3744 cum_Verbo
3027 3672 3220 3729 ordine
3276 3666 3613 3723 collocatum

330 3758 472 3840 εῖναι
493 3758 753 3852 τῷλόγῳ
792 3780 874 3843 είς
899 3777 962 3832 τὸ
989 3777 1362 3848 δημιουργεῖν
1392 3772 1509 3828 ἀλλ’
1554 3776 1583 3827 ὁ
1640 3771 1743 3843 μὲν
1786 3768 1918 3840 περὶ¹

2027 3777 2097 3834 ad
2139 3773 2460 3833 creandum.
2500 3771 2609 3827 Sed
2648 3769 2719 3825 de
2770 3767 2964 3824 inﬂatu
3009 3762 3187 3821 oratio
3265 3761 3355 3815 hic
3398 3758 3617 3812 interea

331 3878 433 3949 τῆς
464 3846 829 3947 ἐμφυσήνσεως
857 3871 1019 3942 λόγος
1042 3846 1136 3925 διὰ
1163 3846 1332 3939 μέσου
1362 3885 1452 3939 μοι
1476 3862 1920 3938 παρεισωδιάσθη

2028 3867 2355 3938 interposita
2371 3873 2475 3930 est,
2503 3863 2571 3919 ad
2602 3859 3093 3917 demonstrandum
3124 3897 3138 3921 ,
3174 3852 3334 3908 aliter
3363 3864 3392 3903 a
3424 3846 3606 3901 Patri-

330 3941 414 4034 είς
437 3941 714 4034 ἀπόδειξιν
735 3966 844 4022 τῶν
874 3941 1047 4027 ἄλλως
1097 3963 1197 4036 μὲν
1220 3963 1346 4027 τοὺς
1378 3960 1507 4032 περὶ
1534 3960 1705 4029 αὐτῆς
1728 3958 1920 4028 λόγους

2031 3962 2136 4018 bus
2157 3958 2428 4030 theologis
2456 3955 2782 4013 sententiam
2814 3952 2962 4008 illius
2993 3945 3297 4020 expositam
3325 3941 3517 4004 fuisse,
3548 3943 3609 3992 et

334 4029 491 4135 παρὰ
519 4029 929 4129 τῶντθεολόγων
955 4029 1220 4127 Πατέρων
1270 4029 1636 4126 ἐξηγηθῆναι,
1661 4051 1839 4115 ἄλλως
1864 4049 1920 4104 δέ

2033 4055 2194 4109 aliter
2228 4052 2389 4107 abiis
2421 4048 2515 4121 qui
2555 4044 2907 4119 postmodum
2939 4058 3050 4097 non
3100 4040 3237 4094 bene
3270 4031 3449 4090 aﬂ‘ecti
3492 4029 3618 4084 lue-

335 4158 491 4230 παρὰ
523 4156 639 4228 τῶν
685 4155 748 4208 οὐ
803 4151 987 4215 καλῶς
1054 4148 1420 4204 διατεθέντων
1454 4146 1752 4217 ἐσύστερον
1780 4143 1922 4217 πρὸς

334 4255 435 4327 τὴν
461 4251 692 4322 εἰρήνην
728 4247 829 4317 τῆς
871 4244 1191 4316 Ῥωμαῖκῆς
1224 4242 1587 4313 Ἐκκλησίας.

400 4349 487 4402 ιθ’.
529 4345 633 4400 Ἦν
680 4342 740 4397 δὲ
766 4344 796 4396 ὁ
831 4339 927 4395 τοῦ
957 4338 1119 4409 λόγου
1142 4337 1336 4410 είρμὸς
1385 4334 1776 4406 ἀποδειχθῆναι
1828 4331 1927 4388 νῦν

334 4442 561 4497 ἀπαιτεῖ
598 4437 840 4509 ἐμφασιν
868 4418 983 4503 τῆς
1007 4432 1258 4501 ἐνότητος
1322 4429 1539 4500 Πατρὸς
1571 4428 1670 4483 καὶ
1704 4426 1831 4481 Υίοῦ
1866 4427 1925 4480 ἐν

2035 4151 2167 4200 runt
2196 4141 2388 4198 unioni
2420 4154 2546 4195 cum
2576 4136 2828 4192 Romana
2859 4130 3127 4188 Ecclesia.

2108 4324 2197 4380 l9.
2227 4322 2409 4378 Series
2435 4334 2563 4375 vero
2594 4312 2867 4373 orationis
2911 4307 3245 4381 expostulat,
3303 4313 3362 4360 ut
3414 4303 3611 4360 notitia

2035 4416 2260 4474 ultionis
2290 4413 2466 4470 Patris
2496 4420 2552 4466 et
2589 4408 2738 4474 Filii,
2771 4406 2903 4461 dum
2935 4418 3001 4457 ex
3024 4401 3187 4456 Patre
3220 4408 3275 4455 et
3304 4397 3445 4452 Filio
3493 4395 3620 4466 Spi-

774 4528 870 4582 καὶ
901 4490 1037 4580 ﬁcii
1067 4490 1320 4594 προϊέναι
1360 4522 1424 4575 τὸ
1448 4490 1704 4593 ’Πνεῦμα,
1732 4520 1830 4573 καὶ
1855 4519 1920 4589 δή

2032 4510 2175 4566 ritus
2204 4506 2574 4579 progreditur,
2610 4497 2987 4555 contradatur.
3013 4493 3077 4546 Et
3106 4490 3333 4562 jamjam
3372 4504 3433 4544 ea
3461 4505 3622 4544 com-

2279 4597 2292 4610 ι
2318 4598 2350 4610 --
2478 4591 2521 4610 ιι
2543 4604 2700 4610 .μη---
2734 4585 2963 4610 ι)..,.ιιι..,.
2991 4598 3133 4610 ..η-...ι
3153 4590 3306 4610 ..ιυυιι
3338 4581 3609 4610 causa"...

342 4647 434 4701 μοι
456 4625 600 4697 αῦτῆ
635 4624 959 4695 ῥηθήσεται.
1001 4616 1203 4703 '2

337 4686 399 4776 τὸ
424 4686 652 4789 Πνεῦμα
680 4686 840 4770 τοῦτο
870 4686 1545 4779 θείανῆύῖἷμῖξὲἷῖῖύσὶνῗ
1571 4704 1832 4777 ἄρρητον,
1865 4701 1925 4768 ἐξ

341 4813 585 4886 ἀρρήτου
650 4807 918 4879 στόματος
983 4803 1307 4873 πεφηνυῖαν,
1363 4798 1423 4853 ἓν
1473 4796 1616 4852 εἶναι
1653 4794 1830 4865 λέγων
1864 4794 1927 4847 τὸ

343 4883 542 4975 στύμα,
599 4899 661 4964 ἐξ
700 4891 764 4953 οῦ
823 4895 887 4949 τὸ
926 4892 1179 4965 Πνεῦμα,
1229 4890 1329 4943 καὶ
1352 4887 1477 4960 οὐχὶ
1530 4884 1662 4941 660'
1719 4883 1817 4939 νῦν
1866 4884 1926 4939 δέ

345 4990 707 5065 παρακατιὼν
752 4989 855 5043 οὐκ
898 4986 1061 5042 ἄλλον
1114 4980 1254 5039 εἶναι
1301 4980 1451 5051 λέγει
1485 4979 1575 5033 τὸν
1601 4979 1715 5042 τοῖς
1746 4975 1927 5048 μαθη-

342 5064 463 5151 ταῖς
493 5084 913 5154 ἐκφυσησαντα,
951 5077 1069 5132 ἀλλ’
1093 5074 1257 5130 αὐτὸν
1295 5070 1363 5126 δι’
1387 5064 1449 5126 οῦ
1478 5070 1613 5135 Θεὸς
1676 5067 1775 5122 καὶ
1821 5066 1927 5121 πά-

342 5180 430 5238 λαι
450 5177 529 5250 τῷ
561 5172 980 5247 πρωτοπλάστῳ
1004 5168 1208 5224 δέδωκε
1226 5164 1692 5245 Ξηνέμφύσησιν.
1726 5160 1841 5216 Καὶ
1866 5163 1926 5214 ἐν

345 5270 422 5343 τῷ
454 5270 639 5339 λέγειν
664 5265 766 5320 ούκ
805 5263 966 5319 ἄλλον
995 5259 1137 5315 εἶναι
1164 5259 1259 5313 τὸν
1302 5258 1418 5320 τοῖς
1455 5255 1724 5327 μαθηταῖς
1750 5254 1928 5324 ἐμφυ-

272 5338 297 5358 ’
347 5338 612 5436 σησαντα,
647 5358 766 5415 ἀλλ’
798 5358 984 5424 αὐτὸν,
1018 5356 1085 5411 δι’
1116 5350 1179 5412 οῦ
1215 5353 1294 5426 τῷ
1335 5350 1752 5426 πρωτοπλάστῳ
1793 5347 1929 5408 Θεὸς

346 5455 696 5528 ἐνεφύσησεν,
717 5448 1160 5524 ὁμολογουμένην
1179 5447 1416 5501 ποιεῖται
1435 5442 1546 5496 τῶν
1562 5439 1727 5496 θείων
1752 5455 1894 5509 προσ
1910 5469 1925 5479 -

344 5523 510 5605 ώπων
554 5523 657 5620 τὴν
681 5523 939 5617 ἔμφασιν,
965 5542 1063 5597 τοῦ
1097 5558 1159 5595 τε
1189 5537 1329 5594 Θεοῦ
1358 5537 1459 5593 καὶ
1494 5533 1733 5607 Πατρδς,
1768 5532 1827 5600 ἐξ
1862 5523 1924 5585 οῦ

344 5647 380 5717 ἡ
411 5648 745 5715 ἐμφύσησις,
781 5639 993 5696 καὶτοῦ
1022 5635 1158 5691 Θεοῦ
1192 5634 1287 5689 atat
1315 5631 1471 5699 Υίοῦ,
1500 5629 1569 5685 δι’
1605 5621 1718 5699 οῦή
1745 5625 1926 5698 ἐμφύ-

350 5716 506 5807 σησις
535 5750 551 5766 ·
586 5730 773 5788 καὶτὸ
831 5725 1081 5807 ἐντεῦθεν
1130 5719 1466 5792 δηλούμενόν
1505 5721 1659 5772 ἐστιν
1709 5716 1809 5782 ὡς,
1861 5717 1925 5768 τὸ

345 5805 474 5882 εἴτι
515 5823 650 5896 περὶ
676 5820 775 5877 τοῦ
805 5805 1128 5887 Πύεύματος
1165 5816 1231 5867 ἐκ
1254 5811 1471 5882 Πατρδς
1501 5809 1572 5863 δι’
1605 5807 1738 5863 Υἱοῦ
1769 5806 1925 5875 λέγε-

348 5939 453 5990 ται,
490 5921 589 5991 οὐχ
620 5918 698 5982 ὡς
727 5918 789 5971 ὲκ
830 5912 924 5969 δύο
962 5908 1152 5967 αἰτίων
1176 5907 1308 5963 αὐτὸ
1344 5904 1586 5976 λέγεται.
1618 5900 1790 5956 Τοῦτο
1812 5900 1919 5971 γὰρ

1205 4633 1270 4679 ας
1330 4581 1618 4677 Βασίλειος
1665 4581 1760 4666 νῦν
1821 4581 1920 4681 μὲν

2031 4597 2450 4655 memorabitur.
2477 4591 2703 4662 Magnus
2733 4585 2966 4643 Basilius
2991 4598 3135 4638 nunc
3153 4590 3312 4638 vocat
3338 4581 3613 4653 Spiritum

2032 4694 2183 4749 hunc
2213 4689 2455 4745 divinam
2501 4692 2784 4745 naturam,
2820 4675 3178 4738 ineﬂ‘abilcm,
3229 4687 3299 4727 ex
3353 4669 3617 4726 ineﬂ‘ahili

2026 4800 2125 4841 ore
2175 4788 2607 4850 comparentem,
2644 4787 2838 4836 unum,
2906 4768 3183 4839 inquiens,
3239 4778 3302 4819 os
3349 4777 3495 4832 esse,
3549 4777 3619 4815 ex

2026 4891 2137 4948 quo
2163 4873 2429 4944 Spiritus,
2469 4878 2525 4924 et
2562 4882 2671 4922 non
2702 4866 2842 4930 duo,
2863 4876 3011 4916 nunc
3044 4872 3176 4915 vero
3191 4855 3469 4926 paululum
3500 4868 3623 4921 pro-

2026 4946 2270 5042 gressus,
2308 4981 2416 5021 non
2460 4963 2630 5019 alium
2673 4974 2797 5015 esse
2843 4954 2975 5011 dicit
3021 4968 3147 5008 eum
3182 4950 3277 5020 qui
3334 4946 3620 5016 discipulis

2028 5041 2335 5125 inﬂaverat,
2376 5057 2471 5114 sed
2516 5069 2641 5111 eum
2699 5052 2906 5122 ipsum,
2938 5062 3035 5118 per
3065 5060 3229 5117 quem
3281 5043 3423 5097 Deus
3482 5041 3623 5094 anti-

2025 5158 2215 5225 quitus
2249 5150 2457 5209 homini
2494 5148 2733 5219 primum
2780 5152 2970 5198 creato
3017 5136 3264 5194 inﬂatum
3336 5131 3619 5189 contradi-

2033 5250 2136 5304 dit.
2187 5245 2256 5301 Et
2311 5259 2437 5299 cum
2482 5240 2639 5304 dicit,
2702 5252 2814 5292 non
2869 5234 3039 5289 alium
3071 5246 3217 5294 esse,
3260 5226 3362 5298 qui
3409 5224 3621 5281 inﬂavit

2027 5340 2316 5413 apostolis,
2338 5336 2433 5393 sed
2455 5349 2583 5390 cum
2626 5332 2832 5401 ipsum,
2864 5343 2962 5399 per
2981 5339 3147 5396 quem
3177 5323 3416 5393 primum
3446 5319 3622 5373 homi-

1984 5446 1997 5457 '
2032 5410 2088 5489 ni
2123 5431 2268 5487 Deus
2310 5419 2545 5491 inﬂavit,
2589 5424 2902 5479 divinarum
2948 5430 3314 5488 personarum
3365 5410 3618 5466 notitiam

2030 5533 2237 5582 certam
2268 5531 2434 5591 atque
2474 5517 2839 5572 indubitatam
2869 5508 3162 5579 expressit,
3191 5514 3244 5559 et
3275 5501 3372 5556 Dei
3420 5510 3476 5555 et
3509 5497 3620 5552 Pa-

2031 5619 2155 5681 tris,
2210 5631 2274 5670 ex
2323 5628 2437 5684 quo
2492 5608 2739 5675 inﬂatus,
2793 5614 2847 5660 et
2886 5602 2984 5657 Dei
3045 5609 3100 5656 et
3150 5595 3273 5651 Filii
3328 5609 3422 5664 per
3455 5606 3619 5662 quem

2030 5708 2248 5765 inﬂatus
2276 5721 2291 5771 ;
2321 5714 2376 5760 et
2409 5703 2555 5773 quod
2583 5700 2707 5754 inde
2750 5696 3026 5751 indicatur
3054 5701 3160 5756 est,
3207 5701 3315 5742 non
3356 5684 3622 5755 quidquid

2028 5818 2094 5857 cx
2127 5800 2285 5854 l‘atrc
2306 5810 2399 5867 per
2429 5792 2623 5848 Filium
2653 5789 2854 5845 dicitur
2881 5787 2948 5841 de
2979 5782 3215 5854 Spiritu,
3249 5788 3508 5849 tanquam
3541 5791 3615 5830 ex

2028 5894 2243 5951 duabus
2271 5887 2458 5948 causis
2489 5885 2619 5943 dici.
2657 5883 2770 5938 iloc
2822 5881 2970 5936 enim
3018 5878 3073 5933 in
3132 5877 3238 5930 fmc
3301 5869 3483 5928 octavi
3542 5869 3616 5923 ad

2690 6012 2721 6035 ρ
