3978 6606
447 423 516 487 59
1315 467 1327 475 .
1500 422 1711 485 JOAN.
1750 424 1966 487 VECCI
2005 410 2117 486 ce.
2155 408 2663 488 ΡᾹῖιτῐιίᾹιιρΗλιέ
3629 434 3699 502 co

446 531 891 599 Amphilochium
928 531 1125 603 capitis
1171 540 1396 589 sanctus
1451 534 1633 589 innuit
1662 535 1770 591 illis
1793 575 1808 599 ,
1869 554 1888 587 ι
1924 533 2007 592 Pel

2137 536 2429 607 σημαίνειν
2452 535 2776 608 βουλόμενος
2812 537 2907 592 καὶ
2946 539 3005 593 ὲν
3047 537 3125 611 τῷ
3180 539 3325 596 τέλει
3374 541 3471 598 τοῦ
3509 545 3698 615 ὀγδόου

444 622 644 677 Filium
666 638 766 677 vox
790 625 1063 694 primaria!
1079 640 1259 679 causa:
1271 624 1673 680 confessionem
1699 627 1969 682 continet.
1995 646 2016 680 ι

446 716 553 769 Sed
585 717 981 777 ianctoritatem
1023 717 1172 770 illam
1219 716 1411 771 iisdem
1448 716 1631 774 verbis
1686 734 1884 775 rursus
1928 720 2021 777 hic

442 824 734 862 recensere
783 824 891 862 non
931 808 1222 879 gravabor,
1267 810 1334 863 ad
1375 810 1834 878 conﬁrmandum,
1882 814 2020 869 satis

442 912 629 971 patere
649 902 904 956 unionem
933 902 1112 956 Patris
1141 911 1196 956 et
1221 900 1366 968 Filii,
1401 903 1546 972 quod
1575 920 1641 958 ex
1664 902 1825 960 Patre
1860 907 2021 961 datur

443 1009 539 1061 per
585 992 805 1056 Filium,
869 1010 1032 1063 quam
1093 1009 1326 1065 magnus
1375 995 1713 1053 Athanasius
1767 1001 2018 1054 oratione

440 1095 633 1152 quarta
667 1086 932 1139 adversus
965 1085 1225 1152 Arianus,
1260 1088 1414 1157 cujus
1434 1089 1783 1160 principium,
1816 1110 1834 1142 ι
1866 1093 2021 1146 Aria-

442 1178 495 1229 ni
561 1187 866 1232 statuentes
916 1178 1229 1235 defectores
1276 1195 1398 1236 sese
1455 1185 2018 1253 praevaricatoresque

439 1267 684 1320 verita'is
730 1269 1012 1335 exhibere,
1050 1288 1068 1321 ι
1110 1273 1381 1337 θτιιτθεεῑι
1426 1272 1480 1326 in
1532 1275 1677 1329 hunc
1737 1277 1954 1329 modum
1996 1293 2009 1327 :

446 1374 464 1407 ι
498 1356 801 1426 Elargienle
834 1359 993 1413 Patre
1024 1363 1253 1428 gratiam
1282 1370 1337 1414 et
1364 1377 1579 1432 pacem,
1610 1379 1736 1416 eam
1761 1375 1816 1417 et
1842 1364 2016 1419 Filius

438 1447 701 1511 elui-gitur
728 1469 739 1501 :
777 1465 882 1503 una
912 1450 1058 1504 enim
1089 1452 1393 1521 eademque
1422 1454 1592 1523 gratia
1624 1462 1731 1518 est,
1754 1470 1820 1509 ex
1855 1457 2016 1510 Patre

440 1537 493 1590 in
523 1536 686 1602 Fllltl,
712 1542 790 1593 uti
824 1549 907 1595 est
943 1552 1110 1595 unum
1149 1544 1333 1598 lumen
1359 1546 1492 1599 solis
1524 1556 1576 1599 et
1602 1547 1762 1610 radii,
1800 1556 1854 1600 et
1888 1549 2016 1602 illu-

438 1628 671 1685 minatio
702 1632 835 1686 solis
886 1648 982 1701 per
1011 1634 1223 1687 radium
1250 1642 1356 1690 est.
1391 1635 1680 1705 Propterea
1719 1647 1771 1691 et
1812 1637 2015 1695 Paulus

437 1723 502 1774 ad
524 1721 1044 1780 'l’hessalonicenses
1063 1728 1330 1790 scribens,
1352 1754 1423 1766 —
1451 1729 1569 1798 Ipse
1603 1729 1744 1784 Deus
1766 1740 1818 1784 et
1856 1729 2016 1786 Pater

436 1826 649 1875 noster.
700 1826 761 1871 et
813 1817 1078 1874 Dominus
1106 1820 1284 1895 AJesus
1324 1821 1589 1883 Christus
1619 1824 1826 1895 Dirigat
1871 1826 2010 1879 viam

2126 629 2265 699 πρὸς
2293 628 2384 682 τὸν
2423 629 2779 701 Ἀμφιλόχιον
2818 631 3133 702 κεφαλαίων
3152 634 3182 686 ό
3210 634 3371 702 ἅγιος
3404 635 3508 707 ἔφη
3537 654 3553 672 ·
3592 658 3612 693 ι
3635 642 3698 696 ’Π

2123 724 2192 778 δι’
2223 725 2350 779 Υίοῦ
2417 726 2569 797 φωνὴ
2592 727 2691 798 τῆς
2723 730 3218 800 προκαταρκτικῆς
3271 733 3454 794 αίτίας
3501 733 3697 805 δμολο-
3800 758 3803 759 ν

2122 817 2249 885 γίαν
2299 816 2434 888 ἔχει.
2472 838 2492 871 ι
2545 819 2687 872 Ἀλλ’
2718 820 2839 875 οὐδὲ
2868 820 2967 890 τὴν
3005 821 3165 893 ῥῆσιν
3195 823 3414 895 ἐκείνην
3483 824 3697 896 ὀκνήσω

2122 910 2404 977 αύτολεξεὶ
2432 913 2525 965 καὶ
2557 912 2723 967 πάλιν
2762 913 3001 968 ἐκθεῖναι
3055 917 3135 978 είς
3202 916 3545 987 παράστασιν
3604 917 3696 973 τοῦ

2119 1005 2355 1073 δήλωσιν
2407 1006 2662 1076 ἑνότητος
2700 994 2990 1077 ἐμφαίνειν
3038 1007 3130 1061 τοῦ
3177 1010 3388 1079 Πατρὸς
3420 1011 3513 1063 καὶ
3542 1011 3695 1076 Υίοῦ,

2120 1096 2187 1166 ἢν
2227 1096 2255 1148 ό
2288 1098 2462 1166 μέγας
2497 1097 2818 1160 ’Λθανάσιος
2851 1098 2909 1151 ὲν
2948 1098 3024 1168 τῷ
3066 1099 3208 1154 κατὰ
3259 1102 3553 1168 Ἀρειανῶν
3607 1120 3696 1157 τε-

2118 1190 2302 1259 τάρτῳ
2350 1192 2514 1262 λόγῳ,
2564 1184 2626 1243 οὗ
2677 1192 2709 1259 ἠ
2766 1190 2928 1261 ἀρχὴ,
2971 1210 2988 1242 ι
3029 1194 3093 1271 οι
3156 1194 3584 1263 ’Λρειομανίται,
3619 1196 3694 1261 ὡς

2120 1280 2283 1342 ἔοικε.
2328 1281 2617 1351 κρίναντες
2635 1282 2781 1349 ἅπαξ
2808 1280 3113 1337 ἀποστάται
3158 1285 3414 1352 γενέσθαι
3464 1288 3559 1339 καὶ
3586 1304 3694 1341 πα-

2122 1372 2357 1439 ραόἐται
2386 1371 2485 1434 τῆς
2509 1373 2786 1440 ἀληθείας,
2815 1392 2832 1423 ι
2868 1375 3089 1444 εἴρηκεν
3114 1373 3289 1437 οὕτως
3321 1374 3520 1428 εἰπών’
3554 1396 3574 1427 ι
3609 1378 3697 1429 Διο

2119 1460 2301 1525 δόντος
2341 1464 2435 1516 τοῦ
2474 1464 2685 1533 Πατρδς
2720 1465 2881 1534 χάριν
2924 1466 3025 1519 καὶ
3073 1467 3317 1537 εἰρήνην,
3385 1467 3554 1538 αὐτὴν
3601 1470 3695 1522 καὶ

2116 1554 2145 1606 δ
2186 1554 2315 1616 Υἱὸς
2347 1551 2549 1612 δῖδωσι.
2576 1559 2688 1611 Μία
2710 1559 2819 1625 γὰρ
2848 1560 2942 1608 καὶ
2964 1560 2997 1628 ὴ
3031 1559 3169 1628 αὐτὴ
3201 1561 3363 1632 χάρις
3398 1562 3513 1613 ἐστὶ
3540 1562 3691 1631 παρὰ

2118 1644 2330 1712 Πατρδς
2358 1646 2416 1698 ἐν
2447 1647 2581 1715 Υἰῷ,
2613 1648 2686 1705 ὡς
2713 1647 2861 1700 ἐστιν
2890 1647 2948 1700 ἓν
3002 1650 3063 1703 τὸ
3106 1650 3221 1717 φῶς
3255 1650 3351 1704 τοῦ
3400 1653 3551 1721 ἡλίου
3598 1651 3694 1704 καὶ

2116 1736 2210 1789 τοῦ
2269 1738 2730 1805 ἁπαυγάσματος,
2760 1741 2854 1793 καὶ
2903 1741 2965 1793 τὸ
2999 1740 3258 1809 φωτίζειν
3290 1741 3384 1795 τοῦ
3418 1742 3574 1811 ἡλίου
3600 1743 3691 1797 διὰ

2116 1827 2210 1881 τοῦ
2244 1829 2677 1900 ἀπαυγάσματος
2716 1831 2952 1898 γίνεται.
2995 1834 3095 1886 Διὰ
3135 1832 3294 1886 τοῦτο
3351 1834 3447 1887 καὶ
3479 1833 3691 1896 Παῦλος

438 1919 678 1964 nostram
699 1912 764 1964 ad
785 1928 988 1975 vos,—-—
1006 1892 1267 1970 unitatem
1296 1916 1542 1986 Patris;et
1564 1917 1684 1973 Filii
1709 1934 2006 1974 conserva-

2113 1922 2247 1990 πρὸς
2271 1892 2686 1986 Θεσσαλονικεῖς
2726 1892 2925 1991 λέγων,
2946 1955 3017 1964 -
3042 1926 3214 1988 asa;
3268 1925 3324 1978 δὲ
3379 1927 3565 1989 ὁ”Θεὸ;
3599 1892 3695 1981 καί

435 2000 919 2072 vit:nequeenim
953 2005 1132 2072 dixit,
1171 2006 1446 2079 Dirigant,
1495 2010 1652 2080 quasi
1715 2027 1745 2066 a
1795 2012 2013 2068 duobus

437 2089 490 2149 id
517 2095 928 2159 concederetur,
951 2096 1020 2150 ab
1051 2098 1152 2152 hoc
1191 2111 1243 2154 et
1268 2101 1336 2155 ab
1367 2102 1494 2167 hoc,
1542 2104 1635 2157 sed
1676 2103 1904 2173 Dirigat,
1957 2112 2016 2158 ut.

437 2185 751 2239 ostenderet
803 2202 923 2241 eam
955 2203 984 2242 a
1017 2188 1176 2245 Patre
1203 2206 1300 2262 per
1332 2191 1529 2247 Filium
1565 2195 1727 2250 tradi.
1772 2194 1883 2249 Hac
1907 2199 2015 2263 Era-

436 2276 586 2331 tione
642 2278 829 2348 itaque
876 2281 1043 2336 dictis
1090 2285 1281 2338 horum
1339 2288 1740 2355 praicipnornm
1766 2285 2012 2352 Patrum,

434 2366 723 2423 Athanasii
753 2380 808 2425 et
837 2372 1046 2439 Basilii,
1073 2375 1279 2430 unitate
1304 2378 1485 2446 palam
1523 2376 1874 2434 illuceScente
1908 2378 2016 2434 Pa-

434 2461 537 2516 tris
566 2472 618 2517 et
644 2461 789 2530 Filii,
835 2474 894 2519 ut
924 2467 1056 2521 nulli
1084 2468 1418 2523 concedatur
1441 2485 1506 2523 ex
1524 2472 1870 2539 expositione
1902 2480 2015 2526 tra-

433 2551 549 2605 dita
573 2554 809 2621 apinari,
840 2570 904 2608 ex
940 2555 1154 2612 duabus
1189 2560 1372 2613 causis
1423 2574 1576 2625 esse,
1637 2561 1898 2631 quidquid
1947 2577 2013 2617 ex

433 2641 597 2699 Patre
630 2660 726 2714 per
758 2645 959 2702 Filium
987 2691 1003 2713 ,
1031 2650 1148 2704 sive
1183 2651 1249 2706 de
1289 2651 1570 2706 creatione
1595 2667 1777 2707 sermo
1823 2654 1894 2708 sit
1920 2669 2015 2723 per

432 2734 632 2790 Filium
666 2754 732 2792 ex
771 2737 953 2804 Patre,
993 2742 1109 2796 sive
1155 2743 1221 2797 de
1258 2758 1442 2797 rerum
1491 2755 1796 2799 creatarum
1828 2748 2015 2816 provi-

431 2831 611 2885 dentia
647 2847 741 2901 per
774 2831 974 2888 Filium
1005 2850 1069 2890 ex
1096 2836 1281 2903 Patre,
1326 2836 1444 2892 sive
1481 2837 1548 2891 de
1575 2840 1846 2893 donorum
1900 2847 2015 2894 tra-

430 2923 640 2979 ditione
672 2942 766 2994 per
799 2927 995 2982 Filium
1026 2944 1092 2982 ex
1119 2929 1296 2985 Patre.
1352 2929 1497 2997 Quid
1540 2941 1828 3000 reponeret
1862 2933 2016 3003 quis-

434 3016 601 3083 piam,
654 3033 781 3073 cum
831 3019 1133 3077 innumeris
1166 3022 1571 3092 Scripturarnm
1608 3022 1745 3078 locis
1785 3024 2008 3090 invenit,

430 3107 693 3176 Spiritum
721 3120 970 3165 sanctum
987 3128 1051 3166 ex
1084 3111 1243 3167 Patre
1281 3130 1376 3183 per
1412 3112 1611 3169 Filium
1635 3116 1837 3170 habere
1864 3130 2007 3183 esse,

427 3207 483 3253 ct
520 3217 586 3255 ex
627 3202 792 3258 Patre
816 3220 912 3273 per
940 3203 1136 3260 Filium
1164 3209 1450 3271 exsistere.
1483 3217 1536 3262 et
1575 3224 1639 3262 ex
1699 3208 1861 3263 Patre
1908 3225 2007 3278 per

428 3292 632 3349 Filium
667 3296 873 3352 etl‘undi
904 3339 919 3365 ,
958 3308 1014 3354 et
1047 3316 1115 3354 ex
1154 3300 1313 3356 Patre
1349 3316 1442 3370 per
1466 3299 2006 3371 Filiumprocedere?

426 3389 492 3439 Et
522 3387 701 3442 dictas
744 3400 1064 3446 sanctorum
1102 3394 1462 3448 auctoritates
1497 3394 1551 3448 in
1590 3409 1741 3457 voce,
1781 3410 1872 3463 per
1901 3391 2001 3446 Fi-

424 3476 576 3543 lium,
603 3480 822 3537 abunde
857 3486 1216 3541 confirmasse
1248 3486 1510 3541 unitatem
1563 3486 1713 3541 illius
1735 3501 1861 3540 cum
1894 3485 1996 3540 Pa-

427 3581 531 3631 tre.
580 3589 706 3627 cum
742 3592 848 3630 vox
897 3593 963 3633 ea
1023 3580 1303 3649 primaria:
1360 3595 1542 3634 causae
1595 3580 2000 3634 confessionem

423 3664 724 3732 contineat,
753 3681 941 3734 nemo,
971 3670 1268 3738 utopinor,
1299 3669 1596 3734 dubitabit,
1627 3671 1732 3725 nisi
1757 3671 1851 3743 ille
1881 3670 2003 3726 talis

424 3754 495 3807 sit
520 3756 611 3824 qui
636 3772 865 3826 prorsus
895 3761 1048 3815 nullo
1083 3763 1278 3816 timore
1310 3764 1657 3832 percellitur,
1695 3772 1751 3817 et
1789 3763 1998 3832 pudore

424 3846 676 3917 deposito
702 3850 1067 3909 inverecunde
1094 3855 1462 3926 apertissimis
1486 3854 1788 3926 Srripturis
1809 3854 2001 3908 adver-

423 3949 598 3997 Sdllll'.

2030 3255 2077 3319 C

2121 2014 2312 2085 Πατὴρ
2346 2014 2530 2085 ἡμῶν,
2554 2015 2649 2066 καὶ
2678 2014 2705 2067 ὁ
2740 2014 2943 2084 Κύριος
2994 2015 3203 2085 Ἰησοῦς
3228 2015 3464 2084 Χριστὸς
3500 2033 3696 2067 κατευ-

2119 2105 2272 2159 θύναι
2311 2106 2409 2175 τὴν
2437 2105 2557 2159 ὁδὸν
2591 2106 2746 2177 ἡμῶν
2780 2108 2915 2174 πρδς
2948 2098 3189 2173 ύμᾶ;,-
3209 2106 3309 2177 τὴν
3350 2108 3575 2175 ἑνότητα
3600 2106 3694 2158 τοῦ

2117 2196 2332 2265 Πατρδς
2411 2200 2503 2251 καὶ
2561 2199 2656 2251 τοῦ
2708 2198 2841 2251 Υίοῦ
2894 2198 3182 2267 ἐφύλαξεν.
3241 2200 3316 2252 Ού
3380 2199 3492 2269 γὰρ
3546 2193 3691 2264 εἷπε,

2116 2288 2515 2341 Κατευθύνοιεν
2540 2289 2614 2351 ὡς
2663 2290 2816 2359 παρὰ
2867 2290 2962 2343 δύο
2999 2290 3285 2361 διδομένης
3326 2292 3477 2359 παρὰ
3498 2290 3691 2343 τούτου

2116 2381 2211 2433 καὶ
2240 2379 2453 2443 τούτου,
2487 2381 2621 2434 ἀλλὰ
2643 2382 3014 2446 Κατευθύναι,
3050 2383 3136 2435 ἵνα
3163 2381 3311 2454 δείξῃ
3343 2386 3423 2434 ὅτι
3454 2383 3696 2452 ὁλΠατὴρ

2114 2470 2181 2523 δι’
2218 2470 2346 2524 Υίοῦ
2372 2471 2555 2525 δίδωσι
2580 2472 2811 2544 ταύτην.
2845 2472 3002 2527 Οὕτω
3032 2473 3167 2541 γοῦν
3191 2475 3299 2525 ἀπὸ
3338 2474 3445 2528 τῶν
3483 2474 3696 2542 ῥήσεων

2110 2564 2223 2616 τῶν
2281 2564 2455 2632 ἁγίων
2516 2564 2743 2629 τούτων,
2842 2565 3166 2619 Ἀθανασίου
3233 2567 3330 2619 καὶ
3390 2564 3696 2631 Βασιλείου,

2116 2656 2283 2725 φημὶ,
2322 2655 2435 2710 τῶν
2491 2654 2767 2724 μεγάλων,
2804 2660 2903 2724 τῆς
2950 2658 3198 2724 ἑνότητος
3249 2658 3697 2728 ἀναφαινομένης

2114 2747 2328 2816 Πατρδς
2349 2748 2455 2801 ’καὶ
2494 2746 2647 2811 Υίοῦ,
2683 2747 2759 2803 ὡς
2790 2748 2980 2818 μηδενὶ
3023 2750 3130 2803 τῶν
3181 2750 3444 2804 ἁπάντων
3505 2765 3692 2818 παρα-

2113 2839 2410 2909 χωρεῖσθαι
2436 2839 2543 2893 ἀπὸ
2581 2838 2683 2910 τῆς
2729 2841 3050 2910 ἐξηγήσεως
3085 2841 3290 2911 ταύτης
3331 2842 3566 2901 οἴεσθαι.
3618 2840 3697 2903 ὡς

2112 2930 2178 2981 ὲκ
2205 2929 2298 2982 δύο
2336 2925 2476 2983 εἶναι
2507 2931 2697 2983 αίτίων
2746 2932 2854 2984 πᾶν
2883 2933 2936 2984 εί
2973 2949 3025 2984 τι
3084 2949 3191 3002 περ
3243 2934 3309 2985 ὲκ
3373 2932 3584 3002 Πατρδς
3623 2932 3696 2985 δι’

2113 3020 2268 3084 Υίοῦ,
2299 3018 2420 3074 εἴτε
2452 3020 2813 3091 δημιουργίαν
2845 3023 3023 3085 εἴποις
3054 3022 3120 3074 δι’
3158 3022 3291 3075 Υίοῦ
3335 3026 3400 3075 ὲκ
3454 3024 3693 3092 Πατρδς,

2112 3110 2224 3165 εἴτε
2253 3110 2514 3181 πρόνοιαν
2543 3112 2654 3164 τῶν
2687 3111 3215 3182 δημιουργηθέντων
3245 3112 3313 3166 δι’
3337 3110 3467 3165 Υἱοῦ
3489 3112 3554 3163 ἐκ
3580 3114 3695 3163 Πα-

2114 3205 2397 3275 τρὸς,είτε
2426 3204 2575 3258 δόσιν
2604 3207 2962 3276 χαρισμάτων
2996 3205 3394 3274 πνευματικῶν
3436 3204 3506 3257 δι’
3556 3203 3690 3257 Υίοῦ

2109 3297 2176 3350 ὲκ
2205 3296 2438 3366 Πατρός.
2473 3295 2540 3349 Τί
2573 3296 2639 3349 ἄν
2678 3313 2762 3359 τις
2809 3298 2989 3350 εἰπεῖν
3051 3296 3174 3371 ἔχῃ,
3226 3298 3357 3351 ὅταν
3420 3295 3692 3368 μυριαχοῦ
3776 3359 3796 3379 ,

2109 3390 2207 3460 τῆς
2240 3390 2468 3460 Γραφῆς
2490 3390 2721 3463 εὑρίσκῃ
2754 3389 2817 3443 τὸ
2865 3389 3092 3461 Πνεῦμα
3114 3392 3178 3444 τὸ
3201 3391 3358 3460 ἆγιον
3380 3394 3444 3444 ἐκ
3477 3391 3695 3461 Πατρὺς

2107 3481 2174 3534 δι’
2212 3482 2343 3535 Υίοῦ
2366 3482 2489 3551 ἔχον
2518 3482 2580 3534 τὸ
2617 3480 2781 3544 εἶναι,
2809 3484 2984 3536 καὶὲκ
3020 3484 3229 3551 Πατρδς
3259 3483 3324 3536 δι’
3358 3483 3490 3536 Υἱοῦ
3517 3486 3696 3556 ὑπάρ-

2109 3591 2225 3645 χον,
2258 3574 2354 3628 καὶ
2390 3575 2454 3629 ὲκ
2485 3576 2696 3646 Πατρὸς
2726 3576 2793 3628 δι’
2827 3576 2958 3630 Υἱοῦ
2996 3577 3362 3646 προχεόμενον
3390 3575 3690 3642 ούσιωδῶς,

2108 3670 2201 3721 καὶ
2228 3669 2291 3721 ὲκ
2315 3669 2526 3739 Πατρὸς
2542 3667 2610 3721 δι’
2638 3668 2764 3721 Υξοῦ
2791 3670 3270 3740 ἐκπορευόμενον;
3316 3668 3455 3720 Ἀλλ’
3478 3670 3562 3723 ὅτι
3588 3671 3691 3738 μὲν

2109 3760 2166 3812 αί
2207 3758 2457 3829 ρηθεῖσαι
2489 3761 2596 3813 τῶν
2617 3760 2788 3827 ἁγίων
2816 3761 3037 3830 χρήσεις
3065 3762 3146 3823 είς
3179 3759 3278 3831 τὴν
3307 3759 3383 3813 δι’
3413 3760 3548 3815 Tim)
3574 3778 3692 3829 φω-

2107 3849 2204 3920 νὴν
2243 3850 2443 3913 ἱκανῶς
2481 3853 2836 3920 παρέστησαν
2869 3854 2969 3922 τὴν
3000 3852 3135 3921 πρὸς
3158 3854 3250 3906 τὸν
3308 3854 3524 3922 Πατέρα
3569 3852 3692 3908 ἑνό-

2107 3958 2249 4011 τητα
2287 3940 2502 4005 τούτου,
2538 3944 2629 3996 am
2672 3942 2773 4011 τῆς
2800 3943 3019 4008 λέξεως,
3056 3945 3261 4015 ταύτης
3308 3945 3413 4014 τῆς
3472 3962 3686 4014 προκα-

423 4034 736 4106 ταρκτικῆς
806 4035 990 4102 αίτίας
1012 4036 1309 4109 ὁμολογίαν
1330 4039 1582 4111 ἐχούσης,
1622 4042 1650 4094 ό
1699 4031 2287 4111 ἁμφιϐόιλλων,οῐμαι,
2342 4037 2540 4104 οὐδεὶς,
2572 4037 2621 4088 εί
2674 4038 2748 4107 μή
2800 4051 2863 4103 γε
2918 4036 3156 4101 τοιοῦτος
3233 4035 3532 4108 ἀναφανείη
3581 4054 3690 4102 τις,

425 4130 484 4192 ζς
526 4129 802 4199 μηδεμίαν
848 4132 909 4184 τὸ
957 4134 1219 4204 παράπαν
1263 4135 1478 4205 ἡγεῖται
1525 4134 1728 4189 δειλίαν
1793 4130 2222 4203 καταπροδήλως
2262 4129 2617 4200 ἀναίσχυντον
2662 4135 2782 4193 ταῖς
2837 4132 3078 4203 Γραφαίς
3118 4135 3476 4190 αντιΰαίνειν.

493 4227 582 4281 20.
614 4226 816 4282 Verum
844 4229 989 4282 enim
1026 4245 1154 4284 vero
1184 4239 1238 4284 et
1271 4232 1443 4300 ipsam
1476 4244 1825 4286 communem
1881 4229 1993 4297 pie-

423 4319 552 4373 tatis
585 4331 787 4374 nostrae
832 4321 1113 4376 notionem
1148 4322 1252 4376 hoc
1288 4322 1428 4376 idem
1466 4323 1626 4378 nobis
1680 4337 1993 4393 suggerere,

424 4426 534 4465 non
562 4410 669 4475 erit
719 4412 1120 4481 comprehensu
1164 4412 1405 4467 dillicile.
1465 4411 1789 4481 Ubicunque
1845 4412 1993 4466 enim

421 4517 514 4581 per
547 4500 749 4556 Filium
775 4505 1067 4573 accipitur,
1096 4505 1224 4558 .nisi
1268 4519 1365 4573 pro
1417 4504 1650 4557 naturali
1709 4512 1765 4557 et
1805 4518 2000 4557 essen-

2164 4222 2235 4279 κ’.
2271 4226 2397 4278 ὀτι
2427 4226 2484 4279 δὲ
2522 4226 2617 4279 καὶ
2650 4227 2788 4294 αὑτὴ
2832 4228 2864 4296 ἡ
2914 4227 3067 4297 κοινὴ
3087 4229 3184 4296 τῆς
3211 4230 3495 4294 εὐσεϐείας
3531 4234 3692 4303 ἡμῶν

2103 4317 2284 4371 ἔννοια
2325 4318 2487 4371 τοῦτο
2522 4321 2663 4371 νοεῖν
2715 4319 2860 4388 ἡμᾶς
2910 4320 3147 4383 δίδωσιν,
3189 4320 3310 4373 οὐδὲ
3355 4321 3514 4375 τοῦτο
3556 4324 3688 4377 δυσ-

2105 4411 2266 4481 χερὲς
2305 4412 2385 4471 εἰς
2419 4410 2744 4477 κατάληψιν.
2789 4410 2964 4463 Ὅπου
2996 4410 3131 4479 γὶῤ
3151 4408 3488 4477 λαμϐάνεται
3519 4414 3579 4465 τὺ
3609 4414 3685 4470 δι’

2108 4501 2269 4563 Υλοῦ,
2321 4504 2369 4553 εἰ
2399 4500 2475 4570 μὴ
2501 4501 2590 4553 διὰ
2614 4503 2714 4570 τὴν
2742 4500 2877 4569 πρὸς
2899 4502 3000 4570 τὴν
3040 4502 3261 4571 Πατέρα
3309 4505 3552 4573 φυσικὴν
3589 4507 3687 4559 καὶ

419 4576 538 4646 tiali
574 4608 697 4647 cum
753 4595 917 4647 Patre
940 4597 1140 4649 unione
1170 4594 1291 4649 Filii
1321 4595 1625 4650 secundum
1643 4604 1995 4665 apparentem

2113 4593 2343 4662 ούσιώδη
2375 4595 2603 4663 ἑνότητα
2633 4593 2728 4646 τοῦ
2762 4592 2893 4646 Υἱοῦ
2940 4594 3085 4647 κατὰ
3110 4593 3207 4662 τὴν
3241 4595 3686 4668 ἀναφαινομένην

416 4702 489 4739 ex
516 4684 620 4739 Per
644 4687 1027 4757 pra‘positione
1050 4688 1451 4744 confessionem
1485 4690 1759 4759 primariae
1792 4704 1995 4753 cansae,

419 4779 728 4850 intelligere
771 4781 895 4849 quis
928 4782 1075 4846 velit,
1111 4783 1214 4836 erit
1244 4798 1467 4850 prorsus
1506 4782 1905 4847 necessarium,
1941 4784 1997 4835 ln

324 4862 327 4863 ⁷
418 4884 583 4923 ιιειιιιι
657 4871 1034 4926 ministerialis
1090 4874 1440 4942 cogitationis
1511 4889 1817 4928 assumere.
1891 4873 2000 4928 Sed

418 4965 643 5030 quando
669 4965 980 5018 communis
1015 4976 1216 5020 nostree
1247 4966 1466 5034 pietatis
1495 4966 1647 5020 notio
1682 4967 1735 5019 in
1764 4967 1999 5020 similem

422 5059 755 5111 sententiam
790 5056 961 5122 accipi
992 5058 1120 5111 illud
1136 5075 1227 5124 per
1251 5055 1452 5112 Filium
1475 5067 1531 5113 ut
1553 5057 1781 5127 impium
1812 5057 2002 5127 prohi-

420 5146 536 5213 bet,
573 5165 639 5203 ac
688 5152 1010 5220 prascribit,
1061 5153 1273 5207 clarum
1318 5159 1587 5218 remanet,
1645 5152 1998 5206 essentialem

424 5244 690 5297 unitatem
728 5242 917 5299 vocem
945 5261 1037 5313 per
1068 5244 1273 5299 Filium
1312 5245 1579 5311 indicare,
1611 5260 1735 5298 cum
1763 5245 2000 5300 dicimus

422 5349 485 5386 rx
521 5333 677 5389 Patre
702 5352 794 5404 per
834 5334 1029 5390 Fllilll"
1068 5337 1332 5407 Spiritum
1388 5353 1538 5403 esse,
1588 5347 1642 5391 et
1678 5336 1998 5406 procedere.

422 5423 478 5477 ll
516 5426 604 5476 ubi
647 5425 698 5477 in
730 5425 1002 5481 confessis
1058 5427 1239 5490 fuerit,
1282 5428 1531 5481 indicare
1581 5443 1775 5496 nempe
1812 5442 1998 5481 vocem

421 5534 517 5584 per
559 5515 758 5572 Filium
791 5519 1139 5574 essentialem
1187 5522 1450 5575 unitatem
1485 5561 1501 5587 ,
1554 5519 1815 5575 facillime
1847 5530 2001 5589 pust-

426 5612 1133 5682 modumdeprehendetur,
1171 5614 1382 5668 nttllnm
1422 5615 1717 5669 discrimen
1759 5631 1904 5679 esse,
1933 5630 2001 5668 cx

431 5698 572 5754 Filio
604 5717 728 5758 esse
773 5705 980 5766 dicere.
1033 5707 1176 5776 quod
1216 5725 1281 5763 ex
1313 5709 1473 5765 Patre
1524 5727 1618 5781 per
1650 5709 1852 5765 Filium
1889 5717 1999 5768 est.

422 5792 629 5857 Quodsi
659 5796 985 5862 quibusdam
1017 5799 1282 5856 incertum
1321 5804 1533 5858 videtur
1586 5804 1684 5858 has
1740 5803 2003 5874 prmposi-

425 5887 606 5944 tiones
646 5889 874 5946 alteram
906 5892 1132 5950 alterius
1185 5895 1365 5952 locum
1425 5880 1719 5968 occupare,
1770 5912 1999 5969 magnus

2109 4686 2172 4738 ὲκ
2197 4689 2298 4755 τῆς
2339 4686 2429 4741 διὰ
2480 4686 2776 4755 ὁμολογίαν
2803 4686 2902 4753 τῆς
2960 4689 3447 4757 προκαταρκτικῆς
3502 4691 3686 4754 αἰτίας

2109 4780 2266 4833 τοῦτο
2312 4782 2453 4834 νοεῖν
2486 4795 2569 4842 τις
2592 4779 2791 4845 ἐθέλει,
2831 4779 3149 4832 ἔσταικατὰ
3205 4780 3387 4831 πᾶσαν
3434 4781 3687 4852 ἀνάγκην

2107 4874 2185 4933 είς
2213 4872 2416 4942 χρῆσιν
2452 4873 2793 4943 ὑπηρετικῆς
2824 4872 3033 4933 ἑννοίας
3067 4871 3199 4924 αὐτὸ
3238 4872 3682 4943 λαμϐανόμενον.

2109 4962 2251 5015 Ἀλλ’
2296 4966 2419 5017 ἐπεὶ
2446 4965 2479 5034 ή
2507 4964 2661 5035 κοινὴ
2689 4965 2790 5034 τῆς
2851 4963 3138 5028 εὐσεϐείας
3176 4966 3337 5035 ἡμῶν
3389 4967 3572 5021 ἔννοια
3620 4969 3687 5022 τὸ

2107 5055 2187 5117 εἰς
2207 5054 2305 5124 τὴν
2355 5055 2611 5124 τοιαύτην
2650 5056 2860 5109 ἔννοιαν
2928 5056 3380 5126 λαμϐάνεσθαιτὸ
3426 5058 3501 5113 δι’
3546 5060 3687 5114 Υῐοῦ

2106 5151 2442 5221 ἀπαγορεύει
2470 5151 2546 5214 ὡς
2578 5152 2797 5216 ἀσεϐὲς,
2844 5150 3066 5223 εὔδηλον
3095 5153 3170 5217 ὡς
3208 5154 3503 5217 οὐσιὼδους
3554 5156 3682 5209 and.

2107 5261 2293 5314 τητος,
2333 5246 2567 5316 δήλωσιν
2601 5244 2728 5321 ﬁt?
2763 5246 2899 5300 Υίοῦ
2924 5245 3078 5317 φωνὴ
3102 5246 3237 5317 ἔχει,
3272 5248 3330 5300 ἐν
3368 5248 3446 5317 τῷ
3480 5249 3546 5300 ὲκ
3572 5249 3689 5302 Πα-

2106 5337 2235 5407 ego;
2273 5336 2342 5413 δι’
2370 5338 2501 5390 Υἱοῦ
2552 5336 2613 5411 go
2644 5338 2869 5407 Πνεῦμα
2903 5336 3065 5402 εἶναι,
3105 5341 3201 5392 καὶ
3252 5340 3685 5411 ἐκπορεύεσθαι.

2106 5431 2312 5483 Τούτου
2361 5431 2419 5484 δὲ
2476 5432 2935 5502 ὁμολογηθέντος,
2982 5431 3076 5484 τοῦ
3125 5433 3272 5502 ἔχειν
3323 5433 3526 5505 δηλαδὴ
3576 5442 3681 5503 τὴν

2105 5522 2181 5576 δι’
2215 5521 2350 5576 Υἱοῦ
2391 5523 2575 5594 φωνὴν
2603 5523 2837 5594 δήλωσιν
2881 5521 3171 5587 ούσιὼδους
3220 5525 3492 5593 ἐνότητος,
3542 5526 3681 5597 ῥᾷον

2106 5616 2260 5669 ἔσται
2287 5614 2471 5666 λοιπὸν
2495 5615 2725 5669 συνυδείν
2777 5614 2943 5685 μηδὲν
2999 5631 3052 5667 τι
3089 5615 3368 5687 διαφέρειν
3402 5612 3543 5669 εἶναι
3578 5621 3681 5671 καὶ

2104 5710 2163 5775 ἐξ
2194 5711 2325 5766 Υίοῦ
2357 5712 2537 5780 λέγειν
2576 5711 2637 5761 τὸ
2686 5710 2751 5761 ὲκ
2798 5708 3009 5778 Πατρὸς
3040 5707 3288 5780 ὑπάρχον
3327 5707 3395 5760 δι’
3423 5708 3577 5762 Υίοῦ.
3615 5710 3684 5765 Et

2105 5788 2159 5856 δέ
2188 5820 2333 5856 τισιν
2362 5800 2567 5873 ἄπορον
2618 5795 2766 5853 εἶναι
2809 5797 2962 5852 δοκεῖ
3017 5794 3278 5870 ἀλλήλαις
3333 5799 3429 5865 τὰς
3478 5801 3685 5872 προθέ.

2109 5913 2222 5960 σεις
2257 5893 2466 5956 ταύτας
2518 5890 3032 5963 ἀντεπιχωριόιζειν,
3081 5890 3197 5944 ἀλλ’
3227 5894 3254 5945 ό
3288 5890 3462 5962 μέγας
3509 5892 3679 5947 Βασξ.
