3978 6604
376 404 387 421 ‘
454 425 525 489 at
1525 429 1732 493 JOAN.
1777 429 1993 494 VECCI
2033 430 2146 493 cr.
2185 431 2697 496 Pammenia
3649 434 3709 497 σι

450 551 551 606 per
574 533 801 593 Filium.
828 533 1078 607 Namque
1100 578 1115 603 ,
1140 535 1270 593 dum
1301 536 1531 593 audiunt
1556 539 1830 607 nonnulli,
1861 538 2008 611 Spiri

2144 541 2281 596 Υιοῦ
2330 545 2396 596 ὲκ
2473 544 2709 615 Πατρός,
2756 540 3049 607 ἀκούοντές
3102 560 3247 608 τινες
3283 543 3345 600 τὸ
3377 544 3606 616 Πνεῦμα
3651 546 3699 600 δι

450 638 564 683 tum
601 628 805 686 habere
839 645 938 700 per
961 628 1184 696 Filium,
1221 631 1366 702 quod
1404 630 1496 696 sit,
1529 639 1581 686 et
1610 647 1708 703 per
1736 631 1934 689 Filium
1966 649 2034 690 ex

446 717 607 775 Patre
659 722 956 791 procedere
990 741 1003 777 :
1037 720 1243 793 Ecquid
1306 724 1457 787 novi,
1510 725 1791 795 inquiunt,
1845 735 1950 794 est,
1988 726 2035 783 si

452 827 552 875 per
581 812 781 867 Filium
818 812 1059 884 Spiritus
1088 814 1291 870 dicitur
1335 831 1480 882 esse,
1517 827 1568 871 et
1610 834 1706 889 per
1732 819 1932 874 Filium
1965 835 2034 875 ex

366 934 373 939 —
450 903 613 959 Patre
659 906 991 975 procedere?
1039 921 1218 977 neque
1273 909 1444 974 enim,
1487 926 1601 979 per,
1653 910 1742 967 hic
1787 912 2035 968 ministe-

447 997 590 1051 rium
619 997 903 1064 denotare,
961 999 1356 1068 concedamus,
1394 1017 1575 1072 neque
1617 1005 1938 1071 essentiam,
1979 1013 2034 1060 et

445 1085 590 1142 forte
622 1089 788 1142 etiam
812 1097 1073 1145 neutrum
1105 1106 1172 1146 ex
1208 1091 1315 1149 his.
1343 1092 1411 1148 Et
1434 1095 1565 1162 quid
1597 1110 1693 1151 vos
1726 1096 1913 1152 ndhaec
1947 1097 2032 1152 di-

445 1179 774 1246 citis?Quid
805 1181 1086 1237 dicimus?
1121 1183 1260 1254 Erga
1306 1184 1509 1241 Filium
1542 1185 1726 1244 Patris
1778 1189 2030 1244 habitum

443 1271 612 1327 dictio
657 1273 904 1341 indicat;
941 1276 1104 1332 veluti
1130 1278 1303 1340 enim.
1337 1294 1462 1334 cum
1494 1279 1733 1337 dicimus
1762 1282 2027 1351 Spiritum

441 1364 832 1431 procedentem
871 1382 940 1421 ex
976 1367 1161 1434 Patre,
1216 1385 1327 1425 non
1379 1372 1627 1426 valemus
1669 1374 2034 1444 comprehen-

442 1458 577 1514 dere
635 1460 936 1517 dictionem
987 1463 1167 1534 ipsum
1224 1479 1427 1520 nomen
1480 1465 1659 1521 Patris
1713 1467 2031 1538 signiﬁcan-

442 1558 576 1617 tem,
625 1554 836 1625 absque
872 1555 1011 1613 Filio
1044 1574 1059 1612 :
1092 1574 1332 1629 namque
1383 1559 1556 1616 Patris
1602 1561 1895 1631 appellatio
1941 1577 2027 1617 re-

442 1642 702 1701 lationem
732 1647 799 1702 ad
838 1648 1058 1715 Filium,
1081 1666 1309 1721 prorsus
1337 1651 1525 1719 infert,
1562 1652 1643 1709 sic
1679 1670 1801 1709 cum
1826 1672 1891 1710 ex
1920 1654 2029 1711 Pa-

443 1745 531 1792 tre
557 1753 655 1806 per
679 1737 880 1795 Filium
915 1741 1120 1798 dicitur
1143 1744 1384 1813 Spiritus
1408 1745 1728 1815 procedere,
1752 1747 1802 1801 id
1828 1747 2028 1804 dicitur

443 1838 668 1895 propter
702 1828 883 1885 Patris
903 1845 1033 1900 erga
1068 1830 1265 1887 Filium
1294 1833 1638 1903 relationem,
1666 1845 1717 1891 et
1752 1841 2023 1909 nonquod

439 1919 811 1975 essentialiter
861 1922 933 1978 sit
985 1924 1199 1980 medius
1249 1924 1422 1983 Filius
1474 1928 1623 1984 inter
1707 1930 1925 1987 Patrem
1973 1943 2029 1988 et

444 2004 712 2077 Spiritum
747 2028 1028 2085 :namque
1056 2028 1115 2073 ut
1162 2018 1560 2077 administrum
1628 2024 1870 2080 medium
1902 2042 2028 2082 esse

440 2098 736 2168 affirmare,
763 2103 1122 2173 detestamur,
1166 2117 1219 2163 et
1246 2111 1594 2168 anathemate
1628 2114 1845 2171 icimus.
1886 2116 2026 2184 Quid

438 2202 606 2255 porro
653 2192 721 2245 ad
770 2194 890 2250 haec
929 2197 1065 2251 nos?
1117 2195 1188 2253 Ut
1215 2198 1602 2257 administrum
1631 2205 1871 2260 medium
1904 2222 2030 2263 esse

437 2278 664 2348 Filium,
703 2283 760 2339 in
801 2286 1129 2344 exsistentia
1165 2290 1406 2358 Spiritus
1430 2310 1496 2349 ex
1542 2295 1727 2362 Patre,
1792 2298 2031 2358 detesta-

439 2375 601 2440 miui,
635 2386 691 2432 et
720 2380 1071 2437 anathemate
1103 2383 1273 2449 icitis,
1311 2402 1421 2441 non
1463 2398 1659 2445 vestrae
1690 2390 1742 2445 id
1791 2391 2030 2450 benevo-

444 2466 636 2522 lentia!
672 2469 947 2538 dedimus,
974 2474 1067 2530 sed
1102 2474 1345 2531 debitum
1397 2494 1626 2549 prorsus
1656 2498 1687 2537 a
1733 2483 1891 2539 vobis
1918 2487 2031 2541 sol-

434 2562 672 2617 vendum
697 2577 1037 2634 reputamus.
1065 2567 1269 2626 Verum
1297 2587 1394 2628 vos
1421 2576 1799 2632 essentialitcr
1823 2579 2024 2637 Filium

434 2669 560 2710 esse
586 2658 825 2712 medium
857 2659 912 2714 in
942 2662 1263 2720 exsistentia
1290 2665 1529 2735 Spiritus
1561 2683 1626 2723 ex
1653 2668 1813 2727 Patre
1845 2674 2024 2743 palam

431 2749 680 2804 conﬁteri
754 2756 1176 2823 procrastinare,
1234 2767 1287 2813 et
1342 2758 1640 2818 huhitualis
1688 2767 2026 2835 operationis

438 2841 945 2901 manifestationem
973 2862 1097 2903 esse
1124 2864 1309 2903 vocem
1330 2866 1424 2920 per
1447 2850 1653 2906 Filium
1673 2859 2021 2926 contendere,

430 2948 613 3003 neque
670 2936 854 3002 nobis,
888 2955 1065 3011 neque
1087 2943 1304 2997 veritati
1328 2944 1633 3002 allubescit.
1676 2946 1796 3015 Quo
1819 2951 2019 3005 ctenim

430 3025 540 3079 alio
587 3027 695 3083 nisi
726 3034 968 3087 essentia
1025 3034 1239 3091 medius
1285 3038 1392 3092 erit
1447 3038 1641 3104 Filius,
1676 3040 1729 3096 in
1785 3040 2023 3112 Spiritus

430 3132 495 3172 ex
529 3117 695 3176 Patre
719 3124 1087 3181 exsisteutia?
1120 3127 1302 3193 Quare
1350 3128 1565 3186 attento
1615 3133 1805 3189 animo
1858 3151 2022 3192 aures

2142 630 2275 684 Υίοῦ
2297 630 2359 686 τὸ
2404 629 2545 688 εῐναι
2581 633 2722 705 ἕχον,
2760 634 2856 688 καὶ
2882 633 2951 688 δι’
2971 634 3126 705 Υίοῦ,
3165 635 3601 706 ἐκπορευόμενον
3653 636 3711 689 ἐν

2141 723 2354 795 Πατρός
2384 740 2399 757 ·
2421 726 2530 779 Καὶ
2543 725 2595 779 τί
2613 727 2821 787 καινὸν.
2842 726 3027 794 φασιν,
3060 726 3109 779 εί
3130 724 3198 779 δι’
3229 726 3359 780 Υίοῦ
3402 727 3461 779 τὸ
3497 725 3711 798 Πνεῦμα

2136 812 2359 882 λέγεται
2383 812 2547 881 εἶναι,
2573 818 2669 871 καὶ
2696 817 2765 871 δι’
2800 817 2930 871 Υἱοῦ
2950 820 3014 871 ὲκ
3031 817 3244 889 Πατρδς
3277 818 3711 889 ἐκπορεύεσθαις

2136 905 2258 959 οὔτε
2281 908 2388 978 γὰρ
2423 908 2782 979 ὑπουργικῶς
2812 910 2911 981 τὴν
2941 909 3040 963 διὰ
3091 908 3325 963 ἐνταῦθα
3350 909 3597 981 δώσομεν
3627 912 3711 963 ὲκ-

2135 997 2537 1068 ).αμ6άνεσοαι,
2588 1000 2714 1054 οὔτε
2744 1001 2852 1070 μὴν
2878 1001 3178 1067 οὐσιωὸῶς,
3232 1002 3366 1056 ἀλλ’
3397 1003 3530 1067 ἴσως
3593 1004 3712 1057 κατ’

2135 1090 2419 1162 οὐδέτερον
2452 1090 2678 1147 τούτων.
2700 1094 2807 1147 Καὶ
2830 1093 2885 1146 τί
2917 1109 3077 1164 φατε,
3097 1086 3142 1147 ὦ
3172 1094 3308 1166 πρὸς
3332 1094 3505 1149 ταῦτα
3532 1095 3710 1165 ὑμεζςς

2134 1183 2200 1236 Τί
2230 1199 2444 1254 φαμεν;
2496 1184 2610 1253 Τὴν
2646 1185 2780 1255 πρὸς
2813 1184 2903 1238 τόν
2933 1184 3063 1239 rm
3092 1185 3186 1238 τοῦ
3248 1186 3462 1256 Πατρὸς
3529 1186 3712 1257 σχέσιν
3754 1210 3761 1219 ο

2133 1271 2355 1344 ἠλέεις
2402 1272 2681 1343 ἐμφαίνει.
2745 1273 2903 1327 Ἐπεὶ
2974 1274 3105 1340 γὰρ,
3171 1273 3302 1327 ὅταν
3359 1273 3611 1343 λέγωμεν
3656 1272 3715 1326 τὸ

2133 1367 2357 1435 Πνεῦμα
2412 1367 2849 1437 ἐκπορευόμενον
2888 1368 2952 1419 ὲκ
3017 1367 3250 1437 Πατρδς,
3315 1365 3378 1419 οὒ
3436 1366 3711 1433 δυνάμεθα

2130 1459 2323 1528 νοῆσαι
2358 1458 2528 1531 αὐτὴν
2549 1459 2947 1530 τὴνδηλοῦσαν
3001 1460 3063 1513 τὸ
3118 1458 3215 1513 τοῦ
3275 1458 3489 1531 Πατρὺς
3543 1458 3714 1528 ὄνομα

2130 1549 2277 1615 λέξιν
2308 1551 2440 1605 ἄνευ
2476 1553 2572 1607 καὶ
2604 1552 2760 1606 Υἱοῦ·
2794 1552 2854 1607 τὸ
2875 1554 2985 1624 γὰρ
3024 1553 3216 1624 Πατὴρ
3247 1552 3417 1623 ὄνομα
3449 1553 3551 1621 τὴν
3581 1552 3713 1622 πρὸς

2128 1640 2219 1693 τὸν
2252 1640 2383 1694 Υἱδν
2423 1642 2610 1713 σχέσιν
2656 1644 2873 1706 πάντως
2915 1645 3195 1715 ἐμφαίνει,
3230 1644 3359 1698 ὅταν
3400 1646 3467 1698 ἐκ
3503 1645 3714 1713 Πατρδς

2128 1732 2196 1787 δι’
2246 1733 2375 1787 Υίοῦ
2410 1734 2637 1804 λέγηται
2667 1736 2729 1791 τὸ
2782 1736 3008 1808 Πνεῦμα
3055 1735 3456 1810 ἐκπορεύεσθαι
3485 1736 3575 1790 διὰ
3616 1736 3714 1808 τὴν

2129 1824 2223 1877 τοῦ
2261 1825 2475 1896 Πατρός
2504 1828 2640 1896 πρὸς
2673 1827 2774 1881 τὸν.
2827 1828 2954 1881 Υίὸν
3014 1830 3204 1899 σχέσιν
3250 1829 3466 1900 εἴρηται
3531 1826 3714 1893 τοῦτο,

2130 1919 2227 1971 καὶ
2256 1918 2315 1971 οὐ
2345 1918 2432 1971 διὰ
2462 1919 2523 1972 τδ
2552 1919 2827 1982 οὐσιωδῶς
2862 1922 3172 1991 μεσιτεύειν
3215 1921 3308 1974 τὸν
3357 1921 3485 1976 Υίὸν
3536 1919 3714 1989 Πατρί

2129 2026 2188 2063 τε
2217 2010 2311 2063 καὶ
2345 2010 2650 2080 Πνεῦματι.
2695 2012 2768 2064 Τὸ
2811 2012 2920 2082 γὰρ
2980 2011 3331 2082 ὑπουργικῶς
3400 2010 3708 2081 μεσιτεύειν

2130 2102 2305 2154 εἰπεῖν
2334 2101 2747 2172 ἵκαταργοῦμεν
2818 2105 2913 2157 καὶ
2977 2104 3475 2174 ἀναθεματίξομεν.
3528 2103 3594 2157 Τί
3654 2104 3713 2158 δὲ

2129 2196 2268 2266 πρὸς
2301 2196 2476 2249 ταῦτα
2502 2199 2705 2266 masta;
2750 2197 2875 2251 ’Ότι
2908 2198 3012 2269 μὲν
3042 2199 3101 2252 τὸ
3141 2199 3499 2269 ὑπουργικῶς
3550 2215 3713 2268 μεσι-

2126 2289 2306 2343 τεύειν
2355 2289 2448 2343 τὸν
2490 2290 2617 2343 Υίδν
2636 2292 2701 2361 τῇ
2734 2292 2799 2344 ὲκ
2844 2291 3060 2361 Harpe;
3119 2291 3356 2362 ὑπάρξει
3399 2291 3495 2345 τοῦ
3542 2291 3713 2345 Ilvati-

2128 2398 2299 2451 ματος
2357 2384 2686 2453 καταργεῖτε
2744 2383 2839 2438 καὶ
2880 2384 3340 2454 ἀναθεματίζετε,
3423 2383 3485 2437 οὗ
3544 2384 3716 2454 χάριν

2128 2471 2404 2542 ὑμετέραν
2442 2473 2629 2543 τοῦτο,
2660 2475 2797 2529 ἀλλὰ
2826 2476 2984 2547 χρέος
3012 2476 3381 2546 ἀπαραίτησιν
3430 2475 3587 2544 ὑμῶν
3615 2474 3708 2528 λοο

2129 2563 2400 2635 γιζόμεθα
2423 2582 2438 2595 ⁸
2494 2568 2577 2621 ὅτι
2632 2568 2690 2622 δὲ
2719 2568 2780 2621 τὸ
2805 2569 3080 2632 οὐσιωδῶς
3111 2568 3422 2637 μεσιτεύειν
3450 2568 3539 2621 τὸν
3579 2568 3713 2621 Υίὸν

2132 2656 2227 2707 ἐπὶ
2276 2660 2345 2728 τῇ
2380 2659 2444 2710 ἐκ
2470 2658 2687 2729 Πατρός
2720 2658 2952 2729 ὑπάρξει
2984 2657 3080 2712 τοῦ
3116 2659 3435 2729 Πνεύματος
3482 2659 3713 2732 διαρῤής

2120 2736 2224 2816 ’δην
2267 2749 2550 2820 ὁμολογεῖν
2585 2750 2973 2815 ἀναϐάλλεσθε,
2999 2753 3094 2805 καὶ
3119 2751 3374 2823 σχετικῆς
3405 2752 3701 2823 ἐμφάσεως

2125 2840 2359 2911 δήλωσιν
2432 2838 2573 2898 εἶναι
2635 2846 2734 2913 τὴν
2799 2844 2875 2899 δι’
2910 2844 3049 2899 Υιοῦ
3117 2845 3302 2914 φωνὴν
3355 2845 3709 2905 διατείνεσῡε.

2126 2934 2252 2990 οὔτε
2280 2939 2411 3006 ἡμῖν
2436 2937 2560 2991 οὔτε
2603 2940 2668 3010 τῇ
2701 2936 2931 3011 ἀληθείᾳ
2968 2936 3130 2992 τοῦτο
3183 2939 3433 3009 ἀρέσκει.
3467 2937 3624 2990 Κατὰ
3655 2935 3709 2990 τί

2126 3028 2237 3099 γὰρ
2268 3029 2415 3093 ἄλλο,
2449 3032 2537 3084 ὅτι
2572 3030 2648 3103 μὴ
2691 3032 2836 3085 κατὰ
2863 3031 2927 3085 τὸ
2951 3031 3224 3095 οὑσιωδῶς
3277 3034 3344 3103 τῇ
3377 3032 3442 3083 ἐκ
3495 3029 3711 3098 Πατρὸς

2126 3121 2361 3193 ὑπάρξει
2420 3123 2515 3177 τοῦ
2585 3124 2905 3195 Πνεύματος
2968 3126 3285 3194 μεσιτεύσει
3340 3123 3710 3189 ὁΥίόςςιίαὶ

430 3209 692 3278 praebete.
730 3213 813 3270 Ex
862 3214 1025 3273 Patre
1055 3219 1260 3275 dicitur
1294 3219 1537 3291 Spiritus
1564 3239 1660 3295 per
1710 3223 1933 3296 Filium,
1966 3239 2018 3285 et

2125 3213 2255 3283 γοῦν
2294 3216 2645 3287 προσχόντες,
2669 3217 2959 3271 ἀκούσατε.
3002 3216 3095 3270 Ἐκ
3143 3217 3352 3287 Πατρος
3399 3216 3615 3285 λέγεται
3649 3217 3710 3270 τὸ

428 3319 493 3357 ex
531 3303 712 3363 Patris
742 3310 982 3365 essentia
1006 3311 1293 3382 Spiritum.
1328 3331 1450 3371 esse
1483 3333 1515 3372 a
1538 3335 1649 3389 quo
1675 3330 1922 3376 vertatur
1958 3323 2014 3379 iu

2125 3307 2350 3379 Πνεῦμα
2373 3310 2441 3364 δι’
2473 3309 2600 3390 Υζοῦ
2620 3328 2634 3342 ·
2684 3312 2780 3366 καὶ
2822 3313 2905 3366 ὅτι
2939 3314 3002 3365 ὲκ
3030 3313 3128 3381 τῆς
3149 3310 3341 3373 οὐσίας
3367 3310 3461 3364 τοῦ
3496 3310 3710 3381 [ἰατρὸς

427 3392 697 3451 dubium?
723 3396 789 3452 Et
823 3414 948 3455 cum
977 3417 1039 3456 ex
1081 3403 1257 3460 Patris
1298 3408 1540 3463 essentia
1571 3408 1666 3475 sit,
1727 3421 1782 3467 et
1831 3412 2008 3484 ipsam

429 3489 728 3545 essentiam
777 3507 901 3548 esse
957 3493 1011 3549 in
1063 3495 1364 3568 hypostasi,
1428 3500 1553 3572 quis
1586 3518 1693 3557 non
1726 3505 1904 3575 palam
1938 3506 2020 3561 fa-

428 3583 672 3637 tebitur?
701 3586 909 3655 Spiritu
937 3588 1105 3660 igitur
1139 3594 1509 3651 essentialiter
1537 3607 1593 3651 et
1624 3598 1678 3652 in
1734 3600 2017 3670 hypostasi

429 3690 524 3741 per
552 3675 754 3733 Filium
779 3695 846 3734 ex
867 3683 1109 3738 essentia
1139 3683 1321 3741 Patris
1350 3689 1701 3757 procedente,
1723 3693 1851 3763 quis
1881 3694 2016 3749 illud

428 3781 525 3836 per
558 3767 757 3827 Filium
795 3773 862 3827 ad
904 3775 1371 3834 tuanil'estandam
1434 3782 1765 3840 habitualem
1819 3787 2020 3843 intelli-

428 3861 693 3930 gentiam,
720 3875 905 3922 etnon
958 3867 1025 3924 ad
1065 3871 1539 3932 conﬁrmationem
1588 3878 1896 3935 intermedii
1928 3897 2018 3938 es-

429 3952 680 4009 sentialis
735 3956 995 4015 decernet
1042 3976 1165 4018 esse
1196 3965 1619 4035 accipiendum?
1664 3969 1820 4037 Quod
1866 3971 2012 4028 enim

430 4045 801 4102 essentialiter
824 4063 890 4104 ex
925 4054 1163 4108 essentia
1198 4053 1374 4111 Patris
1401 4067 1508 4126 est,
1542 4074 1667 4114 cum
1702 4061 2016 4118 immediate

431 4149 539 4188 non
574 4137 648 4192 sit
667 4154 733 4192 ex
759 4139 942 4209 Patre,
971 4147 1335 4203 essentialiter
1357 4152 1585 4206 omnino
1622 4152 1787 4210 habet
1810 4154 2012 4210 Filiqu

432 4229 911 4301 iutervenientem,
940 4235 995 4290 in
1029 4253 1128 4292 sua
1161 4253 1229 4294 ex
1260 4238 1421 4296 Patre
1449 4244 1792 4301 exsisteutia.
1824 4246 2014 4320 Neque

426 4321 574 4375 enim
612 4322 933 4382 immediate
962 4331 1255 4402 quisquam
1285 4336 1524 4404 reperiet
1552 4336 1819 4407 Spiritum
1865 4345 2012 4398 exsi-

427 4421 614 4481 stere;
650 4426 746 4472 aut
774 4420 1072 4488 procedere
1097 4438 1161 4477 ex
1195 4425 1380 4493 Patre,
1417 4428 1544 4485 licet
1577 4430 1872 4487 admodum
1920 4435 2015 4490 de-

424 4504 685 4577 tatigctur
731 4527 921 4569 sacras
969 4514 1284 4587 Scripturas
1307 4522 1688 4580 exterebrans.
1718 4524 1822 4592 Qui
1855 4530 2002 4582 enim

2120 3409 2182 3464 τδ
2207 3403 2457 3476 Πνεῦμα,
2481 3404 2590 3459 τίνι
2607 3407 2701 3459 καὶ
2745 3405 2899 3459 ἔσται
2934 3404 3449 3475 ἁμφιϐαλλόμενονς
3485 3405 3611 3459 Ὀτι
3647 3404 3711 3457 δὲ

2120 3502 2185 3556 ἐκ
2251 3500 2351 3572 τῆς
2399 3498 2494 3554 τοῦ
2557 3500 2779 3571 Πατρὸς
2856 3499 3103 3568 ὑπάρχον
3154 3498 3367 3563 οὐσίας,
3425 3499 3521 3551 καὶ
3573 3498 3710 3552 αὐτὸ

2118 3595 2278 3649 οὐσία
2322 3595 2470 3648 ἐστὶν
2503 3593 2895 3659 ἐνυπόστατος,
2929 3593 3012 3656 τίς
3036 3594 3133 3662 οὐχ
3192 3592 3523 3663 ὁμολογήσει
3569 3608 3708 3663 τρα-

2118 3688 2227 3752 νῶς
2253 3687 2402 3755 ;’Τοῦ
2423 3683 2519 3741 οὖν
2568 3686 2890 3756 Πνεύματος
2915 3686 3194 3750 οὑσιωδώς
3256 3685 3355 3740 καὶ
3410 3684 3711 3740 ὲνυποστάο

2116 3797 2226 3844 τως
2256 3779 2326 3834 δι’
2391 3779 2525 3833 Υιοῦ
2586 3780 2648 3833 ἐκ
2698 3780 2799 3851 τῆς
2846 3780 2944 3833 τοῦ
3029 3778 3245 3850 Harpe;
3283 3777 3475 3840 οὐσίας
3537 3780 3709 3832 ἐκπο-

2120 3873 2444 3942 ρευομένου,
2480 3872 2563 3935 τίς
2610 3874 2678 3928 ἂν
2726 3872 2963 3928 ἐνταῦθα
3001 3873 3065 3927 τὸ
3094 3873 3162 3926 δι’
3191 3872 3324 3927 Υίοῦ
3355 3875 3435 3937 είς
3463 3873 3707 3944 δήλωσιν

2120 3968 2381 4039 σχετικῆς
2409 3969 2637 4031 ἐννοίας,
2678 3966 2776 4020 καὶ
2809 3967 2910 4019 οὐκ
2937 3967 3017 4031 εἰς
3049 3966 3392 4034 παράστασιν
3419 3966 3707 4035 μεσιτείας

2116 4059 2411 4125 οὖσιώδους
2438 4058 2743 4131 δογματίσῃ
2779 4057 3317 4128 παραλαμϐάνεσθες
3357 4056 3432 4110 Τὸ
3464 4058 3572 4129 γὰρ
3607 4059 3707 4112 οὐ-

2117 4154 2325 4217 σιωδῖ)ς
2351 4155 2415 4206 ὲκ
2448 4153 2550 4222 τῆς
2580 4151 2675 4206 τοῦ
2735 4151 2951 4221 Πατρὸς
3002 4151 3193 4215 οὐσίας
3238 4150 3506 4221 ὑπάρχον,
3575 4153 3707 4207 ἐπεὶ

2119 4249 2195 4320 μὴ
2227 4248 2450 4318 ἀμέσως
2496 4246 2648 4300 ἐστὶν
2705 4246 2771 4300 ἑκ
2818 4244 3060 4314 Πατρός,
3087 4246 3201 4315 καὶ..
3231 4243 3508 4308 οὐσιωδῶς
3561 4246 3708 4300 πάν-

2116 4357 2225 4402 τως
2272 4339 2386 4411 ἔχει
2422 4339 2517 4392 τὸν
2548 4339 2676 4393 Υίὸν
2739 4338 3098 4409 μεσιτεύοντα
3125 4339 3273 4392 κατὰ
3309 4339 3410 4408 τὴν
3463 4340 3528 4391 ἐκ
3582 4339 3703 4392 Ila-

2114 4433 2243 4503 τρὸς
2293 4433 2457 4487 αὐτοῦ
2490 4432 2749 4503 ὓπαρξιν.
2791 4431 2928 4487 Οὐδὲ
2970 4431 3079 4502 γὰρ
3107 4431 3329 4500 ἀμέσως
3363 4431 3584 4501 εὑρήσει
3614 4448 3704 4496 τις

2112 4529 2175 4582 τὸ
2220 4526 2443 4595 Πνεῦμα
2471 4526 2717 4596 ὑπάρχον
2766 4525 2797 4595 ῆ
2844 4523 3279 4594 ἐκπορευόμενον
3324 4525 3388 4576 ὲκ
3456 4524 3704 4592 Πατρδς,

424 4601 739 4658 immediate
767 4605 909 4688 dicis
940 4623 1008 4662 ex
1039 4607 1205 4665 Patre
1262 4610 1556 4682 Spiritum,
1593 4615 1814 4671 irritum
1866 4618 2004 4677 facis

2122 4623 2217 4677 κᾶν
2254 4620 2426 4693 μυρία
2447 4618 2602 4691 κάμῃ
2624 4616 2823 4687 πᾶσαν]
2851 4615 3206 4668 θεόπνευστον
3231 4613 3526 4684 ἀνιχνεύων
3552 4616 3704 4685 Γρα-

420 4693 555 4747 illud
586 4710 682 4764 per
712 4695 934 4766 Filium,
967 4708 1020 4756 et
1050 4703 1143 4772 qui
1192 4719 1289 4774 per
1344 4705 1544 4761 Filium
1578 4708 1714 4765 dicit
1743 4725 1807 4765 ex
1842 4709 2006 4769 Patre

422 4786 688 4856 Spiritum
720 4808 864 4860 esse,
896 4796 1214 4853 immediate
1245 4798 1397 4853 illum
1431 4815 1497 4855 ex
1534 4800 1698 4857 Patre
1737 4818 1864 4859 esse
1893 4821 2003 4860 nou

419 4883 633 4953 recipit.
668 4883 795 4942 "asc
820 4888 967 4943 enim
1004 4891 1170 4944 simul
1210 4908 1316 4945 uua
1344 4908 1468 4949 esse
1508 4896 1625 4949 ﬁeri
1661 4899 1871 4966 nequit,
1906 4900 2008 4954 im-

419 4976 675 5041 mediato,
717 4987 773 5033 et
828 4995 925 5050 per
985 4981 1207 5038 Filium.
1259 4986 1361 5041 Cui
1413 4987 1579 5057 igitur
1611 4991 2004 5049 attendendum

414 5075 521 5129 est,
569 5068 886 5126 decernenti
940 5087 1011 5127 ex
1060 5089 1120 5130 se
1173 5075 1318 5145 ipso,
1370 5076 1704 5147 immediate,
1751 5097 1821 5136 an
1876 5099 2003 5140 vero

416 5158 548 5223 illis,
611 5162 706 5232 qui
765 5179 865 5233 per
908 5164 1110 5222 Filium
1146 5185 1215 5223 ex
1266 5168 1428 5225 Patre
1476 5188 1601 5227 cum
1646 5179 2002 5232 asseverant?

419 5253 641 5309 Sanctis
688 5256 879 5326 utique
932 5257 1214 5326 Patrihus,
1277 5271 1333 5317 et
1379 5264 1651 5335 theologis
1700 5278 1886 5337 aperte
1931 5284 2000 5324 ex

418 5346 601 5412 Patre.
632 5365 728 5420 per
763 5350 962 5408 Filium
996 5352 1265 5425 Spiritum
1295 5371 1418 5412 esse
1472 5360 1843 5426 tradentibus,
1889 5376 2000 5417 non

414 5458 482 5497 ex
513 5454 703 5500 ventre
731 5448 1027 5514 eructauti,
1059 5448 1440 5521 ell‘uticntique
1468 5452 1732 5523 quidquid
1776 5454 1828 5507 in
1876 5456 2006 5509 buc-

410 5549 535 5591 cam
558 5540 789 5596 venerit.
836 5539 904 5595 Et
925 5556 1058 5596 voce
1085 5558 1178 5610 per
1197 5542 1401 5598 Filium
1432 5546 1709 5617 redargui,
1732 5563 1839 5602 non
1866 5547 2004 5605 bene

408 5628 630 5697 Opinari
663 5647 815 5695 cum,
867 5634 958 5703 qui
1013 5636 1327 5692 immediate
1372 5640 1652 5696 existimat
1700 5655 1823 5697 esse
1878 5641 2003 5713 Spi-

412 5726 580 5779 ritqu
606 5742 671 5781 ex
709 5726 892 5794 Patre,
930 5729 1285 5788 manifestum
1309 5743 1393 5788 est
1432 5748 1497 5787 ex
1531 5749 1620 5801 eo,
1653 5735 1798 5804 quod
1831 5735 2000 5790 simul

412 5832 522 5873 una
552 5835 674 5878 esse
701 5839 809 5880 non
848 5836 1099 5896 possunt,
1131 5836 1185 5883 et
1206 5827 1541 5892 iltuuediate,
1563 5838 1618 5883 et
1633 5842 1732 5899 per
1771 5827 1993 5884 Filium.

2112 4716 2242 4785 φήν.
2298 4713 2360 4768 '0
2403 4712 2512 4783 γὰρ
2564 4710 2786 4780 ἀμέσως
2811 4711 2874 4761 ἐκ
2908 4706 3123 4775 Πατρὸς
3168 4704 3346 4773 λέγων
3371 4707 3433 4760 τὺ
3471 4706 3704 4776 Πνεῦμα
3782 4792 3789 4800 '

2109 4809 2430 4880 κατήργησε
2463 4804 2526 4859 τὸ
2546 4804 2614 4858 δι’
2643 4803 2797 4857 Υῐοῦ.
2831 4802 2941 4855 Καὶ
2961 4804 2989 4854 ὁ
3016 4800 3082 4854 δι’
3113 4799 3245 4853 Υἰοῦ
3270 4799 3444 4868 λέγων
3482 4802 3548 4853 ὲκ
3578 4801 3703 4855 Πα-

2108 4899 2236 4969 τρὸς
2286 4896 2427 4952 εἶναι
2455 4898 2516 4951 τὸ
2540 4894 2767 4965 Πνεῦμα
2795 4894 3015 4963 ἁμέσως
3049 4887 3188 4945 εἶναι
3219 4892 3351 4946 αὐτὸ
3384 4894 3449 4946 ὲκ
3476 4893 3704 4963 Πατρδς

2108 4992 2171 5045 οὐ
2232 4991 2543 5061 προσίεται.
2603 4987 2791 5044 Ταῦτα
2857 4987 2968 5055 γὰρ
3016 4983 3391 5055 συνυπάρχειν
3436 4984 3700 5054 ἀλλήλοις

2109 5084 2398 5146 ἀδύνατον,
2430 5082 2493 5135 τό
2522 5099 2582 5135 τε
2634 5082 2859 5151 ἀμέσως
2882 5079 2979 5134 καὶ
3009 5077 3069 5132 τὸ
3102 5075 3172 5129 δι’
3203 5077 3357 5131 Υῐοῦ.
3392 5077 3513 5129 Τίνι
3560 5076 3702 5145 γοῦν

2109 5174 2462 5245 προσθετέον,
2500 5173 2579 5243 τῷ
2611 5172 2672 5238 ἐξ
2700 5173 2896 5227 ἑαυτοῦ
2922 5170 3305 5241 δογματίζοντι
3334 5169 3415 5237 τὸ,
3443 5170 3697 5240 ἁμέσως,

2108 5269 2142 5339 ἦ
2176 5270 2289 5330 τοῖς
2323 5266 2411 5321 διὰ
2446 5265 2541 5319 τοῦ
2573 5265 2707 5319 Υίοῦ
2757 5267 2821 5318 ὲκ
2851 5265 3066 5335 nam;
3119 5264 3464 5334 Θεολογοῦσιν
3516 5265 3650 5318 αὐτό
3678 5282 3697 5333 ;

2110 5361 2235 5424 Τοῖς
2260 5361 2434 5429 ἁγίοις
2458 5360 2730 5430 Πατράσι,
2765 5360 2862 5412 καὶ
2888 5357 3161 5424 θεολόγοις
3188 5359 3430 5422 πάντως,
3486 5361 3603 5422 τοῖς
3627 5362 3700 5413 ὲκ

2110 5454 2324 5525 Πατρός
2352 5454 2440 5507 διὰ
2478 5452 2572 5506 τοῦ
2598 5452 2728 5505 Υἱοῦ
2757 5447 2984 5505 εἶναιτὸ
3024 5450 3251 5521 Πνεῦμα
3302 5450 3697 5522 θεολογήσασι,

2108 5546 2204 5597 aut
2253 5544 2372 5614 οὐχὶ
2401 5544 2478 5614 τῷ
2533 5543 2641 5596 ἀπὸ
2704 5542 2913 5603 κοιλίας
2970 5541 3319 5613 ὲρευγομένῳ
3376 5536 3601 5613 σύμπαν
3630 5543 3701 5596 τὸ

2109 5637 2542 5706 παριστάμενον.
2576 5636 2685 5689 Καὶ
2709 5636 2792 5688 ὅτι
2819 5635 2939 5705 μὲν
2961 5636 3025 5687 ὲκ
3060 5634 3156 5703 τῆς
3197 5633 3273 5688 δι’
3310 5634 3446 5689 Υίοῦ
3502 5636 3698 5704 φωνῆς

2107 5732 2395 5802 ἐλέγχεται
2427 5730 2486 5783 οὐ
2520 5729 2700 5793 καλῶς
2728 5727 2939 5783 οἴεσθαι
2963 5730 2991 5781 ό
3024 5728 3250 5798 ἀμέσως
3270 5728 3516 5797 οίόμενος
3545 5725 3697 5782 εἶναι

2106 5824 2167 5879 τὸ
2197 5818 2425 5894 Πνεῦμα
2454 5825 2519 5878 ὲκ
2550 5822 2786 5893 Πατρός,
2839 5821 3000 5891 δῆλον
3051 5822 3115 5873 ἐκ
3174 5819 3270 5874 τοῦ
3303 5819 3377 5889 μὴ
3427 5819 3695 5872 δύνασθαι

2107 5919 2474 5989 συνυπάρχειν
2517 5916 2765 5991 ἀλλήλοις
2789 5915 2846 5967 τό
2871 5931 2927 5967 τε
2954 5913 3058 5985 ἁμέ
3072 5931 3174 5977 τως
3213 5914 3307 5968 καὶ
3342 5913 3400 5966 τὸ
3439 5912 3506 5967 δι’
3533 5913 3694 5969 Υἰοῦ.
