4070 6584
365 435 435 499 65
1466 434 1561 494 DE
1603 433 1707 494 [ΙΝ
1719 432 1895 492 lONE
1933 433 1947 490 l

2049 430 2490 492 ILESIARUM.
3553 431 3623 494 66

424 547 513 619 κβ.
547 547 671 601 Ὀτι
706 547 763 600 δὲ
791 547 854 602 οὐ
883 545 1076 618 μόναις
1097 547 1215 607 ταῖς
1235 542 1615 613 θεο¹λογούσαις
1635 543 1695 596 τὸ
1717 544 1942 613 Πνεῦμα

2115 542 2206 596 22.
2234 541 2422 612 Neque
2455 539 2625 609 solas,
2647 555 2768 612 quae
2791 541 2858 596 de
2889 541 3094 614 Spiritu
3126 552 3621 614 pertractaverunt,
3716 546 3719 550 ’

370 643 574 708 φωναῖς
619 641 652 708 ἡ
697 639 931 709 δήλωσις
981 637 1161 690 ἔνεστι
1221 635 1314 688 τοῦ
1361 635 1584 706 ἀμέσως
1621 636 1685 688 ἑκ
1734 638 1945 707 Πατρὸς

369 727 510 783 εἶναι
549 729 611 782 τὸ
651 728 901 798 Πνεῦμα,
933 729 1070 782 ἀλλὰ
1100 727 1293 780 πολλαὶ
1322 726 1420 782 καὶ
1451 727 1608 782 ἄλλαι
1672 727 1946 797 γραφικαὶ

369 823 592 892 Χρήσεις
624 823 740 884 τοῖς
773 823 853 884 εἷς
879 820 1039 890 βάθος
1062 820 1472 889 διανοουμένοις
1502 819 1562 872 τὸ
1580 819 1712 873 αὐτὸ
1765 826 1945 889 νόημα

367 912 740 980 παριστῶσιν,
769 912 1006 981 δηλώσει
1079 913 1149 964 τὰ
1184 911 1553 983 ῥηθησόμενα.
1611 911 1678 963 Τί
1708 911 1819 981 γάρ
1879 911 1947 964 ἂν

369 1005 495 1058 ἄλλο
561 1003 910 1074 διανοήσαιτό
952 1021 1053 1068 τις,
1087 1003 1948 1088 ΜατουργῷΓρηγορίῳ

368 1097 582 1164 λέγοντι
638 1096 1007 1165 ἐντυγχάνων,
1049 1097 1154 1160 ὅτι,
1199 1113 1217 1148 ι
1257 1096 1362 1148 Τοῦ
1404 1096 1610 1168 Κυρίου
1674 1098 1702 1150 6
1751 1097 1945 1167 Πατὴρ

372 1191 535 1261 ἁρχὴ,
569 1189 758 1252 ἁῖδίως
800 1190 964 1242 αὐτὸν
1013 1189 1307 1260 γεννήσας,
1335 1191 1430 1243 καὶ
1471 1189 1830 1260 πρωτότυπος
1851 1191 1944 1274 τρῦ

373 1281 691 1349 Πνεύματος
713 1282 742 1334 6
766 1279 974 1350 Κύριος
997 1295 1063 1345 ς.»
1091 1277 1218 1342 Πῶς¹
1248 1281 1572 1349 νοηθήσεται
1607 1279 1666 1332 τὸ
1723 1276 1947 1349 Πνεῦμα

369 1373 464 1428 τοῦ
498 1374 708 1444 Κυρίου
742 1375 1120 1443 πρωτότυπον,
1154 1374 1203 1426 εί
1231 1372 1325 1426 καὶ
1355 1372 1414 1425 τὸ
1445 1373 1672 1442 Πνεῦμα
1721 1373 1947 1443 ἀμέσως

370 1466 443 1531 ὡς
489 1465 668 1530 ὁΥἱδς
714 1467 778 1520 ἐκ
815 1467 1065 1538 Πατρός;
1123 1466 1192 1518 Ἣ
1223 1465 1343 1529 πῶς
1373 1465 1714 1538 ινοηθήσεται
1765 1468 1792 1518 6
1847 1464 1947 1536 μὲν

369 1559 500 1621 Υἱὸς
539 1560 706 1612 εἰκὼν
734 1559 828 1612 τοῦ
860 1560 1098 1630 Πατρὸς,
1133 1558 1195 1611 τὸ
1241 1557 1298 1611 δὲ
1351 1559 1576 1627 Πνεῦμα
1633 1559 1798 1612 εἰκὼν
1848 1558 1944 1612 τοῦ

369 1649 496 1702 Υἱοῦ
523 1666 539 1715 ;
579 1651 650 1702 Ἢ
675 1650 792 1713 πῶς
822 1651 1151 1720 νοηθήσεται
1187 1650 1215 1700 6
1247 1649 1345 1719 μὲν
1373 1651 1561 1720 Πατὴρ
1588 1649 1946 1720 προεπινοού-

367 1759 530 1810 μενος
561 1742 656 1798 τοῦ
679 1742 810 1797 Υἱοῦ
856 1743 934 1813 τῷ
981 1744 1160 1814 αἰτίῳ,
1205 1745 1232 1796 6
1259 1743 1318 1796 δὲ
1355 1743 1480 1806 Υἱὸς
1533 1743 1677 1796 κατὰ
1726 1743 1818 1796 τὸν
1848 1746 1946 1812 τῆς

364 1835 547 1898 αἰτίας
572 1835 733 1903 λόγον
786 1835 1286 1905 προεπινοούμενος
1345 1836 1445 1903 τῆς
1486 1833 1582 1888 τοῦ
1620 1834 1943 1904 Πνεύματος

2050 650 2212 690 voces
2240 645 2426 705 aperte
2456 641 2697 700 notasse,
2725 649 2832 689 non
2863 650 2987 690 esse
3015 637 3333 692 immediate
3359 638 3622 708 Spiritum

2047 743 2110 781 ex
2136 727 2437 793 Patre,scd
2469 730 2638 785 multa
2675 727 2782 782 alia
2814 729 3020 798 scripto
3049 729 3250 786 tradita
3287 732 3622 796 testimonia,

2019 817 2176 882 illis,
2209 821 2304 888 qui
2355 821 2685 875 sententiam
2739 834 2931 874 eorum
2986 831 3240 876 accurate
3297 821 3624 892 percipiunt,

2049 912 2437 977 conﬁrmasse,
2477 913 2618 966 infra
2675 912 2902 967 dicenda
2954 912 3260 967 ostendent.
3295 913 3446 980 'Quid
3479 915 3625 968 enim

2048 1002 2192 1056 aliud
2227 1015 2406 1058 mente
2429 1005 2820 1074 apprehendet,
2854 1005 2947 1074 qui
2975 1003 3450 1077 Thaumaturgum
3495 1007 3614 1062 Gre-

2049 1094 2262 1164 g0riunt
2289 1095 2616 1151 scribentem
2643 1099 2915 1166 percurrit
2943 1109 2958 1154 :
2997 1116 3016 1149 ι
3055 1097 3270 1152 Domini
3301 1097 3460 1152 Pater
3480 1100 3616 1169 prin-

2049 1187 2274 1254 cipium,
2323 1187 2393 1242 ab
2433 1199 2642 1243 aeterno
2690 1190 2868 1258 ipsum
2906 1207 3198 1260 generatis,
3253 1199 3308 1245 et
3361 1191 3626 1245 Dominus

2048 1288 2372 1350 prototypus
2402 1279 2682 1349 Spiritus?
2715 1299 2732 1332 ι
2789 1280 2855 1336 Ει
2887 1298 3125 1352 quanam
3159 1282 3371 1338 ratione
3402 1282 3627 1352 intelligi

2047 1372 2253 1440 peterit
2277 1371 2492 1427 Domini
2518 1383 2848 1446 pr0totypon
2877 1391 3006 1444 erga
3040 1375 3330 1444 Spiritum,
3354 1376 3399 1429 si
3423 1385 3476 1430 et
3503 1374 3618 1445 Spi-

2047 1463 2187 1518 ritus
2221 1463 2537 1519 immediate
2589 1466 2669 1520 uti
2718 1475 2772 1520 et
2805 1465 2977 1530 Filius
3011 1483 3076 1521 ex
3135 1468 3331 1524 Patre?
3365 1467 3459 1523 Vel
3491 1484 3622 1539 quo.

2047 1557 2215 1610 modo
2264 1557 2603 1630 intelligetur
2646 1558 2820 1614 Filius
2850 1561 3030 1630 imago
3059 1561 3259 1627 Patris,
3301 1572 3354 1616 et
3382 1561 3627 1633 Spiritus

2047 1647 2228 1720 imago
2246 1647 2404 1704 Filii?
2431 1651 2524 1706 Vel
2549 1654 2826 1722 quomodo
2845 1653 3178 1724 intelligetur
3202 1653 3362 1708 Pater
3385 1664 3443 1708 ut
3465 1670 3628 1709 causa

2048 1741 2222 1808 prius,
2258 1757 2420 1811 quam
2456 1741 2664 1810 Filius;
2717 1746 3051 1814 percipiatur
3102 1759 3157 1802 et
3186 1746 3362 1803 Filius
3412 1748 3628 1802 ratione

2049 1847 2230 1887 causae
2261 1843 2386 1889 ante
2416 1835 2750 1905 hypostasim
2802 1837 2977 1906 ipsam
3035 1837 3309 1908 Spiritus?
3355 1838 3450 1894 Vel
3497 1855 3632 1908 quo-

366 1895 759 1994 ὑποστάσεωςς
795 1895 866 1980 ’Π
904 1929 1020 1991 πῶς
1039 1895 1367 1998 νοηθήσε-ται
1401 1895 1551 1997 όήμὲν
1588 1895 1783 1996 Πατὴρ·
1819 1895 1940 1996 pisi;

2052 1925 2215 1978 modo
2248 1927 2586 1997 intelligetur
2611 1930 2768 1984 Pater
2790 1931 2964 1999 major
2987 1932 3148 1999 Filio,
3181 1945 3232 1988 et
3256 1931 3428 1988 Filius
3457 1933 3630 2002 major

365 2018 476 2083 ζων
519 2020 613 2073 τοῦ
648 2021 801 2086 Υἱοῦ,
836 2023 863 2075 6
888 2022 944 2074 δὲ
976 2021 1104 2083 Υἱὸς
1131 2020 1332 2090 μείζων
1357 2019 1832 2092 τοῦιιΠνεύματοςς
1871 2019 1942 2074 Ἢ

364 2109 482 2174 πῶς
536 2112 866 2183 νοηθήσεται
893 2112 954 2165 τὸ
983 2111 1208 2181 Πνεῦμα
1253 2111 1343 2166 διὰ
1376 2111 1471 2165 τοῦ
1489 2111 1619 2165 Υἱοῦ
1670 2112 1942 2166 συναπτό-

366 2220 530 2274 μενον
574 2204 652 2273 τῴ
679 2205 855 2276 Πατρί
881 2221 896 2270 ;

434 2299 541 2362 κγ’.
588 2294 748 2349 Ἀλλὰ
779 2297 960 2361 πάλιν,
986 2299 1032 2350 εί
1062 2297 1154 2351 καὶ
1201 2298 1495 2362 ούσιωδῶς,
1529 2298 1715 2369 φασὶν,
1743 2298 1806 2352 ἐκ
1830 2298 1942 2350 Πα-

361 2387 492 2456 τρδς
522 2385 589 2439 δι’
643 2388 774 2442 Υἱοῦ
837 2390 1073 2461 ὑπάρχει
1117 2392 1178 2445 τὸ
1208 2391 1456 2462 Πνεῦμα,
1486 2392 1574 2456 τίς
1627 2395 1655 2446 6
1694 2393 1849 2461 λόγος
1885 2395 1942 2448 ἐν

363 2483 483 2542 ταῖς
511 2479 652 2550 ὑπὲρ
681 2483 860 2534 πᾶσαν
889 2483 1044 2548 τάξιν
1064 2483 1468 2553 θεωρουμέναις
1493 2485 1824 2538 ὑποστάσεσι
1844 2489 1944 2554 τῆς

365 2572 736 2646 Τριάὸος,τὴν
765 2574 858 2628 τοῦ
889 2575 1019 2629 Υἱοῦ
1051 2576 1350 2630 ὑπόστασιν
1387 2579 1554 2648 μέσου
1603 2579 1817 2649 Πατρδς
1850 2582 1943 2632 καὶ

366 2666 682 2734 Πνεύματος
711 2667 915 2736 λέγειν,
941 2669 1017 2732 ὡς
1057 2673 1591 2741 κατηναγκασμένης
1634 2673 1812 2726 ἐκεῖσε
1841 2671 1936 2726 οῦ-

367 2773 468 2826 σης
494 2757 592 2826 τῆς
617 2757 826 2823 τάξεως
878 2760 1013 2832 Περὶ
1043 2765 1141 2832 τῆς
1169 2763 1377 2829 τάξεως
1413 2763 1618 2835 ταύτης
1645 2765 1797 2818 οὐδὲν
1831 2766 1943 2833 ἐγὼ

365 2847 480 2918 ἐρῶ
506 2865 588 2902 σοι
632 2849 729 2901 ἀπ’
784 2851 1044 2920 ἐμαυτοῦ,
1082 2853 1278 2916 αὐτοὺς
1311 2853 1358 2906 δ’
1387 2855 1632 2918 ἐκείνους
1662 2857 1788 2918 τοὺς
1813 2857 1944 2928 περὶ

364 2943 572 3012 ταύτης
603 2944 920 3012 εἰρηκότα
958 2945 1206 3016 Πατέρας
1233 2947 1577 3018 προϐήσομαι
1611 2966 1693 3002 σοι
1727 2951 1821 3002 ἐπὶ
1848 2951 1943 3004 τοῦ

370 3034 558 3104 μέσου,
583 3036 657 3098 ὡς
690 3036 918 3100 ἕκαστος
946 3037 1040 3090 ἐπὶ
1101 3037 1296 3102 λέξεως
1375 3041 1620 3110 εἴρηκεν.
1677 3040 1885 3093 Αὐτίκα
1915 3042 1944 3092 6

365 3126 589 3195 Νύσσης
648 3129 949 3199 Γρηγόριος
977 3131 1036 3183 ἐν
1072 3129 1150 3199 τῷ
1198 3132 1336 3199 πρὸς
1379 3132 1663 3186 Ἀὁλάὸιον
1693 3133 1858 3201 λόγῳ,
1883 3128 1943 3188 οὗ

366 3221 399 3289 ή
459 3221 622 3292 ἀρχὴ,
689 3240 707 3274 ι
742 3223 922 3291 ’Υμᾶς
954 3223 1054 3293 μὲν
1094 3223 1301 3277 δίκαιον
1349 3225 1475 3288 τοὺς
1507 3224 1857 3294 ἀκμάζοντας
1887 3228 1945 3279 ἐν

367 3314 522 3385 πάσῃ
559 3314 789 3384 δυνάμει
844 3315 1316 3384 διαγωνίζεσθαι,›
1351 3316 1526 3387 φησί·
1566 3317 1670 3370 «Τὸ
1703 3318 1949 3390 ἀπαράλ-

365 3405 570 3458 λακτον
595 3407 692 3477 τῆς
718 3408 937 3477 φύσεως
970 3406 1379 3477 ὁμολογοῦντες,
1409 3408 1505 3480 τὴν
1527 3409 1668 3462 κατὰ
1690 3411 1752 3464 τὸ
1777 3411 1950 3465 αἴτιον

366 3497 466 3550 καὶ
498 3499 739 3552 αἰτιατόν
763 3499 1029 3569 διαφορὰν
1056 3501 1157 3553 οῦκ
1208 3500 1543 3571 ἀρνούμεθα,
1593 3503 1680 3556 Ἐν
1725 3497 1768 3572 ᾧ
1803 3507 1950 3577 μόνῳ

365 3591 746 3659 διακρίνεσθαι
782 3591 843 3645 τὸ
895 3592 1083 3662 ἕτερον
1137 3593 1231 3646 τοῦ
1287 3594 1474 3662 ἐτέρου
1529 3597 1950 3667 καταλαμϐάνος

369 3701 494 3753 μεν,
549 3683 626 3754 τῷ
655 3686 714 3739 τὸ
743 3687 843 3755 μὲν
866 3675 1040 3740 ἇῖτιον
1097 3688 1373 3741 πιστεύειν
1407 3683 1566 3755 εἶναι,
1600 3690 1658 3742 τὸ
1679 3691 1735 3744 δὲ
1766 3695 1828 3744 ὲκ
1853 3693 1948 3745 τοῦ

367 3775 568 3830 αἱτίου⁹
604 3777 700 3830 καὶ
738 3778 834 3832 τοῦ
869 3779 926 3844 ἐξ
962 3780 1141 3842 αἰτίας
1174 3780 1328 3842 ὄντος
1378 3779 1544 3850 ἄλλην
1579 3783 1740 3837 πάλιν
1765 3784 1952 3853 διαφο-

371 3871 474 3939 ράν
514 3869 824 3940 ἐννοοῦμεν.
882 3869 957 3925 Τὸ
985 3872 1082 3941 μὲν
1110 3873 1218 3942 γάρ
1250 3874 1534 3943 προσεχῶς
1571 3875 1637 3928 ὲκ
1669 3876 1764 3928 τοῦ
1797 3875 1953 3946 πρώσ·

367 3981 487 4026 του,
520 3965 581 4017 τὸ
611 3964 670 4016 δὲ
703 3965 793 4018 διὰ
825 3965 920 4018 τοῦ
961 3967 1244 4035 προσεχῶς
1268 3968 1330 4018 ὲκ
1369 3967 1463 4019 τοῦ
1510 3969 1750 4037 πρώτου.
1787 3971 1950 4025 Ὥστε

367 4058 466 4109 καὶ
491 4055 550 4108 τὸ
602 4055 894 4124 μονογενὲς
928 4059 1298 4127 ἀναμφίὸολον
1329 4063 1422 4116 ἐπὶ
1452 4064 1544 4116 τοῦ
1580 4065 1708 4119 Υἱοῦ
1741 4067 1948 4136 μένειν,

368 4149 464 4201 καὶ
511 4149 570 4201 τὸ
617 4150 678 4201 ὲκ
741 4147 837 4201 τοῦ
887 4151 1098 4219 Πατρδς
1125 4147 1351 4206 εἶναιτὸ
1407 4154 1629 4225 Πνεῦμα
1677 4158 1750 4228 μὴ
1780 4160 1952 4229 ἀμφι-

369 4243 614 4307 ϐάλλειν,
640 4241 738 4312 τῆς
768 4242 862 4296 τοῦ
894 4242 1022 4296 Υἱοῦ
1075 4246 1358 4314 μεσιτείας
1396 4249 1492 4302 καὶ
1526 4249 1705 4320 ἑαυτῴ
1742 4251 1802 4304 τὸ
1856 4269 1950 4322 μου

368 4337 587 4403 νογενὲς
635 4335 1034 4405 φυλαττούσης,
1097 4339 1192 4392 καὶ
1225 4339 1286 4391 τὸ
1312 4341 1538 4411 Πνεῦμα
1570 4346 1668 4412 τῆς
1713 4347 1951 4415 φυσικῆς

370 4427 508 4498 πρὸς
558 4429 651 4479 τὸν
715 4429 934 4496 Πλτέρα
972 4430 1207 4499 σχέσεως
1239 4431 1317 4502 μὴ
1363 4433 1758 4504 άπειργούσης.
1799 4455 1818 4488 ›
1857 4439 1950 4502 Τίς

368 4518 480 4570 τῶν
538 4517 709 4584 ἁγίων
769 4518 1151 4588 ἀριδηλότερον
1199 4525 1549 4594 παραστήσει
1628 4527 1727 4597 τὴν
1765 4530 1821 4581 ἐν
1879 4531 1946 4601 τῇ

2055 2011 2298 2082 Spiritu?
2324 2017 2418 2072 Vel
2451 2023 2730 2090 quomodo
2769 2023 3104 2093 intelligetur
3142 2025 3379 2096 Spiritus
3421 2042 3514 2096 per
3547 2025 3629 2080 Fi-

2049 2106 2182 2162 lium
2208 2108 2354 2165 Patri
2391 2113 2814 2170 adhaerescens?

2120 2295 2212 2352 2'5.
2246 2295 2350 2352 Sed
2384 2315 2595 2364 rursus,
2639 2301 2766 2356 licet
2812 2303 3202 2369 essentialiter,
3237 2304 3511 2374 inquiunt,
3548 2324 3616 2362 ex

2051 2387 2211 2444 Patre
2245 2406 2340 2458 per
2371 2390 2571 2446 Filium
2599 2395 2840 2463 Spiritus
2872 2407 2976 2461 est,
3017 2414 3140 2466 qna:
3183 2400 3539 2466 ratiorfuerit,
3575 2403 3630 2456 in

2051 2477 2270 2536 Triadis
2301 2483 2688 2552 hypostasibus
2717 2503 2879 2556 supra
2909 2504 3125 2544 omnem
3169 2491 3414 2545 ordinem
3447 2496 3628 2548 consi-

2051 2572 2256 2630 deratis
2289 2576 2416 2630 Filii
2450 2577 2790 2648 bypOstasitn
2858 2584 3094 2636 mediam
3155 2586 3298 2638 inter
3335 2585 3547 2640 Patrem
3579 2595 3634 2641 et

2051 2665 2316 2735 Spiritum
2350 2669 2533 2731 fateri,
2568 2672 2726 2740 quasi
2776 2675 3092 2727 necessario
3143 2675 3222 2729 ibi
3296 2677 3430 2731 ordo
3467 2678 3634 2731 intro—

2051 2757 2335 2812 ducendus
2365 2758 2468 2812 sit?
2505 2758 2579 2813 De
2611 2763 2714 2814 hoc
2745 2763 2941 2816 ordine
2971 2764 3104 2816 nihil
3153 2769 3267 2835 ipse
3299 2768 3365 2819 de
3385 2780 3518 2820 'meo
3554 2766 3634 2819 af-

2051 2849 2249 2916 ferant,
2300 2851 2394 2905 sed
2428 2850 2616 2908 Patres
2646 2855 2793 2918 illos,
2823 2855 2915 2924 qtti
2964 2855 3030 2910 de
3068 2871 3134 2911 eo
3184 2872 3489 2912 sermonem
3541 2862 3635 2912 ha-

2053 2941 2244 3005 buere,
2306 2941 2361 2995 in
2425 2944 2665 2996 medium
2729 2944 3032 3012 producam
3095 2949 3383 3011 verbatim,
3435 2959 3490 3002 ut
3556 2950 3631 3002 illi

2051 3035 2437 3088 enuntiarunt.
2474 3037 2686 3090 I't‘imus
2733 3035 3018 3108 Nyssenus
3053 3037 3352 3108 Gregorius
3385 3043 3634 3094 oratione

2055 3127 2120 3178 ad
2157 3125 2466 3192 Ablabtum,
2521 3131 2679 3197 cujus
2724 3128 2855 3181 illud
2907 3131 3236 3198 principium
3279 3142 3402 3184 est:
3445 3149 3464 3182 ι
3509 3129 3636 3185 Jus—

1978 3257 2020 3310 c
2055 3224 2169 3269 tum
2202 3225 2284 3270 est
2314 3219 2568 3287 equidem
2611 3234 2730 3284 vos,
2769 3221 2863 3289 qui
2903 3220 3112 3274 vitibus
3153 3223 3374 3290 polletis
3400 3222 3450 3275 in
3483 3223 3633 3276 omni

2054 3309 2246 3364 robore
2260 3311 2562 3374 decertare,
2587 3331 2603 3362 ι
2629 3314 2845 3366 scribit:
2875 3333 2891 3364 ι
2918 3313 3317 3369 lmmutabilem
3338 3326 3500 3386 etper
3518 3332 3637 3369 omo

2051 3403 2142 3455 nia
2171 3402 2410 3456 similem
2444 3413 2702 3458 naturam
2739 3407 3087 3472 confitentes,
3117 3410 3418 3463 diserimen
3449 3425 3632 3463 causae

2051 3503 2106 3548 ct
2139 3495 2366 3551 elfectus
2395 3513 2502 3550 non
2533 3499 2868 3566 iniiciamnr,
2919 3503 2970 3554 in
3020 3517 3131 3570 quo
3177 3503 3354 3557 solum
3395 3503 3635 3570 disjungi

2058 3584 2294 3639 alterum
2327 3585 2393 3639 ab
2421 3590 2596 3640 altero
2642 3591 3135 3658 deprehendimus;
3180 3609 3304 3646 cum
3339 3596 3635 3648 credamus

2051 3676 2156 3732 hoc
2183 3680 2402 3746 quidem
2433 3695 2658 3733 causam
2687 3696 2828 3748 esse,
2855 3682 2985 3735 illud
3014 3699 3081 3736 ex
3119 3700 3286 3738 causa
3325 3700 3338 3736 :
3372 3695 3426 3738 et
3452 3684 3624 3748 illius,

2053 3772 2200 3838 quod
2233 3785 2300 3824 ex
2324 3786 2491 3825 causa
2528 3780 2633 3836 est,
2673 3773 2818 3826 aliud
2857 3790 3052 3829 rursus
3080 3776 3370 3830 discrimen
3391 3792 3639 3846 comprco-

2055 3855 2370 3918 hendimus.
2401 3864 2651 3936 Namque
2700 3867 2804 3921 hoc
2851 3869 3068 3937 quidem
3106 3878 3192 3924 est
3246 3871 3559 3925 immediate
3603 3888 3634 3925 a

2051 3958 2252 4026 primo,
2289 3957 2393 4011 hoc
2441 3973 2570 4011 Vero
2609 3975 2674 4012 ex
2729 3961 2988 4029 contiguo
3045 3977 3074 4016 a
3126 3964 3326 4031 primo.
3389 3961 3540 4018 Adeo
3579 3973 3634 4018 ut

2053 4048 2394 4118 unigenitum
2455 4050 2825 4105 indubitatum
2880 4064 3097 4107 maneat
3137 4054 3194 4108 in
3259 4055 3417 4120 Filio,
3469 4065 3522 4110 et
3567 4071 3635 4110 cx

2051 4139 2213 4195 Patre
2265 4156 2388 4195 esse
2427 4140 2718 4210 Spiritum,
2772 4141 2897 4198 Filii
2954 4146 3312 4213 ntediatione,
3375 4148 3478 4202 sibi
3531 4147 3636 4217 ipsi

2053 4235 2402 4303 unigenitum
2438 4238 2844 4303 conservantis,
2872 4250 2923 4292 et
2949 4239 3265 4308 Spiritun‘ta
3301 4242 3540 4296 naturali
3565 4242 3632 4297 ad

2051 4326 2266 4382 Patrem
2308 4327 2634 4384 habitudine
2662 4345 2770 4384 non
2802 4333 3066 4388 arcentis.
3103 4351 3122 4386 ι
3163 4333 3298 4399 Quis
3341 4351 3406 4388 ex
3454 4336 3635 4388 Patri-

2052 4419 2156 4475 bus
2182 4423 2448 4490 apertius,
2484 4422 2576 4490 qui
2611 4423 2663 4476 in
2702 4421 2902 4477 Triade
2946 4434 3050 4486 est,
3083 4427 3332 4479 ordinem
3378 4429 3637 4495 eXpIana-

2054 4513 2154 4578 bit,
2188 4524 2242 4567 et
2299 4530 2528 4584 prorsus
2582 4517 2950 4571 necessariam
3003 4517 3068 4570 ad
3110 4516 3325 4572 Patrem
3359 4530 3414 4573 et
3463 4518 3638 4585 Spiri-

369 4605 563 4676 Τριάδι
594 4606 770 4673 τάξιν,
790 4608 881 4660 καὶ
907 4607 1006 4677 τὴν
1030 4608 1170 4661 κατὰ
1201 4610 1382 4662 πᾶσαν
1415 4613 1664 4684 ἀνάγκην
1690 4615 1824 4684 πρὸς
1857 4616 1947 4668 τὸν

2056 4617 2169 4662 tum
2213 4606 2335 4661 Filii
2377 4610 2802 4664 mediationem?
2841 4609 2996 4676 Quod
3054 4611 3099 4666 si
3143 4611 3211 4665 ad
3245 4613 3631 4668 stabiliendum

369 4694 592 4767 Πατέρα
622 4699 718 4751 καὶ
777 4697 837 4750 τὸ
887 4697 1112 4768 Πνεῦμα
1147 4701 1428 4770 μεσιτείαν
1456 4703 1550 4756 τοῦ
1600 4705 1728 4757 Υἱοῦ
1751 4723 1766 4770 ;
1793 4706 1854 4758 Εἰ
1893 4707 1950 4760 δὲ

369 4793 449 4854 εἰς
503 4791 848 4859 παράστασιν
875 4791 974 4862 τῆς
999 4793 1055 4845 ὲν
1084 4797 1149 4863 τῇ
1177 4794 1366 4865 Τριάδι
1426 4796 1631 4863 τάξεως
1664 4800 1692 4850 6
1729 4797 1950 4870 Νύσσης

372 4883 676 4954 Γρηγόριος
729 4883 830 4936 οὐκ
883 4885 1064 4952 ἀρκεῖ,
1105 4891 1651 4960 συνεπιμαρτυρήσει
1698 4891 1851 4960 αὐτῷ
1881 4893 1948 4945 τὰ

372 4977 624 5048 περὶτῆς
654 4977 858 5040 τάξεως
909 4979 1004 5030 καὶ
1035 4980 1062 5030 6
1100 4980 1271 5048 μέγας
1316 4981 1618 5044 Βασίλεος.
1655 4978 1821 5045 Οὗτος
1857 4985 1951 5038 καὶ

371 5072 480 5137 γὰρ
513 5068 572 5118 ἐν
599 5066 676 5136 τῷ
711 5067 916 5136 πρώτῳ
935 5069 1044 5122 τῶν
1072 5071 1208 5140 πρὸς
1225 5072 1488 5142 Εὐνόμιον
1523 5074 1950 5146 Ἀντιρῤητικῶν

372 5161 539 5230 λόγῳ,
574 5152 636 5211 οὗ
666 5162 700 5228 ὴ
727 5159 888 5229 ἁρχὴ,
937 5179 954 5212 ι
983 5161 1046 5214 Ei
1103 5162 1202 5231 μὲν
1262 5163 1548 5217 ἐϐούλοντο
1603 5170 1824 5232 πάντες,
1855 5169 1951 5236 ἐρ’

371 5245 452 5314 οἷς
502 5250 562 5302 τὸ
597 5250 770 5319 ὄνομα
817 5248 910 5302 τοῦ
952 5249 1089 5304 Θεοῦ
1148 5253 1243 5305 καὶ
1300 5254 1549 5326 Σωτῆρος
1572 5256 1736 5325 ἡμῶν
1773 5256 1948 5327 Ἰησοῦ

373 5343 614 5412 Χριστοῦ
644 5341 1058 5412 ἐπικέκληται,»
1115 5347 1279 5415 φησίν
1306 5362 1318 5376 ·
1352 5365 1369 5397 ι
1394 5347 1554 5400 Ἀλλὰ
1585 5349 1736 5414 τάξις
1788 5351 1820 5420 ἡ
1851 5351 1950 5420 μὲν

374 5435 582 5504 φυσικὴ
603 5432 688 5496 τίς
709 5433 878 5498 ἐστιν,
906 5435 939 5504 ἡ
963 5433 1022 5487 δὲ
1051 5450 1157 5488 κατ
1197 5436 1563 5507 ἐπιτήδευσιν·
1598 5442 1802 5511 φυσικὴ
1828 5442 1948 5511 μὲν,

373 5529 446 5590 ὼς
510 5529 542 5598 ἡ
611 5525 724 5579 τῶν
778 5529 1100 5598 κτισμάτων
1147 5529 1291 5583 κατὰ
1351 5533 1479 5596 τοὺς
1523 5533 1952 5604 δημιουργικοὺς

374 5621 566 5684 Λόγους
587 5617 874 5686 ταχθεῖσα,
909 5619 1051 5689 καὶὴ
1083 5621 1178 5672 τοῦ
1199 5619 1434 5690 ἀριθμοῦ
1460 5620 1630 5688 θέσις,
1663 5626 1757 5677 καὶ
1780 5626 1811 5693 ἡ
1843 5624 1950 5678 τῶν

374 5711 560 5762 α.τίων
601 5710 743 5780 πρὸς
772 5710 839 5764 τὰ
863 5713 1083 5764 αἱτιατά
1135 5713 1341 5782 σχέσις,
1393 5715 1606 5767 ἐκείνου
1639 5715 1950 5786 προδιωμο-

375 5801 684 5872 λογημένου
746 5800 842 5853 τοῦ
899 5803 994 5856 καὶ
1057 5803 1156 5874 τῆς
1185 5805 1400 5872 φύσεως
1421 5806 1588 5876 αὐτῆς
1616 5809 1843 5880 ποιητὴν
1876 5806 1951 5862 εί-

377 5911 462 5947 ναι
493 5898 589 5949 καὶ
619 5894 954 5966 δημιουργὸν
977 5895 1066 5950 τὸν
1091 5897 1242 5950 Θεόνν
1274 5898 1738 5970 ὲπ.-.εῖηδευε.ε.ἑνη
1770 5900 1822 5952 δὲ
1857 5903 1951 5954 καὶ

2053 4698 2108 4750 in
2151 4692 2353 4752 Triade
2388 4700 2637 4753 ordinem
2684 4699 2982 4770 Gregorius
3024 4701 3307 4774 Nyssenus
3351 4706 3486 4760 satis
3523 4721 3630 4760 non

2052 4800 2158 4854 est,
2190 4800 2386 4844 testem
2418 4807 2476 4845 se
2502 4793 2735 4846 alterum
2771 4796 2836 4848 de
2867 4796 2970 4849 hoc
2999 4797 3192 4850 ordine
3223 4811 3452 4868 magnus
3484 4795 3637 4850 Βυξ-

2053 4881 2160 4937 lius
2195 4884 2472 4952 adjunget.
2515 4885 2590 4938 Ita
2621 4887 2766 4940 enim
2801 4888 2980 4955 primo
3007 4887 3270 4942 adversus
3303 4887 3629 4942 Eunomiunt

2053 4975 2436 5041 antirrhelico,
2475 4977 2633 5046 cujus
2672 4979 3025 5049 principium,
3058 4999 3078 5032 ι
3118 4978 3397 5048 Siquidem
3438 4994 3635 5035 omnes

2058 5067 2278 5133 vellent,
2312 5083 2478 5138 super
2511 5085 2653 5139 quos
2681 5084 2883 5124 nomen
2910 5069 3004 5124 Dei
3036 5081 3089 5125 et
3125 5071 3433 5126 Serratoris
3459 5075 3632 5127 nostri

2052 5159 2178 5215 Jesu
2207 5159 2412 5216 Christi
2455 5163 2766 5216 invocatum
2792 5166 2947 5230 esu},
2983 5163 3184 5228 tradit;
3223 5163 3316 5217 sed
3345 5165 3479 5217 ordo
3499 5164 3635 5218 alter

2054 5254 2324 5308 naturalis
2374 5261 2498 5320 est,
2572 5256 2711 5310 alter
2766 5254 3125 5310 artiﬁciosus.
3170 5251 3482 5322 Naturalis,
3539 5259 3632 5326 qui

2054 5357 2439 5402 creaturarum
2466 5347 2622 5417 juxta
2656 5348 2877 5403 creandi
2910 5349 3154 5403 rationes
3184 5349 3484 5418 dispositus
3523 5358 3631 5410 est,

2051 5450 2108 5495 et
2138 5441 2339 5510 positio
2371 5441 2615 5508 numeri,
2649 5451 2705 5496 et
2732 5457 3025 5510 causarum
3055 5443 3122 5496 ad
3151 5442 3379 5497 elfectus
3413 5441 3646 5516 relatio”.

2055 5542 2181 5588 ante
2237 5533 2424 5586 omnia
2485 5550 2610 5588 cum
2666 5533 2796 5588 illud
2853 5533 2908 5588 in
2963 5533 3234 5589 confessis
3290 5534 3400 5598 sit,
3458 5533 3634 5602 ipsius

2054 5635 2264 5681 natura:
2299 5626 2464 5680 Deum
2501 5637 2557 5681 et
2594 5636 2898 5682 creatorem
2931 5637 2984 5683 et
3016 5626 3266 5697 Opificem
3303 5643 3444 5682 esse.
3479 5629 3632 5683 Arti-

2054 5720 2278 5774 liciosus
2326 5735 2456 5774 vero
2505 5729 2559 5774 et
2607 5720 2878 5776 industria
2930 5721 3215 5775 hominum
3263 5721 3632 5791 cxcogitatus,

2055 5813 2148 5881 qui
2185 5813 2237 5865 in
2273 5813 2590 5874 structuris,
2627 5823 2682 5866 et
2713 5813 3042 5880 disciplinis,
3081 5822 3134 5866 et
3159 5812 3546 5883 dignitatibus,
3577 5824 3634 5869 et

2055 5918 2308 5975 numero,
2358 5915 2410 5961 et
2465 5905 2754 5961 similibus.
2797 5905 3004 5962 Horum
3053 5906 3292 5977 primum
3345 5909 3634 5963 occultans
