3978 6598
420 410 493 474 67
1498 407 1710 471 JC‘AN.
1751 402 1962 467 VECCI
2009 400 2120 461 ΕΡ.
2167 399 2677 462 PATRIARCHE
3625 399 3699 459 f8

424 510 775 583 Eurio’mius,
828 517 1086 575 secunda:
1142 517 1345 590 speciei
1398 516 1613 571 ordinis
1669 516 2005 569 mentionem

2133 509 2355 579 εεχνικὴ,
2411 508 2541 580 ὡςή
2597 512 2656 563 ἐν
2694 510 2805 574 τοῖς
2852 508 3348 576 κατασκευάσμασι
3379 507 3475 563 καὶ
3527 509 3705 581 μαθή-

428 613 579 678 fecit,
618 622 829 682 aitque,
880 626 989 666 non
1027 626 1149 667 esse
1186 626 1327 681 opus
1373 623 1622 664 asserere
1662 597 1916 662 ordinem
1954 606 2009 661 in

2133 617 2279 667 tam,
2310 600 2406 654 καὶ
2436 600 2734 672 ἀξιώμασι,
2763 599 2858 655 καὶ
2876 601 3122 672 ἀριθμῳ,
3148 600 3243 654 καὶ
3274 603 3388 663 τοῖς
3411 598 3701 661 τοιούτοις.

430 706 581 771 Deo,
639 722 764 761 cum
831 706 970 761 ordo
1031 705 1321 760 ordinante
1382 703 1657 772 posterior
1712 703 1803 757 sil.
1873 700 2012 756 lllud

429 810 611 855 autem
648 802 732 855 vel
780 817 888 855 non
926 799 1337 862 animadvertit,
1379 801 1464 854 vel
1500 799 1693 853 volens
1741 797 2014 869 prudens-

431 909 540 964 que
576 894 896 956 occultavit,
943 907 1069 947 esse
1122 906 1298 960 genus
1344 891 1567 962 aliquod
1611 890 1849 952 ordinis,
1901 904 2013 945 non

433 995 620 1041 nostra
672 984 942 1040 imlustria
988 985 1374 1048 constitutum,
1426 984 1518 1038 sed
1569 984 1873 1038 secundum
1920 996 2016 1036 na-

438 1088 573 1131 tura:
630 1078 827 1131 seriem
880 1077 1233 1144 contingens,
1284 1076 1450 1131 veluti
1488 1076 1630 1145 ignis
1686 1076 1751 1129 ad
1807 1076 2012 1140 lumen,

435 1167 585 1239 quod
637 1183 703 1222 ex
763 1182 828 1223 eo
883 1176 987 1225 est.
1054 1169 1112 1223 lu
1177 1167 1263 1224 bis
1321 1168 1522 1223 etenim
1576 1169 1729 1238 prius
1790 1180 2015 1222 causam

436 1261 695 1321 dicimus.
725 1260 1007 1330 posterius
1038 1261 1186 1331 quod
1230 1261 1298 1315 ab
1321 1277 1388 1315 eo
1434 1272 1540 1325 est,
1571 1276 1680 1313 nou
1730 1259 2017 1314 intervallo

435 1368 498 1409 ea
529 1355 598 1409 ab
641 1354 873 1408 invicem
914 1353 1258 1419 dirimentes,
1302 1354 1395 1408 sed
1431 1363 1558 1410 ante
1586 1352 1838 1408 eﬁectum
1886 1366 2020 1407 eau-

444 1463 562 1504 sam
603 1448 993 1515 iutelligenles.
1028 1448 1318 1516 Quomodo
1349 1448 1535 1518 itaque
1561 1446 1758 1501 rationi
1791 1460 2021 1501 consen-

345 1580 355 1601 .
441 1552 661 1597 laneum
713 1541 899 1604 fuerit,
950 1540 1203 1595 ‘ordiuem
1239 1540 1531 1610 dent-gare,
1586 1539 1641 1595 in
1689 1539 1892 1609 quibus
1936 1547 2022 1594 est

438 1637 594 1706 prius
638 1644 695 1689 et
728 1633 1030 1705 posterius,
1073 1649 1180 1687 non
1223 1644 1414 1688 nostra
1467 1633 1763 1695 industria.
1817 1632 1913 1687 sed
1952 1645 2021 1688 ex

442 1727 677 1805 naturali
733 1728 785 1781 in
855 1725 989 1796 ipsis
1049 1727 1351 1781 exsistente
1412 1724 1848 1780 consecutione?
1902 1724 2022 1790 Qua

440 1836 572 1889 ergo
609 1821 677 1875 de
715 1834 882 1875 causa
917 1817 1166 1873 ordinem
1216 1832 1500 1873 assumere
1536 1818 1590 1873 in
1621 1817 1734 1873 Deo
1766 1817 2021 1886 respuit?

440 1911 735 1982 Opinatur,
767 1910 813 1966 si
846 1911 1150 1967 ostenderit
1180 1926 1528 1981 nequaquam
1575 1911 1734 1966 aliter
1762 1913 1919 1983 prius
1964 1912 2020 1965 in

447 2005 558 2059 Deo
620 2004 882 2076 intelligi,
941 2006 1212 2074 reliquum
1266 2020 1326 2061 se
1380 2005 1738 2070 habiturum,
1794 2005 1849 2059 in
1904 2004 2023 2075 ipsa

445 2094 656 2151 scilicet
703 2095 1017 2151 substantia
1067 2095 1861 2152 eminentiant'demonstrari.
1912 2096 2025 2152 Nos

446 2201 577 2240 vero
599 2185 903 2241 secundum
934 2199 1229 2240 causarum
1262 2186 1327 2239 ad
1360 2202 1446 2249 ea,
1472 2201 1595 2254 quae
1622 2203 1688 2241 ex
1714 2187 1849 2257 ipsis
1874 2194 2023 2253 sunt,

445 2278 794 2343 relationem,
831 2279 1077 2348 praeponi
1116 2278 1254 2333 Filio
1282 2277 1501 2334 Patrem
1534 2279 1792 2348 fatemur,
1817 2291 2028 2335 naturae

448 2386 580 2427 vero
628 2372 948 2427 diversitate
1017 2371 1169 2425 nullo
1223 2372 1426 2437 modo,
1486 2387 1664 2442 neque
1722 2374 2026 2429 secundum

447 2466 918 2533 exsuperantiam.
986 2464 1077 2520 Sic
1125 2465 1270 2519 enim
1312 2476 1366 2520 et
1410 2466 1623 2522 Patrem
1679 2482 1801 2523 esse
1854 2466 2028 2522 Deum

451 2555 823 2625 rejiceremus.
859 2571 983 2610 cum
1022 2558 1337 2613 essentialis
1382 2558 1677 2615 diversitas
1722 2560 2029 2615 naturalem

449 2648 899 2716 conjunctiouem
969 2656 1218 2716 respuat.
1254 2666 1274 2700 ι
1349 2647 1496 2702 Idem
1576 2648 1642 2703 ad
1703 2647 2030 2717 Gregorium

455 2737 677 2791 fratrem
741 2738 1019 2807 epistola,
1074 2738 1237 2809 cujus
1299 2738 1678 2810 principium,
1748 2740 2033 2807 «Quando

451 2828 702 2899 plerique
731 2844 1023 2884 commune
1055 2832 1309 2885 essentia:
1342 2831 1395 2885 in
1429 2832 1649 2887 arcanis
1679 2831 2033 2904 dogmatibus

450 2939 561 2976 nou
588 2923 937 2991 dignast-unt,
975 2941 995 2974 ι
1031 2923 1257 2977 scribit:
1298 2943 1315 2974 ι
1356 2924 1456 2990 Qui
1489 2922 1752 2993 Spiritum
1786 2924 2032 2996 attraxit,

451 3030 554 3085 per
571 3030 698 3069 eum
720 3025 770 3069 et
790 3013 989 3068 Filium
1010 3024 1064 3069 et
1086 3016 1302 3070 Patrem
1321 3016 1483 3069 simul
1504 3016 1750 3081 attraxit,
1767 3025 1821 3070 et
1839 3016 2036 3072 Filium

451 3122 585 3162 avere
635 3108 729 3176 qui
759 3108 1197 3176 appreltenderit,
1221 3107 1441 3162 habebit
1469 3108 1723 3163 eumdem
1746 3108 2032 3180 utrinque,

2116 693 2337 746 Τούτων
2372 693 2555 747 τοίνυν
2605 692 2668 748 τι
2711 692 2982 765 πρότερον
3027 693 3493 764 ἀποκρυψάμενος
3525 692 3695 745 Εὐνό-

2118 801 2260 856 μιος,
2324 783 2421 840 τοῦ
2475 787 2728 858 δευτέρου
2757 787 2933 849 εἴδους
2969 786 3071 857 τῆς
3124 787 3331 853 τάξεως
3355 783 3702 856 ἐπεμνήσθη,

2115 880 2365 951 καίφησι
2389 878 2466 951 μὴ
2493 878 2694 950 χρῆναι
2745 878 2928 946 λέγειν
2963 880 3058 933 ἐπὶ
3089 879 3225 933 Θεοῦ
3258 878 3436 945 τάξιν,
3465 878 3702 946 ἐπείπερ

2116 974 2152 1043 ή
2180 972 2336 1037 τάξις
2393 972 2624 1043 δευτέρα
2673 970 2771 1025 τοῦ
2821 971 3131 1035 τάττοντος.
3204 970 3414 1025 Ἐκεῖνο
3453 969 3511 1024 δὲ
3555 968 3588 1039 ἥ
3638 968 3703 1022 οὐ

2119 1064 2450 1136 σύνοιδεν,ἢ
2505 1062 2648 1118 ἐκὼν
2703 1063 3088 1135 ἀπεκρύψατο,
3140 1065 3221 1118 ὃτι
3256 1064 3375 1118 ἐστι
3400 1081 3452 1117 τι
3499 1062 3707 1127 τάξεως

2119 1152 2289 1221 εἶδος,
2313 1157 2414 1210 οὐκ
2440 1159 2504 1210 ἐκ
2530 1157 2633 1233 τῆς
2655 1155 2789 1228 παρ’
2839 1157 3002 1228 ἡμῶν
3035 1155 3240 1219 θέσεως
3288 1157 3703 1224 συνιστάμενον,

2119 1248 2240 1303 ἀλλ’
2274 1249 2412 1320 αὐτῇ
2447 1251 2514 1321 τῇ
2541 1250 2686 1302 κατά
2732 1250 2897 1318 φύσιν
2928 1248 3221 1321 ἀκολουθίᾳ
3270 1247 3593 1318 συμϐαῖνον,
3629 1245 3707 1308 ὼς

2117 1340 2198 1412 τῷ
2227 1342 2363 1412 πυρὶ
2393 1343 2530 1413 πρὸς
2561 1342 2623 1394 τὸ
2645 1341 2790 1411 ’φῶς
2814 1344 2932 1396 ἐστι
2959 1342 3022 1395 τὸ
3058 1341 3121 1407 ἐξ
3159 1340 3327 1394 αὑτοῦ
3351 1358 3367 1374 ·
3409 1342 3466 1393 ἐν
3494 1339 3710 1402 τούτοις

2122 1438 2232 1506 γὰρ
2267 1435 2534 1505 πρότερον
2559 1434 2621 1489 τὸ
2662 1436 2839 1490 αῐτιτν
2870 1436 3126 1506 λέγομεν·
3161 1434 3416 1504 δεύτερον
3445 1432 3504 1486 δὲ
3525 1433 3584 1485 τὸ
3612 1429 3712 1483 ἀπ’

2125 1528 2318 1591 αὑτοῦ,
2343 1529 2407 1582 οὐ
2432 1529 2769 1599 διαστήματι
2797 1529 3134 1601 χωρίζοντες
3160 1527 3258 1580 ἀπ’
3278 1524 3523 1595 ἀλλήλων
3572 1519 3712 1575 ταῦ-

2118 1638 2213 1683 τα,
2239 1618 2375 1674 ἀλλά
2412 1619 2490 1688 τῷ
2533 1619 2783 1690 λογισμῷ
2831 1619 2925 1673 τοῦ
2963 1618 3209 1673 αἰτιατοῦ
3243 1614 3710 1688 προεπινοοῦντες

2123 1715 2183 1766 τὸ
2214 1712 2408 1766 αἴτιον.
2471 1710 2596 1775 Πῶς
2627 1707 2722 1766 οῦν
2779 1710 3008 1779 εὔλογον
3062 1709 3347 1782 ἀρνεῖσθαι
3381 1710 3483 1777 τὴν
3528 1705 3710 1772 τάξιν,

2127 1808 2212 1878 ἐφ’
2238 1802 2313 1862 ὧν
2356 1811 2474 1862 ἐστι
2505 1807 2722 1880 πρῶτον
2760 1808 2856 1861 καὶ
2879 1806 3139 1879 δεύτερον
3175 1807 3237 1859 οὐ
3269 1804 3412 1859 κατά
3434 1803 3536 1875 τήν
3569 1802 3714 1873 ἡμευ

2126 1904 2292 1974 τέραν
2323 1901 2628 1968 θέσιν,ἀλλ’
2660 1902 2725 1955 ἐκ
2752 1901 2855 1971 τῆς
2881 1901 3027 1955 κατά
3049 1899 3214 1969 φύσιν
3244 1898 3433 1962 αὐτοῖς
3459 1899 3708 1966 ἐνυπαρ-

2126 1994 2331 2066 χούσης
2381 1993 2744 2060 ἀκολουθίας;
2806 1992 2964 2056 Τίνος
3019 1993 3115 2048 οῦν
3174 1992 3365 2048 ἐνεκεν
3406 1990 3592 2046 ἀθετεῖ
3611 1988 3713 2059 τὴν

2125 2085 2281 2151 τάξιν
2317 2084 2802 2155 λαμϐάνεσθαιέπὶ
2831 2083 3004 2152 Θεοῦ;
3047 2084 3317 2152 Ἠγεϊται,
3339 2084 3389 2137 εί
3421 2080 3711 2148 ἐπιδείξειε

2131 2177 2399 2251 μηδαμῶς
2417 2177 2591 2240 άλλως
2609 2177 2668 2230 τὸ
2687 2177 2955 2248 πρότερον
2969 2178 3064 2230 ἐπὶ
3085 2174 3225 2231 Θεοῦ
3246 2175 3509 2234 νοεῖσθαι.
3528 2172 3714 2226 λειπόο

2132 2287 2292 2342 μενον
2316 2270 2458 2337 ἕξειν
2488 2269 2610 2324 κατ’
2634 2270 2807 2340 αὐτὴν
2827 2270 2931 2342 τὴν
2952 2269 3145 2324 ούσὶαν
3169 2271 3271 2338 τὴν
3292 2265 3567 2338 ὑπεροχὴν
3591 2267 3716 2318 ἐπι-

2128 2356 2465 2418 δείκνυσθαι.
2503 2362 2704 2433 Ἡμεῖς
2732 2362 2788 2417 δέ
2810 2363 2954 2416 κατὰ
2983 2362 3084 2434 μὲν
3100 2360 3201 2432 τὴν
3226 2358 3336 2414 τῶν
3366 2360 3554 2413 αἰτίων
3577 2356 3717 2427 πρὸς

2129 2460 2200 2511 τὰ
2219 2457 2279 2523 ἐξ
2307 2456 2489 2511 αὐτῶν
2518 2457 2728 2527 σχέσιν,
2772 2456 3145 2529 προτετάχθαι
3170 2454 3265 2508 τοῦ
3296 2452 3430 2507 Υίοῦ
3468 2452 3562 2504 τὸν
3604 2451 3718 2504 [ια-

2129 2552 2268 2622 τέρα
2310 2550 2511 2621 φαμὲν,
2552 2549 2707 2619 κατὰ
2754 2549 2810 2603 δὲ
2863 2550 2964 2621 τὴν
3015 2548 3116 2619 τῆς
3166 2547 3385 2617 φύσεως
3448 2542 3719 2615 διαφοράν

2131 2643 2342 2708 οὐκέτι,
2378 2643 2500 2697 ούδέ
2524 2643 2666 2697 κατὰ
2680 2637 2789 2714 τεὴν
2814 2641 2909 2696 τοῦ
2954 2643 3149 2713 χρόνου
3183 2640 3479 2710 ὑπεροχήν·
3510 2637 3546 2710 ἦ
3572 2636 3719 2691 οὕτω

2133 2755 2199 2806 γε
2228 2735 2324 2790 καὶ
2364 2734 2496 2789 αύτὺ
2525 2734 2587 2789 τὸ
2622 2735 2841 2806 Πατέρα
2884 2730 3027 2788 εἶναι
3061 2734 3152 2788 τὸν
3192 2734 3325 2786 Θεὸν
3350 2731 3720 2800 ἀθετήσομεν,

2132 2831 2234 2901 τῆς
2261 2827 2405 2882 κατὰ
2454 2827 2556 2899 τὴν
2619 2827 2814 2882 οὐσίαν
2885 2825 3303 2897 ἀλλοτριότητος
3332 2823 3430 2895 τὴν
3480 2820 3721 2893 φυσικὴν

2137 2920 2439 2992 συνάφειαν
2459 2920 2780 2992 ἀθετούσης.
2796 2938 2815 2971 ι
2859 2918 2919 2972 Ὀ
2937 2919 3098 2981 αὐτὸς
3124 2920 3182 2972 ἐν
3205 2921 3271 2989 τῇ
3290 2917 3427 2988 πρὸς
3453 2915 3545 2970 τὸν
3574 2914 3723 2986 Γρηο

2137 3014 2324 3082 γόριον
2350 3012 2442 3063 τὸν
2483 3010 2714 3080 ἀδελφὸν
2751 3010 3032 3080 ἐπιστολῇ,
3065 3005 3132 3082 ἦς
3158 3011 3191 3080 ἡ
3223 3008 3367 3080 ἀρχὴ
3390 3047 3406 3072 ,
3438 3025 3457 3059 ι
3496 3004 3722 3076 Ἐπειδὴ

2139 3103 2325 3158 πολλοὶ
2348 3103 2410 3157 τὸ
2440 3103 2618 3156 κοινὸν
2640 3104 2739 3168 τῆς
2768 3103 2956 3167 οὐσίας
2986 3102 3080 3156 ἐπὶ
3117 3102 3227 3156 τῶν
3262 3101 3547 3174 μυστικῶν
3597 3098 3724 3167 δογ-

449 3201 585 3255 binc
629 3200 775 3256 illius
808 3199 1048 3266 Patrem,
1089 3200 1219 3254 hinc
1247 3200 1513 3271 Spiritum
1539 3210 1791 3257 sanctum
1828 3203 2031 3258 condu-

2140 3197 2328 3267 μάτων
2358 3196 2433 3267 μὴ
2462 3194 2854 3279 διακρίνοντες,
2897 3196 3085 3266 φησὶν,
3125 3194 3185 3249 '0
3211 3195 3272 3249 τὸ
3302 3194 3527 3262 Πνεῦμα
3558 3191 3723 3246 ἐλκύ-

448 3305 628 3348 ctum.
653 3292 838 3363 Neque
859 3294 1003 3347 enim
1032 3294 1111 3347 vel
1135 3294 1377 3348 scissura
1406 3294 1586 3364 aliqua
1612 3294 1723 3348 ullo
1744 3305 1927 3363 pacto,
1951 3295 2037 3349 vel

459 3389 660 3442 divisio
719 3387 1081 3458 excogitanda
1132 3397 1250 3453 est,
1301 3397 1391 3451 ut,
1450 3398 1548 3443 aut
1606 3386 1779 3445 Filius
1830 3389 2039 3459 absque

451 3480 621 3535 Patre
648 3479 1005 3549 intelligatur,
1030 3489 1126 3535 aut
1153 3480 1390 3550 Spiritus
1420 3497 1450 3535 a
1500 3480 1639 3537 Filio
1672 3491 1976 3552 separetur.
2014 3501 2033 3535 ι

448 3569 570 3625 ςιΙιιο
629 3572 863 3636 ratione,
912 3581 967 3627 et
1021 3587 1051 3626 a
1109 3573 1383 3629 similibus
1439 3557 1922 3629 testibusiordine
1980 3574 2035 3631 in

458 3659 660 3717 Triade
712 3665 1108 3734 comprobato,
1176 3665 1455 3734 quomodo
1516 3666 1727 3736 absque
1785 3667 2037 3736 periculo

448 3756 764 3824 intelligere
794 3756 1293 3826 deprchendemur,
1325 3757 1416 3827 qui
1460 3756 1653 3811 dicunt
1679 3775 1693 3813 :
1719 3757 1853 3824 Quae
1900 3760 2073 3819 ratio,

458 3855 586 3911 est,
644 3849 790 3904 int.r
843 3864 1007 3918 super
1072 3863 1291 3902 omnem
1347 3849 1597 3903 ordinem
1664 3850 2043 3908 consideratas

446 3937 680 3994 Triadis
717 3941 1063 4011 liypostases,
1096 3937 1219 3993 Filii
1252 3938 1589 4009 hypostasim
1633 3942 1865 3996 mediam
1902 3942 2043 3997 inter

449 4031 677 4087 .Patrem
732 4042 788 4086 et
830 4031 1092 4102 Spiritum
1131 4032 1423 4096 atlirmare,
1454 4033 1614 4103 quasi
1663 4034 1735 4088 ibi
1771 4035 1905 4089 ordo
1948 4049 2044 4104 per

467 4125 574 4179 vim
629 4121 1112 4178 introduceretur?
1163 4122 1270 4177 Sed
1328 4124 1482 4188 illud,
1511 4140 1604 4194 per
1653 4122 1881 4191 Filium,
1934 4142 2041 4182 non

446 4218 665 4272 :inlerre
698 4218 1043 4285 relationem,
1080 4228 1135 4272 ut
1165 4217 1415 4272 nonnulli
1443 4219 1787 4283 existimant,
1838 4236 2041 4275 conse-

445 4312 652 4380 .quitur
685 4324 752 4363 ex
812 4307 1117 4379 Scripturis
1162 4309 1452 4379 redargui;
1489 4318 1545 4364 et
1597 4310 1813 4365 abunde
1861 4313 2046 4366 redar-

447 4400 557 4470 λιιι
592 4400 695 4453 hac
725 4398 966 4454 dictione
992 4415 1109 4466 eos,
1142 4400 1237 4471 qui
1274 4401 1591 4457 immediate
1629 4402 1948 4472 opinantur,
1980 4419 2047 4460 ex

2142 3306 2242 3354 σας
2288 3290 2358 3344 δι’
2397 3289 2567 3343 αὐτοῦ
2624 3290 2721 3344 καὶ
2768 3290 2859 3345 τὸν
2910 3290 3038 3344 Υἱὸν
3092 3289 3187 3343 καὶ
3227 3288 3318 3344 τὸν
3341 3287 3562 3356 Πατέρα
3600 3304 3720 3340 συνο

2139 3383 2500 3454 εφελκύσατο·
2541 3383 2636 3437 καὶ
2672 3383 2765 3438 τὸν
2802 3382 2926 3437 Υἱὸν
2953 3382 3173 3453 ἀληθῶς
3227 3383 3378 3444 ὅστις
3408 3379 3571 3452 λάϐῃ,
3610 3380 3725 3445 ἔξει

2142 3478 2308 3533 αὐτὸν
2355 3477 2722 3548 ἑκατέρωθεν,
2752 3478 2829 3548 πῆ
2873 3476 2972 3549 μὲν
2996 3478 3088 3530 τὸν
3137 3474 3333 3529 ἑαυτοῦ
3362 3476 3607 3546 Πατέρα,
3647 3476 3727 3533 πῆ

2140 3569 2198 3624 δὲ
2238 3571 2301 3625 τὸ
2350 3572 2484 3626 ἴδιον
2517 3572 2757 3640 ’Πνεῦμα
2809 3570 3269 3641 συνεπαγόμενον.
3312 3570 3386 3623 Οὐ
3422 3568 3532 3638 γὰρ
3575 3569 3726 3622 ἐστιν

2141 3665 2431 3735 ἐπινοῆσαι
2460 3664 2692 3737 τομὴνῆ
2727 3664 3017 3734 διαίρεσιν,
3043 3664 3120 3727 ὡς
3153 3664 3186 3734 ἢ
3223 3662 3356 3716 Υἰὸν
3409 3667 3580 3734 χωρὶς
3612 3664 3699 3716 [lat

2141 3759 2271 3827 τρὺς
2299 3756 2581 3827 νοηθῆναι,
2607 3756 2639 3827 ἢ
2665 3758 2725 3811 τὸ
2753 3756 2978 3827 Πνεῦμα
3001 3756 3096 3811 τοῦ
3127 3756 3260 3811 Υῐοῦ
3281 3755 3684 3827 διαζευχθῆναι.
3702 3775 3723 3808 ι

2145 3847 2304 3902 Οῦτω
2340 3851 2436 3901 καὶ
2501 3850 2655 3915 παρὰ
2712 3848 2971 3903 τοιούτων
3035 3850 3334 3922 μαρτύρων
3390 3852 3490 3922 τῆς
3537 3852 3632 3902 ἐπι
3660 3853 3727 3920 τῇ

2145 3940 2340 4012 Τριάδι
2386 3938 2599 4005 τάξεως
2661 3942 3080 4013 συνισταμένης,
3111 3942 3227 4007 πῶς
3275 3943 3376 3996 οὐκ
3405 3942 3729 4011 ἐπισφαλῶς

2147 4036 2289 4088 νοεῖν
2306 4035 2727 4106 ἐλεγχθήσονται
2753 4036 2802 4089 οἱ
2833 4036 3106 4105 λέγοντες,
3147 4037 3246 4101 Τίς
3279 4038 3309 4089 ό
3341 4036 3500 4105 λόγος
3524 4038 3580 4089 ἐν
3611 4038 3729 4099 τοῖς

2147 4127 2287 4199 ὑπὲρ
2327 4128 2509 4181 πᾶσαν
2571 4127 2725 4193 τάξν
2774 4129 3182 4199 θεωρουμέναις
3245 4129 3578 4183 ὑποστάσεσι
3626 4127 3729 4198 τῆς

2147 4220 2398 4289 Τριάδος,
2421 4220 2523 4292 τὴν
2543 4218 2639 4274 τοῦ
2692 4219 2825 4274 Υίοῦ
2858 4221 3159 4275 ὑπόστασιν
3197 4222 3362 4292 μέσον
3393 4222 3605 4296 Πατρδς
3634 4223 3728 4274 aut

2150 4314 2470 4385 Πνεύματος
2546 4313 2728 4384 λέγειν
2765 4353 2780 4380 ,
2829 4312 2905 4375 ὡς
2964 4314 3497 4386 κατηναγκασμένης
3551 4316 3731 4369 ἐκεῖσε

2149 4406 2315 4479 οῦσης
2350 4410 2448 4480 τῆς
2490 4408 2700 4474 τάξεως
2734 4425 2751 4476 ;
2797 4407 2940 4464 Ἀλλ’
2995 4408 3078 4463 ὄτι
3135 4410 3235 4481 μὲν
3265 4408 3326 4463 τὸ
3349 4408 3424 4463 δι’
3467 4408 3604 4464 Υἱοῦ
3631 4410 3732 4463 οὖν

454 4496 623 4550 Patre
671 4512 795 4552 esse
846 4495 1160 4565 Spiritum:
1193 4512 1294 4553 nec
1354 4513 1462 4553 non
1519 4498 1794 4563 ordinem,
1837 4501 1930 4569 qui
1986 4501 2031 4554 iu

2150 4500 2249 4552 ἐπὶ
2303 4501 2551 4573 σημασίᾳ.
2592 4501 2854 4572 σχέσεως,
2888 4500 2964 4565 ὥς
2993 4519 3138 4567 τινες
3162 4503 3391 4568 οῐονται,
3438 4503 3735 4575 παραλαμ-

452 4588 506 4641 Ἰ
513 4587 661 4642 riade
706 4598 814 4650 est.
869 4589 969 4644 hac
1021 4603 1155 4645 voce
1201 4590 1575 4661 comprobari,
1629 4590 1767 4646 satis
1813 4608 1881 4647 ex
1923 4592 2031 4663 jam

2145 4571 2366 4648 δάνεται
2429 4595 2551 4657 ταῖς
2596 4594 2861 4666 Γραφαῖς,
2924 4595 3021 4650 καὶ
3065 4596 3149 4650 ὅτι
3198 4595 3422 4667 ἔλεγχον
3481 4571 3736 4669 ἱκανὸννή

456 4680 645 4735 allatis
676 4682 1115 4736 demonstratum
1146 4690 1252 4737 est.

2143 4686 2370 4755 τοιαύτη
2395 4686 2620 4741 δύναται
2666 4686 2811 4754 λέξις
2837 4687 2947 4742 τῶν
2997 4688 3222 4760 ἀμέσως
3245 4689 3508 4761 οἰομένων
3527 4690 3592 4744 ἐκ
3616 4690 3737 4744 Πα-

461 4773 596 4844 τρὺς
618 4769 832 4826 εἶναιτὸ
871 4772 1115 4842 Πνεῦμα,
1161 4773 1257 4826 καὶ
1303 4774 1387 4827 ὅτι
1429 4775 1729 4847 συστατική
1778 4774 1864 4839 τίς
1923 4776 2041 4830 ἐστι
2077 4776 2197 4849 τῆς
2243 4780 2300 4833 ἐν
2334 4781 2400 4851 τῇ
2431 4780 2474 4832 Τ
2480 4779 2627 4852 ριάδι
2682 4780 2891 4846 τάξεως
2951 4781 3165 4854 ἠφωνὴ
3205 4781 3370 4854 αὕτη,
3411 4771 3738 4854 ἀρκούντως

465 4865 581 4928 τοῖς
611 4865 921 4937 είρημένοις
967 4866 1067 4937 ἤδη
1089 4866 1550 4922 ὲναποδέδεικται.

540 4957 637 5011 24.
688 4958 861 5012 Porro
909 4958 961 5011 in
993 4959 1198 5027 quibus
1229 4960 1333 5013 Per
1379 4961 1733 5017 essentialem
1778 4962 2031 5019 rxsisten-

2230 4958 2329 5014 κδ’.
2395 4959 2519 5014 Ὀτι
2564 4959 2622 5014 δέ
2658 4960 2744 5031 ἐφ’
2773 4956 2855 5026 οἷς
2904 4960 3068 5032 ήδιὰ
3131 4944 3407 5033 δήλωσιν,
3434 4960 3739 5029 ούσιώδους

464 5048 599 5103 tiam
652 5059 826 5115 uetat,
868 5050 940 5104 ita
985 5065 1105 5104 eam
1144 5051 1348 5121 accipi,
1405 5062 1465 5107 ut
1510 5053 1592 5108 Ea:
1640 5055 2031 5124 praepositioni:

2150 5050 2443 5122 ὑπάρξεως
2503 5054 2616 5124 ἔχει
2649 5096 2664 5122 ,
2725 5056 2806 5117 εἰς
2857 5054 2919 5107 τὸ
2983 5056 3083 5127 τῆς
3122 5055 3192 5108 ἐκ
3240 5054 3741 5125 παραλαμϐάνεται

470 5140 616 5195 \‘itrs
643 5149 915 5210 exasquet,
953 5141 1116 5196 etiam
1152 5158 1219 5198 ex
1245 5144 1375 5209 illis,
1406 5160 1529 5214 qua:
1554 5146 1882 5200 naturaliter
1912 5149 2031 5200 tium

2159 5145 2505 5215 ίσοδύναμον,
2551 5148 2646 5199 καὶ
2675 5147 2784 5201 ἀπὸ
2819 5146 2933 5200 τῶν
2986 5147 3231 5216 φυσικῶς
3286 5149 3593 5218 γινομένων
3640 5152 3742 5204 καὶ

467 5245 923 5304 comparentque,
968 5247 1355 5306 eognoscetur.
1405 5238 1484 5293 Ex
1539 5237 1726 5294 radice
1773 5238 2028 5308 siquiden

2151 5240 2494 5310 φαινομένων
2520 5239 2919 5311 γνωσθήσεται,
2954 5241 3049 5295 Ἐκ
3075 5241 3176 5311 τῆς
3204 5240 3363 5313 ῥίζης
3392 5242 3502 5314 γὰρ
3516 5242 3605 5296 διὰ
3635 5244 3741 5299 τοῦ

472 5342 571 5396 per
597 5341 805 5381 ramum
830 5318 1142 5383 astruentes
1169 5328 1431 5393 fructum,
1463 5330 1596 5400 quid
1623 5329 1770 5385 aliud
1801 5331 2031 5400 agimus

2155 5330 2355 5385 κλάδου
2386 5332 2639 5400 λέγοντες
2681 5331 2775 5386 τὸν
2823 5333 3059 5403 καρπὸν,
3117 5334 3172 5388 τί
3202 5334 3332 5390 ἄλλο
3369 5336 3401 5408 ἢ
3433 5338 3515 5391 ὅτι
3546 5339 3610 5390 ἐκ
3638 5340 3743 5394 τοῦ

473 5433 641 5489 quam
672 5433 797 5472 cum
824 5434 891 5474 ex
942 5434 1098 5474 ramo
1138 5423 1538 5478 enuntiamus?
1568 5423 1632 5477 Et
1665 5438 1731 5478 ex
1763 5423 1925 5480 oculo
1955 5439 2031 5494 pet

2159 5425 2357 5479 κλάδοι)
2397 5424 2561 5478 αὐτὸν
2632 5424 2865 5497 λέγομεν
2894 5444 2909 5492 ;
2943 5427 3055 5481 Καὶ
3107 5429 3172 5481 ἐκ
3214 5427 3312 5482 τοῦ
3333 5429 3615 5499 ὀφθαλμοῦ
3646 5432 3745 5487 διὰ

468 5512 673 5567 fontem
732 5511 959 5568 ﬂuvium
1011 5513 1292 5579 dicentes,
1353 5518 1482 5586 quid
1541 5516 1691 5572 aliud
1749 5533 1915 5588 quam
1976 5532 2031 5572 ex

2154 5520 2254 5588 τῆς
2304 5519 2488 5587 πηγῆς
2521 5518 2614 5571 τὸν
2670 5519 2919 5589 ποταμὸν
2943 5518 3218 5587 λέγοντες,
3237 5520 3289 5573 τί
3315 5522 3445 5575 ἀλλο
3475 5523 3507 5593 ἢ
3533 5525 3617 5577 ὃτι
3674 5528 3746 5578 ἐκ

469 5605 625 5661 fonte
651 5606 989 5662 asserimus?
1033 5607 1140 5663 Sed
1185 5620 1316 5663 sunt
1347 5619 1608 5679 praeterea
1640 5609 1757 5673 alii.
1793 5609 1886 5680 qui
1920 5623 2031 5665 con

2158 5612 2257 5678 τῆς
2304 5610 2488 5682 πηγῆς
2517 5610 2685 5663 αὐτὸν
2716 5610 2998 5680 λέγομεν;
3051 5611 3193 5666 Ἀλλ’
3230 5613 3339 5666 εἰσί
3360 5631 3504 5678 τινες
3534 5615 3745 5688 ἕτεροι,

470 5699 722 5763 tendunt,
752 5714 880 5756 esse
926 5698 1189 5771 Spiritum
1235 5715 1303 5756 ex
1346 5701 1506 5757 Patre
1546 5712 1601 5758 et
1632 5701 1794 5768 Filio,
1833 5718 1941 5757 non
1974 5701 2054 5758 af—

471 5792 683 5848 tlrmari
718 5808 785 5850 ex
837 5792 1115 5858 Patribus,
1170 5794 1318 5862 quod
1368 5796 1735 5852 essentialiter
1760 5797 1914 5850 inter
1950 5794 2053 5850 Pa—

474 5894 614 5939 trem
668 5894 727 5941 et
781 5884 1045 5959 Spiritum
1110 5886 1312 5945 mediet
1369 5886 1571 5958 Filius,
1630 5889 1723 5947 sed
1779 5889 1923 5960 quod
1980 5890 2052 5946 sit

2153 5703 2206 5756 οἳ
2234 5704 2452 5771 λέγουσι
2478 5702 2536 5755 τὸ
2565 5698 2707 5757 εἶναι
2732 5704 2792 5758 τὸ
2820 5703 3049 5776 Πνεῦμα
3069 5707 3133 5760 ἐκ
3158 5707 3373 5779 Πατρός
3402 5709 3470 5762 δι’
3502 5709 3637 5763 Υἱοῦ
3661 5713 3745 5785 μὴ

2157 5796 2413 5866 λέγεσθαι
2470 5795 2623 5870 παρά
2677 5795 2789 5849 τῶν
2835 5797 3006 5881 ἀγίων
3033 5798 3123 5853 διὰ
3156 5800 3218 5854 τὸ
3255 5800 3531 5866 ούσιωδῶς
3580 5820 3746 5873 μεσι-

2164 5890 2342 5946 τεύειν
2404 5888 2583 5961 Πατρὶ
2647 5889 2743 5945 καὶ
2781 5889 3063 5963 Πνεύματι
3091 5893 3185 5948 τὸν
3213 5893 3366 5963 Υῑὸν,
3392 5894 3527 5951 ἀλλὰ
3558 5886 3649 5954 διὰ
3678 5900 3743 5956 τὸ
