3978 6584
326 418 383 480 69
1368 412 1466 474 DE
1507 410 1797 474 UNIONE
1836 411 2387 477 ECCLESIARUM.
3444 423 3516 488 70

319 525 512 583 εἶναιτὸ
539 522 753 595 Πνεῦμα
802 525 924 596 ἅμα
970 525 1083 596 Υἱῷ
1111 528 1175 580 ἐκ
1208 526 1451 598 Πατρόςί
1503 526 1566 580 Εἰ
1596 525 1708 596 γὰρ
1766 524 1841 595 μὴ

1952 523 2188 592 Spiritus
2212 525 2374 581 simul
2404 540 2525 580 cu.n
2564 526 2699 582 Filio
2731 544 2796 583 ex
2822 528 2999 585 Patre.
3027 527 3303 604 Namque,
3332 535 3508 603 aiunt.

318 621 435 688 πρὸς
454 616 651 671 ἔννοιαν
675 620 777 686 τῆς
814 616 908 670 τοῦ
938 618 1053 689 ἅμα
1096 619 1397 689 σημασίας,
1450 618 1639 686 φασὶν,
1680 616 1844 687 ἐκλη-

317 710 551 779 φθήσεται
600 708 659 761 τὸ
685 707 760 762 δι’
798 710 956 770 Υιυῦ,
1005 710 1196 779 χρόνος
1220 712 1276 763 ὲν
1302 712 1369 779 τῇ
1428 712 1493 762 ὲκ
1539 709 1847 781 Πατρὺςδι⁹

317 800 427 853 Υιοῦ
456 797 771 868 ἐκπορεῦσει
803 800 898 853 τοῦ
936 800 1253 867 Πνεύματος
1280 800 1632 871 νοηθήσεται.
1671 802 1783 855 Καὶ
1808 802 1841 873 ἡ

313 891 515 959 εὐσεῦἠς
557 891 807 945 ἐντεῦθεν
836 893 1293 965 ἐμποδισθήσεται
1333 894 1533 948 ἔννοια.
1562 895 1845 965 Πρόσσχες

313 982 444 1050 γοῦν,
467 984 738 1050 ἀγαπητὲ,
795 978 878 1047 οἷς
916 986 1164 1055 καὶπρὸς
1212 990 1371 1039 τοῦτο
1401 987 1655 1057 ἐροῦμεν.
1690 988 1843 1058 ’Δμα

313 1075 394 1144 μὲν
418 1069 550 1125 εἶναι
584 1074 716 1127 Υίὸν
744 1077 839 1128 καὶ
873 1078 1094 1147 Πνεῦμα
1128 1082 1192 1132 ἐκ
1220 1078 1315 1134 τοῦ
1358 1082 1572 1152 Πατρός
1605 1082 1687 1147 τίς
1719 1085 1846 1137 ἀντ-

309 1169 421 1234 ερεῖ,
463 1166 509 1217 εί
545 1164 784 1236 μὴκατὰ
815 1167 908 1237 τῆς
942 1170 1225 1234 εὐσεϐείας
1257 1172 1468 1242 μέμηνε
1497 1176 1789 1244 προφανῶς
1822 1192 1838 1243 ;

310 1260 358 1311 οὐ
376 1258 455 1310 διὰ
496 1257 655 1311 τοῦτο
679 1258 735 1311 δὲ
772 1260 832 1313 τὸ
859 1259 929 1314 δι’
963 1262 1090 1315 Υίοῦ
1118 1266 1179 1317 ὲκ
1210 1266 1301 1318 τοῦ
1354 1268 1566 1337 Πατρὸς
1595 1265 1734 1324 εἶναι
1782 1271 1843 1323 τὺ

308 1351 502 1420 Πνεῦμα
566 1355 682 1416 τοῖς
731 1354 1041 1422 θεολογοῦσι
1088 1359 1494 1429 τεοεολόγηται,
1549 1362 1664 1416 ἀλλ’
1695 1365 1839 1436 ῖναή

304 1442 540 1509 οὗσώδης
564 1444 819 1511 μεσιτεία
859 1445 896 1498 1⁸
902 1446 981 1500 ἰοῦ
1009 1449 1103 1500 ἐπὶ
1123 1452 1189 1520 τῇ
1223 1451 1287 1503 ἐκ
1338 1452 1550 1523 Πατρὸς
1574 1452 1644 1506 δι’
1711 1453 1840 1508 Υίοῦ

303 1531 506 1601 ὑπάρξει
533 1531 633 1585 τοῦ
668 1534 985 1604 Πνεῦματος
1014 1538 1127 1600 τοῖς
1183 1540 1435 1594 εὐσεϐέσι
1493 1544 1838 1614 πιστεύηται.

301 1624 354 1677 Ol
376 1624 423 1675 δὲ
449 1625 645 1694 χρόνου
676 1622 919 1695 ἔμφασιν
943 1629 1000 1682 ἐν
1025 1632 1091 1700 τῇ
1116 1628 1192 1683 δι’
1236 1632 1372 1686 Υἱοῦ
1400 1638 1550 1704 φωνῇ
1582 1635 1839 1701 δεδιότες,

297 1718 375 1768 καὶ
416 1718 628 1770 ἔννοιαν
656 1717 755 1787 τῆς
783 1718 874 1772 τοῦ
898 1719 1017 1789 ἅμα
1054 1723 1329 1791 σημασίας
1359 1725 1529 1797 αὐτὴν
1560 1728 1839 1799 ἐκλαμϐα-

293 1822 469 1872 νοντες,
509 1807 588 1869 ὡς
620 1810 685 1862 ἂν
727 1812 852 1881 μήτ
875 1829 903 1875 ς
931 1813 1265 1884 ἐμποδισμὸς
1300 1818 1552 1872 ἐντεῦθεν
1583 1822 1648 1891 τῇ
1684 1822 1840 1875 εὐσε-

1947 617 1992 670 si
2022 616 2151 670 illud
2179 633 2272 686 per
2306 616 2511 672 Filium
2562 619 2615 672 in
2650 619 2742 674 illo
2785 620 3092 687 signiﬁcatu
3140 639 3248 679 non
3280 628 3515 698 acciplav

1947 713 2056 769 tur,
2091 715 2302 776 tempus
2346 707 2400 762 in
2435 710 2785 778 processione
2834 710 3069 782 Spiritus
3118 730 3184 769 ex
3226 716 3386 772 Patre
3417 734 3514 787 per

1946 797 2142 852 Filium
2191 800 2587 869 interponetur,
2642 812 2695 856 et
2725 805 2847 872 pius
2900 805 2979 859 rei
3028 805 3339 863 intellectus
3386 809 3514 866 inde

1944 890 2349 946 amandabitur.
2376 892 2601 948 Intende
2630 894 2812 964 itaque
2840 896 3107 963 animum,
3133 899 3508 964 dilectissime,

1943 981 2011 1037 ad
2064 998 2152 1049 ea,
2202 998 2325 1052 quae
2371 984 2573 1038 dicturi
2617 1001 2831 1040 sumus.
2882 985 2998 1042 Una
3045 1005 3167 1045 esse
3221 988 3419 1043 Filium
3459 1000 3513 1046 et

1947 1072 2216 1141 Spiritum
2268 1088 2335 1128 ex
2390 1072 2569 1138 Patre,
2621 1078 2743 1144 quis
2790 1078 3030 1146 negabit.
3089 1079 3191 1137 nisi
3246 1081 3513 1138 adversus

1944 1163 2199 1230 pietatem
2250 1162 2426 1232 palam
2481 1164 2745 1218 insaniit?
2795 1168 2898 1221 Sed
2950 1184 3057 1222 non
3095 1154 3382 1238 propterea
3414 1187 3510 1241 per

1943 1251 2141 1308 Filium
2174 1271 2238 1310 ex
2272 1254 2433 1309 Patre
2452 1272 2573 1311 esse
2600 1255 2891 1325 Spiritum,
2930 1261 3023 1329 qui
3053 1277 3140 1317 res
3174 1263 3510 1334 theologicas

1945 1354 2346 1411 pertractarunt
2386 1358 2808 1409 asscvcrarunt;
2843 1351 2937 1404 sed
2974 1360 3029 1404 ut
3060 1355 3369 1410 essentialis
3402 1370 3513 1408 ine-

1941 1436 2112 1492 diatio
2156 1435 2278 1491 Filii
2315 1440 2369 1492 in
2407 1439 2647 1507 Spiritus
2685 1455 2748 1495 ex
2785 1439 2947 1496 Patre
2994 1459 3090 1512 per
3122 1442 3321 1499 Filium
3368 1446 3515 1500 exsi-

1943 1529 2143 1583 stentia
2208 1530 2313 1598 piis
2380 1529 2702 1588 hominibus
2758 1534 3029 1589 credenda
3090 1547 3509 1605 proponeretur.

1944 1620 2047 1687 Qui
2082 1636 2208 1676 vero
2232 1624 2491 1692 temporis
2516 1626 2924 1693 expressionem
2959 1628 3013 1680 in
3044 1642 3172 1681 voce
3193 1644 3283 1696 per
3310 1627 3510 1681 Filium

1948 1712 2165 1775 timent,
2209 1723 2263 1768 et
2292 1714 2346 1768 in
2379 1714 2714 1769 intellectum
2749 1716 3166 1784 significationis
3197 1718 3356 1770 simul
3388 1732 3509 1771 eam

1942 1805 2239 1873 accipiunt,
2275 1821 2341 1861 ne
2365 1807 2495 1876 quid
2533 1807 2660 1860 inde
2696 1807 2914 1876 pietatis
2944 1809 3393 1877 impedimentum
3431 1811 3515 1861 in~

294 1897 400 1966 θείᾳ
432 1901 832 1969 προσγένηται,
894 1905 1244 1960 ἀκουέτωσαν
1271 1909 1348 1971 ὡς
1373 1909 1576 1981 οὐδὲνή
1609 1884 1839 1987 εῦσεῦὴς

1946 1907 2227 1964 nascatur,
2275 1898 2521 1961 audiant,
2557 1900 2708 1952 nullo
2749 1901 2911 1954 modo
2940 1900 3085 1968 piam
3125 1900 3511 1969 cogitationem

293 1988 737 2060 ἐμποδισθήσεται
789 1996 987 2060 ἔννοια,
1020 2000 1067 2052 εί
1120 2001 1237 2069 ἅμα
1260 2001 1336 2072 τῷ
1375 2002 1489 2073 Υἱῷ
1515 2006 1578 2058 ὲκ
1601 2006 1835 2077 Πατρὸς,

289 2084 371 2135 καὶ
399 2086 445 2136 εί
484 2085 555 2138 δι’
589 2085 721 2138 Υίοῦ
755 2088 820 2142 ἐκ
856 2090 1070 2160 Πατρὸς
1116 2092 1178 2145 τὸ
1213 2094 1438 2163 Πνεῦμα
1481 2098 1650 2153 ἐστιν.
1685 2100 1839 2153 Ἐπεὶ

289 2173 371 2225 καὶ
398 2174 425 2225 6
476 2176 608 2239 Υἱὸς
655 2175 773 2248 ἅμα
826 2179 928 2250 μέν
976 2184 1095 2235 ἐστι
1121 2182 1199 2254 τῷ
1262 2186 1460 2256 Πατρὶ,
1486 2188 1623 2242 ἀλλὰ
1653 2195 1749 2244 καὶ
1773 2193 1838 2244 ὲκ

287 2265 506 2334 Πατρὸς,
558 2267 656 2321 καὶ
703 2268 831 2322 οὔτε
872 2287 958 2333 τις
1002 2272 1195 2343 χρόνου
1231 2278 1558 2347 προεπινοια
1584 2282 1838 2336 ἐντεῦθεν

285 2357 595 2428 ἐμφαίνεται
629 2360 717 2415 διὰ
758 2363 819 2414 τὸ
862 2365 954 2418 τὸν
987 2365 1110 2419 Υίὸν
1167 2371 1583 2442 συνυπάρχοντα
1612 2375 1691 2445 τῷ
1726 2378 1839 2430 Πλ-

283 2451 381 2519 τρὶ,
409 2453 501 2503 καὶ
529 2450 653 2522 ἅμα
691 2455 868 2528 Πατρὶ
895 2455 1024 2511 ὅντα
1070 2454 1211 2514 εἶναι
1237 2465 1326 2517 καὶ
1356 2466 1421 2517 ὲκ
1451 2467 1681 2537 Πατρὸς,
1711 2469 1837 2523 οὔτε

283 2547 454 2608 τόπου,
486 2545 616 2599 οὔτε
648 2548 745 2601 τοῦ
780 2550 888 2611 τῷν
917 2552 1095 2607 ἄλλων
1126 2557 1236 2609 τῶν
1258 2558 1357 2611 ὅσα
1395 2562 1486 2613 ἐπὶ
1534 2563 1656 2616 καθ’
1688 2566 1838 2634 ἡμᾶς

283 2637 455 2693 σιτίων
469 2643 565 2694 καὶ
592 2645 854 2698 αἱτιατῶν
886 2647 1267 2719 ἀναφαίνεται.
1300 2652 1511 2724 Ὠσπερ
1558 2655 1689 2723 γοῦν
1717 2674 1840 2710 συν-

283 2730 526 2801 υπάρχων
557 2734 589 2785 ὁ
619 2733 747 2800 Υἱὸς
773 2737 852 2808 τῷ
894 2738 1088 2809 Πατρὶ,
1153 2742 1248 2795 καὶ
1278 2743 1395 2814 ἃμα
1431 2744 1508 2815 τῷ
1541 2747 1714 2818 ﬂatpl
1737 2748 1836 2815 ὢν,

281 2821 475 2886 οὐδενὸς
503 2825 707 2894 χρόνου
733 2826 943 2883 ἔννοιαν
996 2832 1113 2903 ἔχει
1158 2840 1654 2909 προεπινοουμένην
1679 2843 1736 2894 ὲν
1763 2843 1840 2914 τῷ

280 2911 519 2980 λέγεσθαι
548 2919 617 2970 ὲκ
643 2920 878 2991 Πατρός,
925 2922 1066 2977 οὕτω
1098 2928 1276 2980 καὶτὸ
1311 2929 1532 3000 Πνεῦμα
1578 2932 1693 3002 ἅμα
1728 2911 1839 3005 Titii

282 3003 527 3077 ὑπάρχων
551 3010 620 3059 ἐκ
668 3008 763 3061 τοῦ
819 3011 1031 3083 Πατρός
1088 3016 1156 3070 δι’
1217 3017 1346 3073 Υἱοῦ
1396 3019 1613 3089 λέγεται
1673 3003 1838 3089 εἶναι,

281 3097 365 3150 καὶ
403 3099 593 3151 πᾶσαν
621 3100 879 3173 χρονικὴν
904 3105 1275 3176 ἀποτρέπεται
1303 3110 1565 3181 ἔμφασιν.
1593 3112 1705 3167 Kal
1734 3114 1842 3169 πά·

281 3187 369 3249 λιν,
395 3189 592 3262 ὥσπερ
625 3195 653 3245 6
702 3194 832 3259 Υίὸς
884 3198 999 3268 ἅμα
1056 3200 1173 3253 ἐστὶ
1207 3202 1286 3272 τῷ
1321 3204 1517 3275 Πατρὶ,
1569 3210 1664 3261 καὶ
1690 3210 1838 3278 ὅμως
1864 3230 1909 3293 C

280 3285 680 3349 προεπινοεῖεαι
706 3289 733 3339 ό
768 3288 954 3361 Πατὴρ
1009 3292 1103 3345 τοῦ
1164 3294 1296 3349 Υἱοῦ
1327 3297 1404 3368 τῷ
1454 3299 1635 3371 αἰτίῳ,
1666 3302 1749 3357 ὅτι
1774 3302 1837 3356 ὲκ

278 3372 358 3425 τοῦ
384 3375 602 3445 Πατρὸς
636 3381 665 3432 6
703 3380 854 3445 Υἱὸς,
898 3383 1042 3437 οὕτω
1069 3389 1162 3442 καὶ
1196 3389 1256 3442 ea
1311 3391 1534 3463 Πνεῦμα
1556 3393 1674 3463 ἃμα
1719 3394 1839 3448 ἐστὶ

278 3464 347 3533 τῷ
384 3466 494 3536 Υἱῴ
558 3470 626 3523 ἐκ
673 3472 770 3525 τοῦ
829 3475 1063 3548 Πατρὺς,
1125 3479 1219 3531 καὶ
1273 3488 1681 3552 προεπινοείται
1742 3485 1836 3539 τοῦ

279 3558 589 3631 Πνεῦματος
612 3566 640 3618 ό
669 3565 796 3628 Υἱὸς
828 3572 971 3623 κατὰ
995 3571 1086 3623 τὸν
1106 3574 1202 3638 τῆς
1242 3575 1422 3638 αἰτίας
1446 3576 1621 3645 λόγον,
1651 3578 1734 3631 ὅτι
1757 3576 1838 3631 δι’

278 3653 393 3705 Υἱοῦ
417 3656 481 3708 ὲκ
511 3658 737 3729 Harpe;
775 3661 837 3714 τὸ
870 3661 1097 3733 Πνεῦμά
1120 3667 1289 3720 ἐστιν.
1357 3668 1523 3724 Οὐδὲν
1576 3673 1686 3743 γὰρ
1742 3672 1839 3726 καὶ

278 3744 711 3820 ὐποστελλόμεθα
734 3748 914 3821 λέγειν
944 3755 1012 3810 τὰ
1035 3759 1182 3827 παρὰ
1206 3758 1312 3812 τῶν
1334 3759 1529 3829 ἁγίων.
1555 3763 1839 3820 καὶταῦτα

276 3837 590 3906 τίωνςοῦς
642 3845 924 3908 εὐσεϐείας
971 3852 1218 3918 κήρυκας
1261 3854 1295 3922 ἠ
1351 3852 1650 3923 Ἐκκλησία
1692 3872 1838 3927 παρ-

277 3928 442 3994 έλαϐε,
491 3933 737 4002 ρηθέντα
770 3952 829 3988 τε
868 3937 961 3989 καὶ⁵
1018 3940 1470 4009 δογματισοέντα.
1511 3942 1743 3997 Ἔπειτα
1782 3944 1839 3997 δὲ

279 4024 362 4073 καὶ
387 4024 551 4077 τοῦτο
577 4027 759 4092 καλῶς
795 4028 872 4101 τῷ
927 4030 1239 4106 βουλομένῳ
1269 4034 1708 4107 διανοηθήσεται,
1738 4036 1835 4101 ὡς,

276 4113 321 4163 εἰ
368 4123 826 4188 κατευστοχεῖται
864 4124 1024 4176 τοῦτο
1067 4128 1179 4189 τοῖς
1208 4127 1425 4196 λέγουσι
1478 4131 1661 4185 πάντα
1736 4132 1838 4184 ὃσα

275 4208 524 4279 περὶτῆς
583 4212 641 4263 ἐν
696 4215 764 4283 τῇ
823 4215 1015 4284 Τριάδι
1048 4216 1252 4282 τάξεως
1290 4222 1339 4273 οἱ
1369 4221 1515 4289 ἃγιοι
1557 4224 1836 4294 εἰρήκασι,

278 4300 443 4370 μάτην
467 4303 731 4373 εἰρήκασι
759 4308 852 4357 καί
870 4308 1204 4376 ἐπισφαλῶς.
1232 4310 1324 4375 Τίς
1347 4316 1453 4383 γὰρ
1483 4314 1576 4366 καὶ
1599 4314 1839 4380 διανοίας

279 4394 536 4462 μετέχων,
598 4398 691 4448 καὶ
721 4398 788 4468 τῇ
814 4399 877 4452 ὲκ
909 4400 1083 4467 λόγων
1132 4402 1343 4457 συνέσει
1371 4405 1745 4476 κοσμούμενος
1777 4408 1839 4461 τὸ

278 4482 385 4551 ἅμα
424 4488 719 4557 σημαίνειν
762 4491 878 4561 ἐρεῖ
908 4492 1006 4564 τὴν
1038 4492 1137 4548 διὰ
1168 4497 1227 4549 ἐν
1267 4497 1345 4566 τῷ
1379 4499 1442 4550 ἐκ
1491 4500 1702 4570 Πατρὸς
1761 4500 1836 4555 δι’

1942 1987 2215 2056 impediri,
2247 1990 2293 2044 si
2325 1990 2487 2045 simul
2517 2006 2642 2045 cum
2696 1990 2836 2045 Filio
2889 2007 2957 2046 ex
2998 1990 3181 2056 Patre,
3234 2004 3289 2045 et
3339 1993 3384 2047 si
3417 2008 3514 2062 per

1940 2076 2140 2132 Filium
2193 2096 2257 2134 ex
2305 2080 2465 2137 Patre
2513 2082 2753 2152 Spiritus
2801 2083 2895 2138 sit.
2945 2082 3399 2154 Quandoquidem
3451 2092 3508 2137 et

1939 2164 2115 2223 Filius
2160 2171 2321 2224 simul
2371 2183 2454 2227 est
2487 2188 2611 2228 cum
2653 2173 2829 2240 Patre,
2878 2176 2971 2245 qui
3007 2185 3188 2229 tamen
3233 2191 3299 2228 ex
3331 2173 3491 2230 Patre

1940 2270 2043 2325 est,
2088 2271 2141 2316 et
2187 2264 2393 2318 nullum
2443 2272 2658 2333 tempus
2708 2266 2832 2322 inde
2870 2267 3318 2337 prmintelligitur,
3350 2268 3495 2336 quo-.l
3543 2250 3551 2265 ’

1941 2351 2112 2409 Filius
2162 2354 2325 2412 simul
2373 2372 2497 2412 cum
2551 2356 2711 2413 Patre
2764 2360 2998 2421 exsistit,
3051 2368 3106 2413 et
3162 2359 3326 2414 simul
3382 2374 3505 2413 cunt

1941 2437 2101 2493 Patre
2130 2449 2235 2504 est,
2279 2453 2334 2497 et
2376 2459 2441 2499 ex
2472 2442 2655 2509 Patre,
2688 2462 2865 2514 neque
2895 2448 3069 2509 locus,
3120 2464 3294 2517 neque
3326 2448 3504 2502 ullum

1944 2530 2092 2584 aliud
2131 2545 2195 2584 ex
2226 2531 2315 2594 iis,
2351 2548 2473 2601 qua:
2504 2537 2804 2590 secundum
2844 2552 2940 2589 nos
2975 2536 3042 2590 de
3072 2539 3257 2593 causis
3298 2548 3350 2591 ct
3388 2537 3518 2593 clle-

1940 2619 2126 2676 ctibus
2165 2620 2540 2679 innotescunt.
2579 2626 2662 2681 Uti
2692 2628 2875 2696 itaque
2907 2629 2998 2696 qui
3048 2646 3155 2683 una
3184 2646 3306 2684 cum
3352 2629 3517 2685 Patre

1940 2712 2157 2766 exsistit
2208 2710 2406 2779 Filius,
2453 2725 2507 2769 ct
2554 2715 2717 2770 simul
2768 2733 2890 2771 runt
2937 2717 3099 2773 Patre
3145 2732 3247 2783 εει,
3306 2722 3509 2775 nullam

1943 2801 2206 2867 temporis
2251 2803 2737 2870 praeexsistentiaui
2787 2807 3015 2871 inducit,
3053 2823 3177 2863 eum
3215 2802 3415 2863 dicitur
3446 2825 3512 2863 ex

1941 2884 2104 2941 Patre
2139 2908 2152 2940 :
2182 2890 2263 2942 sic
2305 2897 2360 2943 et
2406 2889 2642 2960 Spiritus
2684 2894 2844 2949 simul
2893 2912 3017 2950 cum
3054 2895 3194 2953 Filio
3242 2904 3514 2956 exsistens

1941 2996 2006 3034 ex
2042 2980 2223 3046 Patre,
2255 2997 2349 3050 per
2376 2980 2572 3038 Filium
2613 3002 2737 3040 esse
2769 2988 2992 3053 dicitur,
3020 2999 3073 3043 et
3105 2992 3365 3060 temporis
3399 3009 3516 3046 om-

1944 3087 2069 3126 nem
2105 3073 2446 3129 intellectum
2476 3076 2757 3132 abhorret.
2786 3079 3127 3151 Rursusque,
3159 3085 3517 3151 quemadmo-

1942 3162 2069 3218 dtttn
2119 3162 2292 3218 Filius
2329 3166 2490 3219 simul
2532 3175 2617 3223 est
2662 3183 2786 3223 cum
2818 3170 3001 3234 Patre,
3057 3180 3112 3225 et
3156 3172 3515 3229 nihilominus

1943 3252 2078 3306 Filio
2114 3253 2557 3325 pracintelligitur
2592 3254 2756 3311 Pater
2787 3261 2999 3313 ratione
3034 3275 3236 3326 causae,
3269 3266 3413 3329 quod
3447 3279 3526 3317 ex.

1946 3341 2107 3398 Patre
2135 3342 2331 3407 Filius,
2366 3344 2436 3398 ita
2463 3355 2517 3399 et
2545 3345 2784 3415 Spiritus
2812 3348 2977 3402 simul
3010 3358 3094 3403 est
3123 3366 3247 3404 cuin
3286 3351 3424 3405 Filio
3444 3367 3512 3405 ex

1946 3430 2128 3493 Patre.
2176 3443 2229 3487 et
2277 3432 2637 3487 nihilominus
2676 3432 2850 3489 Filius
2903 3439 3340 3507 prwintelligitur
3393 3442 3515 3510 Spi-

1947 3524 2053 3576 ritu
2102 3525 2403 3577 secundum
2454 3539 2632 3579 causa:
2666 3528 2970 3591 notionem,
3012 3533 3158 3600 quod
3192 3546 3287 3601 per
3317 3530 3512 3586 Filium

1945 3627 2009 3665 ex
2046 3613 2206 3664 Patre
2248 3612 2485 3681 Spiritus
2528 3624 2630 3668 est.
2682 3612 2827 3670 Nihil
2876 3619 3021 3673 enim
3078 3636 3145 3673 ex
3196 3622 3262 3674 iis
3310 3638 3431 3690 qua:
3479 3638 3511 3676 ι

1946 3703 2224 3767 Patribus,
2258 3712 2313 3757 et
2337 3704 2577 3772 quibus?
2607 3721 2746 3775 quos
2770 3711 2985 3777 pietatis
3018 3725 3293 3780 praecones
3329 3712 3514 3768 Eccle-

1946 3795 2026 3849 sia
2077 3795 2476 3864 comprobavit,
2515 3797 2657 3851 dicta
2688 3809 2781 3852 aut
2817 3801 3034 3856 decreta
3066 3813 3215 3868 sunt,
3262 3821 3510 3861 assert-ro

1945 3885 2335 3939 detrectamus.
2366 3885 2717 3941 Postmodutn
2741 3899 2795 3943 et
2829 3891 2931 3945 hoc
2959 3908 3179 3962 quoque
3209 3898 3378 3964 probe
3424 3913 3514 3949 ι-ο-

1946 3974 2065 4029 lens
2116 3975 2418 4045 intelligat,
2468 3980 2513 4031 si
2575 3978 2630 4032 id
2690 3980 3001 4037 dicentibus
3053 3985 3190 4039 bcne
3243 3989 3509 4055 cesserit,

1947 4067 2203 4122 universa
2235 4083 2330 4136 per
2367 4078 2589 4124 sanctos
2620 4072 2687 4126 de
2713 4074 2924 4137 ordine,
2960 4077 3055 4144 qui
3090 4076 3144 4129 in
3174 4074 3372 4132 Triade
3401 4090 3511 4146 est,

1948 4161 2168 4225 tradita,
2208 4160 2376 4231 gratis
2420 4176 2542 4216 esse
2586 4164 2753 4226 dicta.
2803 4177 2856 4219 et
2906 4180 3013 4219 non
3044 4167 3252 4238 absque
3298 4185 3510 4223 errore.

1945 4250 2081 4317 Quis
2103 4252 2270 4316 enim,
2303 4252 2596 4307 dummodo
2623 4257 2905 4309 cerebrum
2947 4258 3161 4322 habeat,
3196 4259 3513 4328 prudentia-

1944 4359 2052 4413 que
2090 4357 2213 4412 quae
2258 4358 2323 4397 ex
2354 4343 2657 4413 disciplinis
2706 4348 2903 4413 oritur,
2939 4350 3137 4416 sapiat,
3171 4353 3517 4420 praepositio-

1946 4450 2074 4490 nem
2123 4434 2249 4499 Per,
2296 4435 2458 4489 simul
2513 4444 2704 4490 notare
2744 4436 3052 4499 atlirniabit.
3104 4454 3226 4491 eum
3273 4441 3511 4497 dicimus

1947 4542 2014 4581 ex
2043 4525 2201 4581 Patre
2232 4541 2325 4595 per
2356 4524 2556 4581 Filium
2603 4526 2865 4596 Spiritum
2904 4528 3065 4583 esse?
3090 4527 3243 4584 Licet
3274 4532 3419 4584 enim
3454 4533 3508 4586 in

275 4576 398 4630 Υιοῦ
431 4580 492 4631 τὸ
528 4579 757 4650 Πνεῦμα
784 4581 1188 4652 θεολογείσθαις
1220 4588 1284 4639 Εἰ
1316 4590 1425 4657 γὰρ
1449 4592 1542 4644 καὶ
1567 4591 1625 4645 ὲν
1668 4595 1734 4664 τῇ
1777 4594 1841 4647 ὲκ

1955 4576 2014 4581 ,η
2043 4576 2063 4579 _
2086 4576 2153 4580 η
2177 4576 2198 4581 -
2232 4576 2316 4595 τ--
2356 4576 2377 4579 -
2603 4576 2865 4596 Ἵππη-
2908 4576 3056 4583 ---μ
3090 4576 3243 4584 _----

1950 4616 2185 4686 Spiritus
2237 4632 2305 4671 ex
2351 4616 2510 4671 Patre
2558 4632 2653 4687 per
2709 4616 2905 4672 Filium
2956 4620 3307 4687 exsistentia,
3349 4623 3516 4679 simul

281 4668 479 4739 Ματρὸς
502 4671 574 4725 δι’
598 4672 731 4727 Υίοῦ
756 4675 987 4745 ὑπάρξει
1010 4680 1104 4731 τοῦ
1124 4678 1439 4748 Πνεῦματος
1467 4682 1566 4754 τὴν
1594 4683 1688 4737 τοῦ
1718 4683 1841 4753 ἅμα

280 4766 548 4835 σημασίαν
563 4767 683 4837 ἐρεῖ
704 4784 789 4830 τις
818 4768 1075 4834 νοεῖσθαι,
1101 4771 1243 4825 ἀλλά
1266 4772 1544 4844 προδήλως
1573 4775 1840 4847 ἐλεγχθή-

281 4871 422 4910 σεται
449 4860 837 4931 ἀπατώμενος,
863 4861 992 4914 ὃταν
1024 4863 1124 4933 τὴν
1166 4865 1339 4931 αὐτὴν
1362 4866 1570 4939 εὐρήσῃ
1615 4869 1713 4924 διὰ
1745 4870 1841 4924 καὶ

279 4946 329 4996 ἐν
383 4947 461 5018 τῷ
520 4948 609 5003 διὰ
668 4948 763 5002 τοῦ
792 4951 967 5019 Λόγου
1021 4955 1084 5005 τὸ
1110 4953 1333 5027 Πνεῦμα
1374 4958 1736 5013 συνάπτεσθαι
1762 4959 1841 5032 τῷ

284 5037 478 5108 Πατρί.
516 5041 625 5093 Καὶ
646 5041 840 5095 τούτου
873 5061 954 5097 σοι
984 5045 1338 5112 ἀξιοπίστους
1368 5048 1480 5117 ἐγὼ
1503 5053 1842 5124 παραστήσω

279 5136 396 5192 τοὺς
439 5134 750 5203 μάρτυρας.
781 5134 992 5190 Λύτίκα
1047 5138 1077 5189 ὁ
1126 5136 1300 5207 μέγας
1339 5138 1659 5204 Ἀθανασιος
1692 5160 1748 5194 εν
1772 5145 1838 5214 τῇ

284 5223 409 5291 πρὸς
439 5225 763 5294 Σεραπίωνα
793 5227 1072 5299 ἐπιστολῇ,
1104 5224 1174 5300 ἧς
1210 5232 1243 5300 ἡ
1266 5232 1425 5301 ἀρχὴ,
1455 5249 1473 5283 ι
1522 5232 1677 5297 Ἴσως
1710 5233 1842 5287 θαυ-

286 5314 470 5382 μάσεις
500 5317 614 5379 πῶς
648 5318 1051 5387 ἐντειλάμενον,
1082 5339 1101 5373 ι
1139 5323 1304 5392 φησιν
1327 5338 1344 5355 ·
1390 5343 1408 5376 ι
1433 5324 1509 5378 υῦ
1531 5324 1638 5395 γὰρ
1687 5328 1844 5389 ἐκτός

285 5406 393 5459 ἐστι
419 5408 515 5460 τοῦ
545 5410 723 5477 Λόγου
751 5410 813 5463 τὸ
843 5412 1091 5483 Πνεῦμα,
1141 5413 1257 5467 ἀλλ’
1289 5417 1347 5468 ὲν
1369 5416 1446 5485 τῷ
1469 5418 1627 5488 Λόγῳ
1671 5417 1752 5479 ὃν,
1785 5422 1843 5471 ἐν

285 5499 356 5567 τῷ
384 5501 506 5571 Θεῷ
539 5502 609 5554 δι’
637 5504 805 5558 αὑτοῦ
831 5508 1003 5559 ἐστιν.
1043 5526 1063 5560 ι
1094 5509 1206 5561 Καὶ
1236 5511 1358 5579 μετ’
1389 5512 1565 5581 ὀλίγαο
1599 5533 1619 5566 ι
1652 5512 1757 5567 Τοῦ
1786 5514 1844 5567 δὲ

289 5589 599 5662 Πιιεὺματος
629 5596 781 5660 ὄντος
811 5600 869 5651 ἐν
900 5599 979 5670 τῷ
1005 5601 1185 5673 Λόγῳ,
1216 5602 1375 5673 δῆλον
1406 5604 1473 5658 ἂν
1500 5605 1586 5676 εἴη
1617 5607 1691 5666 ὡς
1748 5606 1845 5660 καὶ

288 5682 338 5734 ἐν
366 5686 443 5755 τῷ
467 5687 584 5757 Θεῷ
616 5683 685 5759 ἦν
735 5689 823 5742 διὰ
854 5691 946 5744 τοῦ
973 5693 1149 5760 Λόγου
1194 5694 1257 5745 τὸ
1284 5694 1528 5764 Πνεῦμα.
1575 5698 1630 5749 '0
1652 5697 1709 5749 δὲ
1743 5698 1843 5768 μέ-

288 5790 378 5840 γας
413 5777 691 5845 Basiliam;
723 5783 782 5834 ὲν
810 5781 889 5853 τῷ
943 5784 1161 5857 ἑϐδόμῳ,
1187 5787 1283 5840 καὶ
1312 5787 1526 5859 δεκάτῳ
1559 5790 1670 5843 τῶν
1708 5792 1844 5861 πρὸς

300 5873 636 5948 Ἀμςριλόχιον
691 5880 1005 5948 κεφαλαίων
1063 5882 1205 5936 οὓτω
1263 5885 1465 5953 φησιν’
1522 5905 1538 5938 ι
1569 5886 1632 5938 El
1697 5886 1754 5939 δὲ
1783 5886 1843 5938 τὸ

1942 4707 2305 4776 signiﬁcatum
2332 4708 2557 4777 intelligi
2593 4709 2760 4772 dicet,
2803 4708 2900 4764 sed
2925 4721 3110 4780 aperte
3138 4712 3522 4781 deprehende—~

1943 4810 2032 4854 tur
2057 4799 2336 4866 aberrare,
2364 4815 2490 4855 cum
2519 4802 2764 4855 eamdem
2800 4804 3031 4871 reperiet
3058 4802 3183 4870 Per,
3215 4815 3268 4858 et
3303 4805 3357 4859 in
3388 4806 3513 4869 illo,

1943 4909 2037 4963 per
2069 4890 2301 4947 Verbum
2350 4894 2612 4963 Spiritum
2658 4894 3129 4965 Patriconjungi.
3182 4896 3246 4950 Et
3282 4898 3515 4964 hujusce

1944 4985 2022 5037 rei
2070 4992 2237 5038 testes
2284 4998 2386 5054 ego
2426 4985 2522 5039 tibi
2568 4986 2675 5041 title
2721 4987 2914 5056 dignos
2956 5003 3249 5058 apponam.
3293 4988 3513 5046 Primus

1945 5089 2179 5144 magnus
2210 5074 2544 5131 Athanasius
2576 5076 2642 5131 ad
2685 5076 3037 5148 Serapionem
3071 5080 3321 5150 epistola,
3350 5082 3514 5150 rujus

1944 5168 2336 5238 principium:
2402 5187 2423 5223 ι
2492 5169 2745 5226 Fortasse
2803 5174 3160 5229 admiraberis
3234 5178 3514 5242 quoinolo

1944 5261 2299 5331 praecipiens,
2351 5262 2545 5316 scribit
2580 5261 2807 5333 :Neque
2859 5266 3004 5319 enim
3057 5276 3212 5319 extra
3269 5266 3510 5319 Verbum

1950 5352 2188 5422 Spiritus
2225 5362 2331 5416 est,
2378 5354 2473 5408 sed
2522 5354 2576 5409 in
2612 5354 2788 5410 Verbo
2841 5358 3135 5423 exsistcns,
3187 5358 3239 5410 in
3275 5356 3387 5410 Deo
3418 5372 3512 5425 per

1946 5445 2122 5513 ipsum
2150 5453 2253 5499 est.
2294 5461 2313 5496 ι
2350 5443 2413 5497 Ει
2444 5447 2636 5514 paucis
2674 5447 2976 5518 interiectis
3004 5463 3021 5503 ε
3054 5466 3073 5500 ι
3108 5447 3345 5517 Spiritus
3379 5463 3512 5500 vero

1946 5543 2071 5583 cum
2110 5530 2182 5583 sit
2209 5531 2260 5584 in
2282 5529 2483 5597 Verbo,
2514 5534 2866 5589 manifestum
2901 5535 3085 5599 fuerit,
3114 5536 3165 5587 in
3201 5536 3309 5587 Deo
3339 5534 3512 5589 fuisse

1945 5636 2042 5690 per
2092 5620 2331 5677 Verbum
2384 5625 2676 5693 Spiritum.
2711 5645 2731 5679 ι
2789 5626 2855 5681 Et
2892 5642 3121 5697 magnus
3154 5625 3385 5680 Basilius
3422 5641 3514 5679 ca-

1946 5713 2061 5782 pite
2082 5713 2296 5768 oecimo
2326 5711 2560 5785 septimo
2592 5718 2658 5772 ad
2684 5718 3127 5788 Amphilochium
3158 5717 3273 5772 haec
3306 5717 3507 5773 habet:

1953 5819 1972 5853 ι
2004 5802 2061 5856 Si
2093 5816 2218 5857 vero
2250 5801 2488 5874 Spiritus
2527 5806 2720 5863 eodem
2756 5816 2921 5878 atque
2953 5807 3127 5864 Filius
3173 5808 3365 5864 ordine
3397 5808 3519 5863 eoI-.

1948 5893 2177 5963 locatur,
2215 5896 2386 5956 Filius
2418 5909 2601 5956 autem
2648 5901 2839 5958 eodem
2877 5912 3041 5973 atque
3073 5900 3254 5971 Pater,
3301 5912 3355 5958 et
3386 5902 3508 5969 Spi-
