4070 6630
404 427 474 495 τι
1403 383 1413 393 “
1470 415 1680 478 JOAN.
1724 411 1935 475 VECCI
1975 410 2083 472 cr.
2123 404 2664 490 minuscum
3603 393 3679 457 ’τε

408 543 578 603 ritus.
628 544 683 593 et
736 519 897 591 Pater
931 510 1273 589 duntaxat.)
1329 526 1396 583 Et
1444 527 1645 582 iterum
1691 522 1746 577 in
1778 521 1999 576 decimo

2127 516 2333 588 ινεῦμα
2388 514 2467 586 τῷ
2506 510 2622 582 Υίῷ
2682 507 3068 573 συντέτακται,
3108 506 3136 559 ὀ
3181 504 3239 560 δέ
3296 503 3424 569 Υίδς
3451 502 3532 572 τῷ
3565 504 3685 558 Πα-

413 594 611 685 octauo
672 626 850 698 capite
902 626 970 679 ad
1029 622 1281 678 eumdem
1329 633 1344 673 :
1389 634 1409 668 ι
1447 614 1604 671 Unus
1665 620 1721 668 et
1770 617 1993 666 sanctus

2127 612 2210 684 pi,
2271 610 2369 664 xui.
2400 610 2462 663 τδ
2528 604 2759 676 Πνεῦμα
2787 602 2868 673 τῷ
2892 602 3074 672 Πατρὶ
3134 597 3403 671 δηλονότι.
3435 616 3455 650 ι
3504 596 3592 652 Ἐν
3624 594 3684 650 δὲ

420 721 683 791 Spiritus,
717 688 813 788 per
843 730 1012 771 unum
1046 713 1241 768 Filium
1273 708 1370 764 uni
1402 707 1550 763 Patri
1581 702 1936 773 conjunctus.
1971 717 1990 751 ο

2127 703 2176 774 ᾧ
2233 701 2449 773 δεκάτῳ
2492 698 2667 769 ὀγδόῳ
2718 695 2883 750 πάλιν
2937 693 3048 748 τῶν
3104 690 3289 748 αὐτῶν
3346 688 3681 759 κεφαλαίων

415 781 479 868 Si
518 781 862 883 ergo-testes
912 807 1015 863 [ide
1066 803 1213 874 digni
1266 811 1397 858 sunt
1467 814 1565 870 per
1616 797 1815 852 Filium
1869 806 1995 848 cum

2153 795 2253 851 'Ev
2272 795 2332 849 δέ
2364 796 2463 848 καὶ
2495 793 2556 847 τὺ
2591 791 2749 859 άγιον
2811 786 3060 858 Πνεῦμα,
3088 785 3158 839 δι’
3186 784 3306 849 ἐνὸς
3333 783 3469 838 Υίοῢ
3495 781 3575 854 τῷ
3605 783 3688 836 ἐνὶ

418 906 581 961 Patre
606 900 1014 973 eonjunctionis
1039 897 1279 967 Spiritus
1312 889 1649 948 Athanasius
1673 896 1730 945 et
1763 885 1999 942 Basilius

422 995 631 1067 magni,
677 995 896 1066 planum
944 998 1047 1054 est,
1103 985 1569 1059 quemadmodum
1611 977 2000 1037 mediationem

421 1088 550 1144 Filii
590 1087 692 1159 Per
728 1081 1044 1157 praepositio
1083 1080 1139 1134 in
1186 1077 1362 1134 simili
1412 1072 1801 1143 conjunctione
1834 1069 2004 1124 deno-

427 1189 527 1248 tat,
558 1180 636 1235 ita
672 1187 727 1233 et
754 1179 809 1232 in
846 1176 1088 1248 Spiritus
1121 1187 1189 1229 ex
1229 1171 1391 1225 Patre
1425 1182 1519 1238 per
1550 1165 1750 1221 Filium
1784 1175 2004 1234 proces-

422 1274 624 1336 sione,
675 1270 744 1325 ah
791 1269 984 1324 eadem
1035 1267 1139 1320 Per
1192 1261 1541 1320 essentialem
1596 1256 1999 1314 meditationem

423 1363 725 1436 signiﬁcari
757 1379 772 1416 :
809 1362 862 1417 et
888 1360 1097 1415 insulse
1130 1355 1350 1428 quidem
1380 1352 1479 1424 qui
1507 1349 1670 1406 simul
1690 1362 1881 1404 vocem
1911 1358 2005 1416 per

422 1456 629 1512 Filium
656 1464 848 1511 notare
869 1440 1177 1515 afﬁrmant,
1201 1447 1333 1504 illud
1363 1446 1642 1516 accepisse
1668 1458 1736 1499 ex
1763 1441 1854 1509 iis,
1882 1453 2006 1512 qua:

425 1552 693 1617 diximus,
726 1556 787 1604 ut
816 1562 962 1613 reor,
990 1542 1206 1600 abunde
1232 1550 1515 1597 ostensum
1541 1544 1646 1593 est.
1686 1558 1695 1569 ο

496 1828 589 1885 25.
639 1826 745 1893 Qui
784 1839 917 1880 vero
968 1819 1433 1878 contradictiones
1466 1814 1846 1886 intempestive
1893 1827 2009 1869 am—

429 1924 591 1978 biunt
615 1930 669 1975 et
689 1920 922 1991 jactant,
949 1930 1139 1971 rursus
1169 1912 1464 1982 inquiunt:
1493 1907 1559 1964 Et
1588 1908 1718 1980 quid
1748 1906 1874 1962 novi
1898 1915 2003 1971 est,

433 2016 477 2069 si
531 2012 808 2089 Nyssenus
858 2007 1152 2077 Gregorius
1201 2005 1255 2058 in
1300 2003 1537 2073 quadam
1595 2014 1695 2054 sua
1755 1996 2005 2074 oratione

433 2106 611 2160 dixit:
646 2121 664 2156 ι
693 2101 1043 2171 Prmintelligi
1084 2098 1303 2170 quidem
1348 2094 1487 2150 Filio
1527 2094 1744 2150 Patrem
1795 2089 2007 2145 ratione

364 2210 369 2217 ‘
433 2211 635 2271 causae,
667 2193 1013 2266 prasintelligi
1056 2206 1189 2247 vero
1220 2188 1420 2244 Filium
1471 2185 1676 2255 Spiritu
1704 2188 2007 2239 secundum

332 2270 357 2307 ί·
402 2268 616 2343 ideas-aa
659 2286 972 2342 rationem?
1010 2303 1029 2337 ι
1084 2282 1218 2350 Quae
1261 2282 1408 2336 enim
1460 2279 1516 2333 in
1571 2274 1867 2331 universali
1916 2289 2014 2327 au—

310 2398 329 2425 e
433 2380 638 2435 dientia
682 2378 875 2450 synodi
923 2391 955 2431 a
987 2376 1202 2431 dicente
1249 2387 1357 2427 non
1407 2378 1537 2426 sunt
1571 2369 1877 2433 enuntiata,
1915 2365 2011 2421 sed

409 2472 491 2548 _in
520 2470 758 2540 angulis,
790 2477 844 2522 et
865 2464 1274 2521 commentariis
1301 2462 1556 2533 privatim
1591 2459 1848 2529 digestis,
1876 2456 2013 2512 nihil

438 2565 568 2619 novi
597 2563 780 2626 fuerit,
816 2561 860 2617 si
888 2575 952 2615 ea
987 2574 1090 2615 nos
1123 2555 1545 2627 neglexerimus.
1587 2550 1728 2619 Quid
1759 2548 2011 2618 inquitis,

436 2655 676 2710 fratres?
707 2652 855 2708 Nihil
890 2650 1016 2706 novi
1048 2648 1233 2715 fuerit,
1271 2648 1475 2718 scripta
1510 2643 1739 2717 Nysseni
1774 2641 2016 2713 negligi?

438 2744 706 2817 Nysseni?
746 2745 919 2809 illius,
964 2743 1125 2811 cujus
1157 2755 1257 2812 ego
1288 2739 1493 2795 nullam
1534 2735 2015 2808 compellationem

437 2854 625 2908 parem
680 2838 886 2904 habeo;
936 2835 1085 2906 quod
1137 2832 1517 2889 laudationum
1563 2841 1721 2886 extra
1778 2838 2013 2899 tempus,

439 2939 657 2996 tempus
710 2927 875 2981 nobis
934 2940 1045 2979 non
1106 2930 1396 2992 suppetat,
1450 2935 1627 2990 neque
1679 2918 1736 2973 in
1800 2916 1854 2972 id
1901 2926 2019 2971 stu-

440 3019 590 3073 dium
665 3018 989 3073 incumbere
1055 3027 1303 3086 przesens
1384 3019 1768 3083 argumentum
1834 3007 2017 3073 sinit,

440 3119 505 3165 ut
561 3109 942 3165 excellentiam
1005 3107 1154 3171 viri,
1209 3106 1256 3160 si
1316 3104 1481 3159 modo
1540 3106 1627 3158 vir
1673 3101 1764 3158 ille
1819 3115 2023 3154 vocan-

2100 888 2279 960 Πατρὶ
2307 885 2739 955 συναπτόμενον.
2759 902 2779 934 ι
2817 882 2880 935 El
2909 880 3043 952 γοῦν
3073 878 3378 944 ἀξιόπιστοι
3412 876 3687 948 μάρτυρές

2101 987 2211 1039 είσι
2241 983 2343 1054 τῆς
2376 981 2468 1037 διὰ
2512 981 2608 1037 τοῦ
2668 979 2800 1034 Υίοῦ
2833 978 2972 1051 πρὸς
3009 976 3102 1032 τὸν
3130 974 3357 1046 Πατέρα
3388 971 3687 1040 συναφείας

2102 1077 2196 1132 τοῦ
2223 1074 2547 1146 Πνεύματος
2615 1071 2959 1137 ’Δθανάσιος,
2996 1067 3093 1124 καὶ
3116 1066 3405 1129 Βασίλειος
3433 1065 3482 1118 oi
3516 1062 3703 1134 μεγάσ

2101 1168 2209 1235 λοι,
2242 1166 2468 1237 εὔδηλον
2498 1166 2583 1220 ὃτι
2614 1146 2803 1235 ὧᾶτὶερ
2836 1148 3130 1234 μεσιτείαν
3170 1158 3268 1213 τοῦ
3314 1155 3449 1211 Υἱοῢ
3501 1156 3536 1228 ἠ
3590 1154 3692 1209 διὰ

2105 1260 2369 1332 πρόθεσις
2426 1261 2485 1314 ἐν
2519 1261 2590 1332 τῇ
2615 1256 2845 1327 τοιαύτῃ
2895 1251 3168 1325 συναφείᾳ
3211 1249 3385 1321 δηλοῖ,
3420 1248 3564 1302 οὕτω
3594 1248 3694 1299 καὶ

2106 1354 2165 1408 ἐν
2191 1355 2259 1425 τῇ
2293 1354 2359 1406 ἐκ
2383 1352 2599 1423 Πατρδς
2638 1349 2709 1404 δι’
2737 1347 2867 1403 Υίοῦ
2896 1344 3225 1419 ἐκπορεύσει
3244 1340 3340 1397 τοῦ
3372 1340 3695 1410 Πνεύματος

2100 1448 2139 1518 ἡ
2169 1446 2309 1517 αὑτὴ
2326 1445 2427 1500 διὰ
2452 1443 2688 1514 οὑσιὼδη
2724 1440 3005 1513 μεσιτείαν
3043 1437 3213 1510 δηλοῖ.
3267 1434 3374 1489 Καὶ
3397 1434 3484 1488 ὃτι
3513 1432 3613 1503 μὲν
3639 1431 3695 1483 οι

2105 1541 2168 1595 τὸ
2192 1541 2315 1611 ἅμα
2372 1538 2664 1611 σημαίνειν
2711 1536 2814 1607 τὴν
2869 1533 2945 1589 δι’
2971 1531 3107 1587 Υίοῦ
3164 1529 3350 1600 φωνὴν
3406 1527 3696 1611 εἰρηκότες

2109 1607 2296 1693 κακῶς
2333 1607 2465 1683 αὑτνδ
2525 1626 2872 1693 ἐξελάσοντο,
2895 1624 2961 1677 ἐκ
2984 1621 3094 1675 τῶν
3148 1617 3488 1690 εἰρημένων,
3509 1613 3584 1675 ὡς
3615 1607 3698 1666 οϊ-

2112 1739 2237 1794 μαι,
2275 1719 2477 1782 ἱκανῶς
2508 1717 2912 1773 ἀποδέδεικται.

2094 1867 2109 1873 -
2181 1822 2282 1871 κε’.
2316 1816 2380 1869 Οἱ
2402 1814 2459 1869 δέ
2488 1814 2612 1877 ταῖς
2651 1809 2992 1881 ἀντιλογίαις
3022 1806 3272 1878 ἀκαίρως
3302 1799 3698 1875 φιλοτιμούμε-

2110 1927 2193 1964 νοι
2215 1910 2309 1964 καὶ
2335 1907 2501 1963 πάλιν
2524 1907 2679 1978 φασίο
2715 1906 2827 1960 Καὶ
2848 1904 2906 1957 τί
2946 1902 3134 1957 καινὸν
3156 1900 3204 1954 εί
3233 1901 3262 1953 ὁ
3306 1894 3700 1979 Nummi-£33-

2110 2000 2295 2079 χόριος
2321 1999 2379 2053 ἐν
2403 2015 2514 2052 τινι
2537 1974 2652 2051 τῶν
2699 1994 2866 2051 αὑτοῦ
2926 1995 3102 2064 λόγων
3134 1974 3717 2068 ἔφηάιΠροθεωρξῗῖ

2112 2096 2240 2173 σθαι
2274 2094 2373 2164 μὲν
2402 2091 2497 2146 τοῦ
2520 2091 2655 2145 Υίοῦ
2708 2088 2801 2143 τὸν
2827 2089 3050 2160 Πατέρα
3092 2085 3173 2159 τῷ
3193 2086 3296 2167 τῆς
3319 2082 3505 2146 αἰτίας
3525 2080 3692 2150 λόγῳ,

2110 2172 2554 2258 τέροθεωρεῖσθαι
2588 2185 2642 2237 δέ
2692 2184 2788 2237 τοῦ
2848 2180 3172 2253 Πνεύματος
3222 2179 3318 2233 τὸν
3388 2177 3518 2231 Υἰδν
3552 2175 3699 2230 κατά

2108 2276 2200 2334 τδῦ
2231 2278 2327 2348 τῆς
2359 2277 2542 2340 αἰτίας
2566 2275 2725 2347 λόγον
2750 2292 2801 2345 ;›
2832 2264 2915 2327 ’Ἃ
2936 2273 3046 2346 γὰρ
3071 2273 3173 2327 οὐκ
3193 2273 3271 2335 είς
3301 2268 3480 2325 κοινὸν
3498 2269 3706 2339 ἀκροα-

2110 2371 2301 2441 τήριον
2331 2369 2557 2422 συνόδου
2613 2367 2767 2437 παρὰ
2807 2365 2903 2419 τοῦ
2929 2362 3181 2427 είπόντος
3219 2362 3448 2433 ἐρρέθη,
3480 2359 3597 2415 ἀλλ’
3634 2361 3695 2412 ἐν

2112 2460 2290 2531 γωνίᾳ
2341 2458 2438 2514 καὶ
2468 2457 2903 2529 συγγράμμασιν
2958 2454 3144 2516 ἰδικῶς
3168 2442 3502 2518 ἐκτεθεῖσιν,
3545 2450 3703 2504 οὐδέν

2114 2571 2167 2607 τι
2199 2552 2408 2615 καινὸν.
2440 2546 2490 2606 ει
2520 2551 2809 2620 παῳπτέα
2830 2548 3007 2604 ταῦτα
3058 2548 3216 2619 ἡμῖν.
3244 2545 3312 2600 Τί
3344 2543 3697 2619 φατεηιᾴᾲδελ-

2116 2645 2271 2721 spot;
2322 2643 2491 2698 Οὐδέν
2522 2660 2575 2697 τι
2632 2642 2818 2697 καινὸν
2876 2642 2946 2695 τὰ
2981 2638 3075 2695 τοῦ
3133 2636 3359 2712 Νύσσης
3411 2636 3706 2712 παροπτέα

2117 2737 2409 2808 γενέσθαι;
2455 2736 2552 2815 τοῦ
2614 2736 2878 2806 Νύσσηςς
2939 2735 3059 2799 τοῦ,
3091 2733 3153 2789 ὃν
3207 2731 3326 2796 πῶς
3370 2730 3439 2786 ἂν
3488 2728 3708 2784 καλέσω

2118 2832 2219 2888 οὐκ
2253 2828 2398 2903 ἔχω’·
2453 2830 2536 2884 ὅτι
2590 2819 2725 2903 μηδὲ
2784 2827 3065 2900 παροδίων
3106 2825 3301 2898 καιρὸς
3349 2826 3487 2896 ἡμῖν
3522 2816 3725 2893 ἐγκω-⁴

2123 2926 2283 2997 μίων,
2312 2923 2434 2978 οὐδὲ
2484 2906 2692 2993 σῖιτουδὴ
2745 2922 2907 2993 ἡμῶν
2936 2922 3000 2975 τὸ
3024 2917 3481 2993 προκείμενονιτὺ
3536 2934 3712 2989 μεγα-

2121 3017 2270 3071 λεῖον
2308 3015 2403 3071 τοῦ
2433 3016 2628 3086 ἀνδρὸς
2651 3014 2958 3080 ἀποδεῖξαι,
2988 3015 3106 3083 εῐγε
3136 3012 3307 3084 ἄνδρα
3333 3012 3495 3067 αὑτὸν
3522 3011 3713 3064 καλεῖν

2123 3111 2248 3181 χρὴ.
2272 3112 2370 3165 καὶ
2397 3111 2499 3164 οὐκ
2549 3107 2805 3179 ἄγγελον.
2854 3106 3017 3161 Ἀλλὰ
3063 3108 3224 3179 μόνον
3264 3105 3347 3160 ὅτι
3381 3104 3549 3167 αὐτὸς
3579 3103 3711 3173 ἔφη,

442 3205 548 3257 dus
589 3209 692 3268 est,
745 3213 800 3254 et
830 3215 940 3254 non
985 3198 1236 3270 angelus,
1262 3195 1642 3252 ostendamus.
1685 3192 1792 3249 Sed
1837 3191 2017 3248 solum

2127 3204 2224 3258 καὶ
2279 3202 2571 3272 παροπτέα
2600 3202 2670 3255 τὰ
2696 3200 2942 3272 ῥήματα,
2976 3201 3057 3254 ὃτι
3085 3198 3273 3253 αὑτοῦ.
3305 3198 3370 3253 Τί
3405 3199 3515 3271 γὰρ
3568 3200 3706 3270 ἡμῖν

443 3296 574 3364 quia
646 3294 762 3364 ipse
801 3292 979 3358 dixit,
1033 3304 1210 3362 neque
1256 3287 1554 3358 rejicienda
1602 3287 1813 3351 verba,
1877 3284 2025 3356 quod

328 3382 331 3385 ’
445 3387 595 3441 illius
619 3394 769 3439 sunt.
799 3382 941 3451 Quid
969 3383 1113 3438 enim
1155 3397 1184 3436 a
1228 3379 1389 3435 nobis
1449 3378 1731 3449 despectui
1792 3376 2023 3447 dignum

444 3476 771 3548 jndicatur?
825 3475 979 3542 Quod
1026 3489 1168 3529 unus
1229 3481 1334 3541 est,
1385 3470 1561 3535 aiunt,
1615 3478 1670 3526 et
1717 3469 1865 3539 quod
1915 3485 2027 3524 non

447 3570 608 3638 plena
650 3568 861 3637 synodo
908 3564 1000 3620 illa
1055 3563 1298 3619 dictavit.
1348 3561 1630 3627 Sedenim,
1678 3575 1853 3630 neque
1908 3567 2031 3614 tan-

445 3668 616 3730 quam
644 3676 813 3715 unum
845 3674 912 3714 ex
954 3658 1149 3713 multis
1183 3657 1546 3727 reputantium
1580 3670 1701 3712 esse
1723 3651 2039 3726 Nyssenuui

449 3753 505 3806 in
524 3752 689 3807 rebus
707 3752 1036 3822 theologicis
1064 3749 1464 3820 pertractandis
1485 3746 2029 3813 excellentissimum,

449 3861 548 3902 vos
580 3847 728 3915 ipsos
755 3845 1056 3916 diiudicare
1088 3843 1333 3915 postulo,
1364 3852 1414 3898 et
1443 3841 1678 3899 aliorum
1714 3840 1893 3895 abnuo
1916 3837 2032 3894 cal-

448 3937 661 3993 culum.
681 3937 1069 3995 Verumtamen
1103 3952 1212 3992 non
1245 3950 1439 4003 unum,
1468 3936 1563 3992 sed
1594 3944 1755 4009 tresa
1787 3932 2035 4005 Nysseno

451 4032 597 4087 dicta
632 4026 945 4096 tradidisse,
981 4030 1059 4084 illi
1099 4029 1230 4083 mihi
1275 4029 1651 4085 testimonium
1692 4025 2034 4098 praebebunt,

453 4123 547 4193 qui
569 4123 815 4179 eamdem
846 4137 1037 4178 eorum
1080 4121 1323 4177 virorum
1350 4129 1796 4192 aetatempenent,
1834 4116 2038 4187 ipsius-

461 4224 570 4271 met
602 4215 835 4289 Nysseni
866 4214 1114 4285 inquam,
1170 4215 1397 4270 maximi
1444 4214 1722 4287 Gregorii,
1762 4224 1818 4271 et
1848 4211 2036 4273 Basilii

459 4306 894 4379 praeclarissimi,
939 4315 992 4363 et
1013 4306 1109 4378 qui
1141 4306 1459 4363 eorumdem
1487 4307 1651 4364 rebus
1680 4307 1734 4363 in
1780 4310 2037 4366 omnibus

461 4417 629 4457 unam
662 4410 899 4457 mentem
933 4409 987 4456 et
1017 4402 1316 4458 concordes
1343 4400 1558 4458 animos
1603 4415 1715 4456 non
1761 4401 2037 4474 ignorant.

2125 3297 2222 3351 καὶ
2253 3295 2614 3367 παροράσεως
2641 3294 2888 3364 κρίνεται
2909 3309 2924 3358 ;
2946 3293 3075 3347 Ὅτι
3098 3290 3202 3358 εἷς,
3232 3293 3389 3364 φασὶ,
3414 3293 3511 3346 καλ⁵
3537 3291 3618 3345 ὅτι
3649 3291 3713 3345 οὐ

2127 3387 2424 3451 συνοδικῶς
2453 3389 2650 3460 είρηκε
2698 3386 2895 3441 ταῦτα.
2933 3385 3075 3440 Ἀλλ’
3111 3386 3194 3440 ὅτι
3223 3385 3323 3456 μὲν
3360 3385 3459 3457 οὐχ
3487 3384 3563 3448 ὡς
3616 3384 3716 3439 ἕνα

2125 3479 2237 3535 τῶν
2265 3479 2479 3534 πολλῶν
2527 3480 2638 3535 ἔδει
2701 3480 2799 3534 καὶ
2846 3479 2939 3533 τὸν
2992 3470 3459 3546 θεολογικώτατον
3490 3476 3716 3546 Nachr};

2127 3575 2225 3628 ἕνα
2272 3574 2483 3645 λέγειν,
2537 3576 2681 3644 ὑμᾶς
2711 3573 2912 3637 αὐτοὺς
2954 3573 3230 3644 διακρῖναι
3274 3571 3444 3642 ζητῶ,
3475 3571 3571 3625 καὶ
3602 3568 3705 3640 τὴν

2130 3667 2262 3736 παρ’
2292 3667 2469 3721 ἄλλων
2515 3667 2617 3721 οὐκ
2665 3666 2969 3737 ἐκδέχομαι
3020 3664 3205 3735 ψῆφον
3228 3678 3248 3696 ⁸
3294 3663 3378 3717 ὃτι
3412 3661 3470 3716 δὲ
3503 3662 3603 3732 οὐχ
3629 3649 3713 3725 εἷς

2129 3754 2221 3829 ἦν,
2254 3759 2391 3813 άλλά
2419 3761 2572 3830 τρεῖς
2601 3760 2651 3813 οἱ
2696 3758 2966 3821 εἰπόντες,
3029 3758 3176 3828 ἅπερ
3232 3752 3386 3811 εἶπεν
3411 3756 3440 3808 δ
3463 3750 3712 3824 Nucem,

2136 3852 2338 3923 ἐκεῖνοί
2371 3870 2461 3923 μοι
2506 3852 2584 3922 τῷ
2634 3851 2780 3922 λόγῳ
2842 3850 3435 3922 συμμαρτυρήσουσιν,
3495 3850 3610 3902 ὅσοι
3659 3855 3723 3900 τὸ

2136 3940 2439 4013 σύγχρονω
2491 3939 2671 3996 οίδασι
2721 3940 2830 3994 τῶν
2861 3940 3100 4012 ἀνδρῶν,
3133 3932 3315 3993 αὑτοῦί
3355 3956 3416 3993 τε
3443 3937 3538 3992 τοῦ
3573 3937 3726 3992 Νύσ-
3790 3966 3795 3971 ι

2136 4053 2264 4106 σης,
2291 4042 2458 4106 φημὶ,
2492 4033 2707 4087 καὶτοῦ
2761 4032 3025 4103 μεγίστου
3066 4031 3397 4102 Γρηγορίου,
3430 4033 3527 4086 καὶ
3561 4031 3727 4086 Bast-

2134 4121 2279 4176 λείου
2306 4122 2401 4177 τοῦ
2428 4124 2592 4187 πάνυ,
2635 4123 2729 4177 καὶ
2778 4123 2898 4176 ὅσοι
2952 4122 3055 4177 οὐκ
3098 4121 3362 4190 ἀγνοοῦσι
3397 4124 3458 4176 τὸ
3488 4124 3582 4176 ἐπὶ
3614 4126 3726 4178 πᾶ-

2140 4228 2225 4266 σιν
2253 4213 2535 4283 ὁμόπνουν
2563 4213 2745 4267 αὐτῶν
2772 4215 2867 4267 καὶ
2893 4212 3189 4285 ὀμόψυχον.
3218 4214 3284 4267 Τί
3307 4214 3416 4286 γὰρ
3436 4215 3503 4269 ἄν
3523 4232 3608 4280 τις
3628 4217 3727 4271 καὶ

2137 4304 2328 4377 εἴρηκε
2385 4306 2495 4359 τῶν
2549 4304 2739 4376 τριῶν,
2781 4306 2920 4376 ὅπερ
2973 4308 3050 4377 μὴ
3096 4306 3428 4363 ἐκοινώσατο
3467 4311 3561 4363 καὶ
3612 4312 3728 4375 τοῖς

2144 4398 2373 4466 άλλοις;
2427 4397 2558 4453 είδέ
2614 4415 2721 4452 τινι
2771 4397 2920 4452 δοκεῖ
2978 4393 3122 4455 εἷναί
3175 4415 3300 4454 τινα
3329 4400 3460 4465 ἴσως
3490 4402 3729 4472 ρηθέντα

458 4493 606 4561 Quid
636 4510 701 4549 ex
734 4493 845 4549 illis
876 4495 1052 4550 trihus
1084 4492 1362 4566 quispiam
1395 4492 1555 4559 dixit,
1579 4493 1725 4564 quod
1760 4508 1885 4549 cum
1913 4495 2026 4551 aliis

2143 4491 2296 4564 παρὰ
2329 4490 2425 4545 τοῦ
2465 4491 2761 4563 ἐσύστερον
2795 4490 2875 4563 τῷ
2921 4490 3023 4565 βίῳ
3084 4493 3573 4564 ἐναπομείναντος,
3628 4494 3731 4564 ἐφ’

464 4602 574 4643 non
603 4586 1254 4654 communicavit?Quod
1306 4586 1353 4643 si
1394 4586 1611 4642 videtur
1654 4602 1763 4642 non
1808 4588 2037 4654 nemini,

460 4679 715 4750 quaedam
750 4679 984 4737 fortasse
1017 4696 1140 4737 esse
1177 4681 1374 4736 dictata
1400 4695 1432 4735 a
1483 4680 1799 4751 posteriori,
1852 4681 1945 4755 qui
1984 4681 2038 4735 in

463 4770 575 4824 Vita
631 4780 971 4828 remanserat
1042 4780 1097 4825 et
1171 4771 1674 4827 considerationum
1720 4770 2040 4828 defunctum

462 4855 625 4919 antéa
658 4865 975 4934 participem
1001 4880 1105 4921 non
1137 4864 1351 4929 iecisse,
1383 4873 1440 4920 at
1466 4881 1591 4921 cum
1632 4874 1687 4920 et
1715 4865 1899 4920 adhuc
1913 4882 2039 4921 cum

465 4958 735 5022 viverent,
769 4958 838 5011 ah
869 4956 1061 5013 eodem
1127 4956 1331 5027 Spiritu
1365 4956 1558 5021 inﬂati,
1609 4957 1676 5013 de
1715 4960 1879 5014 rebus
1919 4961 2042 5029 Spi-

464 5049 606 5106 ritus
639 5052 1021 5115 decernerent,
1062 5059 1117 5104 ct
1146 5051 1249 5104 line
1280 5049 1403 5105 vita:
1442 5050 1643 5120 posito,
1673 5052 1861 5106 eodem
1893 5052 2046 5109 colli-

462 5152 721 5214 garentur
762 5142 989 5213 Spiritu,
1029 5158 1139 5197 non
1161 5142 1455 5212 (admisero
1502 5158 1742 5213 unquam
1781 5159 1902 5215 ego,
1948 5143 2043 5198 uni

467 5239 676 5310 aliquid
720 5238 1055 5309 inspiratum
1113 5237 1280 5293 etiam
1327 5237 1556 5308 reliquis
1589 5237 1696 5293 vita
1743 5238 2041 5304 defunctis,

469 5331 615 5403 quod
648 5346 679 5386 a
712 5338 896 5385 mente
929 5344 1143 5393 eorum,
1182 5329 1275 5399 qui
1305 5337 1465 5382 antea
1515 5338 1748 5383 mortem
1774 5329 2044 5394 obierant,

470 5438 583 5479 non
615 5422 799 5478 fuerit.
832 5420 892 5477 Si
944 5430 1122 5476 autem
1178 5420 1324 5492 quod
1361 5420 1519 5491 plena
1574 5422 1783 5493 synodo
1817 5421 2049 5491 hujusce

471 5509 559 5566 vel
589 5509 819 5581 hujusce
847 5509 980 5566 dicti
1014 5509 1353 5565 audientiam
1387 5526 1495 5566 non
1537 5509 1687 5578 fecit,
1741 5512 1883 5567 dicta
1917 5528 2050 5569 con-

472 5600 842 5668 demnantur,
888 5617 991 5674 ego
1046 5602 1414 5657 universalem
1469 5618 1660 5658 eorum
1715 5604 2049 5660 audientiam

472 5694 646 5751 fuisse
677 5695 970 5752 contendo.
1006 5695 1077 5751 Et
1097 5710 1336 5765 quanam
1391 5696 1605 5751 ratione
1632 5695 1913 5768 despectui
1949 5698 2049 5753 ha-

471 5788 649 5844 benda
710 5798 862 5854 sunt,
923 5802 1047 5860 quae
1091 5787 1496 5845 universalihus
1543 5788 1831 5845 audientiis
1888 5788 2050 5860 digna

473 5881 667 5946 tuere?
695 5898 761 5938 ex
792 5897 859 5940 eo
888 5880 1161 5954 siquidem
1192 5890 1442 5954 tempore
1487 5881 1556 5939 ad
1620 5884 1760 5940 hanc
1806 5894 2050 5942 nostram

2142 4582 2225 4667 οἷς
2251 4589 2278 4640 ὁ
2301 4585 2473 4641 εἰπὼν
2525 4586 2864 4657 σκεμμάτων
2893 4585 2974 4656 τῷ
3004 4588 3388 4660 προοιχομένῳ
3441 4591 3542 4644 οὐκ
3582 4592 3731 4643 ἐκοι-

2122 4677 2404 4757 ,νώνησενο
2432 4679 2547 4733 ἀλλ’
2577 4681 2701 4734 ἐπεὶ
2730 4680 2827 4734 καὶ
2854 4679 3057 4744 ζῶντες
3088 4680 3168 4751 τῷ
3192 4681 3341 4752 αὐτῷ
3366 4684 3727 4753 ἐμπνεόμενοι

2146 4771 2426 4841 Πνεὺματι
2450 4771 2520 4824 τὰ
2566 4770 2704 4842 ὑπὲρ
2733 4770 2827 4824 τοῦ
2860 4770 3179 4842 Πνεύματος
3207 4772 3594 4842 ἐδογμάτιξον,
3629 4775 3730 4827 καὶ

2149 4864 2292 4937 μετά
2323 4864 2423 4936 τὴν
2455 4862 2673 4920 ἐνθένδε
2704 4862 2858 4936 λῆξιν
2888 4863 2968 4937 τῷ
2996 4866 3147 4938 αὐτῷ
3192 4866 3533 4921 συνδέδενται
3558 4865 3734 4922 Πνεῦ-

2148 4974 2306 5029 ματι,
2340 4957 2405 5041 οὐ.
2429 4956 2660 5027 δέχομαι
2692 4955 2872 5026 ἔγωγε
2894 4956 3318 5028 ἑμπνευσθῆναί
3346 4975 3396 5011 τι
3423 4958 3500 5029 τῷ
3524 4959 3605 5013 ἐνὶ
3637 4977 3735 5036 καὶ

2150 5051 2290 5123 μετὰ
2313 5050 2545 5105 θάνατον
2601 5049 2711 5104 τῶν
2738 5051 2965 5116 λοιπῶν,
3006 5052 3146 5123 ὅπερ
3185 5053 3309 5124 οὐχ).
3357 5053 3455 5107 καὶ
3491 5052 3593 5123 τῆς
3621 5053 3736 5109 τῶν

2150 5142 2808 5216 προοιχομένωνγνώμης
2843 5142 3139 5214 ἐξήρτητο.
3171 5145 3233 5198 El
3261 5146 3318 5200 δὲ
3364 5146 3447 5199 ὅτι
3479 5147 3555 5217 μὴ
3582 5162 3737 5200 συνο-

2148 5234 2295 5289 δικδν
2337 5234 2561 5311 ἐκάθισε
2616 5234 2773 5288 τοῦδε
2845 5235 2876 5306 ἢ
2934 5234 3090 5289 τοῦδε
3156 5235 3249 5290 τοῦ
3309 5236 3475 5307 ῥητοῦ
3526 5239 3735 5308 άκροαο

2150 5328 2364 5399 τήριον,
2417 5328 2486 5382 τὰ
2525 5327 2668 5400 ῥητὰ
2722 5327 2900 5382 ταῦτα
2947 5328 3009 5381 τὸ
3065 5330 3458 5401 παρεωρᾶσθαι
3511 5330 3739 5386 καταδι-

2153 5421 2417 5488 κάζεται,
2472 5420 2587 5475 ἀλλ’
2626 5420 2739 5490 ἐγὼ
2774 5422 3161 5493 οίκουμενικὸν
3228 5425 3372 5494 φημὶ
3427 5424 3490 5478 τὸ
3531 5425 3738 5480 τούτων
3824 5454 3835 5462 ~

2154 5514 2542 5585 ἀκροατήριον.
2602 5513 2716 5567 Καὶ
2770 5513 2890 5579 πῶς
2969 5516 3260 5584 πέιροπτέα
3318 5516 3389 5569 τά
3432 5518 3741 5590 οίκουμενι-

2156 5609 2270 5662 κῶν
2340 5606 2641 5673 ἀξιωθέντα
2721 5606 3142 5678 ἁκροατηρίωνς
3214 5608 3275 5675 ἐξ
3348 5610 3558 5663 ἐκείνου
3630 5610 3738 5683 γάρ

2156 5700 2254 5754 καὶ
2277 5698 2357 5763 είς
2385 5698 2544 5768 δεῦρο
2584 5698 2707 5751 ὅσαι
2736 5696 2827 5751 διὰ
2888 5698 3055 5768 μέσου
3111 5697 3209 5752 καὶ
3239 5699 3617 5769 οίκουμενικαὶ
3646 5700 3742 5754 καὶ

2158 5792 2385 5848 τοπικαὶ
2412 5782 2675 5861 γεγόνασι
2700 5791 2931 5857 σύνοδοι,
2952 5792 3039 5856 τίς
3060 5791 3362 5863 ἀμφιδαλεῖ
3391 5793 3467 5857 ὡς
3490 5792 3741 5858 ἐδέξαντο

2173 5887 2331 5955 αὐτὰ,
2387 5886 2484 5940 καὶ
2521 5886 2859 5956 ἠσπάσαντο,
2916 5886 3007 5941 καὶ
3059 5884 3250 5959 ὥσπερ
3308 5888 3430 5942 τινά
3465 5886 3741 5958 θησαυρὸν
