4070 6578
319 361 392 427 73
1417 364 1515 426 DE
1555 363 1847 428 UNIONE
1888 365 2240 427 ECCLESIA
2255 366 2443 430 RUM.
3493 373 3565 439 7L

316 469 600 536 εὐσεϐείας
662 469 1046 526 ἐναποκεῖσθαι
1098 472 1162 543 τῇ
1222 472 1520 545 Ἐκκλησία
1584 471 1878 545 παραδεδώ

1994 483 2231 541 aetatem,
2285 491 2408 546 qua:
2447 476 2896 548 intercesserunt,
2936 481 3271 542 universales
3324 500 3388 543 ac
3439 502 3568 559 pro-

311 583 512 634 κασιν;
554 566 670 620 Οὐκ
726 566 843 637 ἔχει
883 565 1015 635 γοῦν
1064 567 1190 619 τινὰ
1216 567 1421 637 χώραν,
1452 560 1497 618 ὦ
1518 567 1758 643 αδελφοί,
1788 566 1889 619 ὅσα

309 674 392 721 τις
420 658 528 712 τῶν
582 657 756 726 ἁγίων
807 658 998 729 εἴρηκε
1036 658 1264 723 τούτων,
1317 660 1679 730 παροράσεως
1707 658 1889 728 κρίνε-

311 748 437 801 σθαι
508 752 621 812 τοῖς
676 748 779 819 τῆς
826 749 1157 821 Ἐκκλησίας
1193 749 1517 821 τροφίμοιςο
1559 747 1752 821 ὥσπερ
1793 747 1890 803 οῦν

304 839 418 890 οὐδ’
443 839 544 892 ὅσα
567 839 597 891 6
633 839 808 909 μέγας
852 839 1173 914 ᾊμθανάσιος
1202 839 1444 910 εἴρηκεν,
1470 839 1581 893 οὐδ’
1612 841 1711 894 ὅσα
1736 842 1764 895 6
1790 842 1889 914 τὴν

305 928 590 998 θεολογίαν
642 910 916 998 μέγιστοξκ
949 929 1239 1002 Κύριλλος.
1305 931 1413 983 Καὶ
1451 932 1560 999 γάρ
1631 910 1892 1003 ἑκάτερος

303 1016 518 1071 τούτων
552 1019 775 1072 συνόδου
807 1014 877 1089 ἦν
912 1017 1176 1089 ἀρχηγὸς,
1241 1018 1339 1072 καὶ
1368 1018 1543 1088 αὐτῆς
1577 1021 1890 1088 οίκουμενι-

304 1109 434 1178 κῆς,
454 1110 483 1161 6
522 1110 621 1180 μὲν
668 1111 769 1178 τῆς
800 1114 859 1164 ἐν
906 1110 1112 1182 Νικαίᾳ
1162 1112 1258 1163 καὶ
1285 1110 1529 1183 πρώτης,
1561 1112 1590 1163 6
1619 1112 1677 1164 δὲ
1703 1112 1801 1179 τῆς
1826 1112 1885 1164 ἐν

321 1201 529 1271 Ἐφέσῳ
580 1204 677 1258 καὶ
740 1203 952 1275 τρίτης.
1012 1203 1120 1257 Καὶ
1160 1203 1378 1272 ὅτιμὲν
1406 1204 1466 1256 οὐ
1511 1204 1796 1273 παροπτέα
1817 1204 1886 1257 τά

310 1289 418 1341 τῶν
444 1291 615 1359 ἁγίων
646 1291 854 1345 τούτων
881 1294 1046 1363 ῥητὰ,
1072 1293 1137 1346 ἐκ
1168 1291 1263 1346 τοῦ
1286 1294 1681 1364 οίκουμενικῶν
1718 1294 1888 1361 ἀξιω-

305 1376 464 1448 θῆναι
494 1379 876 1451 ἀκροατηρίων
910 1376 1250 1437 συνίσταται.

1988 565 2249 620 vinciales
2280 566 2540 638 synodos,
2575 582 2637 622 ea
2660 578 2713 622 et
2736 569 3074 641 amplexatus
3121 582 3176 630 et
3220 578 3563 636 exosculatas

1989 652 2182 715 fuisse,
2225 664 2276 708 ct
2325 654 2493 710 veluti
2546 658 2768 728 pietatis
2816 662 3109 731 quemdam
3161 667 3478 726 thesaurum
3506 672 3560 727 in

1991 746 2230 802 Ecclesia
2261 749 2446 817 reponi
2473 749 2784 817 tradidisse,
2813 754 3008 821 eritne,
3045 757 3140 827 qui
3196 759 3562 819 hmsitavcrit?

1992 834 2107 892 Non
2145 838 2344 895 debent
2379 842 2582 908 itaque,
2642 839 2861 910 fratres,
2901 863 2931 902 a
2983 850 3216 921 singulis
3277 856 3564 923 quibusvis

1990 930 2285 999 separatim
2349 929 2552 988 dictata
2622 934 2907 1003 Patribus,
2983 949 3242 1012 tanquam
3304 947 3561 1036 despect‘n

1990 1020 2154 1089 digna
2194 1022 2546 1078 condemnari
2579 1028 2722 1096 apud
2760 1027 3020 1086 Ecclesiae
3044 1034 3300 1093 alumnos
3334 1020 3565 1115 :qneni-

1988 1111 2281 1166 admodum
2341 1129 2522 1184 neque
2589 1132 2711 1186 quae
2738 1134 2967 1189 magnus
2999 1123 3356 1193 Athanasius,
3388 1111 3565 1201 neque

1988 1216 2109 1270 quae
2140 1201 2193 1256 in
2224 1204 2389 1260 rebus
2423 1204 2744 1274 tlteologicis
2787 1211 3058 1268 maximus
3102 1216 3339 1287 Cyt'illus
3367 1221 3562 1277 ell‘atns

1987 1292 2291 1345 est.Ambo
2320 1294 2465 1348 enim
2525 1297 2577 1349 Ιιί
2625 1297 2871 1368 synodis,
2916 1301 3132 1373 illisque
3181 1313 3558 1376 cecumenicis,

1987 1382 2077 1437 ille
2100 1380 2331 1440 Nicaanae
2347 1386 2555 1454 primae,
2580 1388 2669 1463 hic
2687 1388 2975 1460 Ephesium
2993 1404 3046 1449 et
3075 1399 3245 1454 tertiae
3270 1403 3561 1470 praefuere.

305 1469 371 1522 Et
428 1481 746 1526 sanctorum
816 1474 1014 1526 horum
1074 1473 1429 1543 pronuntiata
1488 1490 1597 1530 non
1680 1491 1801 1531 esse
1839 1474 2227 1544 deSpicienda,
2311 1478 2455 1546 quod
2531 1481 2827 1539 audientiis
2912 1484 3310 1548 universati’lius
3398 1497 3562 1568 digna

294 1558 542 1627 iudicata
574 1576 729 1629 sunt,
765 1569 866 1621 hac
895 1569 1108 1622 ratione
1150 1568 1308 1638 plane
1357 1570 1697 1641 ﬁrmiterque
1739 1570 2149 1640 comprobatur.

372 1658 487 1726 σις’.
517 1661 581 1715 Τί
609 1663 665 1716 δὲ
692 1662 830 1726 τέως
855 1663 949 1717 καὶ
972 1664 1116 1733 ἔχειν
1142 1663 1367 1717 δοκεῖτὸ
1383 1661 1876 1736 ἀναγεγραμμένον

2058 1661 2152 1719 26.
2192 1659 2261 1720 Et
2295 1666 2425 1736 quid
2468 1668 2689 1723 tandem
2723 1672 2965 1729 continet
2996 1676 3303 1746 appositum
3330 1679 3561 1751 Nysseni

296 1753 393 1806 τοῦ
417 1754 640 1825 Νύσσης
676 1758 860 1825 ῥητὸν,
902 1757 977 1827 μὴ
1009 1756 1088 1827 τῷ
1119 1756 1305 1809 κανόνι
1335 1756 1746 1826 διευθυνόμενον
1778 1760 1878 1829 τῆς

1985 1754 2215 1821 dictum,
2247 1759 2393 1827 quod
2422 1775 2453 1814 a
2491 1762 2703 1817 traditae
2750 1765 2908 1820 nobis
2953 1767 3169 1836 pietatis
3214 1774 3398 1843 regula
3450 1791 3560 1830 non

301 1846 715 1917 παραδοθείσης
747 1848 1028 1911 εὐσεϐείας
1057 1849 1223 1919 ἡμίνς
1254 1848 1371 1901 Πάν
1397 1848 1505 1920 γὰρ
1535 1848 1591 1901 εἴ
1613 1849 1665 1902 τί
1694 1866 1759 1918 γε
1788 1851 1882 1903 καὶ

298 1937 622 2004 εὑρίσκεται
677 1939 933 2009 κείμενον
980 1939 1321 2010 ὁπουδήποτε
1362 1939 1471 1993 τῶν
1517 1940 1772 2013 Γραφῶν,
1798 1937 1883 2008 ,ὡς

296 2028 439 2097 πρὸς
471 2029 736 2102 κανόναῆ
795 2031 1055 2101 γνώμονα
1084 2032 1186 2101 τὴν
1230 2034 1534 2103 παράδοσιν
1567 2033 1672 2104 τῆς
1724 2035 1881 2106 ἡμῶν

294 2120 588 2184 εὐσεϐείας
611 2121 1074 2194 ἀπευθυνόμενον,
1125 2125 1225 2196 τὴν
1253 2124 1534 2179 εὐσέϐειαν
1563 2129 1878 2197 συγκροτεῖ,

295 2209 395 2263 καὶ
422 2211 523 2282 τὴν
539 2212 709 2283 αὐτῆς
732 2213 993 2284 ἀλήθειαν
1016 2216 1077 2268 οὐ
1094 2213 1433 2285 λυμαίνεται.
1455 2213 1599 2270 Ἀλλ’
1619 2218 1878 2284 ὲνταῦΟα,

175 2337 185 2345 .
296 2304 491 2368 φασὶν,
531 2303 559 2354 6
608 2305 795 2377 Πατὴρ
825 2300 981 2363 οὗτος
1010 2309 1038 2361 6
1064 2306 1289 2378 Νύσσης
1327 2307 1383 2361 ὲν
1429 2309 1507 2378 τῷ
1541 2309 1742 2381 πρώτῳ
1771 2310 1880 2364 τῶν

290 2395 436 2463 προς
470 2396 736 2464 Εὐνόμιον
773 2399 1223 2470 ’Δντιρῤητικῶν,
1251 2398 1377 2471 περὶ
1394 2400 1454 2453 τὸ
1479 2397 1628 2464 τέλος
1651 2400 1880 2474 διαρρή-

293 2489 395 2558 δην
412 2488 558 2543 οὕτω
578 2489 775 2559 λέγων’
802 2492 936 2544 «Τὸν
966 2492 1185 2564 Πατέρα
1212 2491 1306 2546 τοῦ
1331 2491 1463 2547 Υίοῦ
1500 2496 1646 2565 μόνῳ
1671 2496 1749 2563 τῷ
1781 2498 1880 2566 τῆς

295 2578 480 2642 αἰτίας
506 2580 650 2650 λόγῳ
674 2580 1108 2651 προθεωρεῖσθαι
1128 2598 1143 2615 ο
1182 2600 1201 2633 ι
1238 2583 1333 2637 καὶ
1359 2582 1523 2637 πάλιν
1551 2586 1693 2654 μετά
1720 2604 1841 2640 τινα
1859 2603 1874 2618 ·

303 2687 325 2719 σ
375 2670 463 2733 Ὡς
518 2672 626 2741 γὰρ
672 2673 1002 2726 συνάπτεται
1051 2672 1129 2742 τῷ
1160 2673 1339 2743 Πατρὶ
1372 2675 1401 2725 6
1434 2674 1581 2738 Υἱὸς,
1608 2677 1702 2728 καὶ
1730 2676 1789 2729 τὸ
1820 2676 1879 2743 ἐξ

296 2761 464 2814 αὐτοῦ
498 2760 636 2815 εἶναι
684 2762 846 2834 ἔχων,
893 2764 992 2834 οὐχ
1025 2764 1297 2836 ὑστερίζει
1320 2764 1461 2820 κατὰ
1492 2766 1590 2838 τὴν
1620 2767 1875 2841 ὓπαρξιν,

298 2850 443 2904 οὕτω
457 2847 561 2907 ’καὶ
579 2855 676 2907 τοῦ
724 2847 1063 2925 Μονογενοῦς
1085 2856 1267 2928 ἔχεται
1294 2857 1355 2911 τδ
1384 2859 1606 2928 Πνεῦμα
1623 2863 1681 2913 τὸ
1700 2863 1872 2933 ἅγιον,

297 2944 513 3015 ἐπινοίᾳ
546 2946 685 3019 μόνῃ
710 2946 853 3001 κατά
882 2949 974 3001 τὸν
1002 2949 1096 3017 τῆς
1122 2948 1300 3013 αίτίας
1331 2949 1490 3019 λόγον
1522 2952 1876 3025 προθεωρου-

297 3034 474 3105 μένης
517 3038 616 3107 τῆς
667 3036 763 3090 τοῦ
794 3038 1112 3109 Πνεῦματος
1158 3039 1533 3105 ὑποστάσεως.
1569 3061 1611 3127 »ἢ
1628 3044 1751 3127 Πῶς
1775 3046 1874 3127 οὐκ

296 3124 506 3180 ἔννοιαν
545 3129 798 3207 ἐμφαίνει
845 3131 992 3197 τινὰ,
1026 3130 1121 3184 δύο
1157 3126 1393 3186 εἶναιτὰ
1418 3134 1512 3187 τοῦ
1557 3130 1876 3208 Πνεῦματος

296 3207 449 3293 αἴτια
462 3222 568 3295 εδν
608 3223 829 3293 Πατέρα
862 3226 958 3278 καὶ
999 3225 1090 3278 τὸν
1121 3224 1285 3297 Υίόν;
1332 3225 1495 3295 Ἀλλ’,
1531 3219 1579 3284 ὦ
1603 3207 1747 3299 φίλοι
1782 3234 1875 3288 καὶ

297 3311 539 3378 ἀδελφοὶ,
580 3314 702 3367 ἐπεὶ
751 3316 849 3385 οὐχ
898 3316 1087 3381 ἁπλῶς
1148 3317 1216 3371 τὰ
1247 3319 1359 3372 τῶν
1388 3320 1562 3389 ἁγίων
1604 3324 1685 3377 δεῖ
1731 3342 1874 3397 παρ-

294 3404 529 3473 ορᾶσθαι
568 3408 707 3477 ῥητὰ
731 3447 747 3472 ,
784 3408 1219 3479 συμϐἰϐἀζεσθαι
1252 3410 1308 3465 δὲ
1341 3416 1518 3468 πάντα
1562 3417 1876 3487 ἐπάναγκες

294 3494 428 3567 παρ’
473 3498 666 3568 ἡμῶν,
707 3498 896 3570 ὥσπερ
948 3504 1083 3573 πρὸς
1132 3505 1332 3558 κανόνα
1375 3506 1409 3578 ἢ
1453 3507 1712 3578 γνώμονα
1774 3510 1875 3578 τὴν

294 3587 600 3656 παράδοσιν
644 3590 743 3658 τῆς
776 3591 1060 3656 εὐσεϐείας
1099 3595 1254 3665 ἡμῶν
1275 3610 1294 3628 ο
1332 3599 1380 3650 εί
1410 3598 1873 3671 καὶηπροθεωρεῖσ

298 3678 426 3732 σθαι
458 3679 549 3733 τοῦ
584 3681 715 3734 Υίοῦ
748 3682 839 3735 τὸν
882 3685 1105 3755 Πατέρα
1141 3690 1168 3740 6
1201 3688 1356 3754 άγιος
1405 3689 1506 3761 ἔφη
1538 3690 1617 3762 τῷ
1643 3691 1744 3761 τῆς
1785 3692 1876 3745 αί-

290 3770 414 3831 τίας
450 3771 627 3842 λόγῳ⁸
665 3775 761 3827 καὶ
799 3775 961 3828 πάλιν
1003 3778 1431 3850 προθεωρεῖσθαι
1463 3783 1557 3837 τὸν
1590 3786 1872 3858 Μονογενῆ

288 3860 395 3930 τῆς
426 3861 519 3914 τοῦ
553 3864 864 3934 Πνεῦματος
896 3867 1250 3936 ὑποστάσεως
1280 3875 1423 3928 κατὰ
1440 3876 1531 3927 τὸν
1558 3877 1659 3946 τῆς
1692 3878 1871 3942 αίτίας

290 3950 486 4019 λόγον,
518 3953 635 4006 ἀλλ’
672 3955 734 4007 οὐ
783 3954 877 4010 δύο
933 3959 1329 4028 ἀναφαίνεσθαι
1379 3965 1630 4020 ἐντεῦθεν
1673 3969 1743 4023 τὰ
1775 3968 1871 4023 τοῦ

287 4043 611 4114 Πνεῦματος
670 4049 818 4102 αίτια
847 4064 864 4083 ·
904 4051 1149 4122 Ἀπαγεῐ
1203 4053 1524 4126 βλάσφημον
1582 4059 1691 4131 γὰρ
1759 4060 1873 4130 ἐγὼ

288 4135 464 4202 κρίνω
490 4135 733 4189 διάνοιάν
760 4155 819 4193 τε
860 4141 954 4192 καὶ
984 4141 1270 4210 γλῶσσαν,
1298 4145 1420 4215 ἥτις
1446 4146 1606 4201 τοῦτο
1629 4148 1662 4220 ἢ
1689 4151 1872 4223 ἐννοή-

290 4241 398 4287 σει,
432 4226 465 4293 ἢ
497 4225 723 4297 λαλήσει
772 4236 923 4285 ποτέ.
965 4231 1125 4286 Ἀλλὰ
1158 4235 1597 4309 προοεωρεῖσθαι
1647 4240 1744 4310 μὲν
1778 4243 1871 4295 τὸν

291 4319 515 4403 Πατέρα
558 4322 652 4374 τοῦ
696 4322 827 4403 Υἱοῦ
857 4324 932 4394 τῷ
962 4325 1062 4392 τῆς
1089 4326 1272 4390 αἰτίας
1305 4328 1450 4398 λόγῳ
1493 4331 1659 4409 φμημὶ,
1685 4333 1766 4385 ὅτι
1806 4335 1873 4387 ἐκ

287 4394 391 4461 τοῦ
415 4412 630 4480 [ἰατρὸς
674 4415 701 4466 6
730 4400 856 4477 Υίός
882 4407 923 4445 θ’
947 4394 1388 4489 προθεωρεῖσθαι-
1408 4394 1464 4472 δὲ
1618 4394 1745 4489 Υίδν
1772 4426 1872 4496 τῆς

286 4501 384 4579 τοῦ
432 4504 756 4575 Πνεύματος
808 4508 1169 4571 ὑποστάσεως
1218 4509 1361 4563 κατὰ
1398 4512 1490 4565 τὶν
1537 4513 1645 4591 τῆς.
1686 4516 1867 4597 αἰτίας
1900 4531 1942 4585 [ι

287 4592 469 4661 λόγον,
505 4597 723 4669 δτι-Ἴδιᾲ
746 4598 839 4667 τοῦ
877 4596 1009 4669 Υίοῦ
1043 4600 1102 4652 τὸ
1139 4601 1362 4672 Πνεῦμα
1387 4605 1453 4658 ἐκ
1489 4605 1585 4658 τοῦ
1624 4592 1860 4678 Πατρός.

290 4686 399 4737 Καὶ
448 4685 596 4740 οὕτω
640 4687 728 4741 διὰ
754 4691 849 4759 τῆς
875 4686 1191 4761 ἐξηγήσεως
1238 4695 1443 4765 ταύτης
1490 4697 1582 4749 τὸν
1618 4697 1742 4753 νοῦν
1769 4699 1862 4752 τοῦ

288 4777 457 4846 ρητιῦ
496 4778 788 4849 σύμφωνον
811 4783 1115 4853 καθίστημι
1141 4786 1207 4855 τῇ
1237 4785 1415 4857 ἐννοίᾳ
1435 4787 1542 4855 τῶν
1566 4791 1629 4841 ἐκ
1654 4789 1863 4871 Πατρὶς
1886 4868 1891 4871 1

286 4865 428 4949 εἶναι
596 4869 727 4933 Υίρῦ
762 4871 1227 4939 νθεολογησάντων
1268 4875 1329 4945 τὸ
1357 4875 1601 4948 Πνεῦμα.
1638 4865 1865 4951 Ὠςκγάρ

171 4954 175 4958 ’
225 4962 246 4983 ⁸
286 4962 489 5013 ἐκείνοι
517 4961 584 5013 ὲκ
615 4962 829 5033 Πατρὸς
859 4963 925 5016 δι’
957 4963 1086 5016 Υἱοῦ
1118 4966 1179 5017 τὸ
1211 4965 1435 5036 Πνεῦμα
1463 4969 1729 5036 εἰπόντες,
1765 4974 1864 5042 οὐχ

285 5050 361 5111 ὡς
401 5054 483 5112 είς
528 5052 623 5105 δύο
659 5053 998 5125 διαιροῦντες
1034 5056 1131 5125 τὴν
1162 5058 1345 5111 αἰτίαν
1387 5058 1481 5112 τοῦ
1525 5061 1863 5131 Πνεύματος,

285 5143 445 5194 τοῦτο
465 5145 772 5213 εἰρήκασιν,
808 5147 946 5212 ἀλλ’,
975 5147 1049 5211 ὡς
1081 5147 1395 5220 βουλόμενοι
1424 5153 1779 5222 παραστῆσαι
1805 5158 1866 5209 τὸ

287 5234 515 5306 Πνεῦμα
542 5237 644 5289 οὐκ
673 5237 891 5307 ἀμέσως
914 5239 1100 5308 προϊὸν
1128 5241 1191 5292 ἐκ
1218 5242 1450 5311 Πατρός.
1490 5243 1612 5306 Πῶς
1644 5248 1752 5316 γὰρ
1797 5247 1865 5300 ἂν

286 5328 383 5379 καὶ
422 5326 644 5396 νοηθείη
674 5329 735 5381 τὸ
768 5329 875 5382 τῶν
903 5330 1072 5398 τριῶν
1098 5331 1455 5388 ὑποστάσεων
1481 5337 1726 5405 συνεχὲς,
1759 5356 1777 5390 ι
1815 5341 1867 5392 εὶ

290 5417 369 5488 μὴ
412 5417 474 5471 τὸ
522 5420 706 5489 τρίτον
749 5423 815 5492 τῇ
861 5421 1014 5485 τάξει
1061 5422 1216 5492 ἇγιον
1244 5424 1491 5495 Πνεῦμα,
1522 5444 1542 5477 ›
1581 5430 1722 5501 κατὰ
1776 5432 1866 5484 τὸν

290 5510 465 5583 μέγαν
496 5511 672 5586 είπεῖν
704 5510 1007 5581 Βασίλειον,
1033 5532 1051 5565 t
1080 5515 1170 5587 διά
1204 5516 1296 5568 τοῦ
1323 5516 1576 5588 δευτέρου
1606 5523 1671 5591 τῇ
1715 5523 1866 5588 τάξει
1927 5533 1935 5539 ‘

289 5597 419 5659 Υἰοῦ
436 5600 503 5668 τῇ
522 5597 757 5672 θεογδόνιρ
780 5601 1075 5674 συναφθείη
1102 5605 1243 5675 ἀρχῇ
1260 5619 1274 5669 ;
1290 5622 1309 5654 ι
1336 5604 1415 5675 τῷ
1449 5609 1623 5679 Πατρὶ
1640 5610 1862 5681 δηλαδή·

289 5687 430 5743 ιῦτω
477 5691 574 5743 καὶ
618 5692 647 5742 6
708 5693 864 5757 ἅγιος
918 5689 1069 5758 οὗτος
1105 5692 1531 5767 προοεὼρεῖσθαι
1563 5701 1733 5754 εἰπὼν
1777 5705 1868 5756 τὸν

290 5782 508 5854 Πατέρα
538 5784 632 5838 τοῦ
666 5784 823 5849 Υίοῦ,
862 5786 941 5857 τῷ
964 5787 1063 5857 τῆς
1117 5789 1292 5851 αἰτίας
1332 5789 1497 5863 λόγῳ,
1552 5793 1634 5846 ὅτι
1667 5797 1730 5848 ἐκ
1769 5796 1866 5850 τοῦ

764 5880 1026 5942 Panos.
1061 5883 1176 5943 Gn.
1207 5884 1413 5946 CXLI.

1981 1844 2291 1916 dirigatur?
2324 1847 2459 1904 Nam
2516 1853 2779 1925 quidquid
2840 1858 3155 1929 ubicunque
3183 1865 3387 1936 scripto
3409 1883 3563 1921 man-

1981 1936 2169 1990 datum
2199 1941 2491 2009 reperitur,
2531 1953 2584 1998 et
2616 1946 2781 2000 veluti
2818 1949 2885 2002 ad
2914 1965 3180 2007 canonem
3208 1965 3262 2010 et
3307 1974 3558 2014 normam

1983 2024 2199 2096 pietatis
2257 2032 2418 2086 nobis
2469 2038 2840 2092 concreditum
2907 2044 3246 2113 adaequatur,
3300 2050 3558 2119 pietatem

1981 2121 2296 2177 constabilit
2323 2133 2377 2178 et
2417 2122 2564 2181 illius
2608 2131 2894 2186 veritatem
2943 2150 3055 2191 non
3115 2137 3282 2194 laedit.
3312 2140 3418 2198 Sed
3471 2146 3561 2201 hic

1982 2205 2163 2276 Pater,
2194 2213 2468 2286 inquiunt,
2500 2219 2675 2289 prima
2708 2223 2973 2281 adversus
3006 2227 3338 2291 Eunomium
3366 2241 3560 2296 Antir-

1980 2300 2188 2357 rhetica
2233 2307 2580 2375 apertissime
2644 2312 2787 2368 circa
2854 2315 3015 2373 finem
3075 2321 3227 2390 dicit,
3290 2326 3556 2387 «Patrem

1979 2386 2118 2449 Filio
2173 2403 2555 2457 tantummodo
2622 2418 2802 2461 causa:
2856 2409 3074 2466 ratione
3122 2417 3490 2494 praeiutelligi.
3531 2442 3553 2479 ι

1980 2476 2306 2556 Rtirsusque
2327 2488 2608 2548 nonnullis
2648 2494 2951 2566 interiectis
2985 2517 2999 2555 :
3036 2518 3055 2553 ι
3084 2476 3557 2570 Quemadmodum

1978 2572 2333 2648 conjungitur
2360 2577 2508 2637 Patri
2542 2576 2732 2653 Filius,
2763 2598 2817 2642 et
2844 2604 2909 2645 ex
2930 2606 3015 2659 eo,
3033 2599 3178 2665 quod
3203 2600 3295 2665 sit,
3324 2602 3556 2672 habens,

1979 2670 2252 2736 posterior
2278 2689 2385 2729 non
2417 2684 2501 2731 est
2562 2683 2865 2737 secundum
2922 2687 3320 2760 cxsistcntiam,
3372 2698 3558 2769 itaque

1977 2766 2031 2813 et
2062 2759 2350 2833 Unigenito
2396 2768 2639 2826 adhaeret
2694 2787 2919 2831 sanctus
2963 2776 3219 2850 Spiritus,
3276 2759 3557 2847 intellectu

1978 2853 2095 2907 solo
2121 2857 2423 2913 secundum
2460 2862 2727 2918 rationem
2758 2880 2941 2922 causa:
2968 2873 3358 2940 prmiutellecta
3385 2883 3558 2951 Spiri-

1979 2950 2068 3015 tus
2095 2947 2433 3006 exsistentia.
2472 2970 2492 3004 ι
2529 2953 2728 3011 Annon
2768 2958 2917 3015 hisce
2946 2966 3348 3033 quodammodo
3374 2947 3559 3044 suspi-

1977 3035 2190 3093 cionem
2210 3040 2281 3094 im
2292 3052 2494 3111 portat,
2524 3045 2662 3104 duas
2686 3063 2805 3105 esse
2825 3050 3062 3123 Spiritus
3089 3074 3304 3131 causas,
3330 3035 3551 3124 Patrem

1978 3137 2032 3182 et
2069 3127 2311 3187 Filium?
2340 3132 2467 3204 Sed,
2500 3152 2534 3193 ο
2564 3139 2727 3195 amici
2756 3141 3084 3218 fratresque,
3115 3165 3224 3206 non
3271 3127 3397 3211 sunt
3419 3160 3554 3213 sim-

1979 3220 2194 3290 pliciter
2225 3223 2449 3284 Patrum
2485 3236 2648 3288 verba
2699 3235 3070 3306 despicienda,
3095 3245 3191 3299 sed
3241 3253 3552 3308 necessario

1977 3315 2162 3370 omnia
2192 3317 2517 3377 conferenda
2563 3337 2593 3377 a
2651 3326 2809 3382 nobis
2860 3330 3028 3386 veluti
3085 3334 3152 3389 ad
3202 3339 3444 3408 regulam
3496 3354 3552 3400 ct

1977 3416 2249 3471 normam,
2284 3408 2560 3477 pietatem,
2590 3427 2754 3483 quam
2781 3421 2935 3488 sequi
2965 3422 3223 3482 debemus
3239 3428 3550 3488 docentem.

1976 3490 2130 3548 Licet
2172 3498 2540 3572 prmintelligi,
2587 3516 2814 3563 sanctus
2855 3515 3110 3581 asseruit,
3164 3515 3302 3575 Filio
3335 3520 3551 3580 Patrem

1976 3588 2274 3642 secundum
2308 3605 2489 3647 causae
2528 3597 2813 3665 rationem,
2864 3611 2917 3657 et
2969 3619 3161 3681 rursus
3210 3612 3551 3685 prteintelligi

1978 3674 2327 3746 Unigenitum
2366 3684 2688 3742 exsistentia
2736 3689 2976 3760 Spiritus
3028 3674 3328 3757 secundum
3371 3674 3552 3762 causa:

1977 3770 2270 3837 rationem,
2302 3782 2358 3827 at
2388 3790 2497 3829 non
2529 3782 2639 3832 duo
2673 3780 2800 3837 inde
2831 3782 3071 3855 Spiritus
3099 3806 3281 3849 causae
3308 3795 3554 3852 inferun-

1976 3871 2085 3918 tur.
2119 3865 2304 3937 Apage
2330 3883 2346 3934 ;
2378 3868 2756 3941 blaspltemam
2778 3879 2925 3933 enim
2966 3881 3282 3953 ipsejudico
3311 3898 3364 3944 ct
3393 3906 3550 3944 men-

1975 3961 2105 4022 tem,
2132 3958 2475 4033 et‘lingnam,
2502 3977 2624 4032 qum
2658 3966 2709 4020 id
2754 3971 2839 4023 vel
2857 3974 3181 4042 cogitaverit
3209 3980 3294 4034 vel
3329 3981 3545 4039 elocuta

1977 4043 2168 4100 fuerit.
2194 4047 2298 4102 Sed
2330 4052 2673 4126 praeintelligi
2727 4058 2888 4128 plane
2933 4060 3150 4121 Patrem
3181 4067 3321 4125 Filio
3351 4087 3550 4129 secun-

1975 4136 2106 4191 dum
2137 4153 2318 4195 causae
2348 4147 2619 4220 rationem
2655 4148 2768 4216 aio,
2794 4153 2943 4221 quod
2965 4171 3030 4211 ex
3059 4155 3221 4214 Patre
3251 4159 3545 4237 Filiussit,

1973 4235 2028 4281 ct
2050 4229 2394 4301 pra-intelligi
2430 4234 2627 4290 Filium
2658 4237 2895 4308 Spiritus
2926 4246 3203 4318 Itypostasi
3244 4229 3547 4316 secundum

1973 4333 2154 4376 cause
2199 4325 2493 4395 rationem,
2525 4332 2671 4398 quod
2708 4348 2806 4402 per
2856 4334 3054 4395 Filium
3089 4344 3325 4415 Spiritus
3383 4354 3455 4406 sit
3478 4368 3547 4408 ex

1973 4410 2151 4471 Patre.
2189 4415 2255 4471 Et
2283 4418 2355 4472 ita
2389 4421 2489 4476 hac
2520 4426 2862 4492 eXpositione
2903 4430 3033 4487 dicti
3082 4410 3358 4495 notionem
3410 4459 3545 4500 con-

1973 4508 2193 4561 cordem
2236 4524 2360 4564 cum
2401 4527 2593 4567 eorum
2646 4521 2937 4586 sententia,
2990 4527 3084 4596 qui
3141 4544 3204 4584 ex
3254 4530 3416 4590 Patre
3447 4552 3545 4607 per

1971 4594 2168 4652 Filium
2208 4614 2333 4656 esse
2363 4603 2626 4672 Spiritum
2661 4594 3023 4683 tradiderunt,
3047 4618 3242 4680 cilicio.
3284 4624 3354 4681 Ut
3394 4594 3542 4684 enim

1968 4688 2046 4740 illi
2089 4704 2155 4744 ex
2185 4689 2346 4748 Patre
2377 4709 2476 4764 per
2501 4695 2700 4753 Filium
2733 4699 2996 4771 Spiritum
3028 4708 3295 4778 dicentes,
3338 4732 3445 4773 non
3483 4730 3544 4776 ut

1968 4778 2022 4834 in
2050 4780 2156 4835 duo
2189 4783 2494 4841 dividentes
2511 4802 2730 4844 causam
2760 4791 3150 4865 Spiritus,illud
3177 4806 3539 4879 allirmarunt,

1969 4870 2063 4926 sed
2103 4879 2502 4944 tantummodo,
2529 4890 2587 4935 ut
2625 4889 3066 4958 comprobarent,
3116 4892 3380 4965 Spiritum
3431 4870 3543 4959 non

1971 4968 2288 5025 immediate
2354 4987 2420 5026 ex
2466 4975 2626 5031 Patre
2688 4984 2996 5048 provenire.
3029 4987 3278 5053 Quanam
3340 4996 3542 5051 ctenim

1973 5058 2185 5113 ratione
2214 5061 2383 5115 trium
2428 5065 2789 5135 liypostascon
2834 5074 3164 5133 cohaerentia
3213 5081 3544 5155 intelligere-

1968 5155 2080 5215 tur,
2127 5168 2147 5202 ι
2203 5168 2218 5204 ι
2243 5152 2257 5206 i
2292 5156 2484 5212 tertius
2510 5162 2699 5215 ordine
2721 5161 2958 5233 Spiritus
2983 5184 3207 5228 sanctus
3236 5191 3257 5226 ι
3278 5152 3544 5234 tttBasilii

1968 5242 2152 5298 verbis
2184 5254 2327 5310 utar,
2367 5265 2386 5299 ι
2427 5262 2522 5318 per
2570 5249 2766 5309 Filium
2816 5259 3016 5315 ordine
3064 5267 3386 5332 secundum,
3424 5267 3545 5324 Dei-
3614 5278 3634 5294 '

1968 5349 2109 5404 geno
2139 5340 2411 5410 principio
2445 5345 2901 5418 conjungeretur?
2930 5370 2950 5403 ι
2990 5351 3138 5409 Patri
3193 5359 3424 5423 scilicet,
3463 5361 3545 5415 sic

1967 5438 2022 5483 et
2069 5444 2297 5490 sanctus
2342 5436 2444 5491 iste
2497 5442 2836 5511 praeintelligi
2882 5444 3074 5503 dicens
3135 5447 3350 5506 Patrem
3399 5451 3542 5510 Filio

1968 5522 2182 5577 ratione
2210 5539 2413 5591 causae,
2437 5532 2580 5598 quod
2604 5546 2669 5586 ex
2700 5531 2860 5590 Patre
2891 5535 3061 5594 Filius
3102 5541 3195 5605 sit,
3240 5557 3541 5616 rursusque

1972 5613 2311 5684 unigenitum
2345 5622 2677 5696 praz‘tntclligi
2726 5624 2961 5697 Spiritus
3025 5633 3303 5703 Iiypostasi
3342 5613 3544 5694 secun-

1970 5706 2101 5760 dutn
2135 5724 2316 5765 causa:
2342 5715 2633 5780 rationem,
2684 5722 2829 5786 quod
2868 5735 2966 5790 per
3020 5721 3218 5780 Filium
3278 5724 3536 5797 Spiritus.

1973 5814 2081 5854 non
2114 5802 2251 5858 duas
2293 5802 2532 5875 Spiritus
2577 5825 2775 5866 causas
2797 5817 3148 5874 asseveravit.
3181 5819 3246 5876 Et
3275 5820 3539 5880 Sanctum

3122 5908 3158 5970 3
