3978 6610
526 448 608 519 79

1589 454 1799 541 JOAN.
1836 452 2053 514 VECCI
2089 451 2198 513 CP.
2240 451 2753 513 PATRIARCHAZ

2186 314 2195 321 .
2364 338 2372 346 α
2412 342 2419 345 Α
2449 334 2462 345 δ
2534 333 2565 344 w

3692 449 3768 516 ‘80

534 565 834 625 hilominus
870 567 995 624 licet
1022 568 1217 625 allatus
1247 577 1427 624 textus
1453 583 1515 623 ex
1555 570 1759 640 scripto
1776 569 1967 625 codice
1990 583 2116 623 era-

2225 566 2354 620 ἀλλὰ
2385 568 2450 621 σὺ
2476 570 2571 621 καὶ
2599 566 2708 621 ἀπὸ
2734 566 2842 621 τῶν
2878 565 3174 620 ἐπιλοίπων
3209 564 3514 636 σημείωσαι
3540 564 3615 630 ὡς
3650 564 3770 620 πολ-

479 733 484 738 “
543 675 639 717 sus
669 669 776 728 est,
826 670 883 717 tu
934 677 999 717 ex
1052 662 1180 729 illis,
1234 677 1355 731 qua:
1394 661 1602 731 reliqua
1644 670 1794 726 sunt,
1827 662 2110 725 adnotata,

534 758 759 823 quantis
784 763 838 810 et
871 755 987 825 ipsa
1020 755 1260 825 polleant
1299 753 1365 808 ad
1400 754 1678 824 parandos
1707 754 1944 818 animos,
1982 752 2115 806 viri-

538 847 663 901 bus.
706 844 845 901 Dicit
880 861 1115 916 namque
1177 847 1265 901 hic
1322 856 1547 902 sanctus
1602 845 1656 899 in
1710 845 2111 914 sequentibus:

543 956 563 990 ι
602 937 1072 1004 Quemadmodum
1106 940 1253 992 enim
1286 938 1458 992 Filius
1486 938 1677 993 ordine
1725 936 1871 992 Patri
1923 951 2117 991 secun-

544 1025 672 1091 dus,
705 1026 852 1096 quod
884 1026 953 1081 ab
982 1026 1099 1092 illo,
1129 1038 1183 1082 et
1213 1028 1496 1098 dignitate,
1539 1028 1679 1097 quod
1705 1027 2030 1098 principium
2060 1036 2116 1081 et

546 1134 713 1174 causa
770 1118 927 1174 illius
974 1121 1137 1176 Pater
1170 1129 1275 1186 est,
1332 1132 1527 1175 natura
1562 1136 1691 1175 vero
1732 1136 1841 1176 non
1873 1120 1997 1175 item
2028 1134 2116 1174 se-

544 1212 780 1274 cundus,
827 1211 972 1279 quod
1020 1211 1201 1268 Deitas
1251 1212 1305 1267 in
1347 1212 1615 1267 ambobus
1645 1227 1774 1271 una,
1816 1228 1838 1263 ι
1869 1211 1983 1281 pari
2030 1226 2116 1264 ra-

551 1302 698 1357 tione
732 1303 947 1357 scilicet
973 1309 1026 1356 et
1067 1303 1303 1373 Spiritus
1339 1314 1559 1359 sanctus
1592 1303 1636 1359 si
1675 1302 1813 1357 Filio
1846 1302 2036 1356 ordine
2060 1310 2114 1357 et

536 1395 803 1466 dignitate
856 1394 1088 1450 inferior
1120 1405 1221 1460 cst,
1259 1411 1538 1465 nunquam
1582 1403 1762 1449 tamen
1818 1394 1922 1448 rite
1965 1392 2112 1447 dice-

540 1501 667 1540 mus
703 1485 883 1555 sequi,
908 1500 1032 1539 eum
1065 1486 1293 1539 alterius
1323 1500 1444 1540 esse
1476 1493 1699 1539 natur-aa.
1732 1483 1873 1550 Quid
1904 1484 2000 1538 tibi
2048 1483 2115 1537 de

542 1578 628 1633 his
671 1575 928 1631 videtur?
962 1574 1197 1631 Prorsus
1244 1576 1379 1630 nihil
1431 1575 1578 1629 aliud
1632 1576 1759 1630 inde
1811 1576 2112 1645 colligitur.

536 1670 668 1735 nisi,
706 1669 785 1722 uti
815 1679 896 1723 est
929 1666 1099 1722 Filius
1129 1667 1323 1723 ordine
1350 1676 1401 1722 et
1434 1667 1696 1736 dignitate
1734 1666 1880 1721 Patri
1921 1682 2115 1722 secun-

534 1762 661 1827 dus,
693 1763 767 1814 ita
788 1769 841 1814 et
871 1758 1108 1828 Spiritus
1148 1769 1370 1814 sanctus
1397 1759 1591 1813 ordine
1632 1767 1685 1812 et
1729 1758 1999 1827 dignitate
2031 1773 2116 1814 se-

536 1853 752 1909 cundus
804 1861 887 1907 est
920 1850 1081 1905 Filio.
1132 1848 1348 1904 Etenim
1410 1851 1456 1905 si
1487 1866 1574 1906 res
1620 1848 1739 1906 Filii
1777 1852 1845 1905 ad
1895 1850 2114 1907 Patrem

2218 656 2314 728 λὴν
2343 656 2530 728 ἔχουσι
2562 657 2658 711 καὶ
2690 655 2865 710 ταῦτα
2897 656 3034 728 πρὸς
3066 654 3416 725 καταλλαγὴν
3474 653 3572 724 τὴν
3607 654 3769 725 ίξτχῠνο

2218 748 2366 816 λέγει
2394 748 2503 818 γὰρ
2535 750 2562 800 ὁ
2586 750 2741 816 ἆγιος
2766 741 2923 809 οὗτος
2981 749 3039 800 ὲν
3072 748 3185 812 τοῖς
3223 744 3371 815 ἑξῆςο
3408 762 3427 797 ι
3468 744 3557 806 Ὠς
3591 746 3695 815 γὰρ
3746 746 3772 798 ὁ

2219 841 2348 904 Υἱὸς
2399 840 2547 905 τάξει
2586 840 2683 911 μὲν
2716 840 2972 909 δεύτερος
3001 838 3094 891 τοῦ
3121 837 3356 909 Πατρὸς,
3382 838 3464 890 ὅτι
3495 837 3600 891 ἀπ’
3640 836 3775 890 ἐχεί-

2220 952 2333 1001 νου,
2369 935 2466 988 καὶ
2509 933 2808 1005 ἀξιώματι,
2852 934 2936 986 ὄτι
2975 932 3119 1003 ἀρχὴ
3166 931 3262 985 καὶ
3316 930 3465 984 αἰτία
3518 930 3596 1000 τῷ
3641 925 3775 983 εἶναι

2220 1027 2441 1097 Πατέρα
2482 1026 2672 1091 αὐτοῦ,
2736 1025 2897 1095 φύσει
2936 1024 2992 1093 δὲ
3039 1022 3224 1076 οὐκέτι
3276 1021 3551 1093 δεύτερος,
3594 1022 3775 1091 διότιή

2220 1115 2409 1186 θεότης
2438 1118 2495 1169 ὲν
2541 1116 2789 1188 ἐκατέρῳ
2854 1115 2978 1186 μία’
3025 1132 3045 1167 ι
3099 1114 3242 1167 οῦτω
3297 1113 3542 1183 δηλονότι
3587 1116 3677 1167 καὶ
3720 1115 3779 1169 τὸ

2218 1209 2447 1281 Πνεῦμα
2478 1211 2539 1262 τὸ
2565 1210 2744 1279 ἅγιον,
2773 1210 2823 1263 εί
2848 1210 2944 1263 καὶ
2985 1210 3295 1278 ὑποϐέϐηκε
3318 1208 3410 1262 τὸν
3442 1209 3575 1261 Υίὺν
3600 1211 3664 1279 τῇ
3690 1207 3779 1262 τά·

2219 1302 2298 1367 ξει
2324 1304 2417 1355 καὶ
2440 1302 2518 1372 τῷ
2550 1302 2849 1373 ἀξιώματι,
2911 1304 3099 1356 οὐκέτι
3135 1301 3203 1355 ἂν
3247 1300 3474 1367 εἰκότως
3511 1299 3589 1365 ὡς
3626 1300 3777 1353 ἀλλο-

2215 1395 2373 1466 τρίας
2405 1394 2651 1467 ὑπάρχον
2679 1394 2897 1464 φύσεως
2922 1394 3239 1448 ἀκολουθεῖν
3288 1392 3563 1462 εἴποιμεν.
3616 1392 3679 1444 Τί
3701 1408 3779 1444 σοι

2216 1489 2281 1541 ἐκ
2313 1485 2527 1549 τούτων,
2555 1487 2739 1554 δοκεῖς
2777 1487 3001 1551 Πάντως
3022 1485 3173 1540 οὐδὲν
3198 1484 3328 1539 ἄλλο
3350 1484 3502 1538 ἐστὶν
3533 1483 3780 1537 ἐντεῦθεν

2218 1577 2280 1629 τὸ
2304 1578 2692 1647 συναγόμενον,
2732 1577 2766 1649 ἦ
2796 1578 2900 1643 ὅτι,
2921 1577 3108 1648 ὥσπερ
3139 1575 3286 1630 ἐστὶν
3315 1576 3345 1629 ὁ
3367 1576 3495 1640 Υίδς
3520 1576 3669 1642 τάξει
3692 1573 3783 1627 καὶ

2217 1669 2492 1740 ἀξιώματι
2528 1666 2781 1739 δεύτερος
2805 1669 2898 1723 τοῦ
2923 1668 3315 1740 Πατρδς,οῦτω
3344 1668 3518 1722 καὶτὸ
3563 1668 3783 1738 Πνεῦμα

2213 1761 2366 1827 τάξει
2408 1761 2503 1814 καὶ
2534 1757 2807 1831 ἀξιώματι
2836 1760 3089 1831 δεύτερόν
3119 1759 3348 1813 ἔστιτοῦ
3369 1759 3527 1813 Υίοῦ.
3583 1759 3645 1812 Ei
3680 1761 3783 1830 γὰρ

2216 1854 2282 1909 τὰ
2311 1855 2410 1925 μὲν
2431 1855 2524 1908 τοῦ
2556 1854 2688 1907 Υἱοῦ
2728 1856 2865 1923 πρὸς
2892 1856 2984 1908 τὸν
3015 1853 3238 1924 Πατέρα
3267 1852 3497 1922 δεύτερα
3530 1853 3672 1907 εῐποι
3700 1870 3784 1915 τις

539 1946 810 2001 secundas
862 1942 984 2012 quis
1047 1936 1668 1997 asseveraveritordinc
1716 1953 1773 1997 et
1822 1943 2112 2013 dignitate,

2225 1950 2281 2018 τῇ
2322 1946 2476 2011 τάξει
2504 1945 2709 2017 καὶτῷ
2739 1945 3035 2017 ἀξιώματι,
3079 1945 3147 1998 τά
3198 1945 3255 1999 δὲ
3309 1942 3405 1997 τοῦ
3472 1942 3784 2012 Πνεῦματος

538 2036 779 2105 Spiritus
811 2043 993 2089 autem
1028 2034 1096 2087 ad
1131 2031 1329 2087 Filium
1361 2034 1512 2088 nullo
1560 2034 1749 2098 modo,
1789 2035 1957 2089 simul
1990 2050 2114 2089 cum

538 2128 662 2183 aliis
691 2136 745 2181 et
769 2140 1029 2197 magnum
1065 2124 1429 2180 Athanasium
1470 2125 1878 2192 criminabitur,
1914 2126 1999 2180 his
2027 2127 2119 2181 iis-

537 2222 660 2277 dem
683 2220 865 2276 verbis
889 2220 1160 2275 dicentem
1190 2236 1205 2273 :
1245 2236 1263 2270 ι
1291 2220 1645 2289 Quzecunque
1661 2218 1834 2274 Filius
1864 2234 1992 2291 erga
2009 2218 2119 2274 Pa-

541 2327 699 2379 trem,
732 2323 786 2369 et
817 2313 1056 2383 Spiritus
1085 2327 1210 2383 erga
1231 2311 1449 2367 Filium.
1487 2331 1505 2365 ι
1539 2311 1595 2368 Si
1624 2327 1753 2367 vero
1789 2312 2027 2383 Spiritus
2051 2311 2119 2369 ad

539 2406 740 2461 Filium
801 2405 1057 2461 secundae
1113 2414 1296 2475 partes
1352 2405 1710 2475 proportione
1766 2406 2119 2475 respondent,

536 2498 805 2555 secundis
845 2498 1098 2569 partibus
1138 2495 1262 2551 Filii
1293 2497 1360 2552 ad
1396 2496 1634 2562 Patrem,
1691 2498 1808 2569 ipse
1841 2498 1985 2567 quod
2035 2513 2121 2553 sc-

541 2592 748 2662 quitur,
818 2591 1250 2646 ratiocinationis
1301 2591 1734 2661 consequentia,
1807 2591 1973 2645 etiam
2035 2606 2121 2646 me

536 2692 778 2748 tacente,
809 2681 1218 2753 deprehendere
1258 2680 1485 2749 poteris.
1521 2680 1675 2746 Quod
1711 2681 1756 2734 si
1791 2680 1985 2734 durum
2025 2681 2118 2735 tibi

540 2776 759 2832 videtur
788 2789 1034 2839 rursum,
1105 2781 1158 2828 et
1211 2782 1467 2843 perceptu
1524 2771 1784 2839 diiIicile,
1853 2772 2119 2845 Spiritum

541 2882 665 2923 esse
696 2865 834 2919 Filio
864 2862 1169 2919 secundum
1203 2872 1257 2919 et
1286 2865 1479 2919 ordine
1508 2871 1562 2918 et
1593 2863 1887 2935 dignitate,
1926 2878 2124 2919 secun-

450 3020 463 3037 ί
538 2959 673 3013 dum
731 2954 1147 3027 proportionem
1210 2955 1573 3011 secundarum
1635 2956 1918 3026 partium,
1984 2968 2122 3026 quas

289 3040 299 3061 ⁸
346 3040 709 3127 ιιίεῖνυῇαϋοι
774 3047 947 3102 Filius
1006 3046 1074 3101 ad
1132 3044 1349 3101 Patrem
1415 3048 1607 3103 ordine
1654 3056 1709 3102 et
1754 3047 2041 3118 dignitate,
2076 3045 2121 3100 si

168 2980 299 3071 te,
388 2976 429 3071 ,γε

142 3147 289 3241 ίζίκ
340 3130 491 3221 δεῖ]

226 3292 241 3311 Α

436 3135 514 3216 μίν
545 3135 968 3208 Nyssenivcrba
1018 3136 1072 3189 in
1128 3141 1450 3192 memoriam
1511 3139 1877 3203 revocaveris,
1919 3138 2122 3207 quibus

2217 2040 2357 2111 πρὸς
2383 2039 2475 2093 τὸν
2507 2039 2637 2092 Υίὸν
2662 2039 2940 2109 οὐδαμῶς,
2979 2039 3118 2108 μετὰ
3167 2037 3278 2093 τῶν
3324 2036 3504 2091 ἄλλων
3558 2035 3653 2089 καὶ
3696 2034 3785 2086 τὸν

2219 2132 2397 2201 μέγαν
2441 2130 2761 2185 Ἀθανάσιον
2780 2130 3047 2196 διαϐαλεῖ,
3083 2130 3279 2192 αὐταῖς
3312 2128 3493 2195 λέξεσι
3534 2127 3781 2195 λέγοντα·

2224 2224 2396 2277 ι”Οσα
2424 2227 2452 2277 ὁ
2473 2224 2599 2286 Υἱὸς
2626 2223 2765 2294 προς
2793 2223 2885 2277 τὸν
2909 2223 3156 2295 Πατέρα,
3183 2221 3280 2276 καὶ
3313 2220 3374 2274 τὸ
3400 2219 3626 2290 Πνεῦμα
3650 2217 3787 2290 πρὸς

2217 2313 2309 2367 τὸν
2338 2315 2489 2369 Υίόν.
2524 2333 2542 2367 ι
2574 2316 2637 2369 El
2664 2315 2721 2369 δὲ
2747 2316 2810 2368 τὸ
2839 2313 2932 2368 τοῦ
2965 2313 3282 2385 Πνεῦματος
3330 2313 3468 2384 πρὸς
3510 2310 3605 2365 τὸν
3662 2311 3789 2364 Υἱδν

2216 2409 2523 2481 δευτερεῖον
2558 2411 2823 2479 ἀνάλογόν
2860 2410 2977 2463 ἐστι
3004 2409 3084 2481 τῷ
3124 2409 3258 2480 πρὸς
3278 2410 3369 2463 τὸν
3423 2409 3642 2481 Πατέρα
3662 2410 3787 2463 δευ-

2218 2503 2420 2573 τερείῳ
2457 2501 2554 2555 τοῦ
2585 2502 2742 2564 Υἰοῦ,
2782 2503 2946 2566 αὐτὸς
2979 2502 3042 2556 τὸ
3066 2500 3359 2556 ἀκόλουθον
3396 2505 3462 2573 τῇ
3491 2501 3583 2555 τοῦ
3630 2500 3791 2569 λόγου

2220 2595 2459 2668 ἀνάγκῃ,
2487 2594 2585 2649 καὶ
2611 2595 2751 2667 ἐμοῦ
2785 2595 3124 2659 σιωπῶντος,
3160 2584 3306 2648 νοεῖν
3335 2593 3502 2665 ἔχεις.
3547 2593 3689 2647 Ἀλλ’
3717 2595 3795 2647 εῖ-

2222 2702 2328 2757 περ
2361 2687 2535 2756 τραχύ
2565 2701 2618 2738 τι
2649 2684 2745 2740 καὶ
2778 2683 2935 2747 αὖθις
2962 2683 3114 2736 δοκεῖ
3147 2686 3229 2736 σόι
3285 2683 3382 2736 καὶ
3442 2680 3794 2750 δυσπαράδεο

2222 2793 2349 2854 θετον
2379 2776 2442 2829 τὸ
2467 2773 2609 2830 εἶναι
2638 2775 2699 2830 τὸ
2728 2774 2953 2845 Πνεῦμα
2985 2774 3239 2846 δεύτερον
3264 2772 3357 2828 τοῦ
3398 2773 3531 2827 Υίοῦ
3563 2771 3795 2838 τάξειτε

2221 2868 2319 2924 καὶ
2354 2868 2631 2940 ἀξιώματι
2665 2868 2810 2923 κατά
2861 2867 2965 2938 τὴν
3015 2866 3311 2936 ἀναλογίαν
3367 2865 3464 2920 τοῦ
3520 2866 3655 2939 πρὸς
3703 2870 3798 2919 τὸν

2222 2960 2448 3031 Πατέρα
2474 2960 2785 3032 δευτερείου
2818 2959 2912 3015 τοῦ
2945 2960 3073 3014 Υίοῦ
3119 2958 3215 3012 ἐπὶ
3242 2960 3310 3029 τῇ
3364 2957 3518 3024 τάξει
3576 2960 3669 3012 καὶ
3718 2958 3800 3030 τῷ

2222 3051 2525 3122 ἀξιώματι,
2553 3053 2651 3106 ἐὰν
2674 3052 2787 3106 τῶν
2814 3052 2908 3106 τοῦ
2931 3052 3154 3123 Νύσσης
3206 3054 3473 3123 ῥημάτων
3524 3052 3799 3125 μνησθῇς,

2224 3145 2283 3197 ὲν
2306 3142 2389 3207 οἷς
2409 3140 2593 3213 ἔλεγὲ
2612 3143 2751 3199 Γτδν
2790 3143 3014 3214 Πατέρα
3057 3146 3156 3215 μὲν
3198 3126 3673 3215 προεπινοεῖσθαιῌ
3700 3145 3801 3199 τοῦ

540 3229 828 3317 indicabat
857 3246 871 3283 :
905 3246 925 3280 ι
949 3226 1190 3283 -Patrem
1217 3228 1354 3284 Filio
1381 3230 1716 3300 prasintelligi
1748 3230 1960 3285 ratione
1986 3245 2119 3283 cau-

2226 3222 2357 3325 λδίοῦ
2380 3235 2463 3307 τῷ
2499 3237 2596 3307 τῆς
2631 3234 2808 3300 αἰτίας
2844 3237 3010 3310 λόγῳ,
3057 3226 3148 3291 τὶν
3178 3237 3234 3291 δὲ
3276 3234 3805 3320 Υξὸνυπρρθειιῖρεῖ-

338 3338 357 3365 r
396 3313 643 3384 ε”ῖίεωε
707 3321 905 3375 Filium
943 3334 1074 3377 vero
1134 3321 1478 3393 praeinlelligi
1532 3321 1769 3392 Spiritus
1831 3322 2113 3393 hypostasi

547 3413 849 3470 secundum
884 3427 1065 3467 causa:
1088 3412 1379 3478 rationem,
1415 3432 1435 3465 ι
1491 3415 1673 3470 omnis
1721 3414 1817 3469 tibi
1850 3415 2118 3482 asperitas

440 3544 453 3552 ~
541 3507 804 3569 lenietur,
842 3507 1059 3576 etquod
1102 3506 1155 3559 in
1197 3506 1379 3561 verbis
1414 3507 1594 3578 magni
1637 3506 1820 3561 Basilii
1862 3516 2119 3578 perceptu

546 3596 762 3651 diiiicile
795 3607 903 3664 est,
936 3597 1209 3652 similibus
1243 3596 1474 3669 Nysseni
1504 3598 1682 3654 verbis
1717 3599 1974 3654 facillime
2001 3615 2121 3669 per-

547 3689 804 3760 eipietur,
844 3698 897 3743 et
936 3689 1141 3743 ‘Filium
1177 3691 1394 3759 quidem
1438 3690 1784 3745 continenter
1836 3707 1901 3745 ex
1956 3691 2121 3746 Patre

548 3780 847 3849 concipies,
885 3781 1147 3852 Spiritum
1171 3797 1297 3836 vero
1323 3798 1385 3836 ex
1419 3796 1503 3846 eo,
1534 3782 1625 3851 qui
1662 3782 2010 3837 continenter
2038 3793 2123 3837 est

550 3893 673 3931 cum
700 3876 879 3930 Patre.
920 3875 1056 3941 Quid
1090 3874 1233 3929 enim
1266 3872 1413 3928 aliud
1438 3875 1625 3928 horum
1664 3875 1954 3929 verborum
2000 3871 2137 3927 sen-'

551 3969 723 4025 tentia
756 3967 938 4033 tinnit,
978 3982 1142 4037 quam
1183 3966 1401 4021 Patrem
1467 3963 1807 4035 pracintelligi
1851 3963 1991 4019 Filio
2031 3980 2121 4018 ra-

551 4061 956 4124 tione'causae,
1002 4058 1144 4127 quod
1200 4072 1266 4112 ex
1318 4056 1480 4112 Patre
1517 4055 1717 4123 Filius,
1779 4056 2121 4127 praeintclligi

552 4166 682 4208 vero
707 4160 761 4206 et
791 4150 1054 4221 Spiritum
1096 4148 1236 4203 Filio
1267 4149 1571 4203 secundum
1620 4149 1887 4203 rationem
1920 4165 2119 4216 causae,

551 4246 695 4316 qttJd
728 4258 794 4297 ex
844 4240 987 4296 Filio
1020 4240 1282 4311 Spiritus.
1337 4236 1417 4294 Tu
1470 4239 1653 4309 itaque
1689 4240 1917 4295 audiens
1949 4238 2126 4309 Spiri-

554 4347 671 4391 tum
706 4347 774 4389 ει
821 4333 986 4388 Patre
1025 4348 1120 4402 per
1151 4329 1349 4384 Filium
1400 4330 1713 4399 procedere,
1773 4340 1824 4385 et
1860 4346 1924 4385 ex
1962 4330 2125 4386 Patre

556 4427 842 4489 exsistere,
886 4433 939 4478 et
975 4439 1005 4477 a
1044 4422 1203 4487 Filio,
1234 4421 1378 4492 quod
1417 4421 1507 4486 sit,
1534 4421 1758 4485 habere,
1782 4431 1837 4475 et
1866 4436 1931 4474 ex
1962 4418 2123 4475 Patre

554 4516 919 4593 essentialiter
958 4512 1185 4579 eﬂ‘undi,
1213 4521 1269 4568 et
1325 4511 1577 4567 similiter
1630 4526 1695 4566 ex
1743 4508 1880 4565 Filio
1934 4525 2126 4566 essen-

2229 3316 2353 3381 σθαι
2378 3330 2479 3399 τῆς
2512 3327 2607 3382 τοῦ
2644 3328 2968 3400 Πνεῦματος
3000 3330 3359 3395 ὑποστάσεως
3390 3333 3533 3385 κατὰ
3561 3332 3653 3386 τὸν
3697 3316 3805 3400 ei}:

2227 3410 2409 3483 αῒτίας
2438 3420 2616 3489 λόγον,
2653 3439 2671 3472 ι
2734 3421 3090 3493 λεανθήσεταί
3155 3440 3239 3477 σοι
3296 3425 3448 3477 πᾶσα
3497 3406 3807 3495 τραχῦτης,

2227 3494 2641 3572 κᾶτ’τὸἕνπτοῖς
2669 3510 2850 3581 λόγοις
2884 3512 2978 3566 τοῦ
3012 3515 3252 3584 μεγάλου
3276 3514 3557 3569 Βασιλείου
3591 3494 3808 3569 δυσπα-

2233 3602 2487 3674 ράδεκτον
2521 3601 2609 3654 διὰ
2640 3602 2747 3655 τῶν
2770 3602 2974 3673 ὁμοίων
3003 3604 3098 3658 τοῦ
3129 3604 3355 3675 Νύσσης
3387 3605 3808 3675 εὐπαράδεκτόν

2231 3708 2314 3746 σοι
2347 3690 2656 3761 γενήσεται,
2678 3690 2771 3744 καὶ
2799 3691 2891 3746 τὸν
2928 3692 3028 3763 μὲν
3069 3682 3198 3746 Ῡίὸν
3236 3694 3520 3763 apoculth
3588 3695 3655 3748 ὲκ
3705 3693 3810 3747 τοῦ

2230 3784 2449 3853 Πατρός
2478 3784 2715 3854 νοήσεις,
2741 3783 2799 3837 τὸ
2830 3784 2890 3837 δὲ
2918 3785 3144 3857 Πνεῦμα
3177 3786 3266 3840 διὰ
3298 3785 3393 3841 τοῦ
3430 3785 3714 3858 προσεχῶς
3739 3788 3813 3841 ἐκ

2228 3872 2322 3927 τοῦ
2356 3874 2593 3944 Πατρός.
2628 3873 2723 3938 Ei;
2748 3874 2800 3928 τί
2830 3876 2942 3946 γάρ
2971 3876 3103 3931 ἄλλο
3136 3877 3230 3931 καὶ
3257 3876 3438 3949 ἀφορᾷ
3467 3879 3503 3948 ἡ
3547 3878 3654 3932 τῶν
3715 3875 3813 3930 λό-

2228 3983 2341 4034 γων
2372 3966 2579 4020 τούτων
2605 3966 2835 4033 διάνοια,
2862 3968 2895 4039 ἢ
2931 3969 3013 4022 ὅτι
3052 3971 3463 4040 προεπινοείται
3502 3969 3603 4040 μὲν
3624 3972 3651 4023 ὀ
3683 3970 3811 4024 Πα-

2231 4057 2333 4129 τὴρ
2369 4056 2463 4111 τοῦ
2493 4057 2623 4112 Υἱοῦ
2649 4059 2726 4129 τῷ
2754 4060 2933 4129 αίτίῳ,
2966 4062 3049 4115 ὅτι
3081 4063 3146 4115 ἐκ
3176 4060 3270 4114 τοῦ
3323 4061 3536 4133 Πατρδς
3574 4063 3602 4116 ὁ
3647 4062 3812 4128 Υἱὸς,

2232 4152 2635 4220 προεπινοεῖται
2659 4150 2717 4204 δὲ
2748 4153 2775 4206 ὁ
2802 4152 2927 4217 Υίὸς
2945 4152 3041 4206 τοῦ
3068 4152 3383 4225 Πνεύματος
3406 4153 3547 4207 κατὰ
3579 4153 3673 4207 τὸν
3702 4154 3816 4226 τῆς

2231 4242 2413 4307 αἰτίας
2454 4243 2640 4311 λόγον,
2665 4243 2748 4297 ὅτι
2802 4242 2889 4298 διὰ
2935 4243 3032 4298 τοῦ
3068 4243 3220 4299 Υίοῦ.
3245 4246 3317 4300 Σὺ
3366 4245 3549 4299 τοίνυν
3585 4244 3818 4301 ἁκούων

2229 4332 2293 4386 τὸ
2319 4332 2630 4404 Πνεῦμαὲκ
2662 4334 2878 4405 Πατρὸς
2919 4334 2989 4389 δι’
3022 4334 3153 4389 Υἱοῦ
3203 4336 3659 4407 ἐκπορευόμενον,
3709 4338 3821 4391 καὶ

2234 4425 2544 4497 ὲκΠπιτρδς
2586 4427 2853 4499 ὑπάρχον,
2900 4429 2998 4505 atat
3043 4427 3196 4500 παρὰ
3233 4428 3327 4505 τοῦ
3392 4428 3521 4481 Υίοῦ
3568 4427 3629 4481 τὸ
3665 4423 3820 4483 εἶναι

2236 4512 2381 4599 ἔχον,
2417 4517 2512 4571 καὶ
2547 4519 2611 4571 ἐκ
2634 4519 2844 4590 Πατρὺς
2865 4504 3141 4582 οὗσιωδῶς
3176 4504 3568 4591 προδίεόμενον,
3613 4519 3714 4572 καὶ
3755 4520 3821 4584 ἐξ

559 4610 756 4667 tialitcr
811 4605 1039 4669 ellundi,
1077 4605 1120 4659 si
1167 4605 1233 4657 ad
1262 4602 1581 4657 sententiam
1612 4601 1792 4672 magni
1823 4600 2008 4657 Basilii
2044 4602 2121 4657 di-

2226 4594 2375 4661 ΔΥίοῦ
2393 4606 2657 4673 ὡσαύτως
2684 4609 2961 4674 οὐσιωδῶς
3002 4612 3395 4684 προχεόμενον,
3426 4612 3476 4663 εί
3525 4606 3664 4681 πρὸς
3690 4610 3820 4683 τῆτι

491 4680 513 4713 Χ
558 4706 771 4757 ctiones
823 4699 1215 4765 interpretatus
1267 4693 1470 4756 fueris,
1506 4707 1829 4762 semperque
1864 4693 2129 4748 memoria

561 4791 856 4849 reizolueris
886 4788 1093 4843 dictum
1138 4784 1268 4839 illud
1308 4802 1320 4839 :
1364 4802 1383 4836 ι
1412 4784 1682 4853 Quidquid
1706 4784 1903 4838 dicitur
1935 4800 1965 4838 a
1992 4781 2131 4839 Filio

559 4898 703 4947 esse,
740 4882 794 4936 in
827 4878 1043 4934 Patrem
1105 4875 1337 4947 primam
1372 4888 1594 4929 causam
1660 4872 1979 4927 relationem
2039 4874 2133 4928 ha-

566 4979 676 5040 bet,
718 4992 737 5024 ι
795 4985 920 5027 cum
985 4968 1235 5023 Romana
1294 4962 1535 5019 Ecclesia
1591 4963 2036 5018 conciliationem
2063 4979 2128 5018 ex

562 5067 726 5121 corde
756 5058 1119 5132 amplecteris,
1148 5068 1204 5113 et
1264 5072 1328 5110 ex
1358 5053 1495 5109 Filio
1524 5061 1822 5120 asserente,
1869 5055 2130 5125 Spiritum

562 5175 706 5223 esse,
751 5158 1191 5221 decernenteque
1238 5150 1305 5204 ad
1341 5147 1559 5202 Patrem
1590 5147 1841 5202 universa
1878 5145 2000 5201 Filii
2052 5162 2135 5202 re-

563 5251 719 5305 ferri.
754 5248 889 5303 lllud
918 5261 1082 5317 porro
1114 5257 1310 5298 rursus
1341 5240 1616 5312 quomodo
1648 5240 1805 5294 aliter
1855 5239 2134 5310 percipere

564 5342 886 5413 poterimus,
915 5337 1061 5408 quod
1100 5350 1330 5405 magnus
1371 5331 1702 5387 Athanasius
1734 5332 1892 5395 dixit,
1935 5331 2132 5386 Filium

571 5433 779 5504 Spiritu
810 5429 1068 5501 majorem
1095 5425 1440 5497 apertissime
1485 5422 1803 5478 enuntians.
1845 5421 1943 5477 llic
1987 5424 2133 5477 enim

568 5525 818 5583 oratione
849 5522 1023 5595 prima
1052 5526 1243 5574 contra
1274 5517 1538 5582 Arianos,
1578 5516 1737 5583 cuius
1761 5515 2090 5586 principium
2118 5532 2132 5569 :

576 5636 597 5671 ι
631 5618 878 5673 Περι-ρεξτε
932 5626 1274 5685 quaecunque
1308 5610 1589 5667 veritatem
1637 5609 2139 5680 apprehenderunt,

2234 4696 2493 4771 ῥηθεῖσαν
2522 4700 2733 4755 ἔννοιαν
2760 4700 2837 4772 τῷ
2866 4703 3089 4771 μεγάλῳ
3117 4702 3386 4772 Βασιλείῳ
3421 4701 3820 4771 διερμηνεόεις

2230 4792 2332 4855 τὰς
2365 4790 2559 4859 λέξεις,
2598 4794 2694 4848 καὶ
2719 4794 2932 4848 ἐκείνου
2959 4795 3016 4848 δὲ
3047 4795 3412 4866 μνημονεύεις
3444 4794 3533 4847 ἀεὶ
3576 4791 3674 4846 τοῦ
3707 4795 3823 4864 ῥη-

2232 4883 2329 4941 τοῦ
2366 4884 2462 4938 τοῦ
2482 4886 2756 4954 λέγοντος,
2786 4887 2886 4940 «Εἴ
2916 4905 2971 4941 τι
3003 4887 3221 4957 λέγεται
3256 4889 3405 4958 παρά
3425 4886 3522 4939 τοῦ
3559 4883 3691 4939 Υίοῦ
3730 4880 3822 4938 εἶ-

2234 4991 2347 5041 ναι,
2373 4977 2456 5039 είς
2478 4976 2571 5029 τδν
2600 4978 2824 5049 Πατέρα
2851 4980 2952 5050 τὴν
2989 4978 3212 5049 πρώτην
3259 4979 3442 5033 αἰτίαν
3471 4978 3571 5050 τὴν
3602 4980 3825 5046 ἀναφο-

2239 5068 2340 5139 ράν
2369 5068 2504 5139 ἔχει,
2539 5087 2559 5123 ι
2593 5070 2693 5139 τὴν
2728 5072 2828 5141 τῆς
2868 5072 3188 5151 Ῥωμαῖκῆς
3225 5070 3557 5141 Ἐκκλησίας
3597 5068 3826 5123 καταλ-

2236 5161 2408 5233 λαγὴν
2432 5163 2754 5234 ὲνστερνίσῃ
2777 5163 2884 5216 ἀπὸ
2913 5164 3164 5234 καρδίας,
3197 5164 3295 5218 καὶ
3314 5168 3378 5217 ὲκ
3407 5163 3503 5217 τοῦ
3543 5161 3665 5215 Υίοῦ
3721 5161 3827 5214 λε-

2238 5254 2440 5325 γούσης
2492 5250 2633 5307 εἶναι
2681 5256 2743 5307 τὸ
2804 5254 3051 5326 Πνεῦμα,
3100 5258 3196 5310 καὶ
3242 5257 3379 5328 πρὸς
3434 5257 3526 5309 τὸν
3587 5255 3832 5326 Πατέρα

2241 5348 2419 5400 πάντα
2456 5346 2550 5400 τοῦ
2580 5345 2711 5400 Υίοῦ
2742 5347 3179 5419 δογματιςούσης
3204 5347 3521 5418 ἀνάγεσθαι.
3598 5348 3833 5401 Ἐκεῖνο

2239 5438 2296 5492 δὲ
2323 5438 2486 5493 πάλιν
2510 5439 2629 5502 πῶς
2658 5438 2835 5502 ἄλλως
2878 5442 3069 5511 νοῆσαι
3117 5439 3336 5511 ἔχομεν,
3376 5441 3513 5508 ὅπερ
3558 5441 3587 5492 ό
3635 5439 3834 5509 μέγας

2243 5530 2467 5601 εἴρηκεν
2514 5532 2851 5598 Ἀθανάσιος,
2880 5532 2971 5585 τὸν
2996 5532 3123 5585 Υίδν
3160 5532 3388 5603 μείζονα
3420 5533 3515 5586 τοῦ
3558 5531 3839 5603 Πνεῦμα-

2242 5639 2333 5687 τος
2356 5624 2624 5695 ἀριδὴλως
2658 5624 2860 5691 είπών;
2888 5620 3057 5690 Οὗτος
3112 5627 3221 5696 γὰρ
3246 5625 3394 5696 ἐντῷ
3421 5626 3562 5679 κατά
3597 5625 3841 5694 Ἀρεια-

569 5709 838 5767 insaniam
873 5708 998 5771 sibi,
1025 5725 1043 5759 ο
1074 5706 1263 5761 scribit
1285 5720 1301 5762 :
1327 5723 1345 5756 ι
1387 5701 1623 5773 Spiritus
1641 5702 1819 5768 dator,
1848 5702 1902 5756 in
1932 5701 2119 5770 Spit-iu

2246 5716 2352 5768 νῶν
2386 5715 2773 5786 πρώτῳλόγῳ,
2839 5709 2902 5768 οῦ
2953 5719 3173 5787 ἡάρχὴ,
3239 5735 3257 5770 ι
3294 5718 3359 5770 Δί
3406 5717 3504 5786 μὲν
3567 5717 3841 5787 αἱρέσεις

570 5806 705 5862 dicit
743 5819 888 5859 nunc
926 5803 1124 5873 ejicere
1157 5800 1452 5864 daemonia,
1505 5799 1613 5854 hoc
1652 5814 1784 5854 vero
1821 5814 1929 5853 non
1982 5799 2121 5853 alitei

2245 5808 2367 5860 ὅσαι
2402 5809 2497 5877 τῆς
2527 5806 2786 5877 ἀληθείας
2821 5809 3180 5878 ἐπινοήσασαι
3214 5807 3411 5879 μανίαν
3454 5809 3679 5871 ἑαυταῖς
3712 5824 3840 5879 φι-

574 5901 778 5955 dictum
810 5905 919 5960 est.
956 5909 1117 5958 quam
1161 5905 1380 5958 propter
1434 5906 1675 5946 carnem.
1718 5887 1851 5945 Nam
1881 5905 2004 5945 cum
2045 5906 2113 5946 na

2249 5901 2399 5972 vapz‘:
2432 5899 2780 5969 τυγχάνουσι,
2821 5920 2838 5953 ι
2875 5901 3057 5972 φησίν·
3106 5921 3122 5954 ι
3160 5902 3218 5955 ’0
3248 5901 3341 5955 τοῦ
3375 5900 3694 5964 Πνεῦματος
3734 5901 3831 5955 δο-
