4070 6696
863 435 879 452 ι
904 433 1099 451 ετηη⁴⁶ψῠ
1108 432 1137 450 3"

399 484 482 550 89
874 482 884 499 ’
1543 490 1640 552 DE
1684 489 1975 552 UNIONE
2018 490 2574 556 ECCLESIARUM.

3595 490 3674 554 90

404 591 628 659 ἐλέγετο
676 592 741 647 ἑκ
793 593 893 665 τῆς
922 584 1303 664 ’ὑποστάσεως
1340 600 1509 656 αὑτοῦ
1557 603 1972 674 ἐκπορεύεσθαι,

2085 603 2395 659 ltendtfntur
2427 620 2491 659 ex
2524 603 2828 672 semetipsis
2852 587 3232 669 decernentes,
3259 600 3520 673 Spiritum
3545 615 3669 655 esse

399 682 561 737 οὐδὲν
587 676 754 753 ἦττον
780 685 876 740 xui.
899 685 1061 740 πάλιν
1084 687 1405 743 ἁλίσκονται
1439 691 1501 756 ἐξ
1530 692 1738 745 ἑαυτῶν
1780 692 1983 760 δογμαο

399 773 676 842 στίζοντες,
706 776 978 848 ὑπάρχειν
1003 779 1065 833 τὸ
1088 780 1313 853 Πνεῦμα
1347 784 1440 837 καὶ
1463 785 1529 837 ἐκ
1567 783 1660 837 τοῦ
1688 783 1840 839 Υίοῦ.
1882 784 1983 837 Ἐκ

399 870 510 939 τῆς
532 867 630 921 τοῦ
655 869 874 939 Πατρὸς
901 871 1012 939 γὰρ
1043 873 1235 939 οὐσίας
1263 876 1358 928 καὶ
1389 875 1486 929 τοῦ
1518 875 1651 929 Υίοῦ
1685 873 1980 939 ἀναϐλύζει

399 973 469 1010 τε
502 960 597 1010 καὶ
638 961 901 1030 πηγάζει.
946 963 1058 1017 Καὶ
1099 965 1216 1033 είγε
1265 966 1409 1020 κατὰ
1463 968 1592 1031 τούς
1633 968 1702 1022 τὰ
1755 967 1982 1021 τοιαῦτα

401 1051 886 1123 τιχνολογοῦντας,
911 1059 1151 1130 ὁπηνίκα
1176 1059 1238 1114 τὸ
1265 1063 1328 1114 ἐκ
1363 1061 1463 1132 τῆς
1503 1062 1691 1126 οὐσίας
1742 1062 1837 1116 τοῦ
1866 1064 1981 1116 Πα-

404 1141 535 1209 τρὸς
560 1140 816 1211 λέγηται,
852 1146 882 1198 ό
916 1150 1017 1213 τῆς
1064 1149 1419 1213 ὑποστάσεως
1462 1149 1521 1202 οὐ
1569 1150 1979 1221 συμπαραλαμ-

410 1229 637 1286 ϐάνεται
677 1235 859 1304 λόγος,
886 1239 981 1291 καὶ
1012 1238 1079 1293 ἂν
1128 1237 1369 1311 ὁπηνίκα
1413 1241 1475 1295 τὸ
1522 1244 1587 1296 ἐκ
1635 1242 1736 1312 τῆς
1789 1243 1980 1307 οὐσίας

410 1320 508 1374 τοῦ
538 1321 671 1376 Υίοῦ
693 1323 943 1395 λέγηται,
976 1328 1009 1397 ἡ
1038 1327 1137 1396 τῆς
1170 1324 1529 1392 ὑποστάσεως
1558 1327 1742 1383 ἔννοια
1792 1329 1977 1400 χώραν

401 1412 508 1466 οὐκ
577 1413 734 1486 εχει,
790 1417 1176 1488 ἀναμφιϐόλως
1237 1404 1335 1472 καὶ
1390 1418 1537 1473 οὑτω
1614 1421 1852 1491 ὑπάρχει
1913 1419 1977 1474 τὺ

404 1503 633 1577 Πνεῦμα
675 1509 740 1562 ὲκ
768 1508 862 1562 τοῦ
914 1512 1125 1582 [ἰατρὸς
1164 1512 1259 1565 καὶ
1297 1516 1361 1567 ἐκ
1393 1514 1487 1567 τοῦ
1525 1513 1680 1566 Υίοῦ.
1729 1513 1825 1566 Ἐκ
1878 1514 1980 1583 τῆς

2088 704 2143 748 et
2169 711 2230 749 ex
2255 695 2421 761 Filio,
2447 712 2512 751 ex
2555 694 2733 751 Patris
2771 695 2916 751 enim
2957 694 3196 752 essentia
3237 703 3288 749 et
3335 691 3459 747 Filii
3496 692 3669 746 adluit

2088 796 2437 856 emanatque.
2471 788 2555 852 Et,
2583 789 2627 844 si
2652 803 2806 859 atque
2835 799 3000 858 atque
3036 786 3136 851 illi,
3160 787 3256 856 qui
3297 786 3351 839 in
3393 783 3668 838 similibus

2087 886 2435 946 argutantur,
2478 876 2764 942 aﬂirment,
2801 893 2925 932 cum
2951 894 3016 933 ex
3050 876 3290 932 essentia
3330 875 3505 928 Patris
3531 874 3666 927 dici-

2089 969 2386 1035 tur,‘nullo
2420 970 2582 1024 modo
2633 970 3023 1041 comprehendi
3086 970 3354 1026 rationem
3404 968 3665 1039 ltyposta-

2085 1073 2232 1125 seos,
2261 1075 2590 1127 rursumque
2623 1077 2746 1117 cum
2776 1078 2842 1117 ex
2881 1062 3121 1118 essentia
3165 1060 3285 1115 Filii
3319 1058 3668 1129 dicitur,lty-

2085 1136 2367 1219 postaseos
2394 1151 2805 1222 intelligentiam
2835 1152 3014 1206 locum
3067 1167 3175 1207 non
3208 1151 3429 1214 habere,
3461 1150 3665 1217 absque

2084 1241 2251 1296 dubio
2275 1252 2341 1297 cr
2358 1242 2460 1298 hoc
2482 1253 2639 1313 pacto
2663 1244 2905 1314 Spiritus
2931 1254 3014 1299 est
3042 1260 3106 1299 ex
3132 1242 3298 1305 Patre
3320 1251 3372 1296 et
3400 1258 3465 1295 ex
3501 1240 3659 1293 Filio.

2082 1329 2272 1388 Patres
2307 1334 2505 1388 etenim
2538 1334 2631 1403 qui
2674 1335 2863 1390 dicunt
2893 1351 2958 1390 ex
2985 1336 3225 1390 essentia
3254 1332 3455 1391 Patris.
3495 1332 3657 1384 iidem

2082 1434 2135 1478 et
2167 1439 2232 1479 ex
2259 1425 2498 1479 essentia
2521 1425 2645 1481 Filii
2687 1427 2961 1492 dixerunt,
2991 1436 3046 1481 et
3095 1442 3271 1496 neque
3302 1426 3354 1478 in
3385 1423 3543 1478 Patre
3570 1437 3667 1476 nc-

2085 1531 2192 1586 que
2216 1518 2270 1571 in
2296 1516 2434 1571 Filio
2466 1518 2821 1589 Itypostaseos
2848 1520 3168 1576 meminere.

397 1599 594 1663 οὐσίας
630 1600 742 1672 γάρ
766 1602 863 1675 τοῦ
889 1604 1104 1675 Πατρὸς
1134 1606 1384 1669 εἰπόντες
1416 1606 1466 1659 οί
1496 1605 1643 1675 ἅγιοι
1676 1607 1767 1660 καὶ⁸
1794 1607 1861 1661 ἐκ
1888 1607 1989 1677 τῆς
2014 1608 2208 1675 οὐσίας
2231 1609 2327 1664 τοῦ
2352 1610 2483 1665 Υίοῦ
2507 1608 2680 1679 εἷπον,
2710 1613 2804 1667 καὶ
2849 1612 2973 1667 οὔτε
3002 1615 3095 1668 ἐπὶ
3134 1611 3371 1682 Πατρὸς,
3412 1608 3535 1663 οὔτε
3565 1607 3662 1662 ἐπὶ

394 1690 498 1745 τοῦ
530 1691 662 1747 Υίοῦ
709 1695 1061 1762 ὑποστάσεως
1086 1699 1526 1769 ἐμνημόνευσαν.

474 1782 575 1841 λα’.
618 1785 761 1839 Ἀλλ’
819 1786 1054 1843 ἐνταῦθα
1105 1788 1165 1842 τὸ
1233 1790 1376 1861 μέγα
1422 1792 1600 1844 ἐκεῖνο
1646 1790 1755 1845 τῶν
1800 1792 1976 1847 πάντα

393 1874 812 1946 διαπορούντων
864 1878 1170 1935 ἀνακόπτει
1212 1882 1305 1936 καὶ
1350 1883 1515 1939 πάλιν
1562 1884 1850 1955 ἀπόρημα,
1882 1886 1976 1938 καί

2157 1794 2249 1850 51.
2287 1795 2394 1850 Sed
2437 1796 2529 1852 hic
2576 1797 2770 1868 ingens
2810 1799 2921 1863 illa,
2948 1812 3161 1861 eorum,
3184 1794 3276 1865 qui
3311 1794 3378 1848 de
3407 1792 3662 1849 omnibus

2087 1884 2360 1949 haesitant,
2407 1886 2634 1957 emergit
2671 1890 2870 1943 iterum
2923 1884 3215 1949 dubitatio,
3243 1884 3542 1951 aiuntque:
3580 1880 3665 1934 Si-

394 1983 570 2036 φασιν
591 1982 607 1998 ·
637 1969 811 2041 Εἴπερ
840 1970 972 2025 ἄλλο
1000 1974 1149 2027 ἐστὶν
1167 1974 1345 2038 οὐσία,
1372 1978 1467 2029 καὶ
1495 1975 1623 2030 ἄλλο
1651 1979 1972 2044 ὑπόστασις,

2081 1972 2300 2042 quidem
2362 1974 2507 2030 aliud
2560 1984 2643 2030 est
2697 1975 2961 2042 essentia,
3009 1983 3063 2028 et
3119 1972 3268 2027 aliud
3314 1970 3658 2043 itypostasis,

394 2059 594 2123 πῶςοὺ
619 2060 866 2133 διαφέρει
882 2062 943 2115 τὸ
958 2063 1033 2135 πῆ
1061 2065 1160 2134 μὲν
1182 2067 1247 2119 ὲκ
1270 2066 1369 2136 τῆς
1385 2067 1595 2133 οὐσίας,
1615 2069 1772 2139 πῆβὲ
1788 2069 1852 2122 ἐκ
1873 2071 1973 2140 τῆς

394 2152 756 2216 ὑποστάσεως
778 2153 959 2222 λέγειν
981 2172 997 2223 ;
1026 2156 1222 2228 Ἡμεῖς
1246 2159 1303 2213 δὲ
1326 2158 1397 2213 τὰ
1422 2160 1650 2215 τοιαῦτα
1671 2159 1974 2224 παιζόντων

397 2243 608 2314 μᾶλλον
624 2244 659 2314 ἢ
678 2245 1083 2311 σπουδαζόντων
1097 2246 1551 2321 διαγινώσκομεν.
1562 2252 1708 2305 Ἔδει
1723 2253 1833 2324 γὰρ
1849 2253 1975 2317 τοὺς

392 2336 682 2400 τοιούτους
697 2337 1029 2392 διανοεῖσθαι
1052 2340 1148 2405 ὡς,
1173 2344 1223 2394 εἰ
1250 2343 1344 2396 καὶ
1362 2342 1491 2398 ἄλλο
1512 2343 1609 2415 μέν
1627 2346 1774 2399 ἐστιν
1791 2344 1970 2411 οὐσία,

393 2427 535 2482 ἄλλο
554 2428 613 2482 δὲ
644 2430 943 2495 ὑπόστασις
974 2432 1066 2485 ἐπὶ
1089 2433 1220 2505 ὅλης
1260 2436 1533 2506 εἰρημένα
1553 2438 1651 2507 τῆς
1689 2436 1969 2507 θεότητος.

394 2517 478 2574 Τὸ
513 2520 614 2590 μὲν
638 2522 747 2593 γὰρ
779 2522 930 2591 δηλοῖ
958 2524 1016 2579 τὸ
1059 2527 1120 2580 ἐν
1149 2531 1213 2598 τῇ
1249 2529 1443 2599 Τριάδι
1496 2529 1800 2599 μοναδικδν,
1833 2530 1971 2600 ὅπερ

394 2610 551 2663 ἐστὶν
588 2614 623 2680 ἡ
654 2613 753 2681 μία
768 2614 934 2668 οὐσία
961 2619 1059 2689 τῆς
1085 2617 1361 2691 θεότητος,
1392 2621 1451 2673 τὸ
1473 2620 1529 2674 δὲ
1561 2622 1623 2674 τὸ
1668 2622 1726 2675 ὲν
1761 2625 1828 2694 τῇ
1874 2639 1972 2691 μο-

394 2699 522 2754 νάδι
561 2703 866 2773 τριαδικὸν,
916 2706 1054 2778 ὅπερ
1080 2709 1232 2762 ἐστὶν
1283 2712 1315 2780 ἡ
1347 2711 1443 2782 τῆς
1477 2714 1608 2783 μιᾶς
1660 2712 1850 2775 οὐσίας
1890 2713 1971 2776 είς

396 2791 531 2865 τρία
572 2796 842 2865 πρόσωπα
878 2797 1147 2867 διαίρεσις
1172 2800 1503 2871 ἀδιαίρετος,
1530 2802 1649 2855 ἀλλ’
1679 2802 1778 2855 οὐκ
1822 2801 1988 2865 ἔστινΔ

395 2886 540 2950 ὅλως
614 2888 875 2954 εὑσεόοῦς
922 2891 1135 2954 ἑννοίας
1190 2894 1453 2963 ἐχόμενον
1501 2893 1534 2963 ἢ
1592 2892 1969 2948 ἀνυπόστατον

397 2978 646 3031 νοείσθαι
686 2980 784 3052 τὴν
828 2980 927 3034 τοῦ
972 2983 1184 3053 Πατρδς
1229 2984 1441 3048 οὐσίαν,
1488 2983 1728 3053 ὁπηνίκα
1763 2984 1826 3035 ἐκ
1870 2984 1970 3053 τῆς

396 3067 594 3133 οὐσίας
629 3068 725 3123 τοῦ
758 3071 973 3143 Πατρὸς
1001 3071 1271 3140 θεολογῶν
1304 3072 1438 3145 λέγῃ
1485 3091 1591 3136 τις,
1636 3073 1669 3144 ἢ
1718 3070 1967 3142 ἀνούοιον

394 3159 501 3230 τὴν
535 3160 862 3227 ὑπόστασιν,
888 3164 1128 3235 ὁπηνίκα
1154 3166 1219 3219 ἐκ
1245 3166 1345 3233 τῆς
1369 3166 1729 3229 ὑποστάσεως
1756 3166 1965 3235 φάσκῃ,

398 3251 489 3305 ῐνα
515 3251 591 3324 μὴ
622 3256 714 3307 καὶ
738 3255 1035 3327 διαφόρους
1082 3261 1372 3329 γεννήσεις
1427 3259 1522 3314 τοῦ
1563 3259 1684 3324 ἐνὸς
1721 3259 1853 3313 Υίοῦ
1902 3262 1967 3313 ἐκ

2076 2078 2184 2132 qua
2229 2062 2297 2118 de
2348 2079 2515 2120 causa
2547 2080 2656 2121 non
2705 2066 2918 2130 differt,
2968 2063 3265 2134 aliquando
3306 2075 3369 2116 ex
3402 2062 3662 2126 essentia,

2074 2153 2370 2223 aliquando
2437 2169 2505 2210 ex
2554 2157 2838 2228 hypostasi
2904 2157 3119 2212 dicere?
3148 2154 3259 2211 Nos
3291 2168 3421 2209 vero
3456 2152 3658 2209 similia

2073 2245 2383 2301 ludentium
2424 2249 2597 2319 magis
2647 2265 2812 2318 quam
2873 2249 3205 2305 studentium
3247 2261 3367 2302 esse
3431 2255 3658 2299 conten-

2071 2337 2276 2394 dimus.
2350 2336 2598 2411 Namque
2664 2341 2812 2397 hisce
2867 2338 3325 2396 considerandum
3379 2345 3564 2399 esset,
3612 2336 3658 2390 si

2074 2431 2223 2488 aliud
2284 2441 2370 2487 est
2425 2432 2700 2498 essentia,
2762 2432 2909 2486 aliud
2987 2430 3317 2501 ltypostasis,
3387 2428 3453 2481 de
3533 2425 3656 2479 uni-

2071 2538 2227 2578 versa
2260 2520 2469 2579 Deitate
2497 2524 2695 2578 dictata
2727 2542 2741 2578 :
2776 2524 2877 2579 boc
2909 2523 3054 2577 enim
3095 2529 3244 2575 notat
3276 2534 3443 2573 unum
3464 2558 3478 2584 ,
3514 2515 3656 2587 quod

2072 2614 2127 2671 in
2186 2614 2384 2671 Triade
2430 2625 2548 2678 est,
2610 2630 2732 2686 quae
2788 2624 2871 2671 est
2935 2631 3041 2670 una
3108 2613 3332 2668 Deitatis
3397 2609 3655 2672 essentia,

2071 2706 2219 2787 illud.
2265 2708 2466 2762 trinum
2510 2708 2561 2762 in
2595 2708 2836 2773 unitate,
2893 2724 3015 2778 quae
3065 2715 3149 2761 est
3183 2706 3345 2758 unius
3404 2700 3656 2758 essentia:

2073 2800 2127 2854 in
2176 2810 2287 2855 tres
2326 2816 2586 2870 personas
2626 2800 2825 2855 divisio
2871 2800 3124 2863 indivisa,
3168 2808 3220 2852 et
3256 2813 3285 2850 a
3319 2796 3422 2866 piis
3453 2793 3695 2859 cogita“

2071 2893 2313 2947 tionibus
2361 2892 2598 2947 alienum
2663 2899 2782 2958 est,
2842 2891 2926 2947 vel
2980 2893 3097 2946 sine
3151 2887 3427 2960 ltypuslasi
3481 2885 3658 2938 Patris

2072 2988 2358 3043 essentiam
2392 2988 2637 3057 intelligi,
2670 3003 2793 3043 cum
2821 3003 2883 3042 ex
2909 2986 3146 3042 essentia
3183 2983 3357 3039 Patris
3390 2983 3455 3037 de
3490 2981 3654 3036 rebus

2071 3075 2272 3133 divinis
2327 3077 2876 3147 tradens.quispiatn
2929 3075 3083 3140 dicit,
3140 3074 3223 3128 vel
3264 3073 3382 3127 sine
3414 3072 3655 3126 essentit

2070 3168 2576 3241 hypostasim,cum
2615 3184 2680 3223 ex
2707 3167 2984 3239 ltypostasi
3012 3166 3166 3232 dicit,
3198 3181 3265 3219 ne
3305 3164 3550 3218 d'.versas
3591 3175 3656 3215 ac

2071 3262 2249 3316 varias
2286 3262 2449 3316 unius
2481 3259 2605 3316 Filii
2633 3275 2698 3316 ex
2734 3276 2841 3315 uno
2898 3260 3058 3314 Patre
3114 3257 3494 3328 generationes
3527 3253 3659 3306 insi-

396 3343 495 3397 τοῦ
546 3345 665 3410 ἑνὸς
722 3326 939 3419 Πατρός
991 3326 1154 3404 δώσει
1209 3326 1452 3406 νοεῖσθαι
1482 3353 1511 3406 ὀ
1540 3354 1716 3407 ταῦτα
1767 3353 1963 3422 λέγων,

2074 3366 2243 3407 uuare
2266 3351 2535 3416 videatur,
2565 3351 2659 3421 qui
2693 3350 2888 3407 similia
2926 3326 3162 3418 profert,
3188 3345 3334 3417 quod
3363 3343 3617 3413 aliquanti

406 3436 487 3490 διὰ
515 3436 680 3507 sana
715 3441 812 3509 μὲν
843 3443 907 3495 ἐκ
960 3443 1059 3513 τῆς
1118 3443 1309 3508 οὐσίας
1357 3445 1455 3500 τοῦ
1520 3446 1734 3518 Πατρὸς
1787 3446 1967 3500 θεολο-

402 3532 619 3603 γεῖσθαι
645 3533 991 3606 γεννώμενον
1021 3536 1115 3590 τὸν
1142 3536 1293 3602 Υἱὺν,
1324 3537 1401 3608 πῆ
1430 3539 1487 3592 δὲ
1516 3539 1580 3591 ὲκ
1610 3537 1703 3591 τοῦ
1732 3538 1965 3609 Πατρὺς,

392 3625 537 3694 ὅπερ
572 3626 673 3696 τῆς
703 3627 1058 3692 ὑποστάσεως
1117 3630 1269 3683 ἔστιν
1319 3631 1739 3701 ἀναντιρῥήτως
1796 3631 1962 3696 δηλω-

391 3714 573 3780 τικὸν,
625 3717 723 3769 καλ⁸
750 3716 1044 3788 διαφόρους
1089 3720 1452 3787 ὲκπορεύσεις
1490 3721 1586 3773 τοῦ
1645 3720 1968 3790 Πνεῦματος

394 3809 468 3861 ὲκ
493 3807 590 3862 τοῦ
624 3809 792 3863 αὐτοῦ
819 3811 1057 3880 Πατρὸς.
1081 3812 1169 3866 διὰ
1201 3814 1262 3867 τὸ
1290 3813 1367 3883 πῆ
1415 3815 1514 3883 μὲν
1546 3815 1610 3868 ἐκ
1643 3815 1743 3884 τῆς
1778 3814 1965 3878 οὐσίας

394 3899 492 3951 τοῦ
525 3900 741 3970 Πατρός
771 3901 1145 3971 θεολογεῖσθαι
1173 3903 1233 3957 τὸ
1250 3904 1475 3975 Πνεῦμα
1504 3906 1965 3974 ἐκπορευόμενον,

393 3991 476 4061 πῆ
505 3991 561 4047 δὲ
589 3992 653 4045 ὲκ
684 3994 780 4046 τοῦ
806 3995 1038 4065 Πατρός.
1075 3996 1218 4049 Ἀλλ’
1247 3997 1329 4049 ὅτι
1359 3998 1459 4065 μὲν
1485 3998 1585 4051 οὐκ
1616 3996 1742 4050 ἄλλο
1770 3997 1886 4049 ἐστὶ
1909 3998 1970 4050 τὸ

396 4083 693 4154 ὑπάρχειν,
718 4087 814 4140 καὶ
834 4086 963 4139 ἄλλο
984 4088 1045 4140 τὸ
1073 4087 1172 4159 τὴν
1199 4087 1431 4160 ὕπαρξιν
1478 4088 1646 4160 ἔχειν,
1676 4088 1966 4157 δέδεικται,

394 4174 466 4227 ἔκ
498 4191 559 4247 τε
582 4175 678 4229 τοῦ
711 4177 786 4247 μὴ
812 4176 1075 4232 δύνασθαί
1102 4195 1158 4233 τι
1198 4182 1263 4234 ἐκ
1303 4180 1406 4250 τῆς
1451 4181 1643 4245 οὐσίας
1699 4182 1968 4253 ὑπάρχειν

393 4263 544 4327 τινος
606 4265 873 4332 ἀνουσίως
919 4274 1015 4323 καὶ
1055 4272 1466 4339 ἁνυποστάεως,
1517 4276 1612 4328 καὶ
1659 4276 1723 4328 ὲκ
1757 4275 1852 4328 τοῦ
1890 4276 1967 4345 μὴ

393 4356 728 4431 δύνασθαιῆ
773 4362 1148 4418 ἀνυπόστατον
1195 4365 1294 4437 τὴν
1351 4365 1445 4419 τοῦ
1493 4367 1708 4440 nam;
1775 4369 1964 4423 οὐσίαν

393 4454 561 4517 νοεῖν,
589 4453 824 4525 ὁπηνίκα
862 4473 947 4520 τις
972 4459 1035 4510 ἐκ
1070 4459 1169 4526 τῆς
1199 4461 1386 4524 οὐσίας
1432 4460 1528 4514 τοῦ
1566 4460 1777 4531 Πατρδς
1829 4459 1969 4532 λέγῃ

393 4542 461 4594 τὸ
490 4542 736 4615 Πνεῦμα,
771 4548 803 4618 ἢ
831 4548 1081 4603 ἀνοὺσιον
1107 4550 1207 4620 τὴν
1236 4551 1557 4615 ὑπόστασιν,
1610 4553 1850 4619 ὁπηνίκα
1898 4554 1964 4606 ὲκ

394 4635 496 4689 τοῦ
542 4638 775 4709 Πατρός,
828 4641 1070 4696 τουτέστι
1123 4645 1224 4714 τῆς
1281 4644 1559 4716 πατρικῆς
1617 4646 1965 4709 ὑποστάσεως
2001 4666 2044 4720 ι)

397 4728 540 4787 εἶναι
570 4733 708 4807 λέγῃ
741 4735 895 4792 αὑτό.

478 4825 582 4896 λβθ.
636 4826 793 4881 Ἐπεὶ
820 4828 879 4882 δὲ
919 4828 1018 4883 οὐκ
1047 4828 1141 4883 ἐπὶ
1185 4833 1321 4886 πᾶσι
1364 4831 1470 4885 τῶν
1502 4832 1968 4902 ἀναγεγραμένων

403 4919 583 4988 ῥητῶν
616 4918 846 4990 εὓρηται
872 4920 931 4973 τὸ
955 4922 1293 4993 Πνεῦμαδδιά
1317 4923 1484 4995 μόνης
1512 4924 1612 4993 τῆς
1644 4925 1735 4977 τοῦ
1776 4923 1971 4991 ὑπάρ-

402 5025 535 5077 χειν
567 5008 770 5073 λέξεως
800 5008 1094 5080 λεγόμενον
1123 5013 1390 5084 ὑπάρχειν
1425 5014 1489 5066 ἐκ
1529 5013 1624 5067 τοῦ
1680 5013 1811 5066 Υίοῦ
1864 5030 1967 5084 φυ-

402 5101 569 5164 σικῶς
599 5119 661 5155 τε
695 5104 789 5156 καὶ
833 5103 1127 5170 οὐσιωδῶς,
1155 5106 1273 5159 ἀλλ’
1308 5106 1457 5160 ἐστιν
1505 5101 1566 5162 οὗ
1601 5108 1694 5160 καὶ
1739 5108 1827 5161 διὰ
1867 5107 1965 5160 τοῦ

401 5195 773 5262 ἁναὸλύζειν,
831 5198 927 5251 καὶ
986 5198 1344 5268 ἐκλάμπειν,
1402 5201 1497 5253 καὶ
1544 5198 1966 5269 προέρχεσθαι,

402 5286 493 5339 καὶ
511 5287 888 5356 προχεῖσθαι,
917 5289 1136 5359 ίσχυρὸν
1164 5291 1380 5356 πάντως
1407 5293 1489 5353 είς
1513 5291 1787 5355 ἀπόδειξιν
1814 5292 1967 5343 ἔσται

400 5376 494 5431 τοῦ
529 5375 669 5431 εἶναι
701 5381 989 5434 καὶταῦτα
1019 5382 1294 5453 δηλωτικὰ
1318 5383 1413 5436 τοῦ
1437 5383 1683 5453 φυσικῶς
1714 5382 1846 5436 αὐτὸ
1872 5383 1966 5441 καὶ

402 5470 679 5535 οὐσιωδῶς
700 5473 969 5544 ὑπάρχειν
998 5476 1063 5528 ἐκ
1093 5476 1186 5529 τοῦ
1210 5476 1365 5542 Υίοῦ,
1390 5478 1483 5530 ἐὰν
1508 5476 1598 5529 διά
1625 5492 1789 5529 τινων
1824 5491 1967 5545 γρα-

403 5563 580 5632 φικῶν
624 5564 803 5635 ῥητῶν
850 5566 1045 5638 φανείη
1085 5567 1478 5638 λαμόανόμενα
1526 5571 1639 5632 τοῖς
1693 5566 1968 5635 θεολόγοις

402 5654 594 5719 ταῦτα,
627 5655 708 5718 εις
729 5654 964 5724 δήλωσιν
992 5659 1083 5710 καὶ
1109 5658 1209 5726 τῆς
1243 5659 1308 5739 ὲκ
1338 5659 1568 5728 Ιιατρὸς,
1598 5656 1835 5727 φυσικῆς
1871 5658 1966 5711 τοῦ

403 5746 535 5800 Υίοῦ
568 5749 662 5801 καὶ
688 5750 982 5815 οὐσιὼδους
1013 5750 1321 5822 ὑπάρξεως.
1370 5752 1499 5805 Ἐὰν
1527 5752 1636 5823 γὰρ
1669 5752 1730 5804 τὸ
1762 5752 1969 5820 ἐκλάμ-

407 5856 530 5895 πειν
564 5841 714 5912 παρὰ
745 5844 955 5915 Πατρδς
1003 5844 1094 5899 τὸν
1130 5845 1279 5912 Υίὸν,
1332 5845 1426 5898 ἐὰν
1478 5844 1539 5897 τὸ
1600 5843 1963 5914 προέρχεσθαι

409 5932 558 6011 παρὰ
592 5934 804 6007 Harpe;
832 5937 921 5991 τὸν
952 5936 1101 6004 Υἰὸν,
1132 5937 1224 6011 και
1252 5937 1320 5992 τὰ
1348 5936 1480 5994 ἄλλα
1500 5936 1736 6012 δηλῶσιν
1769 5937 1826 5989 οὐ
1838 5953 1963 5994 σιω-

2070 3458 2135 3499 ex
2163 3443 2399 3499 essentia
2427 3441 2604 3498 Patris
2626 3444 2866 3515 genitum
2900 3441 3341 3502 Filiumasserat,
3368 3436 3658 3505 aliquando

2069 3548 2136 3588 ex
2160 3533 2341 3597 Patre,
2372 3534 2514 3601 quod
2543 3534 2660 3588 sine
2701 3532 2810 3587 ulla
2853 3529 3283 3601 contradictione
3316 3525 3652 3598 bypostasim

2070 3632 2246 3690 notat,
2300 3632 2356 3681 et
2401 3624 2647 3689 diversas
2711 3622 3092 3693 processiones
3147 3618 3385 3688 Spiritus
3433 3631 3499 3669 ex
3537 3615 3656 3683 ipso

2070 3715 2249 3779 Patre,
2280 3715 2424 3786 quod
2454 3714 2746 3784 aliquando
2779 3728 2845 3768 ex
2883 3711 3119 3767 essentia
3172 3709 3351 3764 Patris
3412 3706 3655 3776 Spiritus

2071 3805 2368 3877 procedere
2420 3804 2740 3870 aﬂirmetur,
2794 3802 3089 3874 aliquando
3117 3817 3180 3856 ex
3224 3799 3399 3854 Patre.
3456 3797 3652 3853 Verum

2072 3918 2181 3956 non
2209 3899 2356 3954 aliud
2378 3914 2522 3965 esse,
2550 3897 2838 3959 exsistere,
2878 3904 2932 3951 et
2974 3895 3119 3949 aliud
3150 3891 3528 3948 exsistentiam
3561 3889 3655 3942 ha-

2071 3994 2221 4059 bere,
2273 3992 2711 4047 demonstratmn
2747 4000 2833 4045 est
2886 4005 2952 4042 cx
2999 4003 3085 4049 eo,
3114 3986 3258 4056 quod
3320 3998 3429 4037 non
3481 3984 3655 4051 possit

2072 4085 2275 4157 aliquid
2326 4101 2392 4140 ex
2442 4080 2679 4141 essentia
2734 4083 2964 4161 alicujus
2998 4096 3120 4136 esse
3151 4080 3267 4133 sine
3314 4075 3554 4132 essentia
3598 4088 3651 4128 et

2072 4178 2390 4250 ltypostasi,
2425 4188 2478 4232 et
2510 4175 2656 4247 quod
2700 4174 2815 4229 ﬁeri
2848 4172 3058 4250 nequit,
3099 4182 3153 4225 ιιι
3196 4180 3293 4224 aut
3337 4170 3456 4223 sine
3489 4169 3652 4236 hypo-

2071 4270 2203 4326 stasi
2227 4268 2399 4324 Patris
2418 4268 2656 4323 essentia
2683 4265 3043 4335 concipiatur,
3064 4279 3187 4318 cum
3213 4260 3481 4332 quispiam
3506 4273 3655 4311 asse-

2072 4364 2163 4429 rit,
2212 4379 2279 4418 ex
2332 4363 2569 4418 essentia
2621 4361 2800 4416 Patris
2818 4360 3113 4430 Spiritum,
3141 4367 3231 4409 aut
3259 4356 3376 4411 sine
3417 4350 3650 4407 essentia

2073 4449 2399 4520 Itypostasis,
2430 4436 2556 4505 cum
2577 4465 2643 4504 ex
2674 4448 2851 4511 Patre,
2881 4447 3157 4519 bypustasi
3183 4456 3404 4515 paterna
3440 4456 3652 4510 nempe,

2073 4558 2194 4598 esse
2215 4542 2465 4598 eumdem
2502 4540 2656 4597 dicit.

2142 4822 2231 4876 52.
2258 4821 2392 4874 Cum
2429 4834 2589 4890 porro
2621 4820 2674 4872 in
2727 4817 2981 4872 omnibus
3028 4831 3191 4887 supra
3244 4815 3530 4885 descriptis
3572 4824 3654 4871 tc—

2071 4912 2348 4970 stimoniis
2405 4927 2511 4967 non
2570 4910 2872 4980 reperiatur
2910 4909 3144 4979 Spiritus
3195 4924 3288 4979 per
3324 4909 3495 4963 solam
3541 4916 3654 4961 esse

2072 5007 2364 5062 dictionem
2395 5005 2571 5060 dictus
2598 5018 2722 5058 esse
2755 5020 2819 5058 ex
2868 5001 3007 5057 Filio
3039 5001 3358 5056 naturaliter
3387 5010 3440 5054 et
3467 5015 3655 5055 essen-

2074 5100 2295 5166 tialiter,
2325 5099 2419 5153 sed
2448 5097 2502 5152 in
2527 5097 2801 5167 aliquibus
2842 5110 3058 5166 quoque
3088 5110 3183 5167 per
3204 5095 3347 5156 illas,
3378 5109 3649 5157 emanare,

2070 5191 2291 5255 elucere,
2316 5190 2605 5258 provenire,
2630 5187 2905 5257 profundi,
2937 5202 3188 5256 prorsum
3218 5185 3507 5240 maximam
3536 5184 3643 5237 vim

2073 5284 2289 5340 habebit
2306 5284 2371 5338 ad
2386 5283 2890 5346 demonstrandum,
2908 5296 3000 5335 eas
3018 5279 3305 5336 identidem
3321 5277 3648 5350 signiﬁcate,

2072 5376 2386 5431 naturaliter
2418 5374 2567 5428 illum
2594 5384 2648 5428 et
2668 5373 3028 5429 essentialiter
3052 5389 3175 5428 esse
3198 5388 3262 5425 ex
3286 5370 3445 5430 Filio.
3471 5369 3516 5424 si
3547 5385 3639 5438 per

2070 5468 2317 5538 quintium
2365 5465 2569 5536 scripto
2604 5467 2802 5520 tradita
2831 5467 2972 5520 dicta
2998 5464 3334 5535 apparuerit,
3365 5462 3583 5517 easdem
3611 5477 3641 5515 a

2073 5560 2339 5631 theologis
2368 5560 2595 5626 assumi,
2639 5561 2707 5613 ad
2738 5557 3029 5614 notandam
3061 5573 3125 5612 ex
3154 5555 3315 5610 Patre
3344 5554 3642 5609 naturalem

2071 5653 2191 5717 Filii
2219 5662 2273 5709 et
2293 5654 2638 5710 essentialem
2664 5652 3062 5708 exsistentiam.
3106 5648 3316 5704 Etenim
3351 5648 3397 5703 si
3428 5649 3645 5703 elucere

2070 5764 2136 5803 ex
2162 5747 2317 5802 Patre
2343 5744 2622 5813 Filium,si
2646 5745 2929 5815 provenire
2950 5760 3015 5799 ex
3039 5742 3196 5797 Patre
3221 5740 3438 5809 Filium,
3465 5741 3640 5797 etalia
3692 5754 3697 5767 '

2072 5842 2332 5905 indicant,
2374 5855 2497 5895 eum
2538 5837 2899 5894 essentialiter
2927 5842 3061 5892 esse‘
3087 5851 3152 5891 ex
3198 5835 3376 5904 Patre,
3415 5836 3645 5891 manife-

2070 5946 2211 5993 stum
2246 5943 2491 5990 remanet
2520 5940 2575 5989 et
2603 5932 2862 6001 Spiritum
2907 5929 3232 6000 eludentem,
3266 5938 3639 5995 emanantem,
