  <div class='ocr_page' id='page_1' title='image "/cluster/home/n/w/nwhite01/storage/ocr_20150623/141/hvd.32044019208313/053.png"; bbox 0 0 4070 6686; ppageno 0'>
   <div class='ocr_carea' id='block_1_1' title="bbox 388 404 454 470">
    <p class='ocr_par' dir='ltr' id='par_1_1' title="bbox 388 404 454 470">
     <span class='ocr_line' id='line_1_1' title="bbox 388 404 454 470; baseline -0.03 0"><span class='ocrx_word' id='word_1_1' title='bbox 388 404 454 470; x_wconf 74' lang='lat'><strong>91</strong></span> 
     </span>
    </p>
   </div>
   <div class='ocr_carea' id='block_1_2' title="bbox 1408 409 2580 477">
    <p class='ocr_par' dir='ltr' id='par_1_2' title="bbox 1408 409 2580 477">
     <span class='ocr_line' id='line_1_2' title="bbox 1408 409 2580 477; baseline -0.001 -5"><span class='ocrx_word' id='word_1_2' title='bbox 1408 409 1620 472; x_wconf 71' lang='lat' dir='ltr'><strong>JOAN.</strong></span> <span class='ocrx_word' id='word_1_3' title='bbox 1663 409 1876 470; x_wconf 78' lang='lat' dir='ltr'><strong>VECCI</strong></span> <span class='ocrx_word' id='word_1_4' title='bbox 1916 409 2027 469; x_wconf 90' lang='lat' dir='ltr'><strong>CP.</strong></span> <span class='ocrx_word' id='word_1_5' title='bbox 2068 409 2580 477; x_wconf 61' lang='lat' dir='ltr'><strong>PATRIARCHJE</strong></span> 
     </span>
    </p>
   </div>
   <div class='ocr_carea' id='block_1_3' title="bbox 392 518 1978 595">
    <p class='ocr_par' dir='ltr' id='par_1_3' title="bbox 392 522 1969 594">
     <span class='ocr_line' id='line_1_3' title="bbox 392 522 1969 594; baseline 0.001 -18"><span class='ocrx_word' id='word_1_6' title='bbox 392 522 797 594; x_wconf 85' lang='lat' dir='ltr'><strong>provenientem</strong></span> <span class='ocrx_word' id='word_1_7' title='bbox 828 538 891 580; x_wconf 77' lang='lat' dir='ltr'><strong>ex</strong></span> <span class='ocrx_word' id='word_1_8' title='bbox 923 522 1061 579; x_wconf 81' lang='lat' dir='ltr'><strong>Filio</strong></span> <span class='ocrx_word' id='word_1_9' title='bbox 1085 522 1400 580; x_wconf 71' lang='lat' dir='ltr'><strong>naturaliter</strong></span> <span class='ocrx_word' id='word_1_10' title='bbox 1430 535 1484 580; x_wconf 83' lang='lat' dir='ltr'><strong>et</strong></span> <span class='ocrx_word' id='word_1_11' title='bbox 1523 523 1883 582; x_wconf 83' lang='lat' dir='ltr'><strong>essentialiter</strong></span> <span class='ocrx_word' id='word_1_12' title='bbox 1905 538 1969 579; x_wconf 82' lang='lat' dir='ltr'><strong>ex</strong></span> 
     </span>
    </p>
   </div>
   <div class='ocr_carea' id='block_1_4' title="bbox 2080 518 3645 595">
    <p class='ocr_par' dir='ltr' id='par_1_4' title="bbox 2080 518 3645 595">
     <span class='ocr_line' id='line_1_4' title="bbox 2080 518 3645 595; baseline 0.001 -20"><span class='ocrx_word' id='word_1_13' title='bbox 2080 523 2182 586; x_wconf 78' lang='grc' dir='ltr'>ΰῶς</span> <span class='ocrx_word' id='word_1_14' title='bbox 2218 524 2487 595; x_wconf 77' lang='grc' dir='ltr'><strong>ὑπάρχειν</strong></span> <span class='ocrx_word' id='word_1_15' title='bbox 2514 525 2680 578; x_wconf 75' lang='grc' dir='ltr'>αὑτὸν</span> <span class='ocrx_word' id='word_1_16' title='bbox 2712 525 2780 579; x_wconf 75' lang='grc' dir='ltr'>ἐκ</span> <span class='ocrx_word' id='word_1_17' title='bbox 2811 521 3048 593; x_wconf 76' lang='grc' dir='ltr'>Πατρδς,</span> <span class='ocrx_word' id='word_1_18' title='bbox 3092 521 3358 595; x_wconf 76' lang='grc' dir='ltr'>πρόδηλον</span> <span class='ocrx_word' id='word_1_19' title='bbox 3401 518 3482 575; x_wconf 79' lang='grc' dir='ltr'>δτι</span> <span class='ocrx_word' id='word_1_20' title='bbox 3540 521 3645 577; x_wconf 77' lang='grc' dir='ltr'>καὶ</span> 
     </span>
    </p>
   </div>
   <div class='ocr_carea' id='block_1_5' title="bbox 388 613 1967 688">
    <p class='ocr_par' dir='ltr' id='par_1_5' title="bbox 388 613 1967 688">
     <span class='ocr_line' id='line_1_5' title="bbox 388 613 1967 688; baseline 0.003 -21"><span class='ocrx_word' id='word_1_21' title='bbox 388 628 455 668; x_wconf 81' lang='lat' dir='ltr'><strong>eo</strong></span> <span class='ocrx_word' id='word_1_22' title='bbox 494 629 639 670; x_wconf 78' lang='lat' dir='ltr'><strong>esse.</strong></span> <span class='ocrx_word' id='word_1_23' title='bbox 672 613 859 686; x_wconf 82' lang='lat' dir='ltr'><strong>Neque</strong></span> <span class='ocrx_word' id='word_1_24' title='bbox 880 617 1030 671; x_wconf 85' lang='lat' dir='ltr'><strong>enim</strong></span> <span class='ocrx_word' id='word_1_25' title='bbox 1078 615 1198 671; x_wconf 86' lang='lat' dir='ltr'><strong>sine</strong></span> <span class='ocrx_word' id='word_1_26' title='bbox 1244 617 1524 688; x_wconf 84' lang='lat' dir='ltr'><strong>liypostasi</strong></span> <span class='ocrx_word' id='word_1_27' title='bbox 1570 635 1635 673; x_wconf 80' lang='lat' dir='ltr'><strong>ex</strong></span> <span class='ocrx_word' id='word_1_28' title='bbox 1669 617 1809 673; x_wconf 83' lang='lat' dir='ltr'><strong>Filio</strong></span> <span class='ocrx_word' id='word_1_29' title='bbox 1845 617 1967 688; x_wconf 90' lang='lat' dir='ltr'><strong>Spi-</strong></span> 
     </span>
    </p>
   </div>
   <div class='ocr_carea' id='block_1_6' title="bbox 390 705 1966 780">
    <p class='ocr_par' dir='ltr' id='par_1_6' title="bbox 390 705 1966 780">
     <span class='ocr_line' id='line_1_6' title="bbox 390 705 1966 780; baseline 0.004 -23"><span class='ocrx_word' id='word_1_30' title='bbox 390 705 530 761; x_wconf 88' lang='lat' dir='ltr'><strong>ritus</strong></span> <span class='ocrx_word' id='word_1_31' title='bbox 550 705 765 773; x_wconf 76' lang='lat' dir='ltr'><strong>effusio,</strong></span> <span class='ocrx_word' id='word_1_32' title='bbox 804 709 1028 766; x_wconf 77' lang='lat' dir='ltr'><strong>emissio</strong></span> <span class='ocrx_word' id='word_1_33' title='bbox 1062 719 1116 765; x_wconf 82' lang='lat' dir='ltr'><strong>et</strong></span> <span class='ocrx_word' id='word_1_34' title='bbox 1148 708 1360 767; x_wconf 77' lang='lat' dir='ltr'><strong>cﬂulsio</strong></span> <span class='ocrx_word' id='word_1_35' title='bbox 1392 710 1745 780; x_wconf 72' lang='lat' dir='ltr'><strong>intelligetur,</strong></span> <span class='ocrx_word' id='word_1_36' title='bbox 1774 726 1966 778; x_wconf 76' lang='lat' dir='ltr'><strong>quem-</strong></span> 
     </span>
    </p>
   </div>
   <div class='ocr_carea' id='block_1_7' title="bbox 387 797 1967 869">
    <p class='ocr_par' dir='ltr' id='par_1_7' title="bbox 387 797 1967 869">
     <span class='ocr_line' id='line_1_7' title="bbox 387 797 1967 869; baseline 0.004 -20"><span class='ocrx_word' id='word_1_37' title='bbox 387 797 683 851; x_wconf 79' lang='lat' dir='ltr'><strong>admodum</strong></span> <span class='ocrx_word' id='word_1_38' title='bbox 731 815 907 869; x_wconf 64' lang='lat' dir='ltr'><strong>neiiue</strong></span> <span class='ocrx_word' id='word_1_39' title='bbox 956 801 1076 856; x_wconf 83' lang='lat' dir='ltr'><strong>Filii</strong></span> <span class='ocrx_word' id='word_1_40' title='bbox 1127 820 1192 859; x_wconf 75' lang='lat' dir='ltr'><strong>ex</strong></span> <span class='ocrx_word' id='word_1_41' title='bbox 1232 803 1413 858; x_wconf 77' lang='lat' dir='ltr'><strong>Patre.</strong></span> <span class='ocrx_word' id='word_1_42' title='bbox 1441 801 1507 855; x_wconf 87' lang='lat' dir='ltr'><strong>Et</strong></span> <span class='ocrx_word' id='word_1_43' title='bbox 1544 810 1752 856; x_wconf 86' lang='lat' dir='ltr'><strong>attento</strong></span> <span class='ocrx_word' id='word_1_44' title='bbox 1785 801 1967 855; x_wconf 85' lang='lat' dir='ltr'><strong>animo</strong></span> 
     </span>
    </p>
   </div>
   <div class='ocr_carea' id='block_1_8' title="bbox 388 886 1967 963">
    <p class='ocr_par' dir='ltr' id='par_1_8' title="bbox 388 886 1967 963">
     <span class='ocr_line' id='line_1_8' title="bbox 388 886 1967 963; baseline 0.004 -23"><span class='ocrx_word' id='word_1_45' title='bbox 388 896 528 941; x_wconf 82' lang='lat' dir='ltr'><strong>esto.</strong></span> <span class='ocrx_word' id='word_1_46' title='bbox 566 886 799 945; x_wconf 85' lang='lat' dir='ltr'><strong>Sanctus</strong></span> <span class='ocrx_word' id='word_1_47' title='bbox 826 891 1057 961; x_wconf 80' lang='lat' dir='ltr'><strong>Cyrillus</strong></span> <span class='ocrx_word' id='word_1_48' title='bbox 1088 894 1141 947; x_wconf 90' lang='lat' dir='ltr'><strong>iu</strong></span> <span class='ocrx_word' id='word_1_49' title='bbox 1178 910 1289 949; x_wconf 88' lang='lat' dir='ltr'><strong>uno</strong></span> <span class='ocrx_word' id='word_1_50' title='bbox 1312 910 1376 949; x_wconf 79' lang='lat' dir='ltr'><strong>ex</strong></span> <span class='ocrx_word' id='word_1_51' title='bbox 1408 894 1697 963; x_wconf 78' lang='lat' dir='ltr'><strong>capitibus,</strong></span> <span class='ocrx_word' id='word_1_52' title='bbox 1725 908 1847 962; x_wconf 54' lang='lat' dir='ltr'><strong>quae</strong></span> <span class='ocrx_word' id='word_1_53' title='bbox 1876 892 1967 947; x_wconf 88' lang='lat' dir='ltr'><strong>ille</strong></span> 
     </span>
    </p>
   </div>
   <div class='ocr_carea' id='block_1_9' title="bbox 391 979 1968 1053">
    <p class='ocr_par' dir='ltr' id='par_1_9' title="bbox 391 979 1968 1053">
     <span class='ocr_line' id='line_1_9' title="bbox 391 979 1968 1053; baseline 0.004 -22"><span class='ocrx_word' id='word_1_54' title='bbox 391 979 458 1034; x_wconf 81' lang='lat' dir='ltr'><strong>de</strong></span> <span class='ocrx_word' id='word_1_55' title='bbox 507 980 807 1034; x_wconf 58' lang='lat' dir='ltr'><strong>aeternitate</strong></span> <span class='ocrx_word' id='word_1_56' title='bbox 838 981 955 1037; x_wconf 81' lang='lat' dir='ltr'><strong>Filii</strong></span> <span class='ocrx_word' id='word_1_57' title='bbox 1009 985 1376 1047; x_wconf 86' lang='lat' dir='ltr'><strong>concinnavit,</strong></span> <span class='ocrx_word' id='word_1_58' title='bbox 1414 993 1467 1037; x_wconf 79' lang='lat' dir='ltr'><strong>et</strong></span> <span class='ocrx_word' id='word_1_59' title='bbox 1496 983 1729 1053; x_wconf 89' lang='lat' dir='ltr'><strong>incipit:</strong></span> <span class='ocrx_word' id='word_1_60' title='bbox 1766 1002 1787 1034; x_wconf 76' lang='grc' dir='ltr'><strong>ι</strong></span> <span class='ocrx_word' id='word_1_61' title='bbox 1823 981 1968 1037; x_wconf 88' lang='lat' dir='ltr'><strong>Fons</strong></span> 
     </span>
    </p>
   </div>
   <div class='ocr_carea' id='block_1_10' title="bbox 328 1069 1968 1139">
    <p class='ocr_par' dir='ltr' id='par_1_10' title="bbox 328 1069 1968 1139">
     <span class='ocr_line' id='line_1_10' title="bbox 328 1069 1968 1139; baseline 0.002 -16"><span class='ocrx_word' id='word_1_62' title='bbox 328 1069 334 1080; x_wconf 88' lang='lat'><strong><em>&#39;</em></strong></span> <span class='ocrx_word' id='word_1_63' title='bbox 394 1071 674 1138; x_wconf 64' lang='lat' dir='ltr'><strong>sapientiae</strong></span> <span class='ocrx_word' id='word_1_64' title='bbox 701 1082 755 1125; x_wconf 88' lang='lat' dir='ltr'><strong>et</strong></span> <span class='ocrx_word' id='word_1_65' title='bbox 792 1073 914 1127; x_wconf 66' lang='lat' dir='ltr'><strong>vitae</strong></span> <span class='ocrx_word' id='word_1_66' title='bbox 934 1085 1161 1129; x_wconf 83' lang='lat' dir='ltr'><strong>vocatur</strong></span> <span class='ocrx_word' id='word_1_67' title='bbox 1194 1078 1352 1139; x_wconf 86' lang='lat' dir='ltr'><strong>Deus,</strong></span> <span class='ocrx_word' id='word_1_68' title='bbox 1381 1084 1553 1139; x_wconf 77' lang='lat' dir='ltr'><strong>etest,</strong></span> <span class='ocrx_word' id='word_1_69' title='bbox 1583 1095 1602 1127; x_wconf 76' lang='grc' dir='ltr'>ι</span> <span class='ocrx_word' id='word_1_70' title='bbox 1639 1075 1751 1130; x_wconf 87' lang='lat' dir='ltr'><strong>ait:</strong></span> <span class='ocrx_word' id='word_1_71' title='bbox 1782 1092 1802 1126; x_wconf 79' lang='grc' dir='ltr'><strong>ε</strong></span> <span class='ocrx_word' id='word_1_72' title='bbox 1838 1075 1968 1129; x_wconf 86' lang='lat' dir='ltr'><strong>Erat</strong></span> 
     </span>
    </p>
   </div>
   <div class='ocr_carea' id='block_1_11' title="bbox 392 1159 1967 1237">
    <p class='ocr_par' dir='ltr' id='par_1_11' title="bbox 392 1159 1967 1237">
     <span class='ocr_line' id='line_1_11' title="bbox 392 1159 1967 1237; baseline 0.005 -24"><span class='ocrx_word' id='word_1_73' title='bbox 392 1159 558 1230; x_wconf 83' lang='lat' dir='ltr'><strong>igitur</strong></span> <span class='ocrx_word' id='word_1_74' title='bbox 592 1163 834 1217; x_wconf 82' lang='lat' dir='ltr'><strong>Genitori</strong></span> <span class='ocrx_word' id='word_1_75' title='bbox 894 1176 1196 1225; x_wconf 66' lang='lat' dir='ltr'><strong>cowternus</strong></span> <span class='ocrx_word' id='word_1_76' title='bbox 1248 1167 1434 1233; x_wconf 79' lang='lat' dir='ltr'><strong>Filius,</strong></span> <span class='ocrx_word' id='word_1_77' title='bbox 1469 1168 1630 1221; x_wconf 72' lang='lat' dir='ltr'><strong>Veluti</strong></span> <span class='ocrx_word' id='word_1_78' title='bbox 1669 1184 1698 1221; x_wconf 86' lang='lat' dir='ltr'><strong>a</strong></span> <span class='ocrx_word' id='word_1_79' title='bbox 1730 1168 1967 1237; x_wconf 82' lang='lat' dir='ltr'><strong>quodam</strong></span> 
     </span>
    </p>
   </div>
   <div class='ocr_carea' id='block_1_12' title="bbox 394 1252 1967 1323">
    <p class='ocr_par' dir='ltr' id='par_1_12' title="bbox 394 1252 1967 1323">
     <span class='ocr_line' id='line_1_12' title="bbox 394 1252 1967 1323; baseline 0.006 -19"><span class='ocrx_word' id='word_1_80' title='bbox 394 1252 540 1305; x_wconf 85' lang='lat' dir='ltr'><strong>l&#39;onte</strong></span> <span class='ocrx_word' id='word_1_81' title='bbox 573 1264 791 1321; x_wconf 81' lang='lat' dir='ltr'><strong>paterna</strong></span> <span class='ocrx_word' id='word_1_82' title='bbox 823 1258 1059 1311; x_wconf 71' lang='lat' dir='ltr'><strong>essentia</strong></span> <span class='ocrx_word' id='word_1_83' title='bbox 1087 1274 1369 1314; x_wconf 73' lang='lat' dir='ltr'><strong>emanans.</strong></span> <span class='ocrx_word' id='word_1_84' title='bbox 1400 1279 1419 1312; x_wconf 76' lang='grc' dir='ltr'>ι</span> <span class='ocrx_word' id='word_1_85' title='bbox 1445 1259 1574 1313; x_wconf 91' lang='lat' dir='ltr'><strong>Vide</strong></span> <span class='ocrx_word' id='word_1_86' title='bbox 1607 1259 1715 1323; x_wconf 88' lang='lat' dir='ltr'><strong>hic,</strong></span> <span class='ocrx_word' id='word_1_87' title='bbox 1741 1259 1903 1313; x_wconf 87' lang='lat' dir='ltr'><strong>veluti</strong></span> <span class='ocrx_word' id='word_1_88' title='bbox 1935 1275 1967 1314; x_wconf 88' lang='lat' dir='ltr'><strong>a</strong></span> 
     </span>
    </p>
   </div>
   <div class='ocr_carea' id='block_1_13' title="bbox 392 1343 1965 1415">
    <p class='ocr_par' dir='ltr' id='par_1_13' title="bbox 392 1343 1965 1415">
     <span class='ocr_line' id='line_1_13' title="bbox 392 1343 1965 1415; baseline 0.006 -22"><span class='ocrx_word' id='word_1_89' title='bbox 392 1343 625 1413; x_wconf 79' lang='lat' dir='ltr'><strong>quodam</strong></span> <span class='ocrx_word' id='word_1_90' title='bbox 657 1345 805 1399; x_wconf 81' lang='lat' dir='ltr'><strong>fonte</strong></span> <span class='ocrx_word' id='word_1_91' title='bbox 841 1359 1061 1415; x_wconf 86' lang='lat' dir='ltr'><strong>paterna</strong></span> <span class='ocrx_word' id='word_1_92' title='bbox 1101 1351 1339 1405; x_wconf 81' lang='lat' dir='ltr'><strong>essentia</strong></span> <span class='ocrx_word' id='word_1_93' title='bbox 1375 1348 1570 1404; x_wconf 88' lang='lat' dir='ltr'><strong>Filium</strong></span> <span class='ocrx_word' id='word_1_94' title='bbox 1601 1363 1965 1415; x_wconf 85' lang='lat' dir='ltr'><strong>cmauantem,</strong></span> 
     </span>
    </p>
   </div>
   <div class='ocr_carea' id='block_1_14' title="bbox 392 1440 1969 1509">
    <p class='ocr_par' dir='ltr' id='par_1_14' title="bbox 392 1440 1969 1509">
     <span class='ocr_line' id='line_1_14' title="bbox 392 1440 1969 1509; baseline 0.006 -22"><span class='ocrx_word' id='word_1_95' title='bbox 392 1445 446 1487; x_wconf 85' lang='lat' dir='ltr'><strong>et</strong></span> <span class='ocrx_word' id='word_1_96' title='bbox 470 1440 754 1492; x_wconf 64' lang='lat' dir='ltr'><strong>sententiae</strong></span> <span class='ocrx_word' id='word_1_97' title='bbox 781 1441 1022 1496; x_wconf 90' lang='lat' dir='ltr'><strong>animum</strong></span> <span class='ocrx_word' id='word_1_98' title='bbox 1060 1444 1319 1509; x_wconf 79' lang='lat' dir='ltr'><strong>adverte;</strong></span> <span class='ocrx_word' id='word_1_99' title='bbox 1367 1459 1623 1498; x_wconf 80' lang='lat' dir='ltr'><strong>emanare</strong></span> <span class='ocrx_word' id='word_1_100' title='bbox 1663 1441 1861 1497; x_wconf 87' lang='lat' dir='ltr'><strong>Filium</strong></span> <span class='ocrx_word' id='word_1_101' title='bbox 1902 1459 1969 1498; x_wconf 79' lang='lat' dir='ltr'><strong>ex</strong></span> 
     </span>
    </p>
   </div>
   <div class='ocr_carea' id='block_1_15' title="bbox 394 1534 1968 1608">
    <p class='ocr_par' dir='ltr' id='par_1_15' title="bbox 394 1534 1968 1608">
     <span class='ocr_line' id='line_1_15' title="bbox 394 1534 1968 1608; baseline 0.008 -30"><span class='ocrx_word' id='word_1_102' title='bbox 394 1535 614 1596; x_wconf 81' lang='lat' dir='ltr'><strong>paterna</strong></span> <span class='ocrx_word' id='word_1_103' title='bbox 668 1534 938 1597; x_wconf 84' lang='lat' dir='ltr'><strong>essentia,</strong></span> <span class='ocrx_word' id='word_1_104' title='bbox 1016 1537 1379 1591; x_wconf 77' lang='lat' dir='ltr'><strong>essentialiter</strong></span> <span class='ocrx_word' id='word_1_105' title='bbox 1420 1545 1474 1591; x_wconf 89' lang='lat' dir='ltr'><strong>et</strong></span> <span class='ocrx_word' id='word_1_106' title='bbox 1518 1552 1643 1592; x_wconf 87' lang='lat' dir='ltr'><strong>cum</strong></span> <span class='ocrx_word' id='word_1_107' title='bbox 1692 1537 1968 1608; x_wconf 82' lang='lat' dir='ltr'><strong>liypostasi</strong></span> 
     </span>
    </p>
   </div>
   <div class='ocr_carea' id='block_1_16' title="bbox 392 1619 1971 1697">
    <p class='ocr_par' dir='ltr' id='par_1_16' title="bbox 392 1619 1971 1697">
     <span class='ocr_line' id='line_1_16' title="bbox 392 1619 1971 1697; baseline 0.008 -29"><span class='ocrx_word' id='word_1_108' title='bbox 392 1632 515 1670; x_wconf 83' lang='lat' dir='ltr'><strong>eum</strong></span> <span class='ocrx_word' id='word_1_109' title='bbox 547 1619 671 1674; x_wconf 90' lang='lat' dir='ltr'><strong>inde</strong></span> <span class='ocrx_word' id='word_1_110' title='bbox 702 1637 822 1677; x_wconf 75' lang='lat' dir='ltr'><strong>esse</strong></span> <span class='ocrx_word' id='word_1_111' title='bbox 852 1635 1025 1691; x_wconf 83' lang='lat' dir='ltr'><strong>notat,</strong></span> <span class='ocrx_word' id='word_1_112' title='bbox 1079 1629 1223 1697; x_wconf 90' lang='lat' dir='ltr'><strong>quod</strong></span> <span class='ocrx_word' id='word_1_113' title='bbox 1275 1628 1556 1697; x_wconf 84' lang='lat' dir='ltr'><strong>aptissime</strong></span> <span class='ocrx_word' id='word_1_114' title='bbox 1596 1632 1971 1683; x_wconf 60' lang='lat' dir='ltr'><strong>accommoda.</strong></span> 
     </span>
    </p>
   </div>
   <div class='ocr_carea' id='block_1_17' title="bbox 395 1708 1972 1787">
    <p class='ocr_par' dir='ltr' id='par_1_17' title="bbox 395 1708 1972 1787">
     <span class='ocr_line' id='line_1_17' title="bbox 395 1708 1972 1787; baseline 0.008 -26"><span class='ocrx_word' id='word_1_115' title='bbox 395 1708 564 1775; x_wconf 88' lang='lat' dir='ltr'><strong>bitur,</strong></span> <span class='ocrx_word' id='word_1_116' title='bbox 623 1728 747 1768; x_wconf 87' lang='lat' dir='ltr'><strong>cum</strong></span> <span class='ocrx_word' id='word_1_117' title='bbox 814 1725 869 1770; x_wconf 86' lang='lat' dir='ltr'><strong>et</strong></span> <span class='ocrx_word' id='word_1_118' title='bbox 925 1716 1163 1787; x_wconf 90' lang='lat' dir='ltr'><strong>Spiritus</strong></span> <span class='ocrx_word' id='word_1_119' title='bbox 1195 1735 1262 1774; x_wconf 81' lang='lat' dir='ltr'><strong>ex</strong></span> <span class='ocrx_word' id='word_1_120' title='bbox 1296 1720 1535 1776; x_wconf 87' lang='lat' dir='ltr'><strong>essentia</strong></span> <span class='ocrx_word' id='word_1_121' title='bbox 1566 1719 1687 1774; x_wconf 87' lang='lat' dir='ltr'><strong>Filii</strong></span> <span class='ocrx_word' id='word_1_122' title='bbox 1712 1736 1972 1775; x_wconf 89' lang='lat' dir='ltr'><strong>emanare</strong></span> 
     </span>
    </p>
   </div>
   <div class='ocr_carea' id='block_1_18' title="bbox 390 1799 1970 1883">
    <p class='ocr_par' dir='ltr' id='par_1_18' title="bbox 390 1799 1970 1883">
     <span class='ocr_line' id='line_1_18' title="bbox 390 1799 1970 1883; baseline 0.009 -31"><span class='ocrx_word' id='word_1_123' title='bbox 390 1799 626 1857; x_wconf 87' lang='lat' dir='ltr'><strong>dicetur.</strong></span> <span class='ocrx_word' id='word_1_124' title='bbox 662 1804 861 1861; x_wconf 87' lang='lat' dir='ltr'><strong>Iterum</strong></span> <span class='ocrx_word' id='word_1_125' title='bbox 894 1807 1034 1863; x_wconf 85' lang='lat' dir='ltr'><strong>idem</strong></span> <span class='ocrx_word' id='word_1_126' title='bbox 1062 1826 1290 1881; x_wconf 82' lang='lat' dir='ltr'><strong>magnus</strong></span> <span class='ocrx_word' id='word_1_127' title='bbox 1312 1811 1549 1883; x_wconf 83' lang='lat' dir='ltr'><strong>Cyrillus</strong></span> <span class='ocrx_word' id='word_1_128' title='bbox 1571 1811 1623 1865; x_wconf 90' lang='lat' dir='ltr'><strong>in</strong></span> <span class='ocrx_word' id='word_1_129' title='bbox 1647 1811 1755 1866; x_wconf 86' lang='lat' dir='ltr'><strong>alio</strong></span> <span class='ocrx_word' id='word_1_130' title='bbox 1793 1811 1970 1880; x_wconf 87' lang='lat' dir='ltr'><strong>capite</strong></span> 
     </span>
    </p>
   </div>
   <div class='ocr_carea' id='block_1_19' title="bbox 394 1890 1973 1968">
    <p class='ocr_par' dir='ltr' id='par_1_19' title="bbox 394 1890 1973 1968">
     <span class='ocr_line' id='line_1_19' title="bbox 394 1890 1973 1968; baseline 0.01 -25"><span class='ocrx_word' id='word_1_131' title='bbox 394 1890 558 1959; x_wconf 87' lang='lat' dir='ltr'><strong>primi</strong></span> <span class='ocrx_word' id='word_1_132' title='bbox 616 1893 1024 1955; x_wconf 82' lang='lat' dir='ltr'><strong>Tliesaurorum</strong></span> <span class='ocrx_word' id='word_1_133' title='bbox 1087 1902 1232 1968; x_wconf 84' lang='lat' dir='ltr'><strong>libri,</strong></span> <span class='ocrx_word' id='word_1_134' title='bbox 1282 1913 1338 1957; x_wconf 91' lang='lat' dir='ltr'><strong>et</strong></span> <span class='ocrx_word' id='word_1_135' title='bbox 1388 1919 1577 1958; x_wconf 86' lang='lat' dir='ltr'><strong>rursus</strong></span> <span class='ocrx_word' id='word_1_136' title='bbox 1625 1904 1677 1957; x_wconf 91' lang='lat' dir='ltr'><strong>in</strong></span> <span class='ocrx_word' id='word_1_137' title='bbox 1739 1904 1866 1968; x_wconf 89' lang='lat' dir='ltr'><strong>alio,</strong></span> <span class='ocrx_word' id='word_1_138' title='bbox 1919 1914 1973 1959; x_wconf 91' lang='lat' dir='ltr'><strong>et</strong></span> 
     </span>
    </p>
   </div>
   <div class='ocr_carea' id='block_1_20' title="bbox 393 1984 1973 2061">
    <p class='ocr_par' dir='ltr' id='par_1_20' title="bbox 393 1984 1973 2061">
     <span class='ocr_line' id='line_1_20' title="bbox 393 1984 1973 2061; baseline 0.008 -26"><span class='ocrx_word' id='word_1_139' title='bbox 393 1984 592 2049; x_wconf 65' lang='lat' dir='ltr'><strong>siepius</strong></span> <span class='ocrx_word' id='word_1_140' title='bbox 646 1987 698 2042; x_wconf 91' lang='lat' dir='ltr'><strong>in</strong></span> <span class='ocrx_word' id='word_1_141' title='bbox 755 1989 861 2043; x_wconf 72' lang='lat' dir='ltr'><strong>alio</strong></span> <span class='ocrx_word' id='word_1_142' title='bbox 913 1992 1377 2061; x_wconf 67' lang='lat' dir='ltr'><strong>scribituQuod</strong></span> <span class='ocrx_word' id='word_1_143' title='bbox 1420 2011 1485 2049; x_wconf 80' lang='lat' dir='ltr'><strong>ex</strong></span> <span class='ocrx_word' id='word_1_144' title='bbox 1531 1995 1711 2050; x_wconf 83' lang='lat' dir='ltr'><strong>Patris</strong></span> <span class='ocrx_word' id='word_1_145' title='bbox 1735 1996 1973 2050; x_wconf 79' lang='lat' dir='ltr'><strong>essentia</strong></span> 
     </span>
    </p>
   </div>
   <div class='ocr_carea' id='block_1_21' title="bbox 395 2075 1975 2156">
    <p class='ocr_par' dir='ltr' id='par_1_21' title="bbox 395 2075 1975 2156">
     <span class='ocr_line' id='line_1_21' title="bbox 395 2075 1975 2156; baseline 0.012 -32"><span class='ocrx_word' id='word_1_146' title='bbox 395 2075 646 2141; x_wconf 84' lang='lat' dir='ltr'><strong>provenit</strong></span> <span class='ocrx_word' id='word_1_147' title='bbox 707 2076 962 2138; x_wconf 84' lang='lat' dir='ltr'><strong>Verbum.</strong></span> <span class='ocrx_word' id='word_1_148' title='bbox 1015 2101 1035 2136; x_wconf 71' lang='grc' dir='ltr'>ι</span> <span class='ocrx_word' id='word_1_149' title='bbox 1082 2083 1224 2151; x_wconf 88' lang='lat' dir='ltr'><strong>Quid</strong></span> <span class='ocrx_word' id='word_1_150' title='bbox 1281 2086 1429 2141; x_wconf 85' lang='lat' dir='ltr'><strong>aliud</strong></span> <span class='ocrx_word' id='word_1_151' title='bbox 1486 2085 1672 2152; x_wconf 75' lang='lat' dir='ltr'><strong>fuerit,</strong></span> <span class='ocrx_word' id='word_1_152' title='bbox 1727 2088 1874 2156; x_wconf 79' lang='lat' dir='ltr'><strong>quod</strong></span> <span class='ocrx_word' id='word_1_153' title='bbox 1908 2103 1975 2143; x_wconf 82' lang='lat' dir='ltr'><strong>ex</strong></span> 
     </span>
    </p>
   </div>
   <div class='ocr_carea' id='block_1_22' title="bbox 396 2162 1977 2250">
    <p class='ocr_par' dir='ltr' id='par_1_22' title="bbox 396 2162 1977 2250">
     <span class='ocr_line' id='line_1_22' title="bbox 396 2162 1977 2250; baseline 0.014 -35"><span class='ocrx_word' id='word_1_154' title='bbox 396 2162 579 2220; x_wconf 83' lang='lat' dir='ltr'><strong>Patris</strong></span> <span class='ocrx_word' id='word_1_155' title='bbox 608 2172 845 2225; x_wconf 80' lang='lat' dir='ltr'><strong>essentia</strong></span> <span class='ocrx_word' id='word_1_156' title='bbox 874 2177 1123 2241; x_wconf 84' lang='lat' dir='ltr'><strong>provenit</strong></span> <span class='ocrx_word' id='word_1_157' title='bbox 1167 2176 1428 2241; x_wconf 70' lang='lat' dir='ltr'><strong>Verbum,</strong></span> <span class='ocrx_word' id='word_1_158' title='bbox 1486 2195 1651 2250; x_wconf 87' lang='lat' dir='ltr'><strong>quam</strong></span> <span class='ocrx_word' id='word_1_159' title='bbox 1701 2194 1767 2235; x_wconf 80' lang='lat' dir='ltr'><strong>ex</strong></span> <span class='ocrx_word' id='word_1_160' title='bbox 1802 2179 1977 2237; x_wconf 84' lang='lat' dir='ltr'><strong>Patris</strong></span> 
     </span>
    </p>
   </div>
   <div class='ocr_carea' id='block_1_23' title="bbox 395 2265 1977 2332">
    <p class='ocr_par' dir='ltr' id='par_1_23' title="bbox 395 2265 1977 2332">
     <span class='ocr_line' id='line_1_23' title="bbox 395 2265 1977 2332; baseline 0.013 -20"><span class='ocrx_word' id='word_1_161' title='bbox 395 2265 634 2318; x_wconf 88' lang='lat' dir='ltr'><strong>essentia</strong></span> <span class='ocrx_word' id='word_1_162' title='bbox 666 2269 1028 2323; x_wconf 84' lang='lat' dir='ltr'><strong>essentialiter</strong></span> <span class='ocrx_word' id='word_1_163' title='bbox 1069 2270 1302 2327; x_wconf 78' lang='lat' dir='ltr'><strong>Verbum</strong></span> <span class='ocrx_word' id='word_1_164' title='bbox 1332 2274 1680 2331; x_wconf 75' lang='lat' dir='ltr'><strong>subsistens?</strong></span> <span class='ocrx_word' id='word_1_165' title='bbox 1723 2277 1777 2330; x_wconf 89' lang='lat' dir='ltr'><strong>ld</strong></span> <span class='ocrx_word' id='word_1_166' title='bbox 1823 2278 1868 2330; x_wconf 89' lang='lat' dir='ltr'><strong>si</strong></span> <span class='ocrx_word' id='word_1_167' title='bbox 1905 2278 1977 2332; x_wconf 85' lang='lat' dir='ltr'><strong>ita</strong></span> 
     </span>
    </p>
   </div>
   <div class='ocr_carea' id='block_1_24' title="bbox 396 2357 1973 2438">
    <p class='ocr_par' dir='ltr' id='par_1_24' title="bbox 396 2357 1973 2438">
     <span class='ocr_line' id='line_1_24' title="bbox 396 2357 1973 2438; baseline 0.013 -33"><span class='ocrx_word' id='word_1_168' title='bbox 396 2361 499 2416; x_wconf 83' lang='lat' dir='ltr'><strong>est,</strong></span> <span class='ocrx_word' id='word_1_169' title='bbox 546 2357 770 2411; x_wconf 86' lang='lat' dir='ltr'><strong>omnino</strong></span> <span class='ocrx_word' id='word_1_170' title='bbox 841 2364 1201 2418; x_wconf 69' lang='lat' dir='ltr'><strong>essentialitrr</strong></span> <span class='ocrx_word' id='word_1_171' title='bbox 1244 2366 1586 2433; x_wconf 83' lang='lat' dir='ltr'><strong>concipietur</strong></span> <span class='ocrx_word' id='word_1_172' title='bbox 1628 2378 1681 2422; x_wconf 85' lang='lat' dir='ltr'><strong>et</strong></span> <span class='ocrx_word' id='word_1_173' title='bbox 1735 2368 1973 2438; x_wconf 81' lang='lat' dir='ltr'><strong>Spiritus</strong></span> 
     </span>
    </p>
   </div>
   <div class='ocr_carea' id='block_1_25' title="bbox 397 2449 1972 2525">
    <p class='ocr_par' dir='ltr' id='par_1_25' title="bbox 397 2449 1972 2525">
     <span class='ocr_line' id='line_1_25' title="bbox 397 2449 1972 2525; baseline 0.013 -29"><span class='ocrx_word' id='word_1_174' title='bbox 397 2449 743 2515; x_wconf 84' lang='lat' dir='ltr'><strong>provenicns,</strong></span> <span class='ocrx_word' id='word_1_175' title='bbox 780 2461 874 2506; x_wconf 89' lang='lat' dir='ltr'><strong>aut</strong></span> <span class='ocrx_word' id='word_1_176' title='bbox 910 2456 1264 2525; x_wconf 68' lang='lat' dir='ltr'><strong>progrediens</strong></span> <span class='ocrx_word' id='word_1_177' title='bbox 1294 2473 1360 2512; x_wconf 76' lang='lat' dir='ltr'><strong>ex</strong></span> <span class='ocrx_word' id='word_1_178' title='bbox 1394 2458 1555 2514; x_wconf 84' lang='lat' dir='ltr'><strong>Filio.</strong></span> <span class='ocrx_word' id='word_1_179' title='bbox 1588 2459 1733 2514; x_wconf 76' lang='lat' dir='ltr'><strong>Idem</strong></span> <span class='ocrx_word' id='word_1_180' title='bbox 1774 2461 1827 2514; x_wconf 90' lang='lat' dir='ltr'><strong>in</strong></span> <span class='ocrx_word' id='word_1_181' title='bbox 1864 2461 1972 2515; x_wconf 89' lang='lat' dir='ltr'><strong>alio</strong></span> 
     </span>
    </p>
   </div>
   <div class='ocr_carea' id='block_1_26' title="bbox 397 2542 1979 2623">
    <p class='ocr_par' dir='ltr' id='par_1_26' title="bbox 397 2542 1979 2623">
     <span class='ocr_line' id='line_1_26' title="bbox 397 2542 1979 2623; baseline 0.013 -34"><span class='ocrx_word' id='word_1_182' title='bbox 397 2542 715 2596; x_wconf 81' lang='lat' dir='ltr'><strong>cornmdem</strong></span> <span class='ocrx_word' id='word_1_183' title='bbox 752 2547 1012 2615; x_wconf 84' lang='lat' dir='ltr'><strong>capitum,</strong></span> <span class='ocrx_word' id='word_1_184' title='bbox 1049 2550 1179 2604; x_wconf 85' lang='lat' dir='ltr'><strong>item</strong></span> <span class='ocrx_word' id='word_1_185' title='bbox 1228 2551 1280 2605; x_wconf 93' lang='lat' dir='ltr'><strong>in</strong></span> <span class='ocrx_word' id='word_1_186' title='bbox 1318 2553 1445 2617; x_wconf 89' lang='lat' dir='ltr'><strong>alio,</strong></span> <span class='ocrx_word' id='word_1_187' title='bbox 1504 2561 1561 2608; x_wconf 84' lang='lat' dir='ltr'><strong>et</strong></span> <span class='ocrx_word' id='word_1_188' title='bbox 1603 2568 1979 2623; x_wconf 65' lang='lat' dir='ltr'><strong>smpenumero</strong></span> 
     </span>
    </p>
   </div>
   <div class='ocr_carea' id='block_1_27' title="bbox 399 2631 1978 2714">
    <p class='ocr_par' dir='ltr' id='par_1_27' title="bbox 399 2631 1978 2714">
     <span class='ocr_line' id='line_1_27' title="bbox 399 2631 1978 2714; baseline 0.011 -30"><span class='ocrx_word' id='word_1_189' title='bbox 399 2631 454 2685; x_wconf 93' lang='lat' dir='ltr'><strong>in</strong></span> <span class='ocrx_word' id='word_1_190' title='bbox 486 2633 634 2689; x_wconf 90' lang='lat' dir='ltr'><strong>alio:</strong></span> <span class='ocrx_word' id='word_1_191' title='bbox 673 2655 691 2687; x_wconf 84' lang='grc' dir='ltr'><strong>ι</strong></span> <span class='ocrx_word' id='word_1_192' title='bbox 725 2636 884 2693; x_wconf 89' lang='lat' dir='ltr'><strong>Pater</strong></span> <span class='ocrx_word' id='word_1_193' title='bbox 916 2641 1234 2696; x_wconf 61' lang='lat' dir='ltr'><strong>clun‘iinavit</strong></span> <span class='ocrx_word' id='word_1_194' title='bbox 1256 2660 1318 2697; x_wconf 79' lang='lat' dir='ltr'><strong>ex</strong></span> <span class='ocrx_word' id='word_1_195' title='bbox 1348 2660 1407 2700; x_wconf 88' lang='lat' dir='ltr'><strong>se</strong></span> <span class='ocrx_word' id='word_1_196' title='bbox 1443 2645 1560 2714; x_wconf 91' lang='lat' dir='ltr'><strong>ipso</strong></span> <span class='ocrx_word' id='word_1_197' title='bbox 1597 2644 1793 2698; x_wconf 89' lang='lat' dir='ltr'><strong>Filium</strong></span> <span class='ocrx_word' id='word_1_198' title='bbox 1832 2646 1978 2701; x_wconf 83' lang='lat' dir='ltr'><strong>indi-</strong></span> 
     </span>
    </p>
   </div>
   <div class='ocr_carea' id='block_1_28' title="bbox 397 2727 1976 2808">
    <p class='ocr_par' dir='ltr' id='par_1_28' title="bbox 397 2727 1976 2808">
     <span class='ocr_line' id='line_1_28' title="bbox 397 2727 1976 2808; baseline 0.01 -29"><span class='ocrx_word' id='word_1_199' title='bbox 397 2727 514 2781; x_wconf 84' lang='lat' dir='ltr'><strong>vise</strong></span> <span class='ocrx_word' id='word_1_200' title='bbox 543 2739 597 2782; x_wconf 88' lang='lat' dir='ltr'><strong>et</strong></span> <span class='ocrx_word' id='word_1_201' title='bbox 633 2728 1086 2798; x_wconf 78' lang='lat' dir='ltr'><strong>inseparabiliter.</strong></span> <span class='ocrx_word' id='word_1_202' title='bbox 1117 2754 1135 2786; x_wconf 77' lang='grc' dir='ltr'><strong>ι</strong></span> <span class='ocrx_word' id='word_1_203' title='bbox 1162 2734 1563 2808; x_wconf 87' lang='lat' dir='ltr'><strong>Proptereaqne</strong></span> <span class='ocrx_word' id='word_1_204' title='bbox 1602 2753 1703 2793; x_wconf 88' lang='lat' dir='ltr'><strong>nos</strong></span> <span class='ocrx_word' id='word_1_205' title='bbox 1739 2736 1976 2806; x_wconf 80' lang='lat' dir='ltr'><strong>Spiritus</strong></span> 
     </span>
    </p>
   </div>
   <div class='ocr_carea' id='block_1_29' title="bbox 398 2819 1977 2900">
    <p class='ocr_par' dir='ltr' id='par_1_29' title="bbox 398 2819 1977 2900">
     <span class='ocr_line' id='line_1_29' title="bbox 398 2819 1977 2900; baseline 0.009 -28"><span class='ocrx_word' id='word_1_206' title='bbox 398 2819 846 2877; x_wconf 79' lang='lat' dir='ltr'><strong>eluminationem</strong></span> <span class='ocrx_word' id='word_1_207' title='bbox 872 2840 939 2879; x_wconf 86' lang='lat' dir='ltr'><strong>ex</strong></span> <span class='ocrx_word' id='word_1_208' title='bbox 969 2825 1107 2880; x_wconf 87' lang='lat' dir='ltr'><strong>Filio</strong></span> <span class='ocrx_word' id='word_1_209' title='bbox 1149 2828 1498 2883; x_wconf 77' lang='lat' dir='ltr'><strong>essentialem</strong></span> <span class='ocrx_word' id='word_1_210' title='bbox 1535 2829 1888 2900; x_wconf 86' lang='lat' dir='ltr'><strong>intelligimus</strong></span> <span class='ocrx_word' id='word_1_211' title='bbox 1921 2838 1977 2886; x_wconf 87' lang='lat' dir='ltr'><strong>et</strong></span> 
     </span>
    </p>
   </div>
   <div class='ocr_carea' id='block_1_30' title="bbox 400 2911 1978 2991">
    <p class='ocr_par' dir='ltr' id='par_1_30' title="bbox 400 2911 1978 2991">
     <span class='ocr_line' id='line_1_30' title="bbox 400 2911 1978 2991; baseline 0.01 -31"><span class='ocrx_word' id='word_1_212' title='bbox 400 2924 525 2963; x_wconf 85' lang='lat' dir='ltr'><strong>cum</strong></span> <span class='ocrx_word' id='word_1_213' title='bbox 592 2911 893 2983; x_wconf 78' lang='lat' dir='ltr'><strong>ltypostasi,</strong></span> <span class='ocrx_word' id='word_1_214' title='bbox 947 2918 1405 2991; x_wconf 68' lang='lat' dir='ltr'><strong>quemadmodum</strong></span> <span class='ocrx_word' id='word_1_215' title='bbox 1459 2928 1544 2975; x_wconf 88' lang='lat' dir='ltr'><strong>est</strong></span> <span class='ocrx_word' id='word_1_216' title='bbox 1598 2930 1652 2974; x_wconf 89' lang='lat' dir='ltr'><strong>et</strong></span> <span class='ocrx_word' id='word_1_217' title='bbox 1698 2938 1761 2975; x_wconf 82' lang='lat' dir='ltr'><strong>ex</strong></span> <span class='ocrx_word' id='word_1_218' title='bbox 1818 2921 1978 2976; x_wconf 83' lang='lat' dir='ltr'><strong>Patre</strong></span> 
     </span>
    </p>
   </div>
   <div class='ocr_carea' id='block_1_31' title="bbox 402 2999 1979 3082">
    <p class='ocr_par' dir='ltr' id='par_1_31' title="bbox 402 2999 1979 3082">
     <span class='ocr_line' id='line_1_31' title="bbox 402 2999 1979 3082; baseline 0.01 -30"><span class='ocrx_word' id='word_1_219' title='bbox 402 2999 521 3054; x_wconf 76' lang='lat' dir='ltr'><strong>Filii</strong></span> <span class='ocrx_word' id='word_1_220' title='bbox 555 3004 891 3082; x_wconf 80' lang='lat' dir='ltr'><strong>cluniinatio,</strong></span> <span class='ocrx_word' id='word_1_221' title='bbox 945 3025 1067 3077; x_wconf 68' lang='lat' dir='ltr'><strong>quae</strong></span> <span class='ocrx_word' id='word_1_222' title='bbox 1128 3010 1360 3066; x_wconf 83' lang='lat' dir='ltr'><strong>indivisa</strong></span> <span class='ocrx_word' id='word_1_223' title='bbox 1420 3019 1476 3065; x_wconf 89' lang='lat' dir='ltr'><strong>et</strong></span> <span class='ocrx_word' id='word_1_224' title='bbox 1522 3012 1900 3082; x_wconf 84' lang='lat' dir='ltr'><strong>inseparabilis</strong></span> <span class='ocrx_word' id='word_1_225' title='bbox 1923 3019 1979 3067; x_wconf 90' lang='lat' dir='ltr'><strong>et</strong></span> 
     </span>
    </p>
   </div>
   <div class='ocr_carea' id='block_1_32' title="bbox 400 3078 885 3158">
    <p class='ocr_par' dir='ltr' id='par_1_32' title="bbox 400 3078 885 3158">
     <span class='ocr_line' id='line_1_32' title="bbox 400 3078 885 3158; baseline 0.014 -13"><span class='ocrx_word' id='word_1_226' title='bbox 400 3103 507 3158; x_wconf 77' lang='lat' dir='ltr'><strong>est,</strong></span> <span class='ocrx_word' id='word_1_227' title='bbox 534 3107 587 3148; x_wconf 88' lang='lat' dir='ltr'><strong>et</strong></span> <span class='ocrx_word' id='word_1_228' title='bbox 618 3097 841 3152; x_wconf 82' lang='lat' dir='ltr'><strong>dicitur.</strong></span> <span class='ocrx_word' id='word_1_229' title='bbox 870 3078 885 3115; x_wconf 37' lang='grc' dir='ltr'><strong>Ἰ</strong></span> 
     </span>
    </p>
   </div>
   <div class='ocr_carea' id='block_1_33' title="bbox 2037 616 3646 688">
    <p class='ocr_par' dir='ltr' id='par_1_33' title="bbox 2037 616 3646 688">
     <span class='ocr_line' id='line_1_33' title="bbox 2037 616 3646 688; baseline -0.001 -18"><span class='ocrx_word' id='word_1_230' title='bbox 2037 646 2040 650; x_wconf 56' lang='grc' dir='ltr'><strong>λ</strong></span> <span class='ocrx_word' id='word_1_231' title='bbox 2075 616 2135 670; x_wconf 82' lang='grc' dir='ltr'>τὸ</span> <span class='ocrx_word' id='word_1_232' title='bbox 2172 617 2397 686; x_wconf 83' lang='grc' dir='ltr'>Πνεῦμα</span> <span class='ocrx_word' id='word_1_233' title='bbox 2424 617 2727 687; x_wconf 74' lang='grc' dir='ltr'>ἐκλάμπον,</span> <span class='ocrx_word' id='word_1_234' title='bbox 2765 617 2861 672; x_wconf 75' lang='grc' dir='ltr'>καὶ</span> <span class='ocrx_word' id='word_1_235' title='bbox 2883 617 3281 688; x_wconf 79' lang='grc' dir='ltr'>προχεόμενον,</span> <span class='ocrx_word' id='word_1_236' title='bbox 3308 616 3402 670; x_wconf 72' lang='grc' dir='ltr'><strong>καὶ</strong></span> <span class='ocrx_word' id='word_1_237' title='bbox 3433 631 3646 687; x_wconf 82' lang='grc' dir='ltr'>προερ-</span> 
     </span>
    </p>
   </div>
   <div class='ocr_carea' id='block_1_34' title="bbox 2068 707 3642 780">
    <p class='ocr_par' dir='ltr' id='par_1_34' title="bbox 2068 707 3642 780">
     <span class='ocr_line' id='line_1_34' title="bbox 2068 707 3642 780; baseline 0.001 -20"><span class='ocrx_word' id='word_1_238' title='bbox 2068 709 2297 780; x_wconf 82' lang='grc' dir='ltr'>χόμενον</span> <span class='ocrx_word' id='word_1_239' title='bbox 2342 712 2406 764; x_wconf 76' lang='grc' dir='ltr'>ἐκ</span> <span class='ocrx_word' id='word_1_240' title='bbox 2440 712 2531 764; x_wconf 88' lang='grc' dir='ltr'><strong>τοῦ</strong></span> <span class='ocrx_word' id='word_1_241' title='bbox 2580 711 2735 775; x_wconf 85' lang='grc' dir='ltr'>Υίοῦ,</span> <span class='ocrx_word' id='word_1_242' title='bbox 2796 710 3044 779; x_wconf 81' lang='grc' dir='ltr'><strong>φυσικῶς</strong></span> <span class='ocrx_word' id='word_1_243' title='bbox 3107 711 3205 763; x_wconf 76' lang='grc' dir='ltr'>καὶ</span> <span class='ocrx_word' id='word_1_244' title='bbox 3254 708 3533 771; x_wconf 83' lang='grc' dir='ltr'>οὑσιωδῶς</span> <span class='ocrx_word' id='word_1_245' title='bbox 3575 707 3642 774; x_wconf 74' lang='grc' dir='ltr'>ἐξ</span> 
     </span>
    </p>
   </div>
   <div class='ocr_carea' id='block_1_35' title="bbox 2068 799 3642 874">
    <p class='ocr_par' dir='ltr' id='par_1_35' title="bbox 2068 799 3642 874">
     <span class='ocr_line' id='line_1_35' title="bbox 2068 799 3642 874; baseline 0.001 -22"><span class='ocrx_word' id='word_1_246' title='bbox 2068 799 2232 853; x_wconf 87' lang='grc' dir='ltr'>αὐτοῦ</span> <span class='ocrx_word' id='word_1_247' title='bbox 2276 802 2446 857; x_wconf 75' lang='grc' dir='ltr'>ἐστιν.</span> <span class='ocrx_word' id='word_1_248' title='bbox 2496 804 2571 857; x_wconf 90' lang='grc' dir='ltr'><strong>Οὑ</strong></span> <span class='ocrx_word' id='word_1_249' title='bbox 2615 804 2725 874; x_wconf 82' lang='grc' dir='ltr'><strong>γὰρ</strong></span> <span class='ocrx_word' id='word_1_250' title='bbox 2772 803 3143 865; x_wconf 83' lang='grc' dir='ltr'>ἀνυπόστατος</span> <span class='ocrx_word' id='word_1_251' title='bbox 3174 802 3206 872; x_wconf 76' lang='grc' dir='ltr'>ἡ</span> <span class='ocrx_word' id='word_1_252' title='bbox 3241 802 3300 864; x_wconf 75' lang='grc' dir='ltr'>ἐξ</span> <span class='ocrx_word' id='word_1_253' title='bbox 3349 800 3479 853; x_wconf 85' lang='grc' dir='ltr'>Υἱοῦ</span> <span class='ocrx_word' id='word_1_254' title='bbox 3539 799 3642 853; x_wconf 79' lang='grc' dir='ltr'><strong>τοῦ</strong></span> 
     </span>
    </p>
   </div>
   <div class='ocr_carea' id='block_1_36' title="bbox 2070 888 3637 963">
    <p class='ocr_par' dir='ltr' id='par_1_36' title="bbox 2070 888 3637 963">
     <span class='ocr_line' id='line_1_36' title="bbox 2070 888 3637 963; baseline 0.001 -21"><span class='ocrx_word' id='word_1_255' title='bbox 2070 890 2392 959; x_wconf 83' lang='grc' dir='ltr'>Πνεὺματος</span> <span class='ocrx_word' id='word_1_256' title='bbox 2423 893 2717 962; x_wconf 85' lang='grc' dir='ltr'>πρόχυσις,</span> <span class='ocrx_word' id='word_1_257' title='bbox 2767 892 2864 946; x_wconf 76' lang='grc' dir='ltr'>καὶ</span> <span class='ocrx_word' id='word_1_258' title='bbox 2922 892 3167 963; x_wconf 66' lang='grc' dir='ltr'>πρᾶεσις,</span> <span class='ocrx_word' id='word_1_259' title='bbox 3217 891 3313 943; x_wconf 60' lang='grc' dir='ltr'>καὶ</span> <span class='ocrx_word' id='word_1_260' title='bbox 3359 888 3637 957; x_wconf 74' lang='grc' dir='ltr'>ἔκλαμψις</span> 
     </span>
    </p>
   </div>
   <div class='ocr_carea' id='block_1_37' title="bbox 2068 981 3637 1059">
    <p class='ocr_par' dir='ltr' id='par_1_37' title="bbox 2068 981 3637 1059">
     <span class='ocr_line' id='line_1_37' title="bbox 2068 981 3637 1059; baseline 0.001 -21"><span class='ocrx_word' id='word_1_261' title='bbox 2068 986 2421 1055; x_wconf 74' lang='grc' dir='ltr'>νοηθήσεται,</span> <span class='ocrx_word' id='word_1_262' title='bbox 2475 987 2666 1056; x_wconf 81' lang='grc' dir='ltr'>ὥσπερ</span> <span class='ocrx_word' id='word_1_263' title='bbox 2719 986 2841 1038; x_wconf 80' lang='grc' dir='ltr'>οὐδὲ</span> <span class='ocrx_word' id='word_1_264' title='bbox 2895 988 2927 1055; x_wconf 78' lang='grc' dir='ltr'>ἡ</span> <span class='ocrx_word' id='word_1_265' title='bbox 2992 988 3057 1039; x_wconf 78' lang='grc' dir='ltr'>ὲκ</span> <span class='ocrx_word' id='word_1_266' title='bbox 3110 984 3319 1053; x_wconf 62' lang='lat' dir='ltr'><strong>(lupo;</strong></span> <span class='ocrx_word' id='word_1_267' title='bbox 3348 983 3441 1059; x_wconf 80' lang='grc' dir='ltr'><strong>τοῦ</strong></span> <span class='ocrx_word' id='word_1_268' title='bbox 3476 981 3637 1039; x_wconf 79' lang='grc' dir='ltr'>Υίοῦ.</span> 
     </span>
    </p>
   </div>
   <div class='ocr_carea' id='block_1_38' title="bbox 2069 1073 3639 1146">
    <p class='ocr_par' dir='ltr' id='par_1_38' title="bbox 2069 1073 3639 1146">
     <span class='ocr_line' id='line_1_38' title="bbox 2069 1073 3639 1146; baseline -0.001 -16"><span class='ocrx_word' id='word_1_269' title='bbox 2069 1079 2271 1130; x_wconf 73' lang='grc' dir='ltr'>Σκόπει</span> <span class='ocrx_word' id='word_1_270' title='bbox 2318 1078 2412 1131; x_wconf 79' lang='grc' dir='ltr'><strong>οὑν</strong></span> <span class='ocrx_word' id='word_1_271' title='bbox 2437 1095 2452 1111; x_wconf 73' lang='grc' dir='ltr'><strong><em>ο</em></strong></span> <span class='ocrx_word' id='word_1_272' title='bbox 2487 1080 2687 1132; x_wconf 75' lang='grc' dir='ltr'>αὐτίκα</span> <span class='ocrx_word' id='word_1_273' title='bbox 2739 1080 2767 1131; x_wconf 86' lang='grc' dir='ltr'>ὁ</span> <span class='ocrx_word' id='word_1_274' title='bbox 2803 1078 2957 1146; x_wconf 76' lang='grc' dir='ltr'>ἅγιος</span> <span class='ocrx_word' id='word_1_275' title='bbox 3010 1075 3277 1142; x_wconf 58' lang='lat' dir='ltr'><strong>Rep-.110;</strong></span> <span class='ocrx_word' id='word_1_276' title='bbox 3308 1078 3364 1129; x_wconf 78' lang='grc' dir='ltr'>ὲν</span> <span class='ocrx_word' id='word_1_277' title='bbox 3398 1073 3482 1127; x_wconf 82' lang='grc' dir='ltr'><strong>ὲνὶ</strong></span> <span class='ocrx_word' id='word_1_278' title='bbox 3524 1075 3639 1128; x_wconf 77' lang='grc' dir='ltr'>τῶν</span> 
     </span>
    </p>
   </div>
   <div class='ocr_carea' id='block_1_39' title="bbox 2072 1163 3635 1241">
    <p class='ocr_par' dir='ltr' id='par_1_39' title="bbox 2072 1163 3635 1241">
     <span class='ocr_line' id='line_1_39' title="bbox 2072 1163 3635 1241; baseline -0.002 -16"><span class='ocrx_word' id='word_1_279' title='bbox 2072 1172 2384 1239; x_wconf 77' lang='grc' dir='ltr'><strong>κεφαλαίων</strong></span> <span class='ocrx_word' id='word_1_280' title='bbox 2413 1172 2521 1225; x_wconf 78' lang='grc' dir='ltr'><strong>τῶν</strong></span> <span class='ocrx_word' id='word_1_281' title='bbox 2570 1172 2699 1241; x_wconf 69' lang='grc' dir='ltr'>περὶ</span> <span class='ocrx_word' id='word_1_282' title='bbox 2723 1172 2822 1240; x_wconf 76' lang='grc' dir='ltr'><strong>τῆς</strong></span> <span class='ocrx_word' id='word_1_283' title='bbox 2847 1169 3150 1237; x_wconf 76' lang='grc' dir='ltr'>ἀϊδιὸτητος</span> <span class='ocrx_word' id='word_1_284' title='bbox 3179 1169 3273 1221; x_wconf 85' lang='grc' dir='ltr'><strong>τοῦ</strong></span> <span class='ocrx_word' id='word_1_285' title='bbox 3304 1168 3435 1221; x_wconf 85' lang='grc' dir='ltr'><strong>Υίοῦ</strong></span> <span class='ocrx_word' id='word_1_286' title='bbox 3455 1209 3471 1232; x_wconf 86' lang='grc'>,</span> <span class='ocrx_word' id='word_1_287' title='bbox 3502 1163 3567 1223; x_wconf 75' lang='grc' dir='ltr'><strong>οὐ</strong></span> <span class='ocrx_word' id='word_1_288' title='bbox 3597 1170 3635 1239; x_wconf 71' lang='grc' dir='ltr'>ἡ</span> 
     </span>
    </p>
   </div>
   <div class='ocr_carea' id='block_1_40' title="bbox 2070 1259 3644 1336">
    <p class='ocr_par' dir='ltr' id='par_1_40' title="bbox 2070 1259 3644 1336">
     <span class='ocr_line' id='line_1_40' title="bbox 2070 1259 3644 1336; baseline -0.005 -17"><span class='ocrx_word' id='word_1_289' title='bbox 2070 1264 2236 1336; x_wconf 81' lang='grc' dir='ltr'>ἀρχὴ,</span> <span class='ocrx_word' id='word_1_290' title='bbox 2285 1283 2303 1318; x_wconf 78' lang='grc' dir='ltr'><strong>ι</strong></span> <span class='ocrx_word' id='word_1_291' title='bbox 2335 1265 2493 1333; x_wconf 79' lang='grc' dir='ltr'>Πηγὴ</span> <span class='ocrx_word' id='word_1_292' title='bbox 2528 1265 2723 1332; x_wconf 81' lang='grc' dir='ltr'>σοφίας</span> <span class='ocrx_word' id='word_1_293' title='bbox 2754 1263 2848 1316; x_wconf 75' lang='grc' dir='ltr'>καὶ</span> <span class='ocrx_word' id='word_1_294' title='bbox 2871 1262 3019 1331; x_wconf 76' lang='grc' dir='ltr'><strong>ζωῆς</strong></span> <span class='ocrx_word' id='word_1_295' title='bbox 3057 1260 3308 1315; x_wconf 81' lang='grc' dir='ltr'>καλεῖται</span> <span class='ocrx_word' id='word_1_296' title='bbox 3349 1260 3444 1313; x_wconf 73' lang='grc' dir='ltr'>καὶ</span> <span class='ocrx_word' id='word_1_297' title='bbox 3488 1259 3644 1311; x_wconf 75' lang='grc' dir='ltr'>εστιν</span> 
     </span>
    </p>
   </div>
   <div class='ocr_carea' id='block_1_41' title="bbox 2069 1350 3644 1426">
    <p class='ocr_par' dir='ltr' id='par_1_41' title="bbox 2069 1350 3644 1426">
     <span class='ocr_line' id='line_1_41' title="bbox 2069 1350 3644 1426; baseline -0.004 -15"><span class='ocrx_word' id='word_1_298' title='bbox 2069 1360 2099 1412; x_wconf 84' lang='grc' dir='ltr'>ὁ</span> <span class='ocrx_word' id='word_1_299' title='bbox 2132 1358 2317 1421; x_wconf 57' lang='lat' dir='ltr'><strong>Haec,»</strong></span> <span class='ocrx_word' id='word_1_300' title='bbox 2345 1355 2530 1426; x_wconf 75' lang='grc' dir='ltr'>φησιν’</span> <span class='ocrx_word' id='word_1_301' title='bbox 2561 1373 2581 1407; x_wconf 78' lang='grc' dir='ltr'><strong>ι</strong></span> <span class='ocrx_word' id='word_1_302' title='bbox 2605 1350 2712 1406; x_wconf 85' lang='grc' dir='ltr'>Ἦν</span> <span class='ocrx_word' id='word_1_303' title='bbox 2742 1354 2850 1424; x_wconf 79' lang='grc' dir='ltr'>ἄρα</span> <span class='ocrx_word' id='word_1_304' title='bbox 2879 1353 2956 1422; x_wconf 80' lang='grc' dir='ltr'>τῷ</span> <span class='ocrx_word' id='word_1_305' title='bbox 3004 1353 3334 1422; x_wconf 80' lang='grc' dir='ltr'><strong>γεννήσαντι</strong></span> <span class='ocrx_word' id='word_1_306' title='bbox 3369 1352 3644 1414; x_wconf 80' lang='grc' dir='ltr'>συναῖδιος</span> 
     </span>
    </p>
   </div>
   <div class='ocr_carea' id='block_1_42' title="bbox 2071 1438 3643 1516">
    <p class='ocr_par' dir='ltr' id='par_1_42' title="bbox 2071 1438 3643 1516">
     <span class='ocr_line' id='line_1_42' title="bbox 2071 1438 3643 1516; baseline -0.006 -15"><span class='ocrx_word' id='word_1_307' title='bbox 2071 1450 2099 1502; x_wconf 79' lang='grc' dir='ltr'><strong><em>ὁ</em></strong></span> <span class='ocrx_word' id='word_1_308' title='bbox 2134 1448 2287 1510; x_wconf 80' lang='grc' dir='ltr'>Υἱὸς,</span> <span class='ocrx_word' id='word_1_309' title='bbox 2330 1448 2519 1516; x_wconf 82' lang='grc' dir='ltr'>ὥσπερ</span> <span class='ocrx_word' id='word_1_310' title='bbox 2547 1444 2655 1497; x_wconf 74' lang='grc' dir='ltr'><strong>ἀπό</strong></span> <span class='ocrx_word' id='word_1_311' title='bbox 2685 1460 2829 1505; x_wconf 85' lang='grc' dir='ltr'>τινος</span> <span class='ocrx_word' id='word_1_312' title='bbox 2858 1443 3043 1509; x_wconf 75' lang='grc' dir='ltr'>πηγῆς</span> <span class='ocrx_word' id='word_1_313' title='bbox 3068 1441 3167 1510; x_wconf 83' lang='grc' dir='ltr'>τῆς</span> <span class='ocrx_word' id='word_1_314' title='bbox 3206 1438 3464 1511; x_wconf 79' lang='grc' dir='ltr'><strong>πατρῴας</strong></span> <span class='ocrx_word' id='word_1_315' title='bbox 3504 1441 3643 1492; x_wconf 83' lang='grc' dir='ltr'>ἀνα-</span> 
     </span>
    </p>
   </div>
   <div class='ocr_carea' id='block_1_43' title="bbox 2072 1529 3643 1608">
    <p class='ocr_par' dir='ltr' id='par_1_43' title="bbox 2072 1529 3643 1608">
     <span class='ocr_line' id='line_1_43' title="bbox 2072 1529 3643 1608; baseline -0.005 -14"><span class='ocrx_word' id='word_1_316' title='bbox 2072 1541 2286 1606; x_wconf 76' lang='grc' dir='ltr'>σλὺζων</span> <span class='ocrx_word' id='word_1_317' title='bbox 2313 1540 2521 1603; x_wconf 81' lang='grc' dir='ltr'>οὐσίας.</span> <span class='ocrx_word' id='word_1_318' title='bbox 2554 1558 2572 1589; x_wconf 72' lang='grc' dir='ltr'><strong>ι</strong></span> <span class='ocrx_word' id='word_1_319' title='bbox 2604 1539 2749 1608; x_wconf 84' lang='grc' dir='ltr'>Ὅρα</span> <span class='ocrx_word' id='word_1_320' title='bbox 2780 1529 3016 1591; x_wconf 74' lang='grc' dir='ltr'>ἑντᾶῦθα</span> <span class='ocrx_word' id='word_1_321' title='bbox 3043 1536 3117 1597; x_wconf 83' lang='grc' dir='ltr'>ὡς</span> <span class='ocrx_word' id='word_1_322' title='bbox 3150 1535 3255 1588; x_wconf 77' lang='grc' dir='ltr'><strong>ιῑπό</strong></span> <span class='ocrx_word' id='word_1_323' title='bbox 3280 1551 3428 1598; x_wconf 87' lang='grc' dir='ltr'>τινος</span> <span class='ocrx_word' id='word_1_324' title='bbox 3457 1534 3643 1605; x_wconf 83' lang='grc' dir='ltr'>πηγῆς</span> 
     </span>
    </p>
   </div>
   <div class='ocr_carea' id='block_1_44' title="bbox 2074 1626 3643 1704">
    <p class='ocr_par' dir='ltr' id='par_1_44' title="bbox 2074 1626 3643 1704">
     <span class='ocr_line' id='line_1_44' title="bbox 2074 1626 3643 1704; baseline -0.006 -18"><span class='ocrx_word' id='word_1_325' title='bbox 2074 1636 2174 1703; x_wconf 84' lang='grc' dir='ltr'>τῆς</span> <span class='ocrx_word' id='word_1_326' title='bbox 2223 1630 2483 1704; x_wconf 72' lang='grc' dir='ltr'>πατρῴας</span> <span class='ocrx_word' id='word_1_327' title='bbox 2527 1631 2723 1695; x_wconf 78' lang='grc' dir='ltr'><strong>οὐσίας</strong></span> <span class='ocrx_word' id='word_1_328' title='bbox 2768 1628 3141 1693; x_wconf 74' lang='grc' dir='ltr'>ἀναϐλύζοντα</span> <span class='ocrx_word' id='word_1_329' title='bbox 3191 1627 3284 1681; x_wconf 82' lang='grc' dir='ltr'>τὸν</span> <span class='ocrx_word' id='word_1_330' title='bbox 3331 1626 3461 1679; x_wconf 78' lang='grc' dir='ltr'><strong>Υξόν</strong></span> <span class='ocrx_word' id='word_1_331' title='bbox 3488 1643 3502 1657; x_wconf 76' lang='grc' dir='ltr'><strong>ο</strong></span> <span class='ocrx_word' id='word_1_332' title='bbox 3546 1627 3643 1678; x_wconf 76' lang='grc' dir='ltr'>καὶ</span> 
     </span>
    </p>
   </div>
   <div class='ocr_carea' id='block_1_45' title="bbox 2075 1718 3642 1794">
    <p class='ocr_par' dir='ltr' id='par_1_45' title="bbox 2075 1718 3642 1794">
     <span class='ocr_line' id='line_1_45' title="bbox 2075 1718 3642 1794; baseline -0.004 -16"><span class='ocrx_word' id='word_1_333' title='bbox 2075 1725 2271 1793; x_wconf 71' lang='grc' dir='ltr'>ὲφίστει</span> <span class='ocrx_word' id='word_1_334' title='bbox 2323 1724 2401 1793; x_wconf 83' lang='grc' dir='ltr'><strong>τῷ</strong></span> <span class='ocrx_word' id='word_1_335' title='bbox 2443 1723 2588 1794; x_wconf 84' lang='grc' dir='ltr'>λόγῳ</span> <span class='ocrx_word' id='word_1_336' title='bbox 2632 1724 2715 1776; x_wconf 83' lang='grc' dir='ltr'>ὅτι</span> <span class='ocrx_word' id='word_1_337' title='bbox 2772 1722 2835 1775; x_wconf 77' lang='grc' dir='ltr'>τὸ</span> <span class='ocrx_word' id='word_1_338' title='bbox 2886 1719 3213 1783; x_wconf 76' lang='grc' dir='ltr'>ἀναδλύξειν</span> <span class='ocrx_word' id='word_1_339' title='bbox 3252 1719 3344 1772; x_wconf 69' lang='grc' dir='ltr'>τὸν</span> <span class='ocrx_word' id='word_1_340' title='bbox 3400 1718 3528 1771; x_wconf 73' lang='grc' dir='ltr'>Υἰὸν</span> <span class='ocrx_word' id='word_1_341' title='bbox 3576 1720 3642 1772; x_wconf 75' lang='grc' dir='ltr'>ἐκ</span> 
     </span>
    </p>
   </div>
   <div class='ocr_carea' id='block_1_46' title="bbox 2078 1807 3641 1885">
    <p class='ocr_par' dir='ltr' id='par_1_46' title="bbox 2078 1807 3641 1885">
     <span class='ocr_line' id='line_1_46' title="bbox 2078 1807 3641 1885; baseline -0.006 -16"><span class='ocrx_word' id='word_1_342' title='bbox 2078 1816 2182 1885; x_wconf 75' lang='grc' dir='ltr'>τῆς</span> <span class='ocrx_word' id='word_1_343' title='bbox 2216 1814 2473 1885; x_wconf 75' lang='grc' dir='ltr'><strong>πατρῴας</strong></span> <span class='ocrx_word' id='word_1_344' title='bbox 2526 1813 2717 1875; x_wconf 78' lang='grc' dir='ltr'><strong>οὐσίας</strong></span> <span class='ocrx_word' id='word_1_345' title='bbox 2767 1811 2830 1865; x_wconf 80' lang='grc' dir='ltr'>τὸ</span> <span class='ocrx_word' id='word_1_346' title='bbox 2883 1810 3157 1873; x_wconf 84' lang='grc' dir='ltr'>οὑσιωδῶς</span> <span class='ocrx_word' id='word_1_347' title='bbox 3195 1809 3290 1862; x_wconf 74' lang='grc' dir='ltr'><strong>καὶ</strong></span> <span class='ocrx_word' id='word_1_348' title='bbox 3334 1807 3641 1861; x_wconf 78' lang='grc' dir='ltr'>ὲνυποστά-</span> 
     </span>
    </p>
   </div>
   <div class='ocr_carea' id='block_1_47' title="bbox 2075 1898 3641 1971">
    <p class='ocr_par' dir='ltr' id='par_1_47' title="bbox 2075 1898 3641 1971">
     <span class='ocr_line' id='line_1_47' title="bbox 2075 1898 3641 1971; baseline -0.007 -10"><span class='ocrx_word' id='word_1_349' title='bbox 2075 1925 2185 1969; x_wconf 86' lang='grc' dir='ltr'>τως</span> <span class='ocrx_word' id='word_1_350' title='bbox 2237 1906 2403 1961; x_wconf 82' lang='grc' dir='ltr'>αὑτὸν</span> <span class='ocrx_word' id='word_1_351' title='bbox 2459 1905 2668 1959; x_wconf 77' lang='grc' dir='ltr'>ἐκεῖθεν</span> <span class='ocrx_word' id='word_1_352' title='bbox 2718 1898 2861 1955; x_wconf 82' lang='grc' dir='ltr'>εἶναι</span> <span class='ocrx_word' id='word_1_353' title='bbox 2910 1901 3102 1971; x_wconf 76' lang='grc' dir='ltr'>δηλοῖ.</span> <span class='ocrx_word' id='word_1_354' title='bbox 3173 1899 3313 1968; x_wconf 81' lang='grc' dir='ltr'>ὅπερ</span> <span class='ocrx_word' id='word_1_355' title='bbox 3366 1898 3641 1969; x_wconf 57' lang='grc' dir='ltr'>ἁρμοδίως</span> 
     </span>
    </p>
   </div>
   <div class='ocr_carea' id='block_1_48' title="bbox 2074 1989 3641 2068">
    <p class='ocr_par' dir='ltr' id='par_1_48' title="bbox 2074 1989 3641 2068">
     <span class='ocr_line' id='line_1_48' title="bbox 2074 1989 3641 2068; baseline -0.009 -13"><span class='ocrx_word' id='word_1_356' title='bbox 2074 2000 2399 2068; x_wconf 75' lang='grc' dir='ltr'>νοηθήσεται</span> <span class='ocrx_word' id='word_1_357' title='bbox 2429 1997 2526 2051; x_wconf 77' lang='grc' dir='ltr'>καὶ</span> <span class='ocrx_word' id='word_1_358' title='bbox 2552 1998 2681 2049; x_wconf 82' lang='grc' dir='ltr'>ὅταν</span> <span class='ocrx_word' id='word_1_359' title='bbox 2711 1992 3040 2057; x_wconf 69' lang='grc' dir='ltr'>ἀναϐλύζειν</span> <span class='ocrx_word' id='word_1_360' title='bbox 3088 1991 3152 2044; x_wconf 67' lang='grc' dir='ltr'><strong>τὸ</strong></span> <span class='ocrx_word' id='word_1_361' title='bbox 3198 1989 3425 2059; x_wconf 77' lang='grc' dir='ltr'>Πνεῦμα</span> <span class='ocrx_word' id='word_1_362' title='bbox 3452 1991 3517 2042; x_wconf 74' lang='grc' dir='ltr'>ὲκ</span> <span class='ocrx_word' id='word_1_363' title='bbox 3542 1990 3641 2057; x_wconf 76' lang='grc' dir='ltr'>τῆς</span> 
     </span>
    </p>
   </div>
   <div class='ocr_carea' id='block_1_49' title="bbox 2074 2083 3645 2161">
    <p class='ocr_par' dir='ltr' id='par_1_49' title="bbox 2074 2083 3645 2161">
     <span class='ocr_line' id='line_1_49' title="bbox 2074 2083 3645 2161; baseline -0.007 -15"><span class='ocrx_word' id='word_1_364' title='bbox 2074 2093 2266 2156; x_wconf 86' lang='grc' dir='ltr'>οὐσίας</span> <span class='ocrx_word' id='word_1_365' title='bbox 2294 2092 2522 2161; x_wconf 75' lang='grc' dir='ltr'><strong>λέγηται</strong></span> <span class='ocrx_word' id='word_1_366' title='bbox 2584 2087 2681 2142; x_wconf 87' lang='grc' dir='ltr'><strong>τοῦ</strong></span> <span class='ocrx_word' id='word_1_367' title='bbox 2732 2086 2889 2143; x_wconf 85' lang='grc' dir='ltr'>Υίοῦ.</span> <span class='ocrx_word' id='word_1_368' title='bbox 2940 2087 3113 2141; x_wconf 72' lang='grc' dir='ltr'>Πάλιν</span> <span class='ocrx_word' id='word_1_369' title='bbox 3163 2086 3192 2137; x_wconf 84' lang='grc' dir='ltr'>ὁ</span> <span class='ocrx_word' id='word_1_370' title='bbox 3243 2084 3408 2146; x_wconf 71' lang='grc' dir='ltr'>αὐτὸς</span> <span class='ocrx_word' id='word_1_371' title='bbox 3469 2083 3645 2152; x_wconf 86' lang='grc' dir='ltr'>μέγας</span> 
     </span>
    </p>
   </div>
   <div class='ocr_carea' id='block_1_50' title="bbox 2075 2167 3645 2251">
    <p class='ocr_par' dir='ltr' id='par_1_50' title="bbox 2075 2167 3645 2251">
     <span class='ocr_line' id='line_1_50' title="bbox 2075 2167 3645 2251; baseline -0.008 -12"><span class='ocrx_word' id='word_1_372' title='bbox 2075 2183 2344 2251; x_wconf 73' lang='grc' dir='ltr'>Κύριλλος</span> <span class='ocrx_word' id='word_1_373' title='bbox 2373 2184 2431 2236; x_wconf 81' lang='grc' dir='ltr'>ἐν</span> <span class='ocrx_word' id='word_1_374' title='bbox 2461 2180 2607 2251; x_wconf 77' lang='grc' dir='ltr'>ἄλλῳ</span> <span class='ocrx_word' id='word_1_375' title='bbox 2641 2177 2923 2249; x_wconf 79' lang='grc' dir='ltr'>κεφαλαίῳ</span> <span class='ocrx_word' id='word_1_376' title='bbox 2973 2176 3070 2232; x_wconf 88' lang='grc' dir='ltr'><strong>τοῦ</strong></span> <span class='ocrx_word' id='word_1_377' title='bbox 3114 2167 3332 2245; x_wconf 77' lang='grc' dir='ltr'>πρώτου</span> <span class='ocrx_word' id='word_1_378' title='bbox 3391 2175 3499 2229; x_wconf 84' lang='grc' dir='ltr'>τῶν</span> <span class='ocrx_word' id='word_1_379' title='bbox 3532 2175 3645 2244; x_wconf 68' lang='grc' dir='ltr'><strong>θη-</strong></span> 
     </span>
    </p>
   </div>
   <div class='ocr_carea' id='block_1_51' title="bbox 2080 2266 3648 2346">
    <p class='ocr_par' dir='ltr' id='par_1_51' title="bbox 2080 2266 3648 2346">
     <span class='ocr_line' id='line_1_51' title="bbox 2080 2266 3648 2346; baseline -0.01 -14"><span class='ocrx_word' id='word_1_380' title='bbox 2080 2276 2326 2346; x_wconf 83' lang='grc' dir='ltr'>σαυρῶν,</span> <span class='ocrx_word' id='word_1_381' title='bbox 2356 2275 2453 2329; x_wconf 79' lang='grc' dir='ltr'>καὶ</span> <span class='ocrx_word' id='word_1_382' title='bbox 2490 2276 2655 2329; x_wconf 83' lang='grc' dir='ltr'>πάλιν</span> <span class='ocrx_word' id='word_1_383' title='bbox 2689 2274 2747 2326; x_wconf 76' lang='grc' dir='ltr'>ἐν</span> <span class='ocrx_word' id='word_1_384' title='bbox 2776 2271 2946 2341; x_wconf 79' lang='grc' dir='ltr'>ἄλλῳ,</span> <span class='ocrx_word' id='word_1_385' title='bbox 2977 2270 3075 2323; x_wconf 74' lang='grc' dir='ltr'>καὶ</span> <span class='ocrx_word' id='word_1_386' title='bbox 3107 2266 3379 2338; x_wconf 86' lang='grc' dir='ltr'>πολλαχοῦ</span> <span class='ocrx_word' id='word_1_387' title='bbox 3414 2269 3470 2320; x_wconf 80' lang='grc' dir='ltr'>ὲν</span> <span class='ocrx_word' id='word_1_388' title='bbox 3498 2266 3648 2337; x_wconf 75' lang='grc' dir='ltr'>ἄλλῳ</span> 
     </span>
    </p>
   </div>
   <div class='ocr_carea' id='block_1_52' title="bbox 2081 2356 3648 2439">
    <p class='ocr_par' dir='ltr' id='par_1_52' title="bbox 2081 2356 3648 2439">
     <span class='ocr_line' id='line_1_52' title="bbox 2081 2356 3648 2439; baseline -0.007 -16"><span class='ocrx_word' id='word_1_389' title='bbox 2081 2371 2247 2439; x_wconf 79' lang='grc' dir='ltr'>φησιν</span> <span class='ocrx_word' id='word_1_390' title='bbox 2272 2385 2290 2404; x_wconf 81' lang='grc' dir='ltr'><strong><em>ο</em></strong></span> <span class='ocrx_word' id='word_1_391' title='bbox 2331 2387 2351 2421; x_wconf 82' lang='grc' dir='ltr'><strong>ι</strong></span> <span class='ocrx_word' id='word_1_392' title='bbox 2398 2368 2457 2422; x_wconf 89' lang='lat'><strong>&#39;0</strong></span> <span class='ocrx_word' id='word_1_393' title='bbox 2499 2367 2564 2420; x_wconf 76' lang='grc' dir='ltr'>ὲκ</span> <span class='ocrx_word' id='word_1_394' title='bbox 2614 2367 2716 2433; x_wconf 79' lang='grc' dir='ltr'>τῆς</span> <span class='ocrx_word' id='word_1_395' title='bbox 2751 2362 2843 2417; x_wconf 85' lang='grc' dir='ltr'><strong>τοῦ</strong></span> <span class='ocrx_word' id='word_1_396' title='bbox 2883 2361 3098 2432; x_wconf 81' lang='grc' dir='ltr'>Πατρδς</span> <span class='ocrx_word' id='word_1_397' title='bbox 3128 2361 3320 2424; x_wconf 83' lang='grc' dir='ltr'>οὐσίας</span> <span class='ocrx_word' id='word_1_398' title='bbox 3361 2356 3648 2429; x_wconf 82' lang='grc' dir='ltr'>προελθὼν</span> 
     </span>
    </p>
   </div>
   <div class='ocr_carea' id='block_1_53' title="bbox 2080 2449 3650 2524">
    <p class='ocr_par' dir='ltr' id='par_1_53' title="bbox 2080 2449 3650 2524">
     <span class='ocr_line' id='line_1_53' title="bbox 2080 2449 3650 2524; baseline -0.008 -11"><span class='ocrx_word' id='word_1_399' title='bbox 2080 2460 2273 2524; x_wconf 80' lang='grc' dir='ltr'>Λόγος.</span> <span class='ocrx_word' id='word_1_400' title='bbox 2312 2476 2332 2511; x_wconf 74' lang='grc' dir='ltr'><strong>ι</strong></span> <span class='ocrx_word' id='word_1_401' title='bbox 2368 2457 2433 2512; x_wconf 88' lang='grc' dir='ltr'>Τί</span> <span class='ocrx_word' id='word_1_402' title='bbox 2464 2460 2614 2509; x_wconf 82' lang='grc' dir='ltr'>ἐστιν</span> <span class='ocrx_word' id='word_1_403' title='bbox 2650 2454 2779 2510; x_wconf 75' lang='grc' dir='ltr'>ἄλλο</span> <span class='ocrx_word' id='word_1_404' title='bbox 2804 2453 2865 2507; x_wconf 79' lang='grc' dir='ltr'>τὸ</span> <span class='ocrx_word' id='word_1_405' title='bbox 2889 2454 2954 2506; x_wconf 78' lang='grc' dir='ltr'>ἐκ</span> <span class='ocrx_word' id='word_1_406' title='bbox 2974 2453 3074 2519; x_wconf 75' lang='grc' dir='ltr'>τῆς</span> <span class='ocrx_word' id='word_1_407' title='bbox 3099 2450 3193 2504; x_wconf 89' lang='grc' dir='ltr'><strong>τοῦ</strong></span> <span class='ocrx_word' id='word_1_408' title='bbox 3223 2450 3434 2520; x_wconf 80' lang='grc' dir='ltr'>Πατρὸς</span> <span class='ocrx_word' id='word_1_409' title='bbox 3457 2449 3650 2515; x_wconf 79' lang='grc' dir='ltr'>οὐσίας</span> 
     </span>
    </p>
   </div>
   <div class='ocr_carea' id='block_1_54' title="bbox 2078 2540 3649 2624">
    <p class='ocr_par' dir='ltr' id='par_1_54' title="bbox 2078 2540 3649 2624">
     <span class='ocr_line' id='line_1_54' title="bbox 2078 2540 3649 2624; baseline -0.008 -19"><span class='ocrx_word' id='word_1_410' title='bbox 2078 2550 2367 2624; x_wconf 84' lang='grc' dir='ltr'>προελθὼν</span> <span class='ocrx_word' id='word_1_411' title='bbox 2399 2550 2571 2617; x_wconf 70' lang='grc' dir='ltr'>Λόγος</span> <span class='ocrx_word' id='word_1_412' title='bbox 2603 2547 2635 2619; x_wconf 80' lang='grc' dir='ltr'>ἢ</span> <span class='ocrx_word' id='word_1_413' title='bbox 2678 2547 2761 2600; x_wconf 86' lang='grc' dir='ltr'>ὅτι</span> <span class='ocrx_word' id='word_1_414' title='bbox 2799 2548 2827 2599; x_wconf 82' lang='grc' dir='ltr'>ὁ</span> <span class='ocrx_word' id='word_1_415' title='bbox 2858 2547 2921 2599; x_wconf 79' lang='grc' dir='ltr'>ἐκ</span> <span class='ocrx_word' id='word_1_416' title='bbox 2954 2545 3054 2612; x_wconf 76' lang='grc' dir='ltr'>τῆς</span> <span class='ocrx_word' id='word_1_417' title='bbox 3078 2541 3172 2596; x_wconf 87' lang='grc' dir='ltr'><strong>τοῦ</strong></span> <span class='ocrx_word' id='word_1_418' title='bbox 3206 2542 3423 2610; x_wconf 83' lang='grc' dir='ltr'>Πατρδς</span> <span class='ocrx_word' id='word_1_419' title='bbox 3456 2540 3649 2605; x_wconf 71' lang='grc' dir='ltr'>οὐσίας</span> 
     </span>
    </p>
   </div>
   <div class='ocr_carea' id='block_1_55' title="bbox 2082 2631 3651 2711">
    <p class='ocr_par' dir='ltr' id='par_1_55' title="bbox 2082 2631 3651 2711">
     <span class='ocr_line' id='line_1_55' title="bbox 2082 2631 3651 2711; baseline -0.009 -14"><span class='ocrx_word' id='word_1_420' title='bbox 2082 2642 2355 2705; x_wconf 79' lang='grc' dir='ltr'>οὑσιωδῶς</span> <span class='ocrx_word' id='word_1_421' title='bbox 2379 2640 2633 2711; x_wconf 79' lang='grc' dir='ltr'>ὑφεστὼς</span> <span class='ocrx_word' id='word_1_422' title='bbox 2668 2636 2882 2705; x_wconf 83' lang='grc' dir='ltr'>Λόγος;</span> <span class='ocrx_word' id='word_1_423' title='bbox 2914 2636 2976 2689; x_wconf 82' lang='grc' dir='ltr'><strong>Εἰ</strong></span> <span class='ocrx_word' id='word_1_424' title='bbox 3004 2634 3060 2688; x_wconf 66' lang='grc' dir='ltr'><strong>δὲ</strong></span> <span class='ocrx_word' id='word_1_425' title='bbox 3089 2632 3270 2697; x_wconf 81' lang='grc' dir='ltr'>τοῦτο,</span> <span class='ocrx_word' id='word_1_426' title='bbox 3303 2631 3518 2695; x_wconf 83' lang='grc' dir='ltr'>πάντως</span> <span class='ocrx_word' id='word_1_427' title='bbox 3557 2631 3651 2684; x_wconf 85' lang='grc' dir='ltr'>οὐ-</span> 
     </span>
    </p>
   </div>
   <div class='ocr_carea' id='block_1_56' title="bbox 2081 2723 3645 2803">
    <p class='ocr_par' dir='ltr' id='par_1_56' title="bbox 2081 2723 3645 2803">
     <span class='ocr_line' id='line_1_56' title="bbox 2081 2723 3645 2803; baseline -0.01 -14"><span class='ocrx_word' id='word_1_428' title='bbox 2081 2734 2293 2798; x_wconf 81' lang='grc' dir='ltr'>σιωδῶς</span> <span class='ocrx_word' id='word_1_429' title='bbox 2318 2734 2652 2803; x_wconf 73' lang='grc' dir='ltr'>νοηθήσεται</span> <span class='ocrx_word' id='word_1_430' title='bbox 2693 2729 2793 2784; x_wconf 70' lang='grc' dir='ltr'>καὶ</span> <span class='ocrx_word' id='word_1_431' title='bbox 2833 2729 2895 2782; x_wconf 79' lang='grc' dir='ltr'>τὸ</span> <span class='ocrx_word' id='word_1_432' title='bbox 2938 2725 3164 2796; x_wconf 78' lang='grc' dir='ltr'>Πνεῦμα</span> <span class='ocrx_word' id='word_1_433' title='bbox 3216 2723 3645 2794; x_wconf 78' lang='grc' dir='ltr'>προερχόμενον,</span> 
     </span>
    </p>
   </div>
   <div class='ocr_carea' id='block_1_57' title="bbox 2080 2814 3649 2899">
    <p class='ocr_par' dir='ltr' id='par_1_57' title="bbox 2080 2814 3649 2899">
     <span class='ocr_line' id='line_1_57' title="bbox 2080 2814 3649 2899; baseline -0.009 -17"><span class='ocrx_word' id='word_1_434' title='bbox 2080 2828 2114 2899; x_wconf 72' lang='grc' dir='ltr'>ἢ</span> <span class='ocrx_word' id='word_1_435' title='bbox 2151 2827 2248 2881; x_wconf 68' lang='grc' dir='ltr'>καὶ</span> <span class='ocrx_word' id='word_1_436' title='bbox 2279 2828 2473 2897; x_wconf 72' lang='grc' dir='ltr'>προϊὸν</span> <span class='ocrx_word' id='word_1_437' title='bbox 2505 2822 2567 2889; x_wconf 74' lang='grc' dir='ltr'>ἐξ</span> <span class='ocrx_word' id='word_1_438' title='bbox 2590 2823 2747 2878; x_wconf 88' lang='grc' dir='ltr'>Υίοῦ.</span> <span class='ocrx_word' id='word_1_439' title='bbox 2788 2821 2848 2875; x_wconf 86' lang='lat'><strong>&#39;0</strong></span> <span class='ocrx_word' id='word_1_440' title='bbox 2876 2818 3042 2883; x_wconf 79' lang='grc' dir='ltr'>αὐτὸς</span> <span class='ocrx_word' id='word_1_441' title='bbox 3067 2821 3127 2872; x_wconf 77' lang='grc' dir='ltr'>ἐν</span> <span class='ocrx_word' id='word_1_442' title='bbox 3158 2816 3303 2887; x_wconf 80' lang='grc' dir='ltr'>ἄλλῳ</span> <span class='ocrx_word' id='word_1_443' title='bbox 3331 2814 3439 2869; x_wconf 84' lang='grc' dir='ltr'><strong>τῶν</strong></span> <span class='ocrx_word' id='word_1_444' title='bbox 3470 2814 3649 2868; x_wconf 79' lang='grc' dir='ltr'>αὐτῶν</span> 
     </span>
    </p>
   </div>
   <div class='ocr_carea' id='block_1_58' title="bbox 2082 2909 3650 2986">
    <p class='ocr_par' dir='ltr' id='par_1_58' title="bbox 2082 2909 3650 2986">
     <span class='ocr_line' id='line_1_58' title="bbox 2082 2909 3650 2986; baseline -0.006 -14"><span class='ocrx_word' id='word_1_445' title='bbox 2082 2919 2426 2986; x_wconf 75' lang='grc' dir='ltr'>κεφαλαίων,</span> <span class='ocrx_word' id='word_1_446' title='bbox 2458 2917 2553 2971; x_wconf 78' lang='grc' dir='ltr'>καὶ</span> <span class='ocrx_word' id='word_1_447' title='bbox 2589 2917 2753 2970; x_wconf 83' lang='grc' dir='ltr'>πάλιν</span> <span class='ocrx_word' id='word_1_448' title='bbox 2806 2916 2865 2968; x_wconf 83' lang='grc' dir='ltr'>ὲν</span> <span class='ocrx_word' id='word_1_449' title='bbox 2896 2912 3062 2980; x_wconf 81' lang='grc' dir='ltr'>ἄλλῳ.</span> <span class='ocrx_word' id='word_1_450' title='bbox 3113 2910 3212 2965; x_wconf 67' lang='grc' dir='ltr'>καὶ</span> <span class='ocrx_word' id='word_1_451' title='bbox 3273 2909 3537 2972; x_wconf 80' lang='grc' dir='ltr'>πολλάκις</span> <span class='ocrx_word' id='word_1_452' title='bbox 3589 2909 3650 2963; x_wconf 68' lang='grc' dir='ltr'>ιν</span> 
     </span>
    </p>
   </div>
   <div class='ocr_carea' id='block_1_59' title="bbox 2083 2999 3650 3081">
    <p class='ocr_par' dir='ltr' id='par_1_59' title="bbox 2083 2999 3650 3081">
     <span class='ocr_line' id='line_1_59' title="bbox 2083 2999 3650 3081; baseline -0.01 -14"><span class='ocrx_word' id='word_1_453' title='bbox 2083 3010 2228 3081; x_wconf 69' lang='grc' dir='ltr'>ἄλλῳ</span> <span class='ocrx_word' id='word_1_454' title='bbox 2257 3010 2422 3078; x_wconf 76' lang='grc' dir='ltr'>φησίν</span> <span class='ocrx_word' id='word_1_455' title='bbox 2465 3024 2481 3041; x_wconf 80' lang='grc'><strong>’</strong></span> <span class='ocrx_word' id='word_1_456' title='bbox 2545 3026 2566 3059; x_wconf 83' lang='grc' dir='ltr'><strong>ι</strong></span> <span class='ocrx_word' id='word_1_457' title='bbox 2613 3006 2676 3062; x_wconf 85' lang='lat'><strong>&#39;0</strong></span> <span class='ocrx_word' id='word_1_458' title='bbox 2730 3004 2919 3077; x_wconf 85' lang='grc' dir='ltr'>Πατὴρ</span> <span class='ocrx_word' id='word_1_459' title='bbox 2970 3002 3275 3073; x_wconf 74' lang='grc' dir='ltr'>ἐξέλαμψεν</span> <span class='ocrx_word' id='word_1_460' title='bbox 3332 3000 3392 3065; x_wconf 77' lang='grc' dir='ltr'>ἐξ</span> <span class='ocrx_word' id='word_1_461' title='bbox 3449 2999 3650 3054; x_wconf 74' lang='grc' dir='ltr'>ἑαυτοῦ</span> 
     </span>
    </p>
   </div>
   <div class='ocr_carea' id='block_1_60' title="bbox 2080 3091 3653 3172">
    <p class='ocr_par' dir='ltr' id='par_1_60' title="bbox 2080 3091 3653 3172">
     <span class='ocr_line' id='line_1_60' title="bbox 2080 3091 3653 3172; baseline -0.008 -15"><span class='ocrx_word' id='word_1_462' title='bbox 2080 3103 2177 3157; x_wconf 78' lang='grc' dir='ltr'>τὸν</span> <span class='ocrx_word' id='word_1_463' title='bbox 2228 3104 2359 3157; x_wconf 80' lang='grc' dir='ltr'>Υἱὸν</span> <span class='ocrx_word' id='word_1_464' title='bbox 2415 3100 2732 3172; x_wconf 74' lang='grc' dir='ltr'>ἀμερίστως</span> <span class='ocrx_word' id='word_1_465' title='bbox 2780 3098 2875 3153; x_wconf 73' lang='grc' dir='ltr'><strong>καὶ</strong></span> <span class='ocrx_word' id='word_1_466' title='bbox 2926 3096 3288 3155; x_wconf 78' lang='grc' dir='ltr'>ἁδιαστάτως.</span> <span class='ocrx_word' id='word_1_467' title='bbox 3337 3111 3358 3145; x_wconf 75' lang='grc' dir='ltr'><strong>ι</strong></span> <span class='ocrx_word' id='word_1_468' title='bbox 3406 3092 3516 3147; x_wconf 71' lang='grc' dir='ltr'><strong>Καὶ</strong></span> <span class='ocrx_word' id='word_1_469' title='bbox 3561 3091 3653 3145; x_wconf 68' lang='grc' dir='ltr'>διὰ</span> 
     </span>
    </p>
   </div>
   <div class='ocr_carea' id='block_1_61' title="bbox 399 3152 3654 3268">
    <p class='ocr_par' dir='ltr' id='par_1_61' title="bbox 399 3152 3654 3268">
     <span class='ocr_line' id='line_1_61' title="bbox 399 3152 3654 3268; baseline 0.001 -31"><span class='ocrx_word' id='word_1_470' title='bbox 399 3185 559 3239; x_wconf 84' lang='grc' dir='ltr'>τοῦτο</span> <span class='ocrx_word' id='word_1_471' title='bbox 586 3189 747 3258; x_wconf 80' lang='grc' dir='ltr'>ἡμεῖς</span> <span class='ocrx_word' id='word_1_472' title='bbox 781 3192 880 3261; x_wconf 74' lang='grc' dir='ltr'><strong>τὴν</strong></span> <span class='ocrx_word' id='word_1_473' title='bbox 909 3192 1002 3246; x_wconf 89' lang='grc' dir='ltr'><strong>τοῦ</strong></span> <span class='ocrx_word' id='word_1_474' title='bbox 1045 3194 1366 3265; x_wconf 78' lang='grc' dir='ltr'>Πνεύματος</span> <span class='ocrx_word' id='word_1_475' title='bbox 1411 3196 1687 3268; x_wconf 80' lang='grc' dir='ltr'>ἔκλαμψιν</span> <span class='ocrx_word' id='word_1_476' title='bbox 1727 3198 1788 3265; x_wconf 62' lang='grc' dir='ltr'>ἐξ</span> <span class='ocrx_word' id='word_1_477' title='bbox 1832 3152 1969 3251; x_wconf 64' lang='grc' dir='ltr'><strong>ἱι’ἱοῦ</strong></span> <span class='ocrx_word' id='word_1_478' title='bbox 2007 3152 3113 3267; x_wconf 47' lang='grc' dir='ltr'>οὑσιώδη-νοοῦμενικαι’ἐνυπόστατοη</span> <span class='ocrx_word' id='word_1_479' title='bbox 3144 3152 3336 3258; x_wconf 78' lang='grc' dir='ltr'>ὥσπερ</span> <span class='ocrx_word' id='word_1_480' title='bbox 3392 3186 3487 3239; x_wconf 77' lang='grc' dir='ltr'><strong>καὶ</strong></span> <span class='ocrx_word' id='word_1_481' title='bbox 3526 3186 3561 3256; x_wconf 76' lang='grc' dir='ltr'><strong>η</strong></span> <span class='ocrx_word' id='word_1_482' title='bbox 3590 3187 3654 3239; x_wconf 74' lang='grc' dir='ltr'>ὲκ</span> 
     </span>
    </p>
   </div>
   <div class='ocr_carea' id='block_1_62' title="bbox 402 3283 3067 3363">
    <p class='ocr_par' dir='ltr' id='par_1_62' title="bbox 402 3283 3067 3363">
     <span class='ocr_line' id='line_1_62' title="bbox 402 3283 3067 3363; baseline -0.004 -12"><span class='ocrx_word' id='word_1_483' title='bbox 402 3283 618 3350; x_wconf 71' lang='grc' dir='ltr'>Πατρός</span> <span class='ocrx_word' id='word_1_484' title='bbox 649 3285 802 3338; x_wconf 79' lang='grc' dir='ltr'>ἐστιν</span> <span class='ocrx_word' id='word_1_485' title='bbox 838 3286 1109 3358; x_wconf 78' lang='grc' dir='ltr'>ἔκλαμψις</span> <span class='ocrx_word' id='word_1_486' title='bbox 1157 3290 1251 3343; x_wconf 84' lang='grc' dir='ltr'><strong>τοῦ</strong></span> <span class='ocrx_word' id='word_1_487' title='bbox 1304 3290 1458 3357; x_wconf 82' lang='grc' dir='ltr'>Υίοῦ,</span> <span class='ocrx_word' id='word_1_488' title='bbox 1512 3292 1816 3363; x_wconf 80' lang='grc' dir='ltr'>ἀμέριστος</span> <span class='ocrx_word' id='word_1_489' title='bbox 1864 3293 1962 3348; x_wconf 77' lang='grc' dir='ltr'>καὶ</span> <span class='ocrx_word' id='word_1_490' title='bbox 2000 3293 2327 3354; x_wconf 79' lang='grc' dir='ltr'>ἀδιάστατος</span> <span class='ocrx_word' id='word_1_491' title='bbox 2356 3290 2454 3345; x_wconf 66' lang='grc' dir='ltr'>καὶ</span> <span class='ocrx_word' id='word_1_492' title='bbox 2487 3288 2623 3343; x_wconf 78' lang='grc' dir='ltr'>οὖσα</span> <span class='ocrx_word' id='word_1_493' title='bbox 2652 3291 2748 3342; x_wconf 78' lang='grc' dir='ltr'>καὶ</span> <span class='ocrx_word' id='word_1_494' title='bbox 2776 3286 3067 3355; x_wconf 78' lang='grc' dir='ltr'>λεγομένη.</span> 
     </span>
    </p>
   </div>
   <div class='ocr_carea' id='block_1_63' title="bbox 475 3374 1978 3459">
    <p class='ocr_par' dir='ltr' id='par_1_63' title="bbox 475 3378 1971 3459">
     <span class='ocr_line' id='line_1_63' title="bbox 475 3378 1971 3459; baseline 0.008 -27"><span class='ocrx_word' id='word_1_495' title='bbox 475 3378 563 3432; x_wconf 80' lang='lat'><strong>35.</strong></span> <span class='ocrx_word' id='word_1_496' title='bbox 597 3379 842 3436; x_wconf 73' lang='lat' dir='ltr'><strong>Praesens</strong></span> <span class='ocrx_word' id='word_1_497' title='bbox 875 3384 1033 3437; x_wconf 88' lang='lat' dir='ltr'><strong>etiam</strong></span> <span class='ocrx_word' id='word_1_498' title='bbox 1070 3386 1454 3451; x_wconf 78' lang='lat' dir='ltr'><strong>speculationis</strong></span> <span class='ocrx_word' id='word_1_499' title='bbox 1480 3382 1609 3459; x_wconf 84' lang='lat' dir='ltr'><strong>pars</strong></span> <span class='ocrx_word' id='word_1_500' title='bbox 1634 3404 1702 3444; x_wconf 79' lang='lat' dir='ltr'><strong>ex</strong></span> <span class='ocrx_word' id='word_1_501' title='bbox 1734 3389 1894 3444; x_wconf 85' lang='lat' dir='ltr'><strong>Patre</strong></span> <span class='ocrx_word' id='word_1_502' title='bbox 1917 3396 1971 3444; x_wconf 89' lang='lat' dir='ltr'><strong>et</strong></span> 
     </span>
    </p>
   </div>
   <div class='ocr_carea' id='block_1_64' title="bbox 2080 3374 3654 3459">
    <p class='ocr_par' dir='ltr' id='par_1_64' title="bbox 2149 3374 3654 3455">
     <span class='ocr_line' id='line_1_64' title="bbox 2149 3374 3654 3455; baseline -0.012 -14"><span class='ocrx_word' id='word_1_503' title='bbox 2149 3385 2251 3455; x_wconf 84' lang='grc' dir='ltr'>λγ’.</span> <span class='ocrx_word' id='word_1_504' title='bbox 2322 3386 2433 3442; x_wconf 79' lang='grc' dir='ltr'><strong>Καὶ</strong></span> <span class='ocrx_word' id='word_1_505' title='bbox 2453 3384 2512 3438; x_wconf 84' lang='grc' dir='ltr'>τδ</span> <span class='ocrx_word' id='word_1_506' title='bbox 2539 3384 2711 3454; x_wconf 77' lang='grc' dir='ltr'>παρὸν</span> <span class='ocrx_word' id='word_1_507' title='bbox 2735 3381 2793 3436; x_wconf 70' lang='grc' dir='ltr'><strong>δὲ</strong></span> <span class='ocrx_word' id='word_1_508' title='bbox 2824 3380 2923 3449; x_wconf 83' lang='grc' dir='ltr'>τῆς</span> <span class='ocrx_word' id='word_1_509' title='bbox 2944 3377 3173 3450; x_wconf 82' lang='grc' dir='ltr'>Θεωρίας</span> <span class='ocrx_word' id='word_1_510' title='bbox 3192 3375 3285 3430; x_wconf 89' lang='grc' dir='ltr'><strong>τοῦ</strong></span> <span class='ocrx_word' id='word_1_511' title='bbox 3302 3375 3459 3443; x_wconf 74' lang='grc' dir='ltr'>λόγου</span> <span class='ocrx_word' id='word_1_512' title='bbox 3489 3374 3654 3445; x_wconf 69' lang='grc' dir='ltr'>μέρος</span> 
     </span>
    </p>
   </div>
   <div class='ocr_carea' id='block_1_65' title="bbox 405 3469 1985 3557">
    <p class='ocr_par' dir='ltr' id='par_1_65' title="bbox 405 3469 1985 3557">
     <span class='ocr_line' id='line_1_65' title="bbox 405 3469 1985 3557; baseline 0.008 -34"><span class='ocrx_word' id='word_1_513' title='bbox 405 3469 546 3524; x_wconf 81' lang='lat' dir='ltr'><strong>Filio</strong></span> <span class='ocrx_word' id='word_1_514' title='bbox 587 3472 640 3526; x_wconf 93' lang='lat' dir='ltr'><strong>in</strong></span> <span class='ocrx_word' id='word_1_515' title='bbox 705 3485 898 3529; x_wconf 83' lang='lat' dir='ltr'><strong>sancto</strong></span> <span class='ocrx_word' id='word_1_516' title='bbox 937 3476 1144 3546; x_wconf 86' lang='lat' dir='ltr'><strong>Spiritu</strong></span> <span class='ocrx_word' id='word_1_517' title='bbox 1198 3481 1531 3557; x_wconf 63' lang='lat' dir='ltr'><strong>absolvatur.</strong></span> <span class='ocrx_word' id='word_1_518' title='bbox 1588 3482 1693 3549; x_wconf 84' lang='lat' dir='ltr'><strong>Qui</strong></span> <span class='ocrx_word' id='word_1_519' title='bbox 1748 3482 1985 3537; x_wconf 87' lang='lat' dir='ltr'><strong>admini-</strong></span> 
     </span>
    </p>
   </div>
   <div class='ocr_carea' id='block_1_66' title="bbox 404 3568 1984 3643">
    <p class='ocr_par' dir='ltr' id='par_1_66' title="bbox 404 3568 1984 3643">
     <span class='ocr_line' id='line_1_66' title="bbox 404 3568 1984 3643; baseline 0.008 -28"><span class='ocrx_word' id='word_1_520' title='bbox 404 3568 582 3615; x_wconf 70' lang='lat' dir='ltr'><strong>strant</strong></span> <span class='ocrx_word' id='word_1_521' title='bbox 610 3578 800 3619; x_wconf 89' lang='lat' dir='ltr'><strong>omnes</strong></span> <span class='ocrx_word' id='word_1_522' title='bbox 827 3569 1073 3635; x_wconf 86' lang='lat' dir='ltr'><strong>spiritus,</strong></span> <span class='ocrx_word' id='word_1_523' title='bbox 1099 3579 1227 3626; x_wconf 91' lang='lat' dir='ltr'><strong>sunt</strong></span> <span class='ocrx_word' id='word_1_524' title='bbox 1256 3573 1454 3643; x_wconf 83' lang='lat' dir='ltr'><strong>angeli,</strong></span> <span class='ocrx_word' id='word_1_525' title='bbox 1477 3574 1806 3643; x_wconf 79' lang='lat' dir='ltr'><strong>archangeli.</strong></span> <span class='ocrx_word' id='word_1_526' title='bbox 1836 3575 1984 3642; x_wconf 84' lang='lat' dir='ltr'><strong>prin-</strong></span> 
     </span>
    </p>
   </div>
   <div class='ocr_carea' id='block_1_67' title="bbox 402 3651 1983 3735">
    <p class='ocr_par' dir='ltr' id='par_1_67' title="bbox 402 3651 1983 3735">
     <span class='ocr_line' id='line_1_67' title="bbox 402 3651 1983 3735; baseline 0.008 -30"><span class='ocrx_word' id='word_1_527' title='bbox 402 3651 636 3721; x_wconf 82' lang='lat' dir='ltr'><strong>cipatus,</strong></span> <span class='ocrx_word' id='word_1_528' title='bbox 682 3666 735 3709; x_wconf 80' lang='lat' dir='ltr'><strong>et</strong></span> <span class='ocrx_word' id='word_1_529' title='bbox 786 3667 1099 3729; x_wconf 71' lang='lat' dir='ltr'><strong>potestates,</strong></span> <span class='ocrx_word' id='word_1_530' title='bbox 1159 3662 1365 3735; x_wconf 75' lang='lat' dir='ltr'><strong>throni,</strong></span> <span class='ocrx_word' id='word_1_531' title='bbox 1430 3674 1483 3719; x_wconf 91' lang='lat' dir='ltr'><strong>et</strong></span> <span class='ocrx_word' id='word_1_532' title='bbox 1530 3665 1983 3720; x_wconf 85' lang='lat' dir='ltr'><strong>dominationes:</strong></span> 
     </span>
    </p>
   </div>
   <div class='ocr_carea' id='block_1_68' title="bbox 404 3752 1983 3826">
    <p class='ocr_par' dir='ltr' id='par_1_68' title="bbox 404 3752 1983 3826">
     <span class='ocr_line' id='line_1_68' title="bbox 404 3752 1983 3826; baseline 0.008 -28"><span class='ocrx_word' id='word_1_533' title='bbox 404 3757 488 3798; x_wconf 82' lang='lat' dir='ltr'><strong>cst</strong></span> <span class='ocrx_word' id='word_1_534' title='bbox 518 3764 645 3801; x_wconf 82' lang='lat' dir='ltr'><strong>vero</strong></span> <span class='ocrx_word' id='word_1_535' title='bbox 677 3762 725 3803; x_wconf 85' lang='lat' dir='ltr'><strong>et</strong></span> <span class='ocrx_word' id='word_1_536' title='bbox 752 3752 867 3819; x_wconf 84' lang='lat' dir='ltr'><strong>ipse</strong></span> <span class='ocrx_word' id='word_1_537' title='bbox 907 3753 1144 3822; x_wconf 81' lang='lat' dir='ltr'><strong>Spiritus</strong></span> <span class='ocrx_word' id='word_1_538' title='bbox 1195 3766 1443 3821; x_wconf 86' lang='lat' dir='ltr'><strong>sanctus,</strong></span> <span class='ocrx_word' id='word_1_539' title='bbox 1492 3765 1551 3810; x_wconf 88' lang='lat' dir='ltr'><strong>ut</strong></span> <span class='ocrx_word' id='word_1_540' title='bbox 1591 3756 1828 3826; x_wconf 65' lang='lat' dir='ltr'><strong>theologi</strong></span> <span class='ocrx_word' id='word_1_541' title='bbox 1878 3755 1983 3810; x_wconf 77' lang='lat' dir='ltr'><strong>Pa-</strong></span> 
     </span>
    </p>
   </div>
   <div class='ocr_carea' id='block_1_69' title="bbox 407 3843 1988 3916">
    <p class='ocr_par' dir='ltr' id='par_1_69' title="bbox 407 3843 1988 3916">
     <span class='ocr_line' id='line_1_69' title="bbox 407 3843 1988 3916; baseline 0.006 -23"><span class='ocrx_word' id='word_1_542' title='bbox 407 3850 517 3894; x_wconf 71' lang='lat' dir='ltr'><strong>tres</strong></span> <span class='ocrx_word' id='word_1_543' title='bbox 539 3843 705 3895; x_wconf 84' lang='lat' dir='ltr'><strong>nostri</strong></span> <span class='ocrx_word' id='word_1_544' title='bbox 730 3843 1109 3911; x_wconf 88' lang='lat' dir='ltr'><strong>decreverunt,</strong></span> <span class='ocrx_word' id='word_1_545' title='bbox 1133 3862 1200 3901; x_wconf 80' lang='lat' dir='ltr'><strong>ex</strong></span> <span class='ocrx_word' id='word_1_546' title='bbox 1228 3847 1385 3902; x_wconf 84' lang='lat' dir='ltr'><strong>Patre</strong></span> <span class='ocrx_word' id='word_1_547' title='bbox 1404 3857 1457 3902; x_wconf 89' lang='lat' dir='ltr'><strong>et</strong></span> <span class='ocrx_word' id='word_1_548' title='bbox 1490 3847 1657 3916; x_wconf 71' lang='lat' dir='ltr'><strong>Filio;</strong></span> <span class='ocrx_word' id='word_1_549' title='bbox 1689 3851 1781 3902; x_wconf 86' lang='lat' dir='ltr'><strong>sed</strong></span> <span class='ocrx_word' id='word_1_550' title='bbox 1813 3849 1988 3903; x_wconf 89' lang='lat' dir='ltr'><strong>admi-</strong></span> 
     </span>
    </p>
   </div>
   <div class='ocr_carea' id='block_1_70' title="bbox 408 3932 1984 4007">
    <p class='ocr_par' dir='ltr' id='par_1_70' title="bbox 408 3932 1984 4007">
     <span class='ocr_line' id='line_1_70' title="bbox 408 3932 1984 4007; baseline 0.007 -24"><span class='ocrx_word' id='word_1_551' title='bbox 408 3932 702 3987; x_wconf 88' lang='lat' dir='ltr'><strong>nistratorii</strong></span> <span class='ocrx_word' id='word_1_552' title='bbox 733 3950 923 3991; x_wconf 88' lang='lat' dir='ltr'><strong>omnes</strong></span> <span class='ocrx_word' id='word_1_553' title='bbox 967 3938 1194 4007; x_wconf 87' lang='lat' dir='ltr'><strong>spiritus</strong></span> <span class='ocrx_word' id='word_1_554' title='bbox 1229 3948 1440 3994; x_wconf 76' lang='lat' dir='ltr'><strong>suntex</strong></span> <span class='ocrx_word' id='word_1_555' title='bbox 1474 3937 1633 3994; x_wconf 84' lang='lat' dir='ltr'><strong>Patre</strong></span> <span class='ocrx_word' id='word_1_556' title='bbox 1661 3948 1715 3994; x_wconf 90' lang='lat' dir='ltr'><strong>et</strong></span> <span class='ocrx_word' id='word_1_557' title='bbox 1750 3956 1812 3994; x_wconf 79' lang='lat' dir='ltr'><strong>ex</strong></span> <span class='ocrx_word' id='word_1_558' title='bbox 1846 3938 1984 3994; x_wconf 87' lang='lat' dir='ltr'><strong>Filio</strong></span> 
     </span>
    </p>
   </div>
   <div class='ocr_carea' id='block_1_71' title="bbox 407 4025 1988 4103">
    <p class='ocr_par' dir='ltr' id='par_1_71' title="bbox 407 4025 1988 4103">
     <span class='ocr_line' id='line_1_71' title="bbox 407 4025 1988 4103; baseline 0.004 -23"><span class='ocrx_word' id='word_1_559' title='bbox 407 4034 665 4094; x_wconf 81' lang='lat' dir='ltr'><strong>tanquam</strong></span> <span class='ocrx_word' id='word_1_560' title='bbox 690 4025 919 4096; x_wconf 81' lang='lat' dir='ltr'><strong>factore,</strong></span> <span class='ocrx_word' id='word_1_561' title='bbox 946 4040 999 4084; x_wconf 89' lang='lat' dir='ltr'><strong>et</strong></span> <span class='ocrx_word' id='word_1_562' title='bbox 1023 4032 1215 4099; x_wconf 79' lang='lat' dir='ltr'><strong>opilice</strong></span> <span class='ocrx_word' id='word_1_563' title='bbox 1239 4043 1502 4095; x_wconf 64' lang='lat' dir='ltr'><strong>creatura:</strong></span> <span class='ocrx_word' id='word_1_564' title='bbox 1523 4042 1576 4087; x_wconf 88' lang='lat' dir='ltr'><strong>et</strong></span> <span class='ocrx_word' id='word_1_565' title='bbox 1592 4032 1841 4103; x_wconf 73' lang='lat' dir='ltr'><strong>opiﬁcis;</strong></span> <span class='ocrx_word' id='word_1_566' title='bbox 1865 4032 1988 4100; x_wconf 79' lang='lat' dir='ltr'><strong>Spi-</strong></span> 
     </span>
    </p>
   </div>
   <div class='ocr_carea' id='block_1_72' title="bbox 406 4117 1988 4187">
    <p class='ocr_par' dir='ltr' id='par_1_72' title="bbox 406 4117 1988 4187">
     <span class='ocr_line' id='line_1_72' title="bbox 406 4117 1988 4187; baseline 0.003 -13"><span class='ocrx_word' id='word_1_567' title='bbox 406 4117 548 4174; x_wconf 80' lang='lat' dir='ltr'><strong>ritus</strong></span> <span class='ocrx_word' id='word_1_568' title='bbox 566 4128 743 4174; x_wconf 88' lang='lat' dir='ltr'><strong>autem</strong></span> <span class='ocrx_word' id='word_1_569' title='bbox 766 4132 990 4177; x_wconf 90' lang='lat' dir='ltr'><strong>sanctus</strong></span> <span class='ocrx_word' id='word_1_570' title='bbox 1017 4132 1101 4178; x_wconf 88' lang='lat' dir='ltr'><strong>est</strong></span> <span class='ocrx_word' id='word_1_571' title='bbox 1124 4139 1189 4179; x_wconf 77' lang='lat' dir='ltr'><strong>ex</strong></span> <span class='ocrx_word' id='word_1_572' title='bbox 1206 4124 1367 4180; x_wconf 91' lang='lat' dir='ltr'><strong>Patre</strong></span> <span class='ocrx_word' id='word_1_573' title='bbox 1389 4135 1441 4180; x_wconf 87' lang='lat' dir='ltr'><strong>et</strong></span> <span class='ocrx_word' id='word_1_574' title='bbox 1458 4124 1619 4187; x_wconf 84' lang='lat' dir='ltr'><strong>Filio,</strong></span> <span class='ocrx_word' id='word_1_575' title='bbox 1647 4125 1811 4180; x_wconf 87' lang='lat' dir='ltr'><strong>veluti</strong></span> <span class='ocrx_word' id='word_1_576' title='bbox 1832 4124 1988 4179; x_wconf 88' lang='lat' dir='ltr'><strong>Tria—</strong></span> 
     </span>
    </p>
   </div>
   <div class='ocr_carea' id='block_1_73' title="bbox 398 4212 1987 4287">
    <p class='ocr_par' dir='ltr' id='par_1_73' title="bbox 398 4212 1987 4287">
     <span class='ocr_line' id='line_1_73' title="bbox 398 4212 1987 4287; baseline 0.003 -21"><span class='ocrx_word' id='word_1_577' title='bbox 398 4212 492 4266; x_wconf 39' lang='lat' dir='ltr'><strong>‘dis</strong></span> <span class='ocrx_word' id='word_1_578' title='bbox 511 4229 674 4280; x_wconf 87' lang='lat' dir='ltr'><strong>unus,</strong></span> <span class='ocrx_word' id='word_1_579' title='bbox 700 4222 754 4267; x_wconf 88' lang='lat' dir='ltr'><strong>et</strong></span> <span class='ocrx_word' id='word_1_580' title='bbox 778 4214 993 4270; x_wconf 74' lang='lat' dir='ltr'><strong>&#39;l‘riadis</strong></span> <span class='ocrx_word' id='word_1_581' title='bbox 1008 4218 1488 4287; x_wconf 89' lang='lat' dir='ltr'><strong>complementum.</strong></span> <span class='ocrx_word' id='word_1_582' title='bbox 1513 4218 1666 4284; x_wconf 82' lang='lat' dir='ltr'><strong>Quod</strong></span> <span class='ocrx_word' id='word_1_583' title='bbox 1692 4218 1872 4287; x_wconf 77' lang='lat' dir='ltr'><strong>itaque</strong></span> <span class='ocrx_word' id='word_1_584' title='bbox 1893 4217 1987 4271; x_wconf 89' lang='lat' dir='ltr'><strong>ad-</strong></span> 
     </span>
    </p>
   </div>
   <div class='ocr_carea' id='block_1_74' title="bbox 2085 3466 3656 3555">
    <p class='ocr_par' dir='ltr' id='par_1_74' title="bbox 2085 3466 3656 3555">
     <span class='ocr_line' id='line_1_74' title="bbox 2085 3466 3656 3555; baseline -0.013 -19"><span class='ocrx_word' id='word_1_585' title='bbox 2085 3480 2323 3555; x_wconf 78' lang='grc' dir='ltr'>γινέσθω</span> <span class='ocrx_word' id='word_1_586' title='bbox 2342 3481 2407 3533; x_wconf 82' lang='grc' dir='ltr'>ὲκ</span> <span class='ocrx_word' id='word_1_587' title='bbox 2432 3478 2527 3531; x_wconf 89' lang='grc' dir='ltr'><strong>τοῦ</strong></span> <span class='ocrx_word' id='word_1_588' title='bbox 2563 3475 2776 3546; x_wconf 58' lang='grc' dir='ltr'>Πατρὶς</span> <span class='ocrx_word' id='word_1_589' title='bbox 2816 3473 2913 3527; x_wconf 70' lang='grc' dir='ltr'>καὶ</span> <span class='ocrx_word' id='word_1_590' title='bbox 2946 3473 3011 3524; x_wconf 82' lang='grc' dir='ltr'>ὲκ</span> <span class='ocrx_word' id='word_1_591' title='bbox 3041 3469 3136 3524; x_wconf 88' lang='grc' dir='ltr'><strong>τοῦ</strong></span> <span class='ocrx_word' id='word_1_592' title='bbox 3164 3468 3297 3522; x_wconf 80' lang='grc' dir='ltr'>Υίοῦ</span> <span class='ocrx_word' id='word_1_593' title='bbox 3327 3469 3386 3519; x_wconf 80' lang='grc' dir='ltr'>ὲν</span> <span class='ocrx_word' id='word_1_594' title='bbox 3409 3466 3485 3534; x_wconf 79' lang='grc' dir='ltr'>τῷ</span> <span class='ocrx_word' id='word_1_595' title='bbox 3514 3466 3656 3534; x_wconf 76' lang='grc' dir='ltr'>ἁγίῳ</span> 
     </span>
    </p>
   </div>
   <div class='ocr_carea' id='block_1_75' title="bbox 2086 3556 3657 3643">
    <p class='ocr_par' dir='ltr' id='par_1_75' title="bbox 2086 3556 3657 3643">
     <span class='ocr_line' id='line_1_75' title="bbox 2086 3556 3657 3643; baseline -0.012 -16"><span class='ocrx_word' id='word_1_596' title='bbox 2086 3572 2389 3643; x_wconf 85' lang='grc' dir='ltr'>ῐινεύματι.</span> <span class='ocrx_word' id='word_1_597' title='bbox 2414 3570 2495 3624; x_wconf 79' lang='grc' dir='ltr'><strong>Τὰ</strong></span> <span class='ocrx_word' id='word_1_598' title='bbox 2534 3566 2889 3638; x_wconf 77' lang='grc' dir='ltr'>λειτουργικὰ</span> <span class='ocrx_word' id='word_1_599' title='bbox 2918 3563 3096 3617; x_wconf 82' lang='grc' dir='ltr'>πάντα</span> <span class='ocrx_word' id='word_1_600' title='bbox 3153 3562 3458 3629; x_wconf 77' lang='grc' dir='ltr'>ὑπάρχουσι</span> <span class='ocrx_word' id='word_1_601' title='bbox 3492 3556 3657 3609; x_wconf 84' lang='grc' dir='ltr'>πνεύ-</span> 
     </span>
    </p>
   </div>
   <div class='ocr_carea' id='block_1_76' title="bbox 2090 3654 3655 3740">
    <p class='ocr_par' dir='ltr' id='par_1_76' title="bbox 2090 3654 3655 3740">
     <span class='ocr_line' id='line_1_76' title="bbox 2090 3654 3655 3740; baseline -0.012 -20"><span class='ocrx_word' id='word_1_602' title='bbox 2090 3685 2255 3740; x_wconf 84' lang='grc' dir='ltr'>ματα,</span> <span class='ocrx_word' id='word_1_603' title='bbox 2283 3665 2523 3735; x_wconf 82' lang='grc' dir='ltr'>ἄγγελοι,</span> <span class='ocrx_word' id='word_1_604' title='bbox 2566 3661 2919 3734; x_wconf 78' lang='grc' dir='ltr'>ἀρχάγγελοι,</span> <span class='ocrx_word' id='word_1_605' title='bbox 2941 3657 3105 3729; x_wconf 76' lang='grc' dir='ltr'>ἀρχαί</span> <span class='ocrx_word' id='word_1_606' title='bbox 3135 3673 3193 3709; x_wconf 88' lang='grc' dir='ltr'><strong>τε</strong></span> <span class='ocrx_word' id='word_1_607' title='bbox 3246 3657 3341 3708; x_wconf 62' lang='grc' dir='ltr'>καὶ</span> <span class='ocrx_word' id='word_1_608' title='bbox 3387 3654 3655 3719; x_wconf 74' lang='grc' dir='ltr'>ἐξουσίαι,</span> 
     </span>
    </p>
   </div>
   <div class='ocr_carea' id='block_1_77' title="bbox 2088 3744 3659 3831">
    <p class='ocr_par' dir='ltr' id='par_1_77' title="bbox 2088 3744 3659 3831">
     <span class='ocr_line' id='line_1_77' title="bbox 2088 3744 3659 3831; baseline -0.011 -16"><span class='ocrx_word' id='word_1_609' title='bbox 2088 3761 2271 3831; x_wconf 69' lang='grc' dir='ltr'>θρόνοι</span> <span class='ocrx_word' id='word_1_610' title='bbox 2330 3761 2427 3814; x_wconf 69' lang='grc' dir='ltr'>καὶ</span> <span class='ocrx_word' id='word_1_611' title='bbox 2475 3757 2839 3829; x_wconf 76' lang='grc' dir='ltr'>κυριότητες’</span> <span class='ocrx_word' id='word_1_612' title='bbox 2901 3754 3135 3823; x_wconf 76' lang='grc' dir='ltr'>ὑπάρχει</span> <span class='ocrx_word' id='word_1_613' title='bbox 3165 3750 3222 3803; x_wconf 77' lang='grc' dir='ltr'><strong>δὲ</strong></span> <span class='ocrx_word' id='word_1_614' title='bbox 3279 3749 3376 3801; x_wconf 68' lang='grc' dir='ltr'>καὶ</span> <span class='ocrx_word' id='word_1_615' title='bbox 3430 3746 3562 3799; x_wconf 78' lang='grc' dir='ltr'>αὑτὸ</span> <span class='ocrx_word' id='word_1_616' title='bbox 3596 3744 3659 3798; x_wconf 82' lang='grc' dir='ltr'>τδ</span> 
     </span>
    </p>
   </div>
   <div class='ocr_carea' id='block_1_78' title="bbox 2089 3840 3660 3923">
    <p class='ocr_par' dir='ltr' id='par_1_78' title="bbox 2089 3840 3660 3923">
     <span class='ocr_line' id='line_1_78' title="bbox 2089 3840 3660 3923; baseline -0.011 -15"><span class='ocrx_word' id='word_1_617' title='bbox 2089 3853 2318 3923; x_wconf 75' lang='grc' dir='ltr'>Πνεῦμα.</span> <span class='ocrx_word' id='word_1_618' title='bbox 2343 3851 2406 3904; x_wconf 84' lang='grc' dir='ltr'>τδ</span> <span class='ocrx_word' id='word_1_619' title='bbox 2468 3851 2625 3918; x_wconf 73' lang='grc' dir='ltr'>ἅγιον</span> <span class='ocrx_word' id='word_1_620' title='bbox 2672 3847 2813 3900; x_wconf 76' lang='grc' dir='ltr'>κατὰ</span> <span class='ocrx_word' id='word_1_621' title='bbox 2858 3845 2984 3908; x_wconf 72' lang='grc' dir='ltr'>τοὺς</span> <span class='ocrx_word' id='word_1_622' title='bbox 3036 3842 3180 3897; x_wconf 75' lang='grc' dir='ltr'>οὕτω</span> <span class='ocrx_word' id='word_1_623' title='bbox 3229 3840 3660 3907; x_wconf 72' lang='grc' dir='ltr'>θεολογήσαντας</span> 
     </span>
    </p>
   </div>
   <div class='ocr_carea' id='block_1_79' title="bbox 2090 3928 3657 4012">
    <p class='ocr_par' dir='ltr' id='par_1_79' title="bbox 2090 3928 3657 4012">
     <span class='ocr_line' id='line_1_79' title="bbox 2090 3928 3657 4012; baseline -0.01 -14"><span class='ocrx_word' id='word_1_624' title='bbox 2090 3945 2344 4012; x_wconf 80' lang='grc' dir='ltr'>Πατέρας</span> <span class='ocrx_word' id='word_1_625' title='bbox 2370 3940 2525 4012; x_wconf 81' lang='grc' dir='ltr'>ήμῶν</span> <span class='ocrx_word' id='word_1_626' title='bbox 2555 3942 2619 3994; x_wconf 82' lang='grc' dir='ltr'>ὲκ</span> <span class='ocrx_word' id='word_1_627' title='bbox 2646 3940 2743 3994; x_wconf 84' lang='grc' dir='ltr'><strong>τοῦ</strong></span> <span class='ocrx_word' id='word_1_628' title='bbox 2774 3936 2990 4006; x_wconf 70' lang='grc' dir='ltr'>Πατρδς</span> <span class='ocrx_word' id='word_1_629' title='bbox 3022 3935 3118 3989; x_wconf 71' lang='grc' dir='ltr'>καὶ</span> <span class='ocrx_word' id='word_1_630' title='bbox 3144 3929 3239 3987; x_wconf 87' lang='grc' dir='ltr'><strong>τοῦ</strong></span> <span class='ocrx_word' id='word_1_631' title='bbox 3271 3930 3428 3985; x_wconf 83' lang='grc' dir='ltr'>Υίοῦ.</span> <span class='ocrx_word' id='word_1_632' title='bbox 3493 3928 3657 3983; x_wconf 74' lang='lat' dir='ltr'><strong>’Am</strong></span> 
     </span>
    </p>
   </div>
   <div class='ocr_carea' id='block_1_80' title="bbox 2089 4021 3659 4106">
    <p class='ocr_par' dir='ltr' id='par_1_80' title="bbox 2089 4021 3659 4106">
     <span class='ocr_line' id='line_1_80' title="bbox 2089 4021 3659 4106; baseline -0.011 -17"><span class='ocrx_word' id='word_1_633' title='bbox 2089 4037 2159 4090; x_wconf 81' lang='grc' dir='ltr'>τὰ</span> <span class='ocrx_word' id='word_1_634' title='bbox 2186 4036 2284 4106; x_wconf 85' lang='grc' dir='ltr'>μὲν</span> <span class='ocrx_word' id='word_1_635' title='bbox 2316 4030 2677 4104; x_wconf 81' lang='grc' dir='ltr'>λειτουργικὰ</span> <span class='ocrx_word' id='word_1_636' title='bbox 2706 4030 2886 4083; x_wconf 81' lang='grc' dir='ltr'>πάντα</span> <span class='ocrx_word' id='word_1_637' title='bbox 2911 4027 3199 4097; x_wconf 83' lang='grc' dir='ltr'>πνεύματα</span> <span class='ocrx_word' id='word_1_638' title='bbox 3234 4025 3298 4077; x_wconf 79' lang='grc' dir='ltr'>ἐκ</span> <span class='ocrx_word' id='word_1_639' title='bbox 3325 4022 3421 4077; x_wconf 90' lang='grc' dir='ltr'><strong>τοῦ</strong></span> <span class='ocrx_word' id='word_1_640' title='bbox 3446 4021 3659 4091; x_wconf 76' lang='grc' dir='ltr'>Πατρδς</span> 
     </span>
    </p>
   </div>
   <div class='ocr_carea' id='block_1_81' title="bbox 2085 4113 3661 4197">
    <p class='ocr_par' dir='ltr' id='par_1_81' title="bbox 2085 4113 3661 4197">
     <span class='ocr_line' id='line_1_81' title="bbox 2085 4113 3661 4197; baseline -0.012 -15"><span class='ocrx_word' id='word_1_641' title='bbox 2085 4120 2323 4197; x_wconf 67' lang='grc' dir='ltr'>ὑπάρχει</span> <span class='ocrx_word' id='word_1_642' title='bbox 2351 4125 2449 4179; x_wconf 56' lang='grc' dir='ltr'><strong>καὶ⁵</strong></span> <span class='ocrx_word' id='word_1_643' title='bbox 2468 4127 2533 4178; x_wconf 76' lang='grc' dir='ltr'>ἐκ</span> <span class='ocrx_word' id='word_1_644' title='bbox 2561 4123 2655 4177; x_wconf 90' lang='grc' dir='ltr'><strong>τοῦ</strong></span> <span class='ocrx_word' id='word_1_645' title='bbox 2687 4120 2841 4185; x_wconf 81' lang='grc' dir='ltr'>Υίοῦ,</span> <span class='ocrx_word' id='word_1_646' title='bbox 2872 4119 2949 4183; x_wconf 85' lang='grc' dir='ltr'><strong>ὡς</strong></span> <span class='ocrx_word' id='word_1_647' title='bbox 2998 4115 3229 4187; x_wconf 79' lang='grc' dir='ltr'>ποιητοῦ</span> <span class='ocrx_word' id='word_1_648' title='bbox 3253 4115 3350 4168; x_wconf 68' lang='grc' dir='ltr'>καὶ</span> <span class='ocrx_word' id='word_1_649' title='bbox 3380 4113 3661 4183; x_wconf 81' lang='grc' dir='ltr'>δημιουρ-</span> 
     </span>
    </p>
   </div>
   <div class='ocr_carea' id='block_1_82' title="bbox 2087 4202 3661 4287">
    <p class='ocr_par' dir='ltr' id='par_1_82' title="bbox 2087 4202 3661 4287">
     <span class='ocr_line' id='line_1_82' title="bbox 2087 4202 3661 4287; baseline -0.01 -16"><span class='ocrx_word' id='word_1_650' title='bbox 2087 4217 2187 4287; x_wconf 90' lang='grc' dir='ltr'><strong>γοῦ</strong></span> <span class='ocrx_word' id='word_1_651' title='bbox 2231 4219 2519 4285; x_wconf 76' lang='grc' dir='ltr'>ποιήματα</span> <span class='ocrx_word' id='word_1_652' title='bbox 2572 4214 2667 4267; x_wconf 70' lang='grc' dir='ltr'>καὶ</span> <span class='ocrx_word' id='word_1_653' title='bbox 2714 4211 3204 4281; x_wconf 84' lang='grc' dir='ltr'>δημιουργήματα·</span> <span class='ocrx_word' id='word_1_654' title='bbox 3259 4205 3323 4259; x_wconf 79' lang='grc' dir='ltr'>τὸ</span> <span class='ocrx_word' id='word_1_655' title='bbox 3390 4204 3447 4257; x_wconf 73' lang='grc' dir='ltr'><strong>δὲ</strong></span> <span class='ocrx_word' id='word_1_656' title='bbox 3503 4202 3661 4270; x_wconf 70' lang='grc' dir='ltr'>ἅγιον</span> 
     </span>
    </p>
   </div>
   <div class='ocr_carea' id='block_1_83' title="bbox 404 4294 1978 4380">
    <p class='ocr_par' dir='ltr' id='par_1_83' title="bbox 404 4304 1978 4377">
     <span class='ocr_line' id='line_1_83' title="bbox 404 4304 1978 4377; baseline 0.003 -19"><span class='ocrx_word' id='word_1_657' title='bbox 404 4304 784 4361; x_wconf 85' lang='lat' dir='ltr'><strong>ministratorii</strong></span> <span class='ocrx_word' id='word_1_658' title='bbox 816 4308 1041 4377; x_wconf 87' lang='lat' dir='ltr'><strong>spiritus</strong></span> <span class='ocrx_word' id='word_1_659' title='bbox 1067 4325 1131 4363; x_wconf 81' lang='lat' dir='ltr'><strong>ex</strong></span> <span class='ocrx_word' id='word_1_660' title='bbox 1161 4308 1318 4365; x_wconf 89' lang='lat' dir='ltr'><strong>Patre</strong></span> <span class='ocrx_word' id='word_1_661' title='bbox 1334 4319 1462 4365; x_wconf 87' lang='lat' dir='ltr'><strong>sunt</strong></span> <span class='ocrx_word' id='word_1_662' title='bbox 1486 4319 1539 4366; x_wconf 90' lang='lat' dir='ltr'><strong>et</strong></span> <span class='ocrx_word' id='word_1_663' title='bbox 1565 4327 1628 4365; x_wconf 70' lang='lat' dir='ltr'><strong>es</strong></span> <span class='ocrx_word' id='word_1_664' title='bbox 1654 4307 1792 4365; x_wconf 82' lang='lat' dir='ltr'><strong>Filio</strong></span> <span class='ocrx_word' id='word_1_665' title='bbox 1818 4309 1978 4365; x_wconf 89' lang='lat' dir='ltr'><strong>veluti</strong></span> 
     </span>
    </p>
   </div>
   <div class='ocr_carea' id='block_1_84' title="bbox 2080 4294 3661 4380">
    <p class='ocr_par' dir='ltr' id='par_1_84' title="bbox 2091 4294 3661 4380">
     <span class='ocr_line' id='line_1_84' title="bbox 2091 4294 3661 4380; baseline -0.011 -16"><span class='ocrx_word' id='word_1_666' title='bbox 2091 4310 2317 4380; x_wconf 78' lang='grc' dir='ltr'>Πνεῦμα</span> <span class='ocrx_word' id='word_1_667' title='bbox 2351 4308 2416 4361; x_wconf 75' lang='grc' dir='ltr'>ἐκ</span> <span class='ocrx_word' id='word_1_668' title='bbox 2470 4305 2565 4360; x_wconf 85' lang='grc' dir='ltr'><strong>τοῦ</strong></span> <span class='ocrx_word' id='word_1_669' title='bbox 2599 4303 2816 4374; x_wconf 83' lang='grc' dir='ltr'>Πατρδς</span> <span class='ocrx_word' id='word_1_670' title='bbox 2848 4303 3088 4371; x_wconf 79' lang='grc' dir='ltr'>ὑπάρχει</span> <span class='ocrx_word' id='word_1_671' title='bbox 3114 4300 3212 4352; x_wconf 76' lang='grc' dir='ltr'>καὶ</span> <span class='ocrx_word' id='word_1_672' title='bbox 3239 4297 3337 4351; x_wconf 86' lang='grc' dir='ltr'><strong>τοῦ</strong></span> <span class='ocrx_word' id='word_1_673' title='bbox 3370 4294 3539 4361; x_wconf 59' lang='grc' dir='ltr'><strong>Ποῦγ</strong></span> <span class='ocrx_word' id='word_1_674' title='bbox 3582 4294 3661 4359; x_wconf 84' lang='grc' dir='ltr'>ὡς</span> 
     </span>
    </p>
   </div>
   <div class='ocr_carea' id='block_1_85' title="bbox 400 4388 1978 4471">
    <p class='ocr_par' dir='ltr' id='par_1_85' title="bbox 400 4398 1978 4468">
     <span class='ocr_line' id='line_1_85' title="bbox 400 4398 1978 4468; baseline 0.006 -21"><span class='ocrx_word' id='word_1_675' title='bbox 400 4404 673 4450; x_wconf 70' lang='lat' dir='ltr'><strong>creatura:</strong></span> <span class='ocrx_word' id='word_1_676' title='bbox 693 4405 747 4451; x_wconf 89' lang='lat' dir='ltr'><strong>et</strong></span> <span class='ocrx_word' id='word_1_677' title='bbox 764 4399 1000 4466; x_wconf 86' lang='lat' dir='ltr'><strong>opiticia,</strong></span> <span class='ocrx_word' id='word_1_678' title='bbox 1033 4409 1087 4454; x_wconf 90' lang='lat' dir='ltr'><strong>et</strong></span> <span class='ocrx_word' id='word_1_679' title='bbox 1118 4398 1351 4468; x_wconf 89' lang='lat' dir='ltr'><strong>Spiritus</strong></span> <span class='ocrx_word' id='word_1_680' title='bbox 1379 4410 1602 4455; x_wconf 89' lang='lat' dir='ltr'><strong>sanctus</strong></span> <span class='ocrx_word' id='word_1_681' title='bbox 1632 4418 1698 4455; x_wconf 80' lang='lat' dir='ltr'><strong>ex</strong></span> <span class='ocrx_word' id='word_1_682' title='bbox 1723 4401 1882 4455; x_wconf 88' lang='lat' dir='ltr'><strong>Patre</strong></span> <span class='ocrx_word' id='word_1_683' title='bbox 1902 4411 1978 4457; x_wconf 91' lang='lat' dir='ltr'><strong>est</strong></span> 
     </span>
    </p>
   </div>
   <div class='ocr_carea' id='block_1_86' title="bbox 2080 4388 3657 4471">
    <p class='ocr_par' dir='ltr' id='par_1_86' title="bbox 2088 4388 3657 4471">
     <span class='ocr_line' id='line_1_86' title="bbox 2088 4388 3657 4471; baseline -0.009 -16"><span class='ocrx_word' id='word_1_684' title='bbox 2088 4401 2148 4456; x_wconf 73' lang='grc' dir='ltr'>ἓν</span> <span class='ocrx_word' id='word_1_685' title='bbox 2174 4401 2275 4471; x_wconf 83' lang='grc' dir='ltr'>τῆς</span> <span class='ocrx_word' id='word_1_686' title='bbox 2315 4400 2547 4471; x_wconf 82' lang='grc' dir='ltr'>Τριάδος</span> <span class='ocrx_word' id='word_1_687' title='bbox 2568 4399 2665 4452; x_wconf 75' lang='grc' dir='ltr'>καὶ</span> <span class='ocrx_word' id='word_1_688' title='bbox 2728 4392 3189 4464; x_wconf 83' lang='grc' dir='ltr'>συμπληρωτικὸν</span> <span class='ocrx_word' id='word_1_689' title='bbox 3245 4389 3349 4459; x_wconf 80' lang='grc' dir='ltr'>τῆς</span> <span class='ocrx_word' id='word_1_690' title='bbox 3402 4388 3657 4459; x_wconf 80' lang='grc' dir='ltr'>Τριάδος.</span> 
     </span>
    </p>
   </div>
   <div class='ocr_carea' id='block_1_87' title="bbox 397 4475 1978 4562">
    <p class='ocr_par' dir='ltr' id='par_1_87' title="bbox 397 4486 1978 4562">
     <span class='ocr_line' id='line_1_87' title="bbox 397 4486 1978 4562; baseline 0.004 -22"><span class='ocrx_word' id='word_1_691' title='bbox 397 4494 462 4540; x_wconf 75' lang='lat' dir='ltr'><strong>et</strong></span> <span class='ocrx_word' id='word_1_692' title='bbox 489 4502 555 4539; x_wconf 78' lang='lat' dir='ltr'><strong>ex</strong></span> <span class='ocrx_word' id='word_1_693' title='bbox 585 4486 742 4555; x_wconf 90' lang='lat' dir='ltr'><strong>Filio,</strong></span> <span class='ocrx_word' id='word_1_694' title='bbox 779 4490 943 4547; x_wconf 87' lang='lat' dir='ltr'><strong>veluti</strong></span> <span class='ocrx_word' id='word_1_695' title='bbox 973 4490 1382 4557; x_wconf 87' lang='lat' dir='ltr'><strong>unus.Triadis,</strong></span> <span class='ocrx_word' id='word_1_696' title='bbox 1412 4501 1466 4549; x_wconf 90' lang='lat' dir='ltr'><strong>et</strong></span> <span class='ocrx_word' id='word_1_697' title='bbox 1503 4491 1717 4548; x_wconf 86' lang='lat' dir='ltr'><strong>Triadis</strong></span> <span class='ocrx_word' id='word_1_698' title='bbox 1744 4493 1978 4562; x_wconf 88' lang='lat' dir='ltr'><strong>comple-</strong></span> 
     </span>
    </p>
   </div>
   <div class='ocr_carea' id='block_1_88' title="bbox 2080 4475 3660 4562">
    <p class='ocr_par' dir='ltr' id='par_1_88' title="bbox 2092 4475 3660 4562">
     <span class='ocr_line' id='line_1_88' title="bbox 2092 4475 3660 4562; baseline -0.011 -13"><span class='ocrx_word' id='word_1_699' title='bbox 2092 4497 2215 4549; x_wconf 86' lang='grc' dir='ltr'>Ὀτι</span> <span class='ocrx_word' id='word_1_700' title='bbox 2247 4495 2381 4562; x_wconf 82' lang='grc' dir='ltr'>γοῦν</span> <span class='ocrx_word' id='word_1_701' title='bbox 2412 4492 2482 4546; x_wconf 78' lang='grc' dir='ltr'>τὰ</span> <span class='ocrx_word' id='word_1_702' title='bbox 2532 4491 2633 4561; x_wconf 83' lang='grc' dir='ltr'>μὲν</span> <span class='ocrx_word' id='word_1_703' title='bbox 2697 4487 3049 4555; x_wconf 80' lang='grc' dir='ltr'>λειτουργικὰ</span> <span class='ocrx_word' id='word_1_704' title='bbox 3099 4482 3385 4553; x_wconf 84' lang='grc' dir='ltr'>πνεύματα</span> <span class='ocrx_word' id='word_1_705' title='bbox 3438 4480 3502 4533; x_wconf 68' lang='grc' dir='ltr'>ἐκ</span> <span class='ocrx_word' id='word_1_706' title='bbox 3563 4475 3660 4532; x_wconf 85' lang='grc' dir='ltr'><strong>τοῦ</strong></span> 
     </span>
    </p>
   </div>
   <div class='ocr_carea' id='block_1_89' title="bbox 404 4553 1978 4661">
    <p class='ocr_par' dir='ltr' id='par_1_89' title="bbox 404 4583 1978 4661">
     <span class='ocr_line' id='line_1_89' title="bbox 404 4583 1978 4661; baseline 0.004 -29"><span class='ocrx_word' id='word_1_707' title='bbox 404 4589 677 4641; x_wconf 85' lang='lat' dir='ltr'><strong>mentum,</strong></span> <span class='ocrx_word' id='word_1_708' title='bbox 740 4596 963 4661; x_wconf 81' lang='lat' dir='ltr'><strong>prorsus</strong></span> <span class='ocrx_word' id='word_1_709' title='bbox 1014 4583 1367 4651; x_wconf 67' lang='lat' dir='ltr'><strong>quaerendum</strong></span> <span class='ocrx_word' id='word_1_710' title='bbox 1425 4592 1564 4649; x_wconf 79' lang='lat' dir='ltr'><strong>erat,</strong></span> <span class='ocrx_word' id='word_1_711' title='bbox 1621 4595 1978 4655; x_wconf 77' lang='lat' dir='ltr'><strong>accurateque</strong></span> 
     </span>
    </p>
   </div>
   <div class='ocr_carea' id='block_1_90' title="bbox 2080 4553 3660 4661">
    <p class='ocr_par' dir='ltr' id='par_1_90' title="bbox 2091 4553 3660 4656">
     <span class='ocr_line' id='line_1_90' title="bbox 2091 4553 3660 4656; baseline -0.012 -15"><span class='ocrx_word' id='word_1_712' title='bbox 2091 4553 2307 4656; x_wconf 66' lang='grc' dir='ltr'>Πατρὺς</span> <span class='ocrx_word' id='word_1_713' title='bbox 2348 4553 2584 4655; x_wconf 67' lang='grc' dir='ltr'>ὑπάρχει</span> <span class='ocrx_word' id='word_1_714' title='bbox 2613 4582 2707 4635; x_wconf 71' lang='grc' dir='ltr'>καὶ</span> <span class='ocrx_word' id='word_1_715' title='bbox 2731 4580 2828 4633; x_wconf 83' lang='grc' dir='ltr'><strong>τοῦ</strong></span> <span class='ocrx_word' id='word_1_716' title='bbox 2862 4553 2992 4630; x_wconf 78' lang='grc' dir='ltr'>Υἱοῦ</span> <span class='ocrx_word' id='word_1_717' title='bbox 3021 4576 3097 4638; x_wconf 79' lang='grc' dir='ltr'>ὠς</span> <span class='ocrx_word' id='word_1_718' title='bbox 3121 4576 3403 4644; x_wconf 78' lang='grc' dir='ltr'>ποιήματα</span> <span class='ocrx_word' id='word_1_719' title='bbox 3441 4571 3540 4626; x_wconf 79' lang='grc' dir='ltr'>καὶ</span> <span class='ocrx_word' id='word_1_720' title='bbox 3565 4571 3660 4638; x_wconf 86' lang='grc' dir='ltr'><strong>δη-</strong></span> 
     </span>
    </p>
   </div>
   <div class='ocr_carea' id='block_1_91' title="bbox 398 4663 1978 4749">
    <p class='ocr_par' dir='ltr' id='par_1_91' title="bbox 398 4672 1978 4746">
     <span class='ocr_line' id='line_1_91' title="bbox 398 4672 1978 4746; baseline 0.002 -19"><span class='ocrx_word' id='word_1_721' title='bbox 398 4672 844 4741; x_wconf 76' lang='lat' dir='ltr'><strong>dijudicandum,</strong></span> <span class='ocrx_word' id='word_1_722' title='bbox 879 4677 948 4730; x_wconf 87' lang='lat' dir='ltr'><strong>ab</strong></span> <span class='ocrx_word' id='word_1_723' title='bbox 979 4676 1171 4731; x_wconf 87' lang='lat' dir='ltr'><strong>barum</strong></span> <span class='ocrx_word' id='word_1_724' title='bbox 1199 4692 1383 4731; x_wconf 87' lang='lat' dir='ltr'><strong>rerum</strong></span> <span class='ocrx_word' id='word_1_725' title='bbox 1410 4676 1779 4732; x_wconf 81' lang='lat' dir='ltr'><strong>exactissimis</strong></span> <span class='ocrx_word' id='word_1_726' title='bbox 1804 4677 1978 4746; x_wconf 77' lang='lat' dir='ltr'><strong>cogni-</strong></span> 
     </span>
    </p>
   </div>
   <div class='ocr_carea' id='block_1_92' title="bbox 2080 4663 3703 4749">
    <p class='ocr_par' dir='ltr' id='par_1_92' title="bbox 2094 4663 3703 4749">
     <span class='ocr_line' id='line_1_92' title="bbox 2094 4663 3703 4749; baseline -0.012 -18"><span class='ocrx_word' id='word_1_727' title='bbox 2094 4680 2504 4749; x_wconf 83' lang='grc' dir='ltr'>μιουργήματα,</span> <span class='ocrx_word' id='word_1_728' title='bbox 2530 4675 2591 4728; x_wconf 79' lang='grc' dir='ltr'>τὸ</span> <span class='ocrx_word' id='word_1_729' title='bbox 2616 4674 2675 4727; x_wconf 76' lang='grc' dir='ltr'><strong>δὲ</strong></span> <span class='ocrx_word' id='word_1_730' title='bbox 2706 4672 2864 4739; x_wconf 73' lang='grc' dir='ltr'>ἅγιον</span> <span class='ocrx_word' id='word_1_731' title='bbox 2922 4668 3151 4739; x_wconf 83' lang='grc' dir='ltr'>Πνεῦμα</span> <span class='ocrx_word' id='word_1_732' title='bbox 3190 4669 3253 4719; x_wconf 83' lang='grc' dir='ltr'>ὲκ</span> <span class='ocrx_word' id='word_1_733' title='bbox 3303 4663 3399 4717; x_wconf 86' lang='grc' dir='ltr'><strong>τοῦ</strong></span> <span class='ocrx_word' id='word_1_734' title='bbox 3446 4663 3660 4734; x_wconf 80' lang='grc' dir='ltr'>Πατρδς</span> <span class='ocrx_word' id='word_1_735' title='bbox 3691 4713 3703 4737; x_wconf 39' lang='grc' dir='ltr'>ἱ</span> 
     </span>
    </p>
   </div>
   <div class='ocr_carea' id='block_1_93' title="bbox 403 4755 1978 4841">
    <p class='ocr_par' dir='ltr' id='par_1_93' title="bbox 403 4764 1978 4838">
     <span class='ocr_line' id='line_1_93' title="bbox 403 4764 1978 4838; baseline 0.003 -18"><span class='ocrx_word' id='word_1_736' title='bbox 403 4765 625 4820; x_wconf 79' lang='lat' dir='ltr'><strong>toribus</strong></span> <span class='ocrx_word' id='word_1_737' title='bbox 677 4764 953 4831; x_wconf 85' lang='lat' dir='ltr'><strong>Patribus,</strong></span> <span class='ocrx_word' id='word_1_738' title='bbox 992 4778 1045 4821; x_wconf 89' lang='lat' dir='ltr'><strong>et</strong></span> <span class='ocrx_word' id='word_1_739' title='bbox 1079 4769 1369 4838; x_wconf 77' lang='lat' dir='ltr'><strong>theologis,</strong></span> <span class='ocrx_word' id='word_1_740' title='bbox 1401 4770 1730 4837; x_wconf 84' lang='lat' dir='ltr'><strong>quibusnam</strong></span> <span class='ocrx_word' id='word_1_741' title='bbox 1763 4771 1978 4825; x_wconf 79' lang='lat' dir='ltr'><strong>vocibus</strong></span> 
     </span>
    </p>
   </div>
   <div class='ocr_carea' id='block_1_94' title="bbox 2080 4755 3661 4841">
    <p class='ocr_par' dir='ltr' id='par_1_94' title="bbox 2089 4755 3661 4841">
     <span class='ocr_line' id='line_1_94' title="bbox 2089 4755 3661 4841; baseline -0.011 -16"><span class='ocrx_word' id='word_1_742' title='bbox 2089 4771 2326 4841; x_wconf 80' lang='grc' dir='ltr'>ὑπάρχει</span> <span class='ocrx_word' id='word_1_743' title='bbox 2367 4770 2464 4822; x_wconf 73' lang='grc' dir='ltr'>καὶ</span> <span class='ocrx_word' id='word_1_744' title='bbox 2523 4765 2618 4820; x_wconf 87' lang='grc' dir='ltr'><strong>τοῦ</strong></span> <span class='ocrx_word' id='word_1_745' title='bbox 2667 4762 2820 4829; x_wconf 84' lang='grc' dir='ltr'>Υίοῦ,</span> <span class='ocrx_word' id='word_1_746' title='bbox 2871 4762 2947 4826; x_wconf 84' lang='grc' dir='ltr'><strong>ὡς</strong></span> <span class='ocrx_word' id='word_1_747' title='bbox 3000 4761 3059 4815; x_wconf 71' lang='grc' dir='ltr'>ἐν</span> <span class='ocrx_word' id='word_1_748' title='bbox 3103 4759 3203 4828; x_wconf 84' lang='grc' dir='ltr'>τῆς</span> <span class='ocrx_word' id='word_1_749' title='bbox 3253 4759 3296 4810; x_wconf 87' lang='grc' dir='ltr'><strong>Τ</strong></span> <span class='ocrx_word' id='word_1_750' title='bbox 3300 4758 3505 4826; x_wconf 81' lang='grc' dir='ltr'>ριάδος,</span> <span class='ocrx_word' id='word_1_751' title='bbox 3564 4755 3661 4809; x_wconf 78' lang='grc' dir='ltr'>καὶ</span> 
     </span>
    </p>
   </div>
   <div class='ocr_carea' id='block_1_95' title="bbox 410 4846 1978 4932">
    <p class='ocr_par' dir='ltr' id='par_1_95' title="bbox 410 4856 1978 4931">
     <span class='ocr_line' id='line_1_95' title="bbox 410 4856 1978 4931; baseline 0.001 -17"><span class='ocrx_word' id='word_1_752' title='bbox 410 4856 673 4914; x_wconf 80' lang='lat' dir='ltr'><strong>similium</strong></span> <span class='ocrx_word' id='word_1_753' title='bbox 726 4859 1172 4915; x_wconf 84' lang='lat' dir='ltr'><strong>exsistentiarum</strong></span> <span class='ocrx_word' id='word_1_754' title='bbox 1215 4860 1510 4916; x_wconf 84' lang='lat' dir='ltr'><strong>diversitas</strong></span> <span class='ocrx_word' id='word_1_755' title='bbox 1551 4859 1978 4931; x_wconf 63' lang='lat' dir='ltr'><strong>dignoscerctut‘,</strong></span> 
     </span>
    </p>
   </div>
   <div class='ocr_carea' id='block_1_96' title="bbox 2080 4846 3697 4932">
    <p class='ocr_par' dir='ltr' id='par_1_96' title="bbox 2091 4846 3697 4932">
     <span class='ocr_line' id='line_1_96' title="bbox 2091 4846 3697 4932; baseline -0.014 -17"><span class='ocrx_word' id='word_1_756' title='bbox 2091 4859 2555 4932; x_wconf 72' lang='grc' dir='ltr'>συμπληρωτικὸν</span> <span class='ocrx_word' id='word_1_757' title='bbox 2584 4858 2684 4929; x_wconf 81' lang='grc' dir='ltr'>τῆς</span> <span class='ocrx_word' id='word_1_758' title='bbox 2713 4856 2966 4926; x_wconf 82' lang='grc' dir='ltr'>Τριάδος,</span> <span class='ocrx_word' id='word_1_759' title='bbox 3008 4853 3109 4906; x_wconf 87' lang='grc' dir='ltr'><strong>οὑκ</strong></span> <span class='ocrx_word' id='word_1_760' title='bbox 3134 4848 3241 4903; x_wconf 66' lang='grc' dir='ltr'>ἔδει</span> <span class='ocrx_word' id='word_1_761' title='bbox 3293 4849 3515 4910; x_wconf 71' lang='grc' dir='ltr'>πάντως</span> <span class='ocrx_word' id='word_1_762' title='bbox 3579 4846 3659 4914; x_wconf 82' lang='grc' dir='ltr'>μὴ</span> <span class='ocrx_word' id='word_1_763' title='bbox 3687 4881 3697 4892; x_wconf 96' lang='grc'><strong><em>.</em></strong></span> 
     </span>
    </p>
   </div>
   <div class='ocr_carea' id='block_1_97' title="bbox 402 4949 1985 5022">
    <p class='ocr_par' dir='ltr' id='par_1_97' title="bbox 402 4949 1985 5022">
     <span class='ocr_line' id='line_1_97' title="bbox 402 4949 1985 5022; baseline 0.003 -20"><span class='ocrx_word' id='word_1_764' title='bbox 402 4951 611 5020; x_wconf 81' lang='lat' dir='ltr'><strong>quibus</strong></span> <span class='ocrx_word' id='word_1_765' title='bbox 660 4949 808 5003; x_wconf 89' lang='lat' dir='ltr'><strong>nulla</strong></span> <span class='ocrx_word' id='word_1_766' title='bbox 852 4951 1046 5005; x_wconf 82' lang='lat' dir='ltr'><strong>melior</strong></span> <span class='ocrx_word' id='word_1_767' title='bbox 1096 4952 1153 5007; x_wconf 93' lang='lat' dir='ltr'><strong>in</strong></span> <span class='ocrx_word' id='word_1_768' title='bbox 1201 4953 1430 5007; x_wconf 85' lang='lat' dir='ltr'><strong>vocibus</strong></span> <span class='ocrx_word' id='word_1_769' title='bbox 1463 4953 1720 5007; x_wconf 91' lang='lat' dir='ltr'><strong>omnibus</strong></span> <span class='ocrx_word' id='word_1_770' title='bbox 1755 4952 1985 5022; x_wconf 87' lang='lat' dir='ltr'><strong>relinqui</strong></span> 
     </span>
    </p>
   </div>
   <div class='ocr_carea' id='block_1_98' title="bbox 406 5041 1989 5115">
    <p class='ocr_par' dir='ltr' id='par_1_98' title="bbox 406 5041 1989 5115">
     <span class='ocr_line' id='line_1_98' title="bbox 406 5041 1989 5115; baseline 0.001 -19"><span class='ocrx_word' id='word_1_771' title='bbox 406 5042 710 5106; x_wconf 82' lang='lat' dir='ltr'><strong>debuerat,</strong></span> <span class='ocrx_word' id='word_1_772' title='bbox 776 5041 1108 5099; x_wconf 86' lang='lat' dir='ltr'><strong>discriminis</strong></span> <span class='ocrx_word' id='word_1_773' title='bbox 1175 5044 1595 5114; x_wconf 77' lang='lat' dir='ltr'><strong>signiticantior.</strong></span> <span class='ocrx_word' id='word_1_774' title='bbox 1677 5042 1750 5099; x_wconf 88' lang='lat' dir='ltr'><strong>Ut</strong></span> <span class='ocrx_word' id='word_1_775' title='bbox 1820 5045 1989 5115; x_wconf 86' lang='lat' dir='ltr'><strong>igitur</strong></span> 
     </span>
    </p>
   </div>
   <div class='ocr_carea' id='block_1_99' title="bbox 408 5133 1988 5206">
    <p class='ocr_par' dir='ltr' id='par_1_99' title="bbox 408 5133 1988 5206">
     <span class='ocr_line' id='line_1_99' title="bbox 408 5133 1988 5206; baseline 0.001 -16"><span class='ocrx_word' id='word_1_776' title='bbox 408 5133 565 5199; x_wconf 84' lang='lat' dir='ltr'><strong>mihi,</strong></span> <span class='ocrx_word' id='word_1_777' title='bbox 598 5143 651 5189; x_wconf 90' lang='lat' dir='ltr'><strong>et</strong></span> <span class='ocrx_word' id='word_1_778' title='bbox 681 5136 894 5191; x_wconf 87' lang='lat' dir='ltr'><strong>veritati</strong></span> <span class='ocrx_word' id='word_1_779' title='bbox 942 5136 1175 5203; x_wconf 84' lang='lat' dir='ltr'><strong>videtur,</strong></span> <span class='ocrx_word' id='word_1_780' title='bbox 1205 5137 1357 5192; x_wconf 87' lang='lat' dir='ltr'><strong>nulla</strong></span> <span class='ocrx_word' id='word_1_781' title='bbox 1410 5137 1514 5191; x_wconf 90' lang='lat' dir='ltr'><strong>alia</strong></span> <span class='ocrx_word' id='word_1_782' title='bbox 1537 5136 1776 5192; x_wconf 88' lang='lat' dir='ltr'><strong>dictione</strong></span> <span class='ocrx_word' id='word_1_783' title='bbox 1808 5137 1988 5206; x_wconf 86' lang='lat' dir='ltr'><strong>aptius</strong></span> 
     </span>
    </p>
   </div>
   <div class='ocr_carea' id='block_1_100' title="bbox 403 5227 1987 5298">
    <p class='ocr_par' dir='ltr' id='par_1_100' title="bbox 403 5227 1987 5298">
     <span class='ocr_line' id='line_1_100' title="bbox 403 5227 1987 5298; baseline -0.001 -14"><span class='ocrx_word' id='word_1_784' title='bbox 403 5227 717 5298; x_wconf 80' lang='lat' dir='ltr'><strong>exprimere</strong></span> <span class='ocrx_word' id='word_1_785' title='bbox 770 5239 1065 5298; x_wconf 78' lang='lat' dir='ltr'><strong>patuerunt</strong></span> <span class='ocrx_word' id='word_1_786' title='bbox 1094 5230 1454 5286; x_wconf 86' lang='lat' dir='ltr'><strong>ditl‘erentiam</strong></span> <span class='ocrx_word' id='word_1_787' title='bbox 1486 5245 1551 5286; x_wconf 76' lang='lat' dir='ltr'><strong>ex</strong></span> <span class='ocrx_word' id='word_1_788' title='bbox 1586 5231 1744 5285; x_wconf 86' lang='lat' dir='ltr'><strong>Patre</strong></span> <span class='ocrx_word' id='word_1_789' title='bbox 1767 5237 1819 5283; x_wconf 88' lang='lat' dir='ltr'><strong>et</strong></span> <span class='ocrx_word' id='word_1_790' title='bbox 1849 5228 1987 5284; x_wconf 86' lang='lat' dir='ltr'><strong>Filio</strong></span> 
     </span>
    </p>
   </div>
   <div class='ocr_carea' id='block_1_101' title="bbox 406 5322 1988 5391">
    <p class='ocr_par' dir='ltr' id='par_1_101' title="bbox 406 5322 1988 5391">
     <span class='ocr_line' id='line_1_101' title="bbox 406 5322 1988 5391; baseline 0.001 -13"><span class='ocrx_word' id='word_1_791' title='bbox 406 5323 744 5378; x_wconf 82' lang='lat' dir='ltr'><strong>exsistentiae</strong></span> <span class='ocrx_word' id='word_1_792' title='bbox 767 5323 1023 5391; x_wconf 86' lang='lat' dir='ltr'><strong>Spiritus,</strong></span> <span class='ocrx_word' id='word_1_793' title='bbox 1045 5333 1097 5379; x_wconf 90' lang='lat' dir='ltr'><strong>et</strong></span> <span class='ocrx_word' id='word_1_794' title='bbox 1120 5339 1183 5378; x_wconf 84' lang='lat' dir='ltr'><strong>cx</strong></span> <span class='ocrx_word' id='word_1_795' title='bbox 1212 5325 1373 5379; x_wconf 90' lang='lat' dir='ltr'><strong>Patre</strong></span> <span class='ocrx_word' id='word_1_796' title='bbox 1401 5334 1453 5378; x_wconf 90' lang='lat' dir='ltr'><strong>et</strong></span> <span class='ocrx_word' id='word_1_797' title='bbox 1484 5322 1623 5379; x_wconf 83' lang='lat' dir='ltr'><strong>Filio</strong></span> <span class='ocrx_word' id='word_1_798' title='bbox 1657 5323 1988 5380; x_wconf 71' lang='lat' dir='ltr'><strong>exsistentiae</strong></span> 
     </span>
    </p>
   </div>
   <div class='ocr_carea' id='block_1_102' title="bbox 412 5416 1984 5486">
    <p class='ocr_par' dir='ltr' id='par_1_102' title="bbox 412 5416 1984 5486">
     <span class='ocr_line' id='line_1_102' title="bbox 412 5416 1984 5486; baseline -0.003 -13"><span class='ocrx_word' id='word_1_799' title='bbox 412 5416 1007 5473; x_wconf 78' lang='lat' dir='ltr'><strong>administratoriorum</strong></span> <span class='ocrx_word' id='word_1_800' title='bbox 1078 5416 1415 5486; x_wconf 85' lang='lat' dir='ltr'><strong>spirituum,</strong></span> <span class='ocrx_word' id='word_1_801' title='bbox 1495 5417 1597 5472; x_wconf 87' lang='lat' dir='ltr'><strong>nisi</strong></span> <span class='ocrx_word' id='word_1_802' title='bbox 1668 5416 1772 5471; x_wconf 83' lang='lat' dir='ltr'><strong>hac</strong></span> <span class='ocrx_word' id='word_1_803' title='bbox 1845 5417 1984 5481; x_wconf 86' lang='lat' dir='ltr'><strong>sola,</strong></span> 
     </span>
    </p>
   </div>
   <div class='ocr_carea' id='block_1_103' title="bbox 413 5511 1990 5584">
    <p class='ocr_par' dir='ltr' id='par_1_103' title="bbox 413 5511 1990 5584">
     <span class='ocr_line' id='line_1_103' title="bbox 413 5511 1990 5584; baseline -0.001 -18"><span class='ocrx_word' id='word_1_804' title='bbox 413 5511 584 5567; x_wconf 78' lang='lat' dir='ltr'><strong>veluti</strong></span> <span class='ocrx_word' id='word_1_805' title='bbox 664 5511 892 5583; x_wconf 88' lang='lat' dir='ltr'><strong>reliquis</strong></span> <span class='ocrx_word' id='word_1_806' title='bbox 969 5511 1090 5568; x_wconf 87' lang='lat' dir='ltr'><strong>aliis</strong></span> <span class='ocrx_word' id='word_1_807' title='bbox 1170 5512 1344 5583; x_wconf 85' lang='lat' dir='ltr'><strong>magis</strong></span> <span class='ocrx_word' id='word_1_808' title='bbox 1406 5514 1648 5583; x_wconf 80' lang='lat' dir='ltr'><strong>prapria,</strong></span> <span class='ocrx_word' id='word_1_809' title='bbox 1708 5528 1830 5584; x_wconf 66' lang='lat' dir='ltr'><strong>quae</strong></span> <span class='ocrx_word' id='word_1_810' title='bbox 1884 5512 1990 5566; x_wconf 91' lang='lat' dir='ltr'><strong>tin-</strong></span> 
     </span>
    </p>
   </div>
   <div class='ocr_carea' id='block_1_104' title="bbox 417 5596 1990 5672">
    <p class='ocr_par' dir='ltr' id='par_1_104' title="bbox 417 5596 1990 5672">
     <span class='ocr_line' id='line_1_104' title="bbox 417 5596 1990 5672; baseline -0.004 -10"><span class='ocrx_word' id='word_1_811' title='bbox 417 5603 580 5672; x_wconf 86' lang='lat' dir='ltr'><strong>niret,</strong></span> <span class='ocrx_word' id='word_1_812' title='bbox 634 5620 702 5660; x_wconf 80' lang='lat' dir='ltr'><strong>ex</strong></span> <span class='ocrx_word' id='word_1_813' title='bbox 768 5604 1006 5660; x_wconf 82' lang='lat' dir='ltr'><strong>essentia</strong></span> <span class='ocrx_word' id='word_1_814' title='bbox 1061 5602 1239 5660; x_wconf 82' lang='lat' dir='ltr'><strong>Patris</strong></span> <span class='ocrx_word' id='word_1_815' title='bbox 1314 5614 1367 5659; x_wconf 89' lang='lat' dir='ltr'><strong>et</strong></span> <span class='ocrx_word' id='word_1_816' title='bbox 1423 5602 1543 5658; x_wconf 81' lang='lat' dir='ltr'><strong>Filii</strong></span> <span class='ocrx_word' id='word_1_817' title='bbox 1625 5619 1746 5659; x_wconf 88' lang='lat' dir='ltr'><strong>esse</strong></span> <span class='ocrx_word' id='word_1_818' title='bbox 1819 5596 1990 5672; x_wconf 64' lang='lat' dir='ltr'><strong>Spiri-</strong></span> 
     </span>
    </p>
   </div>
   <div class='ocr_carea' id='block_1_105' title="bbox 420 5695 1987 5773">
    <p class='ocr_par' dir='ltr' id='par_1_105' title="bbox 420 5695 1987 5773">
     <span class='ocr_line' id='line_1_105' title="bbox 420 5695 1987 5773; baseline -0.001 -23"><span class='ocrx_word' id='word_1_819' title='bbox 420 5708 536 5751; x_wconf 91' lang='lat' dir='ltr'><strong>tum</strong></span> <span class='ocrx_word' id='word_1_820' title='bbox 566 5707 838 5754; x_wconf 87' lang='lat' dir='ltr'><strong>sanctum.</strong></span> <span class='ocrx_word' id='word_1_821' title='bbox 875 5698 1086 5773; x_wconf 69' lang='lat' dir='ltr'><strong>Etenim</strong></span> <span class='ocrx_word' id='word_1_822' title='bbox 1122 5698 1167 5754; x_wconf 91' lang='lat' dir='ltr'><strong>si</strong></span> <span class='ocrx_word' id='word_1_823' title='bbox 1210 5712 1276 5755; x_wconf 81' lang='lat' dir='ltr'><strong>ex</strong></span> <span class='ocrx_word' id='word_1_824' title='bbox 1302 5698 1540 5753; x_wconf 80' lang='lat' dir='ltr'><strong>essentia</strong></span> <span class='ocrx_word' id='word_1_825' title='bbox 1580 5697 1756 5753; x_wconf 72' lang='lat' dir='ltr'><strong>Patris</strong></span> <span class='ocrx_word' id='word_1_826' title='bbox 1779 5707 1833 5753; x_wconf 90' lang='lat' dir='ltr'><strong>et</strong></span> <span class='ocrx_word' id='word_1_827' title='bbox 1860 5695 1987 5757; x_wconf 80' lang='lat' dir='ltr'><strong>Filii</strong></span> 
     </span>
    </p>
   </div>
   <div class='ocr_carea' id='block_1_106' title="bbox 422 5789 1988 5861">
    <p class='ocr_par' dir='ltr' id='par_1_106' title="bbox 422 5789 1988 5861">
     <span class='ocr_line' id='line_1_106' title="bbox 422 5789 1988 5861; baseline -0.002 -14"><span class='ocrx_word' id='word_1_828' title='bbox 422 5791 690 5861; x_wconf 82' lang='lat' dir='ltr'><strong>Spiritum</strong></span> <span class='ocrx_word' id='word_1_829' title='bbox 721 5806 842 5847; x_wconf 88' lang='lat' dir='ltr'><strong>esse</strong></span> <span class='ocrx_word' id='word_1_830' title='bbox 896 5789 1086 5847; x_wconf 87' lang='lat' dir='ltr'><strong>Patres</strong></span> <span class='ocrx_word' id='word_1_831' title='bbox 1124 5806 1231 5846; x_wconf 91' lang='lat' dir='ltr'><strong>non</strong></span> <span class='ocrx_word' id='word_1_832' title='bbox 1282 5791 1675 5856; x_wconf 88' lang='lat' dir='ltr'><strong>decrevissent,</strong></span> <span class='ocrx_word' id='word_1_833' title='bbox 1711 5789 1988 5860; x_wconf 89' lang='lat' dir='ltr'><strong>quomodo</strong></span> 
     </span>
    </p>
   </div>
   <div class='ocr_carea' id='block_1_107' title="bbox 422 5883 1985 5960">
    <p class='ocr_par' dir='ltr' id='par_1_107' title="bbox 422 5883 1985 5960">
     <span class='ocr_line' id='line_1_107' title="bbox 422 5883 1985 5960; baseline -0.006 -14"><span class='ocrx_word' id='word_1_834' title='bbox 422 5887 606 5960; x_wconf 82' lang='lat' dir='ltr'><strong>aptius</strong></span> <span class='ocrx_word' id='word_1_835' title='bbox 668 5886 816 5944; x_wconf 85' lang='lat' dir='ltr'><strong>illius</strong></span> <span class='ocrx_word' id='word_1_836' title='bbox 872 5883 1232 5942; x_wconf 78' lang='lat' dir='ltr'><strong>dill&#39;erentiam</strong></span> <span class='ocrx_word' id='word_1_837' title='bbox 1290 5893 1344 5945; x_wconf 87' lang='lat' dir='ltr'><strong>et</strong></span> <span class='ocrx_word' id='word_1_838' title='bbox 1392 5884 1985 5944; x_wconf 76' lang='lat' dir='ltr'><strong>administratoriorum</strong></span> 
     </span>
    </p>
   </div>
   <div class='ocr_carea' id='block_1_108' title="bbox 2090 4938 3657 5024">
    <p class='ocr_par' dir='ltr' id='par_1_108' title="bbox 2090 4938 3657 5024">
     <span class='ocr_line' id='line_1_108' title="bbox 2090 4938 3657 5024; baseline -0.011 -17"><span class='ocrx_word' id='word_1_839' title='bbox 2090 4952 2325 5024; x_wconf 75' lang='grc' dir='ltr'>ζητῆσαι</span> <span class='ocrx_word' id='word_1_840' title='bbox 2364 4952 2458 5006; x_wconf 71' lang='grc' dir='ltr'>καὶ</span> <span class='ocrx_word' id='word_1_841' title='bbox 2485 4946 2899 5020; x_wconf 79' lang='grc' dir='ltr'>ἁκριὸώσασθαι</span> <span class='ocrx_word' id='word_1_842' title='bbox 2933 4944 3061 5007; x_wconf 81' lang='grc' dir='ltr'>τοὺς</span> <span class='ocrx_word' id='word_1_843' title='bbox 3116 4941 3499 5006; x_wconf 74' lang='grc' dir='ltr'>ἐξεταστικοὺς</span> <span class='ocrx_word' id='word_1_844' title='bbox 3545 4938 3657 4991; x_wconf 84' lang='grc' dir='ltr'><strong>τῶν</strong></span> 
     </span>
    </p>
   </div>
   <div class='ocr_carea' id='block_1_109' title="bbox 2091 5029 3659 5113">
    <p class='ocr_par' dir='ltr' id='par_1_109' title="bbox 2091 5029 3659 5113">
     <span class='ocr_line' id='line_1_109' title="bbox 2091 5029 3659 5113; baseline -0.012 -16"><span class='ocrx_word' id='word_1_845' title='bbox 2091 5043 2354 5113; x_wconf 86' lang='grc' dir='ltr'>Πατέρων</span> <span class='ocrx_word' id='word_1_846' title='bbox 2412 5041 2509 5094; x_wconf 78' lang='grc' dir='ltr'>καὶ</span> <span class='ocrx_word' id='word_1_847' title='bbox 2541 5037 2806 5106; x_wconf 85' lang='grc' dir='ltr'>θεολόγων</span> <span class='ocrx_word' id='word_1_848' title='bbox 2835 5035 2926 5088; x_wconf 77' lang='grc' dir='ltr'><strong>διὰ</strong></span> <span class='ocrx_word' id='word_1_849' title='bbox 2945 5031 3204 5101; x_wconf 78' lang='grc' dir='ltr'>τοιαύτης</span> <span class='ocrx_word' id='word_1_850' title='bbox 3224 5029 3424 5096; x_wconf 77' lang='grc' dir='ltr'>λέξεως</span> <span class='ocrx_word' id='word_1_851' title='bbox 3474 5044 3659 5099; x_wconf 82' lang='grc' dir='ltr'>παρα-</span> 
     </span>
    </p>
   </div>
   <div class='ocr_carea' id='block_1_110' title="bbox 2091 5113 3659 5204">
    <p class='ocr_par' dir='ltr' id='par_1_110' title="bbox 2091 5113 3659 5204">
     <span class='ocr_line' id='line_1_110' title="bbox 2091 5113 3659 5204; baseline -0.011 -14"><span class='ocrx_word' id='word_1_852' title='bbox 2091 5136 2285 5204; x_wconf 83' lang='grc' dir='ltr'>στῆσαι</span> <span class='ocrx_word' id='word_1_853' title='bbox 2324 5134 2386 5188; x_wconf 83' lang='grc' dir='ltr'>τὸ</span> <span class='ocrx_word' id='word_1_854' title='bbox 2422 5133 2532 5186; x_wconf 81' lang='grc' dir='ltr'><strong>τῶν</strong></span> <span class='ocrx_word' id='word_1_855' title='bbox 2582 5131 2841 5185; x_wconf 80' lang='grc' dir='ltr'>τοιούτων</span> <span class='ocrx_word' id='word_1_856' title='bbox 2903 5125 3193 5196; x_wconf 83' lang='grc' dir='ltr'>ὑπάρξεων</span> <span class='ocrx_word' id='word_1_857' title='bbox 3244 5123 3525 5191; x_wconf 75' lang='grc' dir='ltr'>διάφορον,</span> <span class='ocrx_word' id='word_1_858' title='bbox 3587 5113 3659 5192; x_wconf 79' lang='grc' dir='ltr'>ἧς</span> 
     </span>
    </p>
   </div>
   <div class='ocr_carea' id='block_1_111' title="bbox 2089 5215 3656 5298">
    <p class='ocr_par' dir='ltr' id='par_1_111' title="bbox 2089 5215 3656 5298">
     <span class='ocr_line' id='line_1_111' title="bbox 2089 5215 3656 5298; baseline -0.011 -15"><span class='ocrx_word' id='word_1_859' title='bbox 2089 5227 2317 5298; x_wconf 77' lang='grc' dir='ltr'>οὐδεμία</span> <span class='ocrx_word' id='word_1_860' title='bbox 2345 5243 2430 5291; x_wconf 91' lang='grc' dir='ltr'><strong>τις</strong></span> <span class='ocrx_word' id='word_1_861' title='bbox 2481 5224 2645 5295; x_wconf 73' lang='grc' dir='ltr'>ἑτέρα</span> <span class='ocrx_word' id='word_1_862' title='bbox 2694 5221 2844 5289; x_wconf 82' lang='grc' dir='ltr'>λέξις</span> <span class='ocrx_word' id='word_1_863' title='bbox 2870 5221 2929 5274; x_wconf 76' lang='grc' dir='ltr'>ὲν</span> <span class='ocrx_word' id='word_1_864' title='bbox 2979 5221 3187 5281; x_wconf 81' lang='grc' dir='ltr'>πάσαις</span> <span class='ocrx_word' id='word_1_865' title='bbox 3245 5215 3464 5282; x_wconf 78' lang='grc' dir='ltr'>λέξεσιν</span> <span class='ocrx_word' id='word_1_866' title='bbox 3513 5216 3656 5269; x_wconf 84' lang='grc' dir='ltr'>ἀπο-</span> 
     </span>
    </p>
   </div>
   <div class='ocr_carea' id='block_1_112' title="bbox 2087 5305 3652 5390">
    <p class='ocr_par' dir='ltr' id='par_1_112' title="bbox 2087 5305 3652 5390">
     <span class='ocr_line' id='line_1_112' title="bbox 2087 5305 3652 5390; baseline -0.008 -16"><span class='ocrx_word' id='word_1_867' title='bbox 2087 5321 2376 5390; x_wconf 79' lang='grc' dir='ltr'>λειφθῆναι</span> <span class='ocrx_word' id='word_1_868' title='bbox 2417 5317 2609 5388; x_wconf 78' lang='grc' dir='ltr'>ἔμελλε</span> <span class='ocrx_word' id='word_1_869' title='bbox 2667 5315 2767 5384; x_wconf 78' lang='grc' dir='ltr'>τῆς</span> <span class='ocrx_word' id='word_1_870' title='bbox 2824 5312 3093 5381; x_wconf 77' lang='grc' dir='ltr'>διαφορᾶς</span> <span class='ocrx_word' id='word_1_871' title='bbox 3166 5305 3652 5378; x_wconf 77' lang='grc' dir='ltr'>ὲμφαντικωτέρα.</span> 
     </span>
    </p>
   </div>
   <div class='ocr_carea' id='block_1_113' title="bbox 2101 5399 3659 5481">
    <p class='ocr_par' dir='ltr' id='par_1_113' title="bbox 2101 5399 3659 5481">
     <span class='ocr_line' id='line_1_113' title="bbox 2101 5399 3659 5481; baseline -0.01 -15"><span class='ocrx_word' id='word_1_872' title='bbox 2101 5413 2199 5477; x_wconf 74' lang='grc' dir='ltr'>Ὦς</span> <span class='ocrx_word' id='word_1_873' title='bbox 2239 5412 2370 5481; x_wconf 89' lang='grc' dir='ltr'>γοῦν</span> <span class='ocrx_word' id='word_1_874' title='bbox 2431 5412 2558 5481; x_wconf 74' lang='grc' dir='ltr'>ἐμοὶ</span> <span class='ocrx_word' id='word_1_875' title='bbox 2580 5410 2676 5463; x_wconf 74' lang='grc' dir='ltr'>καὶ</span> <span class='ocrx_word' id='word_1_876' title='bbox 2724 5410 2790 5478; x_wconf 78' lang='grc' dir='ltr'>τῇ</span> <span class='ocrx_word' id='word_1_877' title='bbox 2822 5405 3055 5477; x_wconf 76' lang='grc' dir='ltr'>ἀληθείᾳ</span> <span class='ocrx_word' id='word_1_878' title='bbox 3076 5402 3262 5473; x_wconf 64' lang='grc' dir='ltr'>ξδοκεῖ,</span> <span class='ocrx_word' id='word_1_879' title='bbox 3326 5402 3386 5453; x_wconf 82' lang='grc' dir='ltr'>ὲν</span> <span class='ocrx_word' id='word_1_880' title='bbox 3432 5399 3659 5469; x_wconf 79' lang='grc' dir='ltr'>οὐδεμιᾷ</span> 
     </span>
    </p>
   </div>
   <div class='ocr_carea' id='block_1_114' title="bbox 2086 5493 3658 5575">
    <p class='ocr_par' dir='ltr' id='par_1_114' title="bbox 2086 5493 3658 5575">
     <span class='ocr_line' id='line_1_114' title="bbox 2086 5493 3658 5575; baseline -0.011 -14"><span class='ocrx_word' id='word_1_881' title='bbox 2086 5524 2195 5561; x_wconf 87' lang='grc' dir='ltr'>τινι</span> <span class='ocrx_word' id='word_1_882' title='bbox 2248 5505 2385 5575; x_wconf 76' lang='grc' dir='ltr'>ἄλλῃ</span> <span class='ocrx_word' id='word_1_883' title='bbox 2424 5502 2577 5568; x_wconf 79' lang='grc' dir='ltr'>λέξει</span> <span class='ocrx_word' id='word_1_884' title='bbox 2628 5499 3004 5572; x_wconf 84' lang='grc' dir='ltr'>διατρανῶσαι</span> <span class='ocrx_word' id='word_1_885' title='bbox 3052 5493 3443 5565; x_wconf 81' lang='grc' dir='ltr'>καθαρώτερον</span> <span class='ocrx_word' id='word_1_886' title='bbox 3497 5493 3658 5561; x_wconf 76' lang='grc' dir='ltr'>ἔσχον</span> 
     </span>
    </p>
   </div>
   <div class='ocr_carea' id='block_1_115' title="bbox 2087 5584 3659 5669">
    <p class='ocr_par' dir='ltr' id='par_1_115' title="bbox 2087 5584 3659 5669">
     <span class='ocr_line' id='line_1_115' title="bbox 2087 5584 3659 5669; baseline -0.011 -15"><span class='ocrx_word' id='word_1_887' title='bbox 2087 5600 2150 5654; x_wconf 77' lang='grc' dir='ltr'>τὸ</span> <span class='ocrx_word' id='word_1_888' title='bbox 2199 5598 2477 5669; x_wconf 80' lang='grc' dir='ltr'>διάφορον,</span> <span class='ocrx_word' id='word_1_889' title='bbox 2512 5596 2573 5649; x_wconf 79' lang='grc' dir='ltr'>τὸ</span> <span class='ocrx_word' id='word_1_890' title='bbox 2604 5597 2669 5649; x_wconf 79' lang='grc' dir='ltr'>ὲκ</span> <span class='ocrx_word' id='word_1_891' title='bbox 2712 5594 2929 5664; x_wconf 83' lang='grc' dir='ltr'>Πατρὺς</span> <span class='ocrx_word' id='word_1_892' title='bbox 2958 5590 3055 5645; x_wconf 75' lang='grc' dir='ltr'>καὶ</span> <span class='ocrx_word' id='word_1_893' title='bbox 3109 5587 3241 5643; x_wconf 78' lang='grc' dir='ltr'>Υἰοῦ</span> <span class='ocrx_word' id='word_1_894' title='bbox 3295 5586 3560 5655; x_wconf 80' lang='grc' dir='ltr'>ὑπάρχειν</span> <span class='ocrx_word' id='word_1_895' title='bbox 3591 5584 3659 5637; x_wconf 79' lang='grc' dir='ltr'>τὰ</span> 
     </span>
    </p>
   </div>
   <div class='ocr_carea' id='block_1_116' title="bbox 2093 5674 3659 5763">
    <p class='ocr_par' dir='ltr' id='par_1_116' title="bbox 2093 5674 3659 5763">
     <span class='ocr_line' id='line_1_116' title="bbox 2093 5674 3659 5763; baseline -0.01 -17"><span class='ocrx_word' id='word_1_896' title='bbox 2093 5691 2456 5763; x_wconf 71' lang='grc' dir='ltr'>λειτουργικὰ</span> <span class='ocrx_word' id='word_1_897' title='bbox 2502 5689 2817 5758; x_wconf 83' lang='grc' dir='ltr'>πνεύματα,</span> <span class='ocrx_word' id='word_1_898' title='bbox 2875 5684 2994 5740; x_wconf 82' lang='grc' dir='ltr'>ἀλλ’</span> <span class='ocrx_word' id='word_1_899' title='bbox 3045 5684 3103 5738; x_wconf 76' lang='grc' dir='ltr'>ὲν</span> <span class='ocrx_word' id='word_1_900' title='bbox 3157 5681 3297 5754; x_wconf 80' lang='grc' dir='ltr'>μόνῃ</span> <span class='ocrx_word' id='word_1_901' title='bbox 3336 5678 3530 5749; x_wconf 82' lang='grc' dir='ltr'>ταύτῃ,</span> <span class='ocrx_word' id='word_1_902' title='bbox 3582 5674 3659 5739; x_wconf 79' lang='grc' dir='ltr'>ὡς</span> 
     </span>
    </p>
   </div>
   <div class='ocr_carea' id='block_1_117' title="bbox 2095 5766 3660 5849">
    <p class='ocr_par' dir='ltr' id='par_1_117' title="bbox 2095 5766 3660 5849">
     <span class='ocr_line' id='line_1_117' title="bbox 2095 5766 3660 5849; baseline -0.012 -11"><span class='ocrx_word' id='word_1_903' title='bbox 2095 5786 2288 5839; x_wconf 85' lang='grc' dir='ltr'>πασῶν</span> <span class='ocrx_word' id='word_1_904' title='bbox 2317 5782 2427 5836; x_wconf 83' lang='grc' dir='ltr'><strong>τῶν</strong></span> <span class='ocrx_word' id='word_1_905' title='bbox 2467 5781 2644 5836; x_wconf 74' lang='grc' dir='ltr'>ἄλλων</span> <span class='ocrx_word' id='word_1_906' title='bbox 2684 5776 3022 5849; x_wconf 69' lang='grc' dir='ltr'>κυριωτέρα,</span> <span class='ocrx_word' id='word_1_907' title='bbox 3073 5775 3143 5845; x_wconf 81' lang='grc' dir='ltr'>τῇ</span> <span class='ocrx_word' id='word_1_908' title='bbox 3181 5771 3414 5842; x_wconf 81' lang='grc' dir='ltr'>λεγούσῃ</span> <span class='ocrx_word' id='word_1_909' title='bbox 3452 5769 3516 5822; x_wconf 79' lang='grc' dir='ltr'>ὲκ</span> <span class='ocrx_word' id='word_1_910' title='bbox 3559 5766 3660 5834; x_wconf 76' lang='grc' dir='ltr'>τῆς</span> 
     </span>
    </p>
   </div>
   <div class='ocr_carea' id='block_1_118' title="bbox 2092 5856 3661 5945">
    <p class='ocr_par' dir='ltr' id='par_1_118' title="bbox 2092 5856 3661 5945">
     <span class='ocr_line' id='line_1_118' title="bbox 2092 5856 3661 5945; baseline -0.013 -10"><span class='ocrx_word' id='word_1_911' title='bbox 2092 5879 2279 5942; x_wconf 62' lang='lat' dir='ltr'><strong>alsia;</strong></span> <span class='ocrx_word' id='word_1_912' title='bbox 2309 5875 2400 5931; x_wconf 85' lang='grc' dir='ltr'><strong>τοῦ</strong></span> <span class='ocrx_word' id='word_1_913' title='bbox 2423 5874 2638 5945; x_wconf 75' lang='grc' dir='ltr'>Πατρδς</span> <span class='ocrx_word' id='word_1_914' title='bbox 2667 5873 2760 5928; x_wconf 78' lang='grc' dir='ltr'>καὶ</span> <span class='ocrx_word' id='word_1_915' title='bbox 2787 5870 2879 5926; x_wconf 85' lang='grc' dir='ltr'><strong>τοῦ</strong></span> <span class='ocrx_word' id='word_1_916' title='bbox 2903 5866 3031 5925; x_wconf 81' lang='grc' dir='ltr'>Υίοῦ</span> <span class='ocrx_word' id='word_1_917' title='bbox 3053 5868 3320 5937; x_wconf 75' lang='grc' dir='ltr'>ὑπάρχειν</span> <span class='ocrx_word' id='word_1_918' title='bbox 3336 5863 3396 5919; x_wconf 77' lang='grc' dir='ltr'>τὸ</span> <span class='ocrx_word' id='word_1_919' title='bbox 3435 5856 3661 5931; x_wconf 75' lang='grc' dir='ltr'>Πνεῦμα</span> 
     </span>
    </p>
   </div>
  </div>
