4070 6654
358 398 433 463 93
1491 398 1587 460 DE
1627 393 1921 458 UNIONE
1962 392 2519 456 ECCLESIARUM.
3542 377 3618 444 94

358 515 421 567 τὸ
450 509 655 578 ἃτιον.’
698 507 762 565 Εί
818 512 892 581 μὴ
940 512 1048 583 γάρ
1109 509 1168 564 ἐκ
1224 510 1323 579 τῆς
1367 509 1557 574 οὐσίας
1588 509 1682 563 τοῦ
1716 508 1932 580 Πατρὸς

2038 508 2334 577 spirituum
2392 510 2899 577 reprmsentasscnt,
2955 515 3079 556 cum
3118 506 3170 554 et
3209 494 3311 567 ipsi
3380 495 3492 552 sint
3547 511 3618 550 ex

359 606 459 661 καὶ
484 603 583 658 τοῦ
613 602 746 658 Υίοῦ
800 605 861 658 τὺ
890 605 1118 674 Πνεῦμα
1155 604 1422 676 ὑπάρχειν
1476 603 1840 672 ὲθεολόγησαν
1887 602 1939 654 oi

359 696 638 768 Πατέρες,
665 694 784 759 πῶς
834 695 903 749 ἂν
935 695 1113 759 ἄλλως
1179 695 1534 766 κυριωτέρως
1583 692 1939 761 παραστῆσαι

359 786 529 857 ἔσχον
578 786 680 857 τὴν
728 787 896 842 αὐτοῦ
941 787 1210 857 διαφορὰν
1268 786 1405 857 πρὸς
1448 784 1529 847 ,τὰ
1585 784 1941 852 λειτουργικὰ

359 878 684 947 πνεύματα,
725 877 822 932 ἅτε
868 880 965 931 καὶ
985 879 1174 932 αὐτῶν
1204 880 1270 937 ἐκ
1298 876 1394 930 τοῦ
1448 875 1663 945 [ἰατρὸς
1709 876 1804 941 καὶ
1841 871 1937 929 τοῦ

362 967 494 1021 Υίοῦ
523 967 883 1037 ὑπαρχόντων
911 983 926 1031 ;
958 967 1022 1020 οι
1056 967 1187 1033 γοῦν
1210 967 1463 1034 λέγοντες
1490 966 1552 1019 τὸ
1583 966 1852 1036 ὑπάρχειν
1882 964 1942 1015 τὸ

362 1057 591 1127 Πνεῦμα
614 1059 679 1109 ἐκ
708 1058 806 1127 τῆς
842 1058 1027 1122 οὐσίας
1060 1056 1154 1109 τοῦ
1181 1058 1394 1128 Πατρδς
1431 1058 1527 1111 καὶ
1551 1057 1647 1110 τοῦ
1689 1054 1819 1109 Υίοῦ
1866 1055 1940 1126 μὴ

363 1153 561 1223 δηλοῦν
586 1152 722 1204 αὐτὸ
746 1152 809 1205 τὸ
833 1151 927 1205 τοῦ
968 1152 1287 1221 Πνεῦματος
1319 1152 1585 1215 οὐσιῶδες
1611 1151 1704 1203 καὶ
1751 1149 1944 1202 ὲνυπό-

368 1261 583 1308 στατον,
611 1243 870 1298 τοσοῦτόν
902 1262 992 1313 μοι
1026 1243 1243 1298 δοκοῦσι
1275 1243 1376 1313 τῆς
1417 1243 1682 1313 ἀληθείας
1740 1242 1943 1311 ἐσφάλ-

310 1328 318 1333 “
366 1334 478 1397 θαι,
530 1335 608 1398 ὡς
657 1334 761 1405 τῆς
802 1334 1055 1405 θεότητος
1115 1335 1287 1403 αὐτῆς
1343 1333 1403 1387 τὸ
1445 1333 1668 1401 Πνεῦμα
1694 1336 1752 1385 τὸ
1786 1333 1942 1400 ἅγιον

360 1424 715 1495 ἀλλοτριοῦν.
745 1426 915 1478 Κατὰ
965 1424 1022 1477 τί
1070 1424 1181 1495 γάρ
1207 1424 1274 1477 ἂν
1303 1423 1431 1478 ἄλλο
1481 1423 1575 1477 καὶ
1618 1422 1941 1489 πιστευθείη

360 1515 497 1579 Θεὸς
526 1511 666 1570 εἶναι
707 1517 770 1569 τὸ
799 1515 1045 1586 Πνεῦμα,
1114 1518 1163 1569 εἰ
1196 1516 1272 1585 μή
1323 1533 1412 1576 τις
1440 1515 1536 1567 καὶ
1590 1514 1790 1585 καρδίᾳ
1846 1531 1941 1567 πι-

362 1604 645 1659 στεύσειεν
689 1604 938 1676 άκμὸὦς
992 1606 1088 1658 καὶ
1131 1605 1373 1677 χείλεσιν
1424 1605 1751 1675 ὁμολογήσει
1772 1603 1941 1657 καθα-

362 1695 476 1764 ρῶς
506 1697 576 1759 ,ὲκ
608 1696 704 1765 τῆς
737 1696 889 1759 θείας
925 1697 1115 1760 οὐσίας
1144 1696 1240 1750 τοῦ
1270 1696 1485 1767 Πατρδς
1518 1694 1617 1748 καὶ
1659 1694 1754 1747 τοῦ
1809 1694 1940 1748 Υἱοῦ

356 1786 636 1849 οὐσιωδῶς
670 1787 767 1840 καὶ
818 1790 1202 1852 ὲνυποστάτως
1257 1789 1508 1856 προϊέναι
1558 1787 1725 1853 αὐτό;
1784 1787 1939 1842 Ὅσοι

2043 598 2203 655 Patre
2227 609 2280 655 et
2297 615 2361 654 ex
2389 595 2689 663 Filio?Qui
2715 596 2901 665 itaque
2928 592 3202 654 dictitant,
3237 587 3616 644 exsistcntiam

2044 691 2284 762 Spiritus
2313 707 2374 746 ex
2429 689 2670 746 essentia
2704 686 2882 742 Patris
2912 694 2966 739 et
2996 681 3119 738 Filii
3162 697 3271 737 nou
3304 681 3509 735 inferre
3541 679 3623 748 ip-

2043 783 2160 838 sius
2184 781 2419 849 Spiritus
2450 779 2745 836 essentiam
2793 786 2848 833 et
2881 774 3241 847 bypostasitn,
3277 767 3618 825 tantumdem

2043 874 2175 928 mibi
2209 873 2460 927 videntur
2493 889 2523 927 a
2580 872 2808 926 veritate
2853 870 3111 923 aberrare
3168 873 3434 935 quantum
3463 872 3546 916 est
3579 877 3611 916 α

2043 966 2251 1022 Deitate
2272 965 2535 1035 Spiritum
2591 974 2846 1019 sanctum
2893 961 3150 1031 dejicere.
3178 956 3471 1022 Quocnim
3510 954 3618 1009 alio

2045 1060 2301 1115 credetur
2338 1057 2479 1112 Deus
2512 1056 2769 1126 Spiritus,
2800 1053 2908 1108 nisi
2953 1053 3079 1120 quis
3115 1062 3168 1106 et
3200 1067 3265 1104 ex
3321 1049 3485 1103 eui-ile
3529 1062 3622 1100 ac-

2044 1158 2235 1207 curate
2270 1150 2589 1209 crediderit,
2623 1157 2676 1202 et
2730 1148 2889 1201 labiis
2918 1161 3051 1214 pure
3082 1144 3372 1198 confessus
3423 1141 3611 1203 fuerit,

2043 1257 2108 1296 ex
2138 1242 2319 1295 divina
2348 1240 2583 1295 essentia
2614 1237 2792 1292 Patris
2818 1246 2870 1291 et
2902 1236 3023 1289 Filii
3055 1233 3444 1291 essentinliter,
3476 1241 3530 1283 et
3565 1230 3617 1281 in

2044 1333 2322 1406 hypostasi
2380 1347 2504 1388 eum
2559 1328 2890 1400 provenire?
2945 1329 3135 1382 Patres
3194 1325 3490 1382 siuuiilem,
3523 1321 3617 1390 qui

2044 1426 2309 1481 adversus
2334 1423 2573 1495 Spiritus
2604 1424 2786 1478 hostes
2819 1429 3097 1476 certamen
3129 1418 3363 1488 propriis
3401 1426 3615 1482 tempo-

2041 1519 2196 1574 ribus
2229 1519 2421 1583 iniere,
2483 1517 2690 1572 nullam
2742 1516 2907 1569 aliam
2959 1527 3072 1568 sua:
3129 1508 3616 1565 demonstrationis

2043 1611 2321 1665 materiam
2364 1615 2798 1675 assumpserunt,
2829 1604 3094 1674 Spiritum
3149 1616 3270 1655 esse
3294 1600 3483 1661 Deum,
3511 1598 3617 1654 nisi

2045 1701 2175 1757 illud
2200 1699 2582 1754 tantummodo
2613 1712 2643 1753 e
2693 1695 2889 1751 divinis
2914 1692 3135 1748 Litteris
3166 1686 3614 1754 demonstrando,

2044 1804 2107 1844 ex
2152 1789 2339 1845 divina
2385 1788 2623 1844 essentia
2680 1785 2858 1841 Patris
2906 1796 2960 1840 et
3015 1783 3139 1838 Filii
3196 1796 3318 1836 esse
3350 1780 3613 1850 Spiritum

359 1877 472 1946 γάρ
505 1877 617 1931 τῶν
654 1879 922 1948 Πατέρων
949 1879 1041 1945 τὸν
1093 1882 1234 1933 κατὰ
1288 1879 1398 1932 τῶν
1454 1878 1932 1949 Πνευματομάχων

2041 1894 2311 1938 sanctum.
2343 1882 2404 1936 In
2432 1881 2756 1936 immodicas
2784 1880 2950 1953 igitur
2979 1888 3034 1932 et
3072 1893 3237 1947 super
3263 1875 3609 1930 altitudinem

357 1967 557 2037 ἀγῶνα
596 1970 661 2023 ἐν
727 1970 881 2033 ίδίοις
942 1972 1155 2041 καιροῖς
1211 1969 1634 2039 συνεστήσαντο,
1677 1968 1933 2041 οὐδεμίαν

358 2061 538 2131 ἄλλην
582 2061 914 2128 ἀποδείξεως
965 2063 1296 2133 ἐποιήσαντο
1348 2061 1485 2132 ὓλην
1541 2060 1636 2114 τοῦ
1676 2056 1820 2115 εἶναι
1875 2061 1936 2115 τὸ

362 2154 593 2223 Πνεῦμα
630 2153 765 2208 Θεὸν
807 2154 923 2207 ἀλλ’
952 2153 984 2225 ἢ
1021 2153 1183 2223 μόνον
1210 2153 1341 2208 αὐτὸ
1383 2155 1445 2207 τὸ
1466 2153 1575 2206 ἀπὸ
1605 2152 1767 2207 θείων
1796 2154 1935 2206 ἀπο-ι

358 2244 659 2314 ὃεδειχέναι
681 2244 722 2297 Γ
727 2247 920 2316 ραῳῶν
948 2247 1013 2300 ὲκ
1056 2246 1160 2313 τῆς
1187 2243 1340 2307 θείας
1364 2242 1561 2307 ὀὐσίας
1588 2242 1683 2297 τοῦ
1719 2244 1933 2315 [ἰατρὸς

359 2337 569 2392 καὶτοῦ
602 2337 730 2391 Υίοῦ
782 2333 928 2391 εἶναι
980 2337 1042 2392 τὸ
1084 2336 1309 2407 Πνεῦμα
1350 2335 1411 2390 τὸ
1466 2336 1642 2405 ἆγιον.
1689 2338 1751 2390 Oi
1805 2336 1935 2405 γοῦν

360 2433 484 2494 ταῖς
568 2430 828 2501 ἀμέτροις
886 2431 985 2484 καὶ
1053 2430 1257 2492 παντὸς
1322 2427 1491 2498 ὕψους
1559 2430 1654 2482 καὶ
1738 2428 1933 2500 βάθους

361 2525 914 2594 ὐπερεκτεινομέναις
966 2522 1263 2592 λεπτότησι
1331 2522 1442 2575 τῶν
1495 2521 1591 2575 νῦν
1644 2520 1934 2591 θεολογιῶν

361 2615 766 2684 ὲμΰαθόνοντες
823 2615 1217 2678 σκοπείτωσαν,
1287 2615 1497 2684 μήποτε
1553 2614 1615 2665 τὸ
1663 2611 1772 2665 τῶν
1836 2612 1931 2663 λεα-

362 2709 664 2777 πτολογιῶν
689 2708 929 2777 ἄμετρον
958 2703 1255 2778 παρασύρῃ
1278 2706 1477 2770 αὐτοὺς
1510 2704 1609 2772 τῆς
1665 2703 1787 2757 ὁδοῦ
1821 2703 1930 2756 τῶν

364 2800 658 2869 Πατέρων,
718 2798 915 2861 οἵτινες
963 2797 1317 2868 ἀπεριέργως
1374 2796 1541 2862 οὕτω,
1586 2794 1681 2849 καὶ
1728 2795 1801 2858 ὼς
1837 2795 1935 2848 αὐ-

361 2893 478 2952 τοῖς
510 2889 657 2941 δοκεῖ
683 2887 939 2960 παχυλῶς
966 2890 1029 2942 ἐκ
1046 2889 1145 2957 τῆς
1180 2887 1370 2948 οὐσίας
1428 2887 1521 2939 τοῦ
1576 2885 1792 2957 Πατρὸς
1837 2885 1937 2940 καὶ

364 2982 462 3035 τοῦ
493 2981 625 3034 Υίοῦ
677 2977 819 3035 εἶναι
864 2980 921 3033 τὸ
951 2979 1209 3050 Πνεῦμα*
1248 2980 1345 3032 καὶ
1368 2979 1479 3035 τῶν
1538 2978 1823 3047 Ῥωμαίων
1857 2978 1933 3049 μὴ

367 3073 849 3141 κατηγορείτωσαν
876 3071 1071 3140 μάτην,
1103 3070 1153 3123 οἳ
1193 3071 1258 3121 ἐκ
1299 3069 1395 3122 τοῦ
1432 3068 1647 3138 Πατρός
1668 3068 1764 3120 τοῦ
1796 3067 1926 3120 Υίοῦ

2037 1989 2252 2028 onmem
2282 1983 2336 2028 et
2386 1971 2815 2043 profunditatem
2849 1981 3105 2026 extensas
3137 1969 3473 2024 subtilitates
3506 1968 3612 2020 bu-

2030 2066 2188 2136 juscc
2228 2065 2489 2139 temporis
2544 2063 2978 2133 theologicarum
3038 2061 3454 2123 tractationum,
3488 2074 3613 2114 sese

2039 2159 2437 2227 immergentcs,
2466 2164 2714 2221 caveant,
2748 2169 2816 2210 ne
2865 2154 3162 2224 aliquando
3193 2153 3501 2209 innumeris
3534 2152 3605 2207 de

2038 2249 2281 2304 minimis
2326 2258 2379 2302 et
2425 2248 2635 2303 frivolis
2665 2247 3138 2316 disputationibus
3194 2261 3225 2300 a
3261 2246 3350 2300 via
3382 2244 3606 2298 Patrum

2037 2340 2403 2409 abripiuntur,
2425 2340 2519 2408 qui
2559 2355 2672 2394 non
2704 2339 2999 2395 admodum
3034 2341 3274 2405 curiose,
3307 2346 3380 2401 et,
3415 2347 3473 2392 ut
3499 2337 3608 2394 illis

2035 2432 2419 2501 complacitum
2453 2431 2654 2498 fuerat,
2691 2445 2895 2493 crasse,
2931 2447 2996 2485 ex
3045 2431 3281 2485 essentia
3329 2428 3509 2484 Patris
3554 2436 3610 2484 et

2034 2522 2157 2578 Filii
2208 2524 2474 2594 Spiritum
2525 2541 2648 2582 esse
2697 2534 3087 2591 asseruerunt;
3151 2538 3330 2593 neque
3400 2516 3606 2576 temere

2034 2614 2395 2670 criminentur
2423 2616 2722 2684 Romanos,
2764 2616 2859 2687 qui
2906 2632 2969 2671 ex
3002 2618 3165 2671 Patre
3193 2626 3246 2671 ct
3271 2616 3407 2670 Filio
3435 2613 3610 2683 Spiri-

2036 2714 2149 2759 tum
2185 2709 2426 2763 dicentes
2450 2710 2769 2775 procedere,
2796 2717 2845 2764 et
2875 2708 3132 2763 dictionis
3182 2706 3604 2777 expositionem,

2034 2800 2162 2855 dum
2202 2802 2526 2867 semetipsos
2588 2799 2906 2863 defendunt,
2944 2808 3302 2869 apponenlcs,
3340 2798 3601 2852 essentia-

2033 2893 2157 2947 liter
2215 2901 2269 2947 et
2311 2893 2367 2947 in
2413 2892 2691 2963 bypostasi
2749 2906 2815 2946 ex
2856 2890 3018 2945 Patre
3045 2900 3100 2944 et
3159 2889 3298 2944 Filio
3338 2890 3600 2959 Spiritum

2034 2999 2174 3048 esse,
2200 2985 2469 3054 integrum
2521 2985 2744 3040 Patrum
2796 2985 2848 3038 in
2909 2982 3073 3037 rebus
3107 2982 3432 3052 tbeologicis
3468 2996 3599 3049 per-

2036 3077 2335 3132 tractandis
2382 3078 2784 3148 praecipuorum
2820 3077 3051 3131 cborum
3089 3090 3204 3131 sum
3259 3073 3606 3144 responsioni

310 3164 323 3173 ”
366 3166 429 3220 τὸ
462 3165 689 3234 Πνεῦμα
718 3163 968 3232 λέγοντες
1009 3160 1436 3233 ἐκπορεύεσθαι,
1490 3162 1585 3215 καὶ
1608 3162 1690 3224 είς
1739 3160 1932 3233 ἐξήγη-

2035 3167 2351 3237 praeferunt.
2381 3167 2485 3233 Qui
2543 3181 2672 3221 vero
2727 3167 3083 3232 contendunt,
3139 3180 3244 3219 nec
3282 3164 3603 3226 essentiam,

366 3276 452 3312 σιν
479 3260 581 3327 τῆς
610 3257 809 3323 λέξεως
838 3258 900 3311 ιν
931 3259 1008 3328 τῷ
1046 3255 1257 3311 ἑαυτῶν
1281 3255 1814 3326 ὐπεραπολογεῖσθαι
1846 3271 1932 3307 τι-

364 3350 605 3419 θέμενοι,
640 3349 701 3402 τὸ
740 3346 1015 3410 οὐσιωδῶς
1056 3347 1150 3400 καὶ
1190 3342 1573 3407 ὲνυποστάτως
1595 3346 1658 3396 ὲκ
1716 3343 1931 3413 Πατρὸς

366 3442 467 3496 καὶ
499 3441 632 3494 Υίοῦ
667 3438 730 3492 τδ
774 3437 1002 3510 Πνεῦμα
1040 3438 1329 3507 ὑπάρχειν,
1373 3435 1493 3489 ὅλον
1543 3433 1704 3505 χορδν
1764 3433 1937 3487 Πατέ-

364 3552 480 3605 ρων
508 3532 935 3602 διαλαμψάντων
963 3531 1056 3582 ἐπὶ
1086 3527 1342 3599 θεολογίᾳ
1372 3527 1469 3596 τῆς
1497 3526 1705 3581 ἑαυτῶν
1735 3525 1935 3579 άπολο·

361 3626 491 3695 γίας
523 3624 878 3697 προῖστῶσιν.
915 3621 1056 3675 Ἀλλ’
1091 3620 1141 3674 οί
1177 3621 1274 3690 μὲν
1295 3619 1547 3687 λέγοντες
1613 3617 1687 3688 μὴ
1726 3618 1787 3670 τὸ
1840 3616 1932 3668 οὐ-

365 3717 558 3780 σιῶδες
586 3717 684 3770 καὶ
728 3715 1097 3769 ἐνυπόστατον
1120 3710 1418 3781 δηλοῦσθαι
1461 3709 1553 3762 τοῦ
1590 3709 1929 3778 Πνεῦματος,

366 3812 425 3862 ὲν
445 3808 523 3879 τῷ
548 3811 613 3862 ἐκ
635 3808 734 3876 τῆς
762 3807 953 3869 οὐσίας
982 3805 1074 3861 τοῦ
1118 3804 1333 3876 Πατρὺς
1380 3803 1474 3857 καὶ
1498 3800 1595 3855 τοῦ
1654 3800 1784 3854 Υίοῦ
1815 3799 1937 3853 θεο-

363 3899 646 3967 λογεῖσθαι
676 3897 809 3950 αὐτὸ
830 3894 1259 3967 προερχόμενον,
1289 3892 1433 3947 οὕτω
1459 3892 1518 3946 τὸ
1546 3891 1802 3959 μέγιστον
1832 3889 1933 3958 τῆς

360 3991 671 4053 εὐσεϐείας,
697 3988 773 4052 ὼς
799 3989 1035 4059 ἔφημεν,
1059 3984 1410 4048 κολοὸοὖντες
1435 3983 1809 4047 λανθάνουσιν,
1835 3982 1932 4036 ἆτε

358 4084 463 4153 τὴν
486 4084 586 4153 τῆς
614 4083 816 4147 λέξεως
876 4076 1355 4149 παραπαλεύοντες
1382 4075 1634 4145 δύναμιν,
1672 4073 1731 4141 ἐξ
1759 4069 1826 4147 ἧς
1878 4075 1927 4130 οί

360 4178 607 4244 θεολόγοι
632 4173 877 4243 Πατέρες
904 4171 1063 4243 ἡμῶν
1087 4170 1225 4224 Θεὸν
1264 4164 1403 4222 εἶναι
1430 4168 1492 4221 τὸ
1528 4167 1752 4237 Πνεῦμα
1783 4167 1930 4221 κατὰ

360 4268 565 4339 πολλὴν
594 4265 914 4335 περιουσίαν
953 4263 1055 4333 τῆς
1089 4260 1345 4331 ἀληθείας
1372 4259 1687 4324 ἀπέδειξαν.
1755 4259 1823 4312 'A
1871 4258 1928 4311 δὲ

360 4366 455 4418 τὸν
478 4362 623 4431 ὑπὲρ
645 4359 803 4431 ἡμῶν
828 4356 1099 4425 ἀπόλογον
1122 4357 1432 4426 συγκροτεῖ,
1449 4355 1629 4409 τοιάδε
1658 4353 1749 4408 καὶ
1776 4354 1930 4421 τόσα,

361 4454 565 4515 ἱκανῶς
596 4470 687 4522 μοι
715 4450 859 4521 ἔχειν
883 4448 1145 4505 δοκοῦντα
1164 4447 1302 4517 πρὸς
1333 4445 1593 4499 σύστασιν
1626 4444 1720 4497 τοῦ
1747 4432 1930 4509 καλῶς

2035 3274 2140 3315 nec
2182 3258 2518 3331 hypostasim
2546 3258 2795 3329 .Spiritus
2826 3257 3029 3324 notari,
3076 3272 3200 3313 cum
3255 3273 3320 3310 cx
3370 3258 3609 3310 essentia

2030 3349 2211 3407 Patris
2250 3364 2303 3405 et
2328 3350 2451 3404 Filii
2488 3350 2577 3404 ille
2601 3350 2931 3420 proveniens
2956 3349 3245 3414 asseritur,
3276 3347 3483 3416 absque
3506 3347 3610 3402 du-

2031 3444 2122 3499 bio
2182 3444 2524 3513 potissimam
2587 3442 2807 3513 pictatis
2855 3450 3086 3510 partem,
3159 3447 3441 3507 utcunque
3515 3438 3608 3491 de-

2033 3543 2323 3602 truncant;
2367 3544 2628 3603 tanquam
2668 3534 2758 3602 qui
2790 3532 3049 3601 dictionis
3090 3532 3368 3584 notionem
3409 3531 3610 3585 distor-

2031 3633 2255 3695 queant,
2289 3625 2447 3695 cujus
2473 3625 2521 3678 vi
2549 3623 2740 3680 Patres
2778 3623 2953 3678 nostri
2983 3623 3223 3692 theologi
3269 3623 3439 3677 Deum
3484 3638 3606 3679 esse

2035 3718 2294 3788 Spiritum
2367 3732 2491 3771 cum
2552 3717 2724 3771 multo
2771 3716 3015 3771 veritatis
3069 3715 3454 3770 :emolumeuto
3514 3716 3610 3771 de-

2033 3814 2436 3864 monstrarunt.
2457 3806 2581 3865 limc
2611 3823 2777 3879 porro
2810 3818 3055 3864 nostram
3082 3822 3303 3863 causam
3334 3808 3608 3862 sustinent

1976 3966 1979 3971 ὗ
2031 3917 2096 3959 ac
2119 3909 2361 3967 tuentur,
2396 3902 2643 3971 satisque
2675 3915 2798 3956 esse
2838 3899 2972 3954 mihi
3024 3898 3280 3953 videntur
3320 3898 3388 3951 ad
3420 3913 3613 3951 corro-

2030 3992 2362 4056 borandum,
2392 3992 2563 4062 probe
2613 4006 2644 4046 a
2670 3991 2846 4045 “nobis
2882 3988 3014 4045 cum
3068 3988 3315 4044 Romana
3358 3987 3607 4044 Ecclesia

2031 4100 2219 4156 pacem
2249 4083 2441 4138 initam
2467 4083 2659 4139 fuisse.
2680 4082 2928 4154 Namque
2957 4081 3141 4136 omnia
3169 4081 3371 4152 scripto
3405 4081 3609 4135 tradita

2032 4177 2176 4231 dicta
2200 4178 2407 4246 digesta
2446 4185 2598 4241 sunt,
2626 4186 2688 4230 ut
2738 4184 2852 4229 tum
2882 4173 3260 4244 praesentibus,
3305 4182 3419 4228 tum
3454 4172 3605 4227 futu-

2000 4268 2109 4323 ‘ris
2133 4268 2447 4323 hominibus
2494 4267 3009 4337 comprobaremus,
3041 4267 3297 4320 Satanica
3349 4266 3613 4335 improbi~

2028 4360 2177 4424 hate,
2210 4368 2265 4414 et
2300 4358 2447 4415 nulla
2478 4357 2734 4412 rationali
2791 4357 2858 4412 de
2907 4373 3072 4413 causa
3128 4357 3405 4414 Ecclesias
3465 4358 3606 4413 inter

2033 4467 2154 4507 sese
2208 4468 2304 4522 per
2361 4459 2573 4506 tantum
2639 4460 2853 4519 tempus
2902 4450 3219 4504 inimicitias
3265 4452 3611 4511 exercuisse.

356 4546 511 4616 ἡμᾶς
542 4544 720 4596 ἐλθεῖν
777 4541 870 4592 ἐπὶ
910 4540 1011 4606 τὰς
1061 4538 1165 4607 τῆς
1206 4537 1523 4608 Ῥωμαῖκῆς
1597 4534 1924 4605 Ἐκκλησίας

2033 4543 2145 4599 Etsi
2178 4545 2272 4614 qui
2307 4544 2761 4599 commentarium
2795 4543 2901 4596 boc
2931 4550 3180 4597 nostrum
3209 4543 3609 4613 percurrerint,

359 4635 733 4698 καταλλαγάς.
794 4631 876 4686 Τὰ
923 4629 1173 4701 γραφικα
1226 4629 1336 4699 γὰρ
1390 4629 1568 4682 πάντα
1616 4626 1726 4680 τῶν
1750 4626 1926 4695 ἁγίων

354 4727 648 4798 ἐξηπλῶθη
693 4728 865 4818 pri-5dr,
912 4725 1058 4786 ὅπως
1106 4722 1173 4776 ἂν
1221 4723 1358 4791 πρός
1386 4737 1446 4772 τε
1500 4721 1628 4784 τοὺς
1674 4719 1769 4774 νῦν
1820 4719 1928 4772 τῶν

355 4821 664 4892 ἀνθρώπων
704 4813 859 4889 ’πρός
898 4834 956 4870 τε
1004 4817 1129 4878 τοῦς
1187 4814 1305 4882 μεθ’
1356 4814 1504 4883 ἡμᾶς
1549 4813 1930 4883 παραστήσαι-

363 4929 490 4984 μεν,
521 4911 593 4974 ὡς
648 4910 709 4973 ἐξ
736 4908 999 4979 ἐπηρείας
1021 4905 1345 4974 σατανικῆς,
1377 4905 1473 4957 καὶ
1503 4904 1563 4972 ἐξ
1592 4904 1802 4965 οὐδενὸς
1828 4904 1924 4956 εὐρ-

359 5006 521 5074 λόγου
585 5002 762 5056 αίτίου
835 5001 894 5055 αι
962 5000 1283 5066 Ἐκκλησίαι
1345 4997 1606 5068 ἀλλήλαις
1663 4995 1921 5051 τοσοῦτον

360 5097 552 5166 χρόνον
588 5092 1100 5160 ὲκπεπολὲμωνται,
1126 5091 1236 5144 Καὶ
1271 5092 1319 5142 εἰ
1363 5090 1464 5159 μὲν
1509 5091 1559 5143 οἱ
1617 5092 1729 5153 τοῖς
1772 5107 1919 5161 παρι-

354 5186 503 5241 εῦςδι
558 5185 979 5254 ἐντυγχάνοντες
1032 5183 1211 5251 λόγοις
1263 5181 1536 5251 εὐστόχως
1582 5183 1730 5252 ἡμᾶς
1789 5183 1923 5253 ἡγή-

362 5293 547 5332 σαιντο
591 5277 692 5347 τῆς
745 5276 855 5329 τῶν
915 5274 1409 5342 καταστρωθέντων
1479 5266 1581 5326 ὦδε
1638 5274 1926 5341 γραφικῶν

360 5369 540 5441 “vim
569 5366 810 5429 διανοίας
863 5364 1402 5434 κατα-στοχάσασθαι,
1454 5363 1534 5433 τῷ
1566 5362 1688 5433 Θεῷ
1721 5366 1880 5436 χάρις
1902 5381 1917 5397 ο

356 5462 406 5512 εί
434 5460 492 5513 δέ
519 5477 666 5512 τισιν
698 5458 873 5520 ἄλλως
901 5457 1046 5526 ἔχειν
1095 5455 1243 5523 δοκεῖ
1296 5453 1366 5508 τὰ
1413 5454 1545 5523 περὶ
1606 5455 1807 5516 αὐτῶν.
1860 5457 1924 5510 τὸ

2032 4635 2453 4699 existimabunt,
2486 4650 2590 4691 nos
2637 4635 2704 4689 ad
2745 4634 3016 4689 dictorum
3058 4635 3146 4690 hic
3203 4634 3609 4705 exscriptorum

2030 4728 2365 4783 sententiam
2404 4735 2591 4782 exacte
2632 4726 2963 4794 collimasse,
2999 4725 3108 4781 Deo
3151 4727 3341 4795 gratiae
3393 4743 3408 4780 :
3462 4727 3513 4781 id
3555 4727 3607 4778 si

2033 4818 2191 4872 aliter
2219 4818 2497 4873 nonnullis
2527 4818 2674 4872 circa
2710 4818 2799 4873 illa
2832 4818 3010 4872 visum
3044 4816 3213 4872 fuisse
3241 4832 3431 4871 eorum
3472 4819 3606 4873 libe-

2030 4924 2152 4965 rum
2187 4910 2477 4965 arbitrium
2500 4911 2625 4981 quis
2654 4919 2836 4979 coget,
2867 4925 2984 4965 rem
3017 4912 3246 4981 regiam,
3276 4911 3408 4980 ipsis
3436 4928 3462 4963 a
3494 4911 3606 4966 Deo

2029 5002 2251 5057 datum?
2282 5001 2437 5069 Quod
2493 5016 2622 5056 vero
2667 5003 2858 5057 subest
2911 5002 3044 5056 mibi
3081 5002 3326 5057 fraterne
3357 5018 3452 5072 pro
3498 5002 3614 5060 illis

2027 5094 2290 5150 indolenli
2341 5095 2545 5159 dicere,
2579 5095 2954 5160 considerent,
2984 5109 3051 5150 ne
3102 5095 3204 5166 ipsi
3262 5095 3315 5149 in
3352 5111 3411 5150 se
3452 5095 3610 5166 ipsos

2030 5188 2326 5254 insaniant,
2379 5189 2425 5244 si
2477 5189 2613 5245 satis
2667 5188 2945 5257 copiosam
2990 5188 3218 5242 insaniae
3250 5187 3602 5243 demonstra.

2027 5280 2233 5333 tionem
2266 5280 2487 5346 habent,
2513 5290 2646 5353 quot
2673 5282 2841 5343 mala,
2873 5289 2997 5352 post
3039 5282 3142 5336 hoc
3168 5280 3603 5338 ecclesiasticum

2027 5370 2316 5427 dissiilium
2374 5382 2648 5436 exortum,
2707 5384 2952 5429 nostram
3028 5374 3304 5429 nationem
3383 5372 3609 5428 divexa‘

2025 5471 2179 5516 τυιιι.

353 5551 707 5616 αότεξούσιον
734 5552 818 5613 τίς
864 5549 1072 5603 τούτων
1132 5550 1228 5603 καὶ
1281 5549 1670 5619 ἀφαιρήσεται,
1723 5552 1911 5622 χρῆμα
1950 5552 2220 5622 βασίλειον
2279 5556 2432 5612 δοθὲν
2464 5559 2645 5623 αὐτοῖς
2667 5560 2818 5631 παρὲι
2891 5559 2986 5615 τοῦ
3024 5557 3204 5623 Θεοῦ;
3239 5560 3304 5611 Ὃ
3336 5557 3391 5609 δὲ
3419 5558 3602 5609 είπείν

357 5661 446 5713 μοι
494 5643 707 5708 ἔξεστιν
772 5639 1548 5711 ἀδελφικῶςλύπερπονοῦντι
1601 5642 1805 5712 αὐτῶν,
1866 5648 2274 5716 σκοπείτωσαν,
2338 5652 2411 5722 μή
2454 5667 2585 5705 ποτε
2633 5652 2787 5705 αὐτοὶ
2839 5652 2962 5707 καθ’
3021 5651 3231 5704 ἑαυτῶν
3287 5650 3595 5720 μαίνονται,

352 5738 466 5805 ιῐγε
496 5735 780 5807 ἀρκοῦσαν
812 5734 923 5804 ἕχει
979 5738 1176 5805 μανίας
1198 5732 1491 5800 ἀπόδειξιν,
1520 5735 1618 5793 ὅσα
1640 5735 1667 5787 ὁ
1714 5736 1903 5805 χρόνος
1939 5742 2081 5795 κακὰ
2154 5744 2301 5815 παρᾶ
2329 5746 2465 5814 τὴν*
2534 5744 2995 5817 ὲκκλησιαστικὴν
3025 5742 3231 5815 ταύτην
3284 5745 3463 5821 μάχην
3519 5745 3607 5821 τῷ

355 5829 611 5905 ἡμετέρῳ
630 5827 780 5896 γένει
814 5829 1105 5899 ἀνέδειξεν.

786 6026 815 6044 ν·
