3978 6644
312 470 374 535 97
1248 502 1259 507 κ
1448 461 1552 523 DE
1591 459 1884 522 UNIONE
1925 458 2479 521 ECCLESIARUM.
3492 462 3561 527 93

314 586 422 650 τοῖς
446 581 704 646 ἐκείνων,
737 581 812 648 μή
841 580 925 635 τοί
954 598 1020 650 γι
1054 582 1171 649 καὶ,
1207 582 1488 654 συστάδην
1508 582 1884 653 ἀνταγωνίσα-

1998 583 2185 638 intueri
2216 596 2400 654 posse,
2429 585 2639 634 tantum
2675 576 2851 639 abest.
2914 583 2975 631 ut
3003 576 3254 633 cominus
3284 587 3340 634 et
3397 581 3563 639 veluti

320 677 441 731 σθαι
490 677 518 728 ὁ
565 674 835 744 ἡμέτερος
873 672 1060 743 ἴσχυσε
1087 674 1266 743 λόγος.
1315 674 1470 728 Ἐπεὶ
1509 674 1567 728 δὲ
1588 674 1767 744 πάσης
1798 690 1887 727 σο-

320 769 444 838 φίας
470 766 533 820 τὸ
565 763 870 833 ἀκρότατον
907 766 938 835 ἡ
966 766 1216 835 ἀλήθεια,
1240 766 1323 819 ὅτι
1349 767 1449 819 καὶ
1484 765 1645 837 μόνος
1672 765 1836 835 σοφὸς
1856 766 1887 818 ό

322 860 414 929 τῆς
472 856 736 930 ἀληθείας
756 855 889 917 Sed;
925 858 1093 921 ἐστιν,
1126 857 1274 927 αύτῷ
1305 856 1370 928 δὴ
1397 857 1475 927 τῷ
1509 858 1604 926 τῆς
1625 857 1886 926 ἀληθείας

327 950 435 1018 Θεῷ
478 950 578 1011 τὰς
618 947 843 1010 ἐλπίδας
877 947 1204 1024 ἀνάψαντες,
1245 948 1344 1016 τῆς
1378 950 1514 1019 πρὸς
1540 951 1630 1002 τὸν
1661 949 1886 1019 ἔλεγχον

334 1038 631 1104 εὐοδώσεως
691 1040 786 1093 ἐπὶ
846 1040 938 1091 τδν
990 1040 1135 1094 κατὰ
1189 1041 1302 1093 τῶν
1360 1042 1436 1111 μὴ
1504 1040 1883 1110 ἁληθευόντων

342 1130 506 1198 ἀγῶνα
576 1129 886 1199 χωροῦμεν.
952 1130 1062 1183 Καὶ
1120 1131 1245 1193 ἐπεὶ
1280 1130 1417 1184 Θεοῦ
1473 1133 1566 1184 καὶ
1629 1130 1890 1201 ἀληθείας

350 1217 668 1290 ἐμνήσθημεν
722 1219 802 1280 είς
859 1219 1031 1288 αὐτὴν
1079 1222 1288 1293 ταύτην
1336 1221 1435 1291 τὴν
1481 1221 1764 1291 ἀλήθειαν,
1795 1219 1891 1273 καὶ

356 1315 415 1375 είς
450 1310 568 1363 ἄλλο
643 1308 809 1379 μηδὲν
853 1310 1151 1380 όρκίζομεν
1221 1314 1351 1376 τοὺς
1416 1314 1710 1382 ἐσομένους
1776 1312 1893 1365 δια-

359 1401 610 1471 οςνὼμονας
662 1401 944 1469 ἑκατέρων
993 1402 1102 1454 τῶν
1154 1401 1332 1473 λόγων
1379 1402 1753 1472 ἀπροσπαθῶς
1800 1401 1892 1454 ἐπὶ

361 1497 438 1564 τὴν
460 1491 733 1558 διάγνωσιν
765 1490 1046 1561 ἔρχεσθαι,
1077 1492 1237 1547 τοῦτο
1265 1494 1509 1564 ἀκριϐῶς
1532 1494 1742 1557 εἰδότας
1760 1534 1775 1555 ,
1816 1493 1892 1558 ὡς

361 1587 486 1646 όπᾶς
510 1584 634 1652 ἡμῖν
664 1585 828 1645 πόνος
852 1583 995 1653 ὑπὲρ
1027 1584 1275 1649 ἑνώσεώς
1331 1587 1478 1638 ἐστιν
1531 1585 1891 1655 Ἐκκλησιῶν,

361 1669 420 1729 ὧν
440 1676 469 1745 ἡ
488 1673 758 1737 διάστασις
781 1674 984 1743 πολλὴν
1012 1675 1217 1745 ζημίαν
1254 1680 1327 1746 τῇ
1376 1673 1627 1748 εὐσεϐεέᾳ
1671 1675 1895 1745 προεξέ-

362 1781 507 1835 νησε·
540 1764 683 1818 καὶὸ
741 1765 879 1835 πρὸς
944 1767 1103 1835 χάριν
1154 1766 1405 1820 ἐντεῦθεν
1452 1768 1894 1837 διαγνωσόμενος

364 1858 413 1910 τὸ
443 1855 528 1909 τοῦ
576 1854 1137 1926 καταδραϐεύσαντος
1165 1857 1538 1911 ἐπισπάσεται
1577 1858 1756 1926 κρίμα
1787 1856 1891 1909 οὐκ

364 1948 439 2000 ἐπί
462 1963 559 2000 τισι
584 1947 690 1999 τῶν
758 1948 1082 2017 σωματικὴν
1120 1948 1253 2011 ἴσως
1312 1949 1411 2019 τὴν
1480 1948 1688 2018 ζημίαν
1740 1947 1891 2017 ἐχόν-

365 2056 470 2102 των,
497 2038 605 2091 ἀλλ’
628 2038 717 2091 ἐπ’
737 2038 944 2101 αὐτοῖς,
983 2036 1060 2101 οἷς
1095 2039 1233 2103 θεὸς
1255 2039 1330 2103 ὡς
1370 2040 1696 2108 ἡδικημένος
1723 2039 1894 2107 ἁγαν·

364 2131 574 2199 ακτήσει.
634 2128 793 2183 Οὕτω
857 2131 1149 2201 τοιγαροῦν
1193 2133 1263 2186 τὰ
1306 2131 1402 2186 τοῦ
1453 2132 1614 2202 λόγου
1675 2130 1768 2185 ἐπὶ
1815 2133 1893 2202 τῷ

363 2221 565 2291 δευτέρῳ
591 2221 754 2275 αὑτοῦ
781 2221 916 2276 εἴδει
942 2225 1521 2296 προκαταστησαντες,
1554 2224 1649 2279 καὶ
1670 2225 1736 2296 δὴ
1783 2243 1893 2295 χω-

363 2314 533 2385 ροῦμεν
579 2315 672 2368 ὲπὶ
701 2316 763 2369 τὸ
796 2316 998 2386 λέγειν.
1045 2316 1183 2369 Ἀλλ’
1205 2318 1621 2388 ἐπαναληπτέον
1661 2321 1757 2374 καὶ
1789 2320 1895 2375 πά-

360 2406 430 2459 λιν
466 2406 550 2460 τὸν
585 2408 1133 2479 προανατεταγμένον
1160 2408 1542 2481 συλλογισμόν.

419 2612 519 2676 λς’.
556 2629 575 2664 ι
610 2611 675 2666 Εἰ
708 2611 924 2667 ἁπλοῦν
978 2615 1098 2686 μὲν,
1123 2616 1281 2686 φησὶ,
1313 2615 1374 2670 τὺ
1413 2616 1662 2688 Πνεῦμα,
1696 2619 1760 2671 ἐκ
1798 2618 1893 2673 τοῦ

365 2706 545 2777 Πατρδς
570 2705 623 2758 δὲ
650 2705 745 2759 καὶ
792 2707 863 2760 ἐκ
912 2706 1008 2760 τοῦ
1054 2705 1186 2760 Υἱοῦ
1238 2709 1626 2779 ἐκπορεύεται,
1679 2712 1895 2777 πάντως

360 2795 409 2848 ἒν
439 2797 497 2850 ἀν
524 2790 668 2850 οὗτοι
714 2797 1024 2869 νομισθεῖεν
1084 2800 1375 2869 πρόσωπον
1398 2840 1414 2866 ,
1457 2802 1751 2857 κάντεῦθεν
1779 2806 1897 2856 είσ-

372 2890 637 2959 αχθήσεταιι
687 2891 986 2962 συναλοιφὴ
1015 2891 1355 2959 Σασέλλειος,
1394 2893 1426 2966 ἢ
1470 2894 1669 2963 μᾶλλον
1724 2897 1898 2953 εἰπεῖν

365 2979 774 3049 ἡμισαδέλλειος.
822 2998 844 3033 ι

420 3071 473 3124 Oi
509 3073 637 3141 πρὸς
677 3071 778 3134 τὰς
808 3069 896 3126 διὰ
924 3069 1303 3143 συλλογισμῶν
1337 3073 1639 3140 ἀποδείξεις
1666 3075 1898 3148 ἐρχόμε-

364 3177 429 3213 νοι
457 3161 804 3226 διαλεκτικῶς
835 3164 1035 3227 παντὸς
1066 3162 1230 3218 ἀλλου
1261 3163 1501 3218 τίθενται
1561 3168 1895 3240 προύργιαί-

1988 673 2201 727 statarii
2232 672 2433 727 milites
2460 684 2585 725 cum
2620 668 2724 724 illis
2752 667 3043 736 conﬂigere
3094 668 3332 724 dicendo
3360 672 3565 726 audea-

1989 779 2135 819 mus.
2170 761 2305 816 Cum
2365 778 2497 816 vero
2535 760 2816 831 sapientia:
2843 760 3117 813 universas
3149 769 3335 816 vertex
3360 763 3564 819 veritas

1989 855 2084 917 sit,
2117 854 2262 923 quod
2304 861 2359 907 et
2408 854 2561 907 solus
2616 852 2833 921 sapiens
2874 851 3119 906 veritatis
3151 849 3313 912 Deus.
3357 853 3411 905 in
3446 852 3565 921 ipso

1994 944 2245 1000 veritatis
2278 943 2386 997 Deo
2420 958 2513 1013 spe
2533 942 2794 996 collocata
2824 940 2936 1009 jam
2973 942 3038 994 ad
3079 956 3174 993 eos
3209 940 3558 1002 refellendus,

1989 1036 2081 1108 qui
2112 1035 2412 1090 mendaciis
2442 1034 2646 1088 addicti
2688 1034 2969 1086 veritatem
3017 1032 3352 1095 convellunt,
3389 1035 3564 1088 ventis

1992 1127 2250 1183 secundis
2284 1126 2338 1179 in
2368 1135 2643 1179 certamen
2668 1124 3072 1178 descendimus.
3112 1123 3177 1176 Et
3215 1124 3432 1189 quando
3470 1122 3563 1176 Dei

1990 1227 2046 1275 et
2078 1219 2323 1275 veritatis
2366 1218 2570 1271 mentio
2622 1216 2842 1271 inducta
2884 1224 2985 1278 est,
3024 1231 3120 1284 per
3145 1219 3392 1269 eamdem
3420 1215 3565 1269 veri-

1993 1320 2177 1377 tatem,
2210 1326 2307 1366 nec
2366 1310 2529 1363 alium
2563 1318 2754 1363 testem
2790 1316 2843 1361 et
2899 1309 3178 1361 conscium
3217 1317 3564 1362 sacramento

1993 1406 2351 1475 asrringimus
2404 1402 2689 1456 ambarum
2743 1400 2976 1469 partium
3036 1400 3559 1454 commentariorum

1993 1497 2303 1565 cognitores
2338 1493 2574 1557 futuros,
2632 1501 2692 1547 ut
2742 1492 2908 1545 animi
2959 1491 3154 1546 alTectu
3191 1494 3459 1562 deposito,
3493 1495 3563 1547 ad

1992 1588 2073 1640 rei
2121 1586 2486 1656 cognitionem
2537 1585 2821 1647 accedant,
2855 1582 3000 1637 illius
3059 1584 3218 1650 plane
3252 1586 3429 1653 gnari,
3460 1598 3564 1637 nos

1994 1691 2211 1731 omnem
2260 1676 2406 1730 hunc
2439 1676 2679 1730 laborem
2745 1690 2842 1743 pro
2897 1674 3101 1727 unione
3161 1675 3561 1739 Ecclesiarum,

1995 1760 2230 1836 quarum
2263 1765 2555 1821 dissidium
2597 1780 2951 1834 summopere
2974 1766 3161 1835 pietati
3195 1767 3405 1826 nocuit.
3439 1780 3566 1820 sus-

1997 1861 2236 1929 cepisse;
2266 1869 2321 1913 et
2345 1860 2437 1929 qui
2460 1860 2632 1929 gratia
2655 1867 2751 1913 aut
2776 1873 2962 1913 amore
2989 1859 3395 1927 dijudicaverit,
3418 1856 3567 1928 judi-

1994 1955 2138 2005 cium
2177 1952 2229 2005 in
2263 1967 2323 2006 se
2348 1950 2724 2006 deli-audentis
2767 1950 2993 2019 praemio
3055 1950 3317 2011 attrahct,
3358 1965 3463 2001 non
3509 1947 3564 2003 in

1995 2042 2195 2113 quibus
2228 2042 2365 2096 forte
2399 2041 2788 2095 detrimentum
2830 2043 3043 2110 corpori
3121 2040 3202 2105 lit,
3238 2041 3331 2094 sed
3367 2041 3419 2093 in
3458 2038 3564 2093 illis

1996 2136 2152 2207 ipsis.
2183 2150 2282 2205 pro
2326 2135 2529 2205 quibus
2585 2134 2788 2205 injuria
2817 2133 2958 2189 Deus
2996 2134 3222 2188 affectus
3260 2133 3567 2201 indignabi-

1996 2238 2107 2284 tur.
2142 2227 2255 2283 lloe
2273 2228 2454 2297 itaque
2488 2236 2647 2298 pacto
2684 2240 2782 2296 pro
2814 2227 3055 2281 secunda
3088 2225 3236 2279 illius
3261 2234 3411 2293 parte
3435 2237 3565 2275 ora-

1997 2320 2143 2374 tione
2164 2329 2323 2373 antea
2350 2319 2637 2386 disposita,
2669 2332 2782 2371 rem
2811 2317 2983 2386 ipsam
3020 2316 3425 2386 aggrediamur.
3458 2310 3565 2366 Sed

1994 2424 2142 2464 nunc
2173 2408 2351 2463 denuo
2411 2408 2771 2463 resumendus
2822 2416 2908 2462 est
2963 2408 3312 2479 syllogismus
3352 2419 3567 2475 praepo-

1997 2503 2159 2558 situs.

2067 2591 2158 2647 56.
2192 2609 2213 2643 ι
2246 2591 2301 2645 Si
2333 2591 2588 2661 simplex,
2646 2589 2843 2662 inquit,
2878 2589 3116 2661 Spiritus
3162 2601 3263 2657 est,
3295 2607 3362 2647 ex
3407 2590 3566 2646 Patre

1994 2699 2125 2740 vero
2157 2698 2209 2739 et
2245 2684 2381 2738 Filio
2410 2684 2674 2753 procedit,
2707 2685 2936 2738 omnino
2965 2683 3019 2737 hi
3075 2700 3181 2738 una
3232 2699 3463 2753 persona
3488 2699 3569 2737 re-

1997 2778 2356 2848 putabuntur,
2379 2776 2613 2846 indeque
2645 2777 2947 2831 contractio
2972 2776 3305 2843 Sabelliana,
3340 2787 3435 2831 aut
3472 2790 3565 2845 po-

2002 2875 2107 2927 tius
2137 2869 2609 2935 scmisabelliana,
2643 2869 3038 2924 introducetur.
3082 2886 3102 2921 ι

2068 3054 2173 3123 Qui
2211 3055 2279 3110 ad
2305 3053 2803 3111 demonstrationes
2832 3070 2928 3125 per
2977 3054 3327 3126 syllogismos
3389 3054 3567 3110 diale-

1997 3151 2269 3206 cticorum
2326 3163 2480 3204 more
2526 3152 2846 3217 procedunt,
2878 3158 3006 3202 ante
3059 3147 3241 3202 omnia
3305 3158 3564 3218 tauquam

365 3267 494 3321 τερον
521 3252 609 3306 τὸν
663 3253 765 3319 τῆς
822 3255 1153 3325 ἐγκειμένης
1202 3257 1485 3327 σημασίας
1536 3261 1661 3323 ταῖς
1708 3260 1890 3325 λέξεσι

2001 3241 2355 3296 utilissimum
2389 3247 2711 3310 praeponth
2744 3244 3044 3305 sententiae,
3069 3255 3191 3311 qua:
3223 3240 3276 3294 in
3304 3241 3564 3295 dictioni-

369 3341 771 3411 προσδιορισμδν,
814 3341 900 3396 ῐνα
948 3343 1024 3415 μὴ
1070 3344 1149 3415 τῷ
1178 3345 1486 3418 πολυσήμῳ
1534 3348 1642 3400 τῶν
1696 3349 1898 3418 λέξεων

366 3431 415 3482 sb
450 3431 537 3499 τῆς
564 3434 892 3499 ἀποδείξεως
931 3435 1341 3502 ὑποκλέπτηται
1381 3438 1603 3507 ἀληθές.
1646 3440 1716 3492 Σὺ
1743 3440 1896 3508 γοῦν,

368 3522 608 3589 conﬁsa-rs
649 3526 844 3589 Φωτιε,
889 3527 1017 3589 τοὺς
1042 3529 1150 3597 γὰρ
1183 3528 1318 3597 πρὸς
1344 3529 1403 3580 σὲ
1432 3530 1622 3598 λόγους
1655 3531 1730 3596 ὡς
1759 3533 1896 3604 πρὸς

367 3617 574 3684 παρόντα
606 3619 928 3688 ποιήσομαι,
958 3618 1036 3684 τῷ
1086 3621 1360 3674 ἑκτεθὲντι
1388 3622 1469 3693 τῷ
1498 3624 1699 3694 πρώτῳ
1722 3627 1898 3696 τούτῳ

366 3707 697 3778 συλλογισμῷ,
747 3709 1089 3773 ὑποθετικῶς
1117 3713 1460 3784 πλεκομὲνῳ,
1493 3717 1542 3768 εἰ
1580 3715 1645 3767 ἐκ
1664 3715 1758 3768 τοῦ
1786 3717 1901 3769 Πα-

366 3795 485 3862 τρδς,
506 3797 653 3865 ἔφης,
670 3800 765 3850 καὶ
785 3800 881 3852 τοῦ
901 3800 1030 3853 Υίοῦ
1046 3800 1107 3854 τὸ
1130 3802 1350 3873 Πνεῦμα
1378 3804 1760 3875 ἐκπορεύεται,
1778 3808 1899 3859 ἐπεὶ

364 3888 412 3939 τὸ
438 3890 643 3960 Πνεῦμα
683 3890 895 3945 ἁπλοῦν
924 3892 1117 3945 ἕπεται
1147 3893 1207 3958 ἐξ
1248 3895 1493 3966 ἀνάγκης
1556 3898 1622 3969 τῇ
1683 3900 1746 3951 ἐκ
1804 3895 1897 3951 τοῦ

364 3978 546 4049 Harpe;
567 3985 659 4036 καὶ
686 3983 782 4036 τοῦ
820 3984 950 4037 Υίοῦ
984 3987 1317 4058 ἑκπορεύσει
1369 3987 1463 4041 τοῦ
1490 3990 1811 4061 Πνεῦματος
1837 3990 1900 4045 τὸ

365 4071 756 4141 συναλοίᾳεσθαι
801 4072 1026 4140 τούτους
1055 4079 1136 4139 είς
1167 4077 1461 4151 πρόσωπον
1485 4078 1564 4145 ἓν,
1598 4081 1733 4152 ὅπερ
1796 4066 1897 4137 καῖ

364 4161 653 4216 Σαδέλλειον
712 4164 810 4217 καὶ
857 4166 1280 4236 ὴμισαδέλλειον
1332 4170 1548 4240 αἰρεσιν
1596 4171 1895 4245 ἀποφαίνῃ.

372 4251 506 4304 Ἐπεὶ
528 4253 657 4320 γοῦν
690 4254 792 4325 τὴν
821 4255 931 4308 τῶν
962 4255 1060 4308 δύο
1089 4257 1401 4326 προσώπων
1428 4261 1508 4323 είς
1536 4258 1594 4311 ἓν
1648 4262 1897 4314 συναλοι-

366 4344 453 4411 ψὴν
483 4345 789 4399 ἀκολουθεῖν
818 4346 876 4413 ἐξ
926 4347 1171 4417 ἀνάγκης
1202 4348 1361 4419 ἔφης,
1392 4351 1489 4404 ὲάν
1529 4368 1614 4413 τις
1680 4354 1745 4406 ἐκ
1801 4352 1895 4406 τοῦ

366 4434 553 4505 nam;
580 4439 676 4490 καὶ
707 4436 804 4490 τοῦ
840 4437 970 4490 Υἱοῦ
991 4440 1052 4490 τὸ
1086 4440 1309 4510 Πνεῦμα
1343 4443 1744 4512 ἐκπορεύεσθαι
1794 4444 1900 4497 δὼ-

364 4542 451 4590 σει,
490 4527 573 4580 διὰ
602 4529 662 4581 τὸ
703 4526 909 4581 ἁπλοῦν
943 4524 1088 4582 εἶναι
1130 4530 1191 4581 τὸ
1224 4531 1469 4601 Πνεῦμα,
1493 4533 1757 4604 ζητητέον
1780 4534 1895 4586 ἐστὶ

1999 3331 2104 3388 bus
2127 3342 2231 3393 est,
2261 3332 2795 3397 determinationem,
2813 3348 2881 3386 ne
2903 3331 3200 3386 dictionum
3225 3331 3371 3385 varia
3394 3332 3566 3401 signi-

1999 3423 2270 3488 ﬁcatione,
2301 3425 2501 3479 veritas
2536 3423 2882 3479 obscuretur.
2916 3423 2996 3477 Tu
3032 3440 3182 3489 vero,
3220 3424 3565 3493 sapientissi-

1998 3532 2087 3572 me
2114 3517 2292 3582 Plioti,
2326 3531 2565 3587 namque
2592 3517 2660 3572 ad
2709 3525 2761 3572 te
2785 3517 2949 3570 veluti
3001 3530 3320 3587 prsrsenlem
3358 3520 3567 3573 oratio-

1998 3621 2121 3660 uem
2149 3616 2437 3671 converto,
2468 3607 2520 3659 in
2554 3605 2801 3676 apposito
2860 3608 3036 3676 primo
3069 3609 3175 3663 hoc
3227 3610 3567 3680 syllogismo,

1997 3707 2050 3752 et
2104 3698 2206 3753 sub
2262 3698 2575 3753 conditione
2624 3700 3072 3769 circmnplicato,
3139 3701 3185 3756 si
3257 3717 3323 3756 ex
3383 3701 3565 3767 Patre,

1997 3787 2101 3853 ais,
2168 3796 2223 3843 et
2275 3788 2413 3844 Filio
2501 3787 2739 3859 Spiritus
2818 3792 3085 3870 procedit,
3150 3806 3275 3846 cum
3332 3792 3568 3862 Spiritus

1998 3880 2226 3951 simplex
2261 3881 2353 3943 sit.
2389 3883 2697 3937 necessario
2746 3884 2996 3953 sequitur
3019 3924 3034 3949 ,
3063 3899 3126 3939 ex
3160 3883 3317 3939 Patre
3345 3894 3399 3939 et
3432 3885 3568 3939 Filio

2000 3971 2238 4041 Spiritus
2266 3975 2615 4042 processione
2662 3976 2913 4029 contrahi
2950 3974 3113 4030 hosce
3157 3975 3211 4028 in
3260 3991 3420 4030 unam
3452 3993 3572 4047 per-

1998 4082 2226 4132 sonam,
2286 4065 2432 4136 quod
2483 4064 2847 4121 Sabellianain
2916 4076 3011 4121 aut
3065 4067 3566 4124 Semisabellianam

1998 4158 2249 4214 haeresim
2287 4158 2573 4228 indigetas.
2617 4157 2752 4213 Cum
2804 4159 2986 4230 itaque
3019 4160 3254 4215 duarum
3302 4177 3568 4232 persona-

1996 4266 2118 4305 rum
2152 4251 2206 4305 in
2229 4266 2392 4305 unam
2438 4252 2867 4307 contractionem
2907 4254 3217 4308 necessario
3245 4255 3398 4324 sequi
3429 4256 3572 4309 alIir-

1998 4356 2135 4404 mas,
2171 4341 2216 4395 si
2256 4343 2381 4412 quis
2423 4356 2489 4396 ex
2533 4340 2694 4397 Patre
2726 4355 2780 4397 et
2826 4342 2963 4397 Filio
2986 4346 3245 4414 Spiritum
3280 4350 3569 4416 pret-edere

1997 4435 2289 4499 concedet,
2339 4435 2482 4504 quod
2533 4435 2768 4503 Spiritus
2814 4437 3038 4505 simplex
3088 4438 3178 4503 sit,
3214 4441 3563 4506 qumreuduui

1995 4527 2151 4596 plane
2179 4534 2280 4590 est,
2309 4526 2411 4580 hoc
2435 4528 2710 4591 procedere
2735 4542 2970 4597 quonam
3005 4529 3311 4596 signiﬁcatu
3343 4532 3429 4585 hic
3459 4550 3485 4583 a
3517 4540 3569 4586 te

363 4619 413 4667 τὸ
451 4618 818 4688 ἐκπορεύεται
853 4621 1041 4688 τοῦτο,
1069 4625 1186 4686 πῶς
1239 4625 1643 4693 ἑκλαμὸἀνεταί
1697 4644 1781 4680 σοι
1809 4630 1895 4680 ὲν-

2004 4629 2335 4672 assumatur.
2383 4616 2627 4687 Namque
2654 4618 2802 4672 dices
2837 4618 3079 4682 omnino,
3108 4635 3172 4675 ex
3215 4622 3324 4676 Deo
3346 4632 3571 4678 natura-

363 4707 529 4762 ταῦθα.
563 4710 787 4772 Πάντως
815 4709 925 4780 γὰρ
955 4711 1058 4780 τὴν
1088 4712 1152 4764 ἐκ
1186 4710 1323 4765 Θεοῦ
1364 4713 1602 4781 φυσικὴν
1659 4716 1754 4767 καὶ
1800 4715 1892 4765 ού-

365 4801 509 4870 σιώδη
538 4803 626 4854 τοῦ
681 4801 1001 4871 lli/stipato;
1060 4802 1298 4871 ὓπαρξιν
1345 4803 1543 4872 δηλοῦν
1601 4805 1747 4875 ipsi;
1794 4806 1894 4874 τὴν

366 4890 679 4961 ὲκπόρευσιν,
705 4892 803 4945 καὶ
860 4892 991 4945 ἀλλο
1016 4909 1069 4946 τι
1094 4896 1248 4963 παρά
1272 4894 1476 4965 ταύτην
1525 4894 1705 4948 οὐδέν.
1757 4895 1895 4948 Ἀλλ’

367 4983 631 5055 ἠύπαρξις
677 4982 818 5052 αῦτη
857 4983 957 5037 οὐκ
1004 4985 1092 5038 ἀεὶ
1147 4987 1205 5037 ἐν
1247 4987 1314 5055 τῇ
1344 4985 1438 5037 τοῦ
1497 4984 1895 5054 ἐκπορεύεσθαι

371 5075 483 5146 μόνῃ
509 5076 827 5145 σημαίνεται
855 5074 1021 5139 λέξει,
1044 5074 1182 5127 ἀλλά
1226 5076 1322 5128 καὶ
1359 5078 1419 5146 ιν
1445 5074 1634 5138 ἄλλαις
1650 5075 1893 5141 πολλαῖς,

369 5159 429 5218 ὧν
460 5145 565 5220 ἐστι
603 5170 697 5223 καὶ
722 5169 783 5221 τὸ
807 5167 1106 5236 προϊέναι,
1149 5169 1245 5222 καὶ
1273 5169 1334 5221 τὸ
1373 5145 1753 5238 έροχεῖσθαι,
1803 5169 1897 5221 καὶ

372 5258 726 5327 προέρχεσθαι
746 5262 894 5315 αὐτὸ
919 5260 987 5315 ἐκ
1014 5261 1262 5329 Πατρός.
1292 5260 1529 5329 Οἴδαμεν
1552 5262 1610 5314 δὲ
1636 5263 1776 5315 κατά
1796 5262 1897 5331 τὴν

374 5350 528 5422 κοινὴν
565 5351 752 5424 ὦτπερ
819 5352 1201 5424 ὁμολογεῖσθαι
1255 5355 1353 5424 τὴν
1404 5355 1615 5408 ἔννοιαν
1655 5357 1721 5425 τῇ
1776 5354 1897 5407 καθ’

373 5446 494 5512 ἡμᾶς
546 5446 837 5519 Ἐκκλησία
887 5449 951 5501 ἑκ
980 5448 1189 5519 [ἰατρὸς
1216 5448 1310 5500 καὶ
1336 5447 1466 5500 Υίοῦ
1525 5446 1696 5501 ταῦτα
1721 5449 1896 5501 πάντα

294 5567 298 5570 ι
375 5537 447 5590 ἐπὶ
470 5539 554 5591 τοῦ
579 5541 748 5594 ἁπλοῦ
783 5540 1035 5608 λέγεσθαι
1091 5540 1428 5609 Πνεῦματος,
1485 5541 1580 5594 καὶ
1612 5542 1710 5611 τὴν
1732 5538 1895 5594 αὐτοῦ
1923 5560 1932 5575 ι

375 5632 616 5702 τηρεῖσθαι
643 5632 945 5703 ἁπλότητα,
984 5634 1078 5684 καὶ
1107 5631 1387 5702 μηδεμίαν
1413 5633 1646 5685 ἐνταῦθα
1682 5632 1897 5702 Πατρδς

376 5723 451 5773 καὶ
521 5724 643 5776 Υίοῦ
703 5723 1029 5795 συναλοιφὴν
1086 5722 1502 5793 ἀναφαίνεσθαι.
1562 5724 1672 5778 Καὶ
1717 5725 1899 5795 σαφὴς

376 5811 504 5865 τοῦτό
524 5816 665 5867 ἐστιν
698 5813 992 5879 ἀπόδειξις,
1033 5816 1095 5866 τὸ
1140 5815 1215 5887 μὴ
1244 5815 1303 5866 τὸ
1331 5814 1526 5867 δοκοῦν
1550 5831 1631 5866 σοι
1663 5814 1897 5870 ἀκολου-

376 5902 469 5958 θεῖν
489 5908 698 5974 ἄτοπον,
744 5908 839 5962 ἐὰν
867 5909 929 5961 ἐκ
992 5907 1201 5978 Πατρός
1243 5909 1337 5961 καὶ
1388 5906 1517 5960 Υίοῦ
1542 5909 1589 5961 oi
1633 5903 1895 5980 Ῥωμαῖοι

1997 4710 2102 4764 lem
2143 4718 2199 4765 et
2236 4709 2579 4765 essentialem
2619 4706 2855 4777 Spiritus
2894 4711 3302 4777 exsistentiam,
3344 4729 3564 4783 proces-

1997 4804 2179 4867 sione,
2221 4819 2322 4857 nec
2365 4804 2509 4858 aliud
2545 4804 2822 4873 quidpiam
2872 4804 3071 4858 notari.
3143 4805 3213 4859 At
3251 4807 3567 4861 exsistentia

1998 4896 2113 4950 hac
2148 4911 2254 4950 non
2286 4912 2499 4966 semper
2531 4899 2649 4951 sola
2673 4897 3048 4965 processiouis
3078 4896 3317 4953 dictione
3359 4899 3564 4967 signiti-

1996 5002 2172 5056 catur,
2230 4990 2325 5045 sed
2371 4998 2424 5044 et
2484 4990 2759 5060 plerisque
2806 4989 2964 5054 aliis,
3014 4990 3154 5044 inter
3197 5004 3335 5059 quas
3383 4991 3562 5043 locum

1999 5080 2239 5144 habent,
2281 5082 2564 5151 progredi,
2593 5080 2869 5150 profundi,
2896 5082 3265 5153 provenireque
3298 5086 3467 5149 ipsum
3501 5095 3565 5134 ea:

2000 5172 2180 5228 Patre.
2230 5176 2448 5229 Scimus
2480 5184 2737 5244 praeterea
2773 5175 3085 5239 communi,
3125 5185 3183 5229 ut
3224 5179 3279 5229 in
3315 5175 3566 5229 confesso

1998 5277 2120 5332 est,
2164 5266 2432 5322 sententia
2477 5277 2678 5320 nostra:
2707 5266 3001 5331 Ecclesiae,
3033 5283 3096 5321 ex
3135 5266 3291 5321 Patre
3323 5276 3376 5320 et
3427 5264 3566 5319 Filio

1998 5360 2113 5413 haec
2158 5360 2340 5413 omnia
2375 5359 2441 5414 de
2483 5359 2716 5428 simplici
2757 5359 2959 5430 Spiritu
2993 5361 3097 5415 dici
3123 5402 3139 5425 ,
3168 5369 3222 5415 et
3263 5360 3406 5413 illius
3437 5360 3566 5412 siru-

1997 5454 2290 5524 plicitatem
2340 5453 2691 5518 conservari,
2748 5452 3244 5523 nullamque-inde
3294 5450 3468 5504 Patris
3510 5438 3583 5504 ct’

2000 5545 2119 5599 Filii
2162 5546 2588 5600 contractionem
2643 5546 2930 5601 insinuari.
2975 5548 3282 5615 Apertaque
3318 5543 3432 5597 haec
3480 5553 3564 5596 est

1997 5637 2410 5697 demonstratio.
2438 5641 2583 5705 quod
2616 5637 2710 5692 tibi
2734 5639 3028 5693 absurdum
3060 5636 3308 5698 videtur,
3344 5651 3445 5687 non
3482 5651 3565 5686 se-

2000 5729 2115 5798 qui,
2146 5730 2190 5783 si
2219 5744 2282 5783 ex
2317 5727 2474 5783 Patre
2500 5738 2553 5783 et
2577 5727 2713 5783 Filio
2743 5729 2972 5783 Romani
3004 5729 3293 5797 procedere
3324 5727 3559 5781 tradunt.

2002 5823 2137 5875 Nam
2166 5824 2247 5877 vel
2280 5829 2392 5873 tum
2426 5820 2610 5882 etiam,
2637 5834 2761 5873 cum
2794 5819 3160 5889 progreditur,
3192 5827 3247 5872 et
3272 5818 3566 5875 eilundilur

2000 5912 2227 5983 simplex
2261 5911 2494 5981 Spiritus
2524 5925 2589 5964 es
2642 5909 2801 5965 Patre
2840 5917 2894 5964 et
2929 5907 3104 5974 Filio,
3159 5911 3212 5963 in
3255 5914 3417 5962 unam
3469 5922 3564 5963 eos
