4070 6608
456 344 571 421 ’103

1482 352 1688 416 ΙΟΑΝ.
1736 354 1949 414 VECCI
1992 354 2103 414 (ΣΡ.
2146 352 2661 413 PATRIARCILE

3609 351 3733 419 1οι

466 487 593 543 pars
623 467 785 524 modo
816 466 922 522 alio
953 466 1211 537 procedet
1237 507 1252 533 ,
1290 474 1340 520 et
1370 480 1433 520 ex
1486 465 1846 536 iumqualibus
1878 465 2046 535 parti-

2155 463 2641 535 ἐκπορευθήσεται,
2685 464 2776 517 καὶ
2808 461 2868 528 ἐξ
2911 460 3111 517 ἀνίσων
3147 462 3329 535 μεριῗρν
3368 462 3521 520 ἔσται
3559 466 3754 520 τοῦτο.

469 564 572 617 bus
613 560 717 616 erit
746 559 1108 629 compositus.
1153 577 1171 610 ι

541 650 648 706 Sed
685 652 799 721 qui,
827 650 899 703 mi
925 652 1107 712 homo,
1135 665 1240 703 non
1274 649 1535 718 vertigine
1561 648 1849 709 laborabit,
1882 649 2040 702 dum-

470 742 633 795 modo
665 740 803 794 hanc
838 750 1056 793 tuorum
1095 750 1544 808 argumentorum
1587 739 2037 807 compositionem

469 835 706 888 refutare
751 831 804 883 in
835 831 1019 884 animo
1054 830 1249 882 habeat
1277 830 1300 882 ἲ
1332 828 1575 899 Namque
1607 831 1782 885 dicis:
1809 829 1864 884 Si
1894 845 2043 883 com-

468 925 651 979 munis
681 931 764 978 est
810 921 983 975 Patris
1011 931 1063 974 et
1105 920 1225 974 Filii
1271 922 1649 990 productionis
1701 922 2036 991 pr0prictas.

470 1016 742 1084 quomodo
767 1013 867 1067 erit
899 1027 1189 1065 commune
1237 1013 1541 1081 proprietas
1571 1013 1593 1064 ?
1654 1022 1706 1065 ct
1737 1013 1836 1066 hoc
1866 1012 2039 1065 visum

467 1115 552 1160 est
596 1104 825 1157 fortasse
873 1101 968 1154 tibi
1016 1102 1253 1155 validum
1290 1109 1345 1155 et
1395 1102 1684 1155 invictum.
1717 1101 1829 1170 Ego
1877 1115 2041 1169 porro

467 1197 622 1253 dico:
665 1194 731 1249 Et
779 1209 1014 1265 quanam
1066 1194 1276 1247 ratione
1322 1194 1558 1247 maxime
1601 1193 1897 1247 absurdum
1944 1194 2039 1247 tibi

468 1288 719 1351 videtur,
765 1301 886 1340 esse
953 1284 1170 1353 aliquod
1220 1299 1511 1338 commune
1568 1283 1712 1337 Patri
1768 1294 1817 1337 et
1879 1284 2038 1338 Filio.

467 1378 683 1450 pr0prie
718 1378 769 1431 in
803 1376 933 1446 ipsis
972 1360 1106 1429 solis
1158 1375 1565 1429 consideratum
1616 1376 1758 1445 quod
1807 1391 1913 1427 non
1971 1376 2041 1428 sit

467 1487 757 1527 commune
789 1469 1016 1538 Spiritui
1043 1468 1066 1521 ?
1111 1468 1206 1523 Est
1236 1468 1436 1522 ctenim
1478 1482 1767 1520 commune
1813 1466 1956 1521 Patri
1989 1478 2042 1521 et

467 1563 628 1627 Filio,
675 1562 818 1629 quod
857 1559 1082 1629 Spiritui
1135 1573 1426 1612 commune
1481 1574 1588 1611 non
1626 1568 1747 1626 est,
1793 1566 1846 1611 et
1894 1559 2039 1626 quod

470 1670 577 1707 non
616 1654 797 1714 unius,
827 1651 920 1706 sed
962 1652 1190 1704 duarum
1224 1663 1577 1717 personarum
1606 1649 1708 1703 hoc
1742 1659 1853 1713 est,
1895 1664 2042 1702 com-

469 1760 635 1798 mune
653 1742 849 1796 dicitur
878 1749 926 1794 et
962 1748 1081 1794 est:
1121 1738 1264 1807 quod
1292 1753 1420 1791 vero
1452 1739 1670 1807 proprie
1699 1737 1753 1791 in
1790 1738 1894 1791 illis
1911 1751 2042 1791 con-

2150 556 2528 625 σιγκείμενον.
2568 575 2586 607 ι

2232 645 2388 711 Ἀλλ’,
2418 644 2463 697 ὣ
2486 648 2568 709 τῖς
2584 648 2684 700 οὐκ
2716 647 3007 715 ἰλιγγιάσει
3037 646 3363 717 ἀνατρέπειν
3398 645 3733 716 βουλόμενος

2147 734 2405 789 τοιούτων
2426 736 2876 806 ἐπιχειρημάτων
2918 736 3192 808 συνθήκην
3226 753 3242 803 ;
3275 737 3453 805 Ἔψης
3487 738 3613 807 γὰρ,
3654 737 3732 790 Εἰ

2149 829 2304 897 κοινή
2336 830 2452 881 ἐστι
2487 829 2664 899 "arpi
2694 831 2790 883 καὶ
2824 829 2940 900 Υἰῷ
2980 832 3013 901 ἡ
3044 833 3143 902 τῆς
3175 829 3446 898 προϐολῆς
3497 829 3730 898 ἰδιότης,

2154 918 2273 981 πῶς
2308 919 2462 972 ἔσται
2489 920 2546 972 τὸ
2587 919 2765 973 κοινδι
2796 921 3033 991 Mida-11;;
3071 922 3161 975 καὶ
3189 921 3330 986 ἔδοξέ
3360 938 3441 974 σοι
3462 922 3539 984 ὡς
3566 923 3733 991 taxu-

2120 1010 2244 1087 Ipdv
2277 1028 2329 1064 τι
2380 1011 2540 1064 τοῦτο
2578 1014 2720 1084 τάχα
2765 1015 2857 1067 καὶ
2908 1014 3122 1083 ἄμαχον
3163 1010 3324 1070 εἶναι.
3370 1015 3514 1085 Ἐγὼ
3543 1016 3598 1069 δέ
3638 1034 3733 1071 σοι

2149 1101 2315 1170 λέγω,
2351 1102 2466 1166 πῶς
2498 1103 2606 1156 τῶν
2636 1104 2754 1157 λίαν
2786 1121 2868 1157 σοι
2908 1107 3126 1158 ἀτόπων
3155 1105 3304 1159 δοκεῖ
3353 1104 3494 1161 εἷναί
3520 1124 3572 1160 τι
3608 1125 3734 1160 κοι-

2151 1191 2239 1243 νὸν
2278 1192 2455 1261 Ilatpi.
2490 1194 2582 1245 καὶ
2616 1193 2757 1263 Υἰῷ,
2799 1193 2940 1255 ἰδίως
2981 1195 3163 1259 αὐτοῖς
3213 1197 3398 1265 μόνοις
3428 1197 3734 1268 ὲνθεωρού-

2153 1300 2339 1350 μενον,
2372 1288 2465 1337 καὶ
2498 1284 2572 1356 μὴ
2604 1281 2742 1338 εἶναι
2786 1287 2917 1339 αὐτὸ
2945 1288 3125 1340 κοινδν
3154 1288 3249 1341 καί⁵
3277 1289 3353 1358 τῷ
3392 1289 3672 1359 Πνεύματι
3706 1306 3726 1354 ;

2153 1374 2310 1429 Ἔστι
2366 1379 2475 1446 γὰρ
2531 1378 2708 1433 κοινὸν
2768 1378 2943 1450 Harp).
2996 1381 3091 1433 καὶ
3137 1380 3276 1451 Υἱῷ,
3330 1381 3357 1433 ὅ
3397 1383 3472 1451 μὴ
3520 1384 3730 1449 καὶτῷ

2151 1463 2430 1531 Πνεύματί
2463 1466 2582 1518 ἐστι
2636 1469 2813 1519 κοινόν
2839 1484 2853 1498 ·
2889 1470 2983 1520 καὶ
3012 1468 3094 1522 ὅτι
3124 1469 3223 1539 μὲν
3252 1470 3375 1540 οὐχὶ
3412 1471 3550 1534 ἑνὸς,
3582 1472 3728 1525 am

2148 1552 2242 1605 δύο
2272 1554 2578 1622 προσώπων
2608 1555 2669 1606 τὸ
2693 1555 2934 1610 τοιοῦτον
2966 1558 3105 1621 ἐστι,
3137 1559 3316 1611 κοινὸν
3348 1560 3440 1613 καί
3467 1560 3583 1613 ἐστι
3623 1561 3727 1613 καὶ

2149 1643 2406 1711 λέγεται·
2442 1646 2521 1698 δτι
2553 1646 2611 1698 δὲ
2645 1647 2788 1710 ἰδίως
2824 1648 3008 1712 αὐτοῖς
3045 1650 3394 1721 ἑνθεωρεῐται
3422 1652 3606 1711 τοῦτο,
3643 1653 3725 1723 μὴ

2149 1738 2532 1801 κοινωνοῦντος
2566 1739 2777 1801 τούτοις
2803 1740 2895 1793 τοῦ
2915 1741 3250 1811 Πνεύμασος,
3282 1745 3496 1811 λέγεται
3518 1746 3725 1816 ἰειὸτης

472 1836 765 1894 sideratur,
792 1843 845 1886 ιιι
863 1833 1010 1886 illius
1030 1831 1300 1900 particeps
1323 1829 1558 1899 Spiritus
1580 1844 1685 1883 non
1713 1841 1817 1889 est,
1844 1829 2044 1883 dicitur

2155 1826 2327 1880 αὐτῶν
2359 1828 2497 1898 πρὸς
2535 1831 2632 1899 τὴν
2661 1829 2755 1883 τοῦ
2804 1831 3119 1902 Πνεύματος
3168 1836 3383 1898 πάντως
3412 1835 3720 1904 διαστολὴν.

461 1942 658 1981 eorum
681 1925 1002 1995 proprietas,
1020 1938 1234 1992 nempe,
1265 1930 1323 1976 ut
1339 1938 1403 1976 eo
1418 1920 1784 1989 distinguatur
1815 1918 2051 1990 Spiritus

471 2019 538 2073 ab
558 2019 682 2071 illis.
700 2018 1001 2071 Commune
1021 2015 1164 2068 enim
1186 2014 1239 2067 in
1258 2014 1388 2082 ipsis
1425 2015 1832 2078 consideratur,
1853 2015 2052 2068 habere

472 2126 568 2164 eos
586 2110 842 2177 Spiritum
876 2122 1044 2161 unum
1075 2105 1389 2168 indivisum,
1425 2109 1566 2173 quod
1602 2105 1838 2173 Spiritus
1874 2104 2052 2160 Patris

472 2211 525 2256 et
554 2200 675 2254 Filii
705 2200 942 2268 Spiritus
973 2197 1192 2252 dicitur.
1225 2196 1330 2251 Sed
1365 2198 1585 2266 quando
1623 2212 1726 2249 non
1760 2204 1918 2252 estet
1954 2198 2054 2249 ltu-

469 2294 562 2361 jus
585 2292 822 2362 Spiritus
841 2289 1094 2358 Spiritus.
1121 2299 1424 2359 propterea,
1452 2291 1594 2358 quod
1620 2286 1780 2342 Pater
1804 2296 1857 2342 et
1880 2287 2049 2342 Filius

476 2387 676 2438 habent
708 2398 873 2436 unum
905 2381 1166 2450 Spiritum
1199 2380 1832 2449 indivisnm,proprietas
1856 2394 2046 2433 eorum

416 2516 421 2521 ι
473 2486 575 2543 est,
603 2488 655 2530 ct
673 2477 722 2530 in
741 2476 841 2529 hoc
863 2478 1176 2529 communio
1193 2472 1372 2528 Patris
1395 2482 1447 2527 et
1470 2472 1589 2526 Filii
1611 2473 1676 2525 ab
1701 2482 1904 2525 aeterno
1921 2472 2051 2525 dua-

472 2570 577 2623 bus
614 2568 745 2623 solis
772 2566 1022 2637 personis
1051 2566 1237 2629 insita,
1271 2564 1842 2620 solritdubitationem
1878 2572 2047 2625 tuam.

475 2662 724 2728 Quonam
761 2668 917 2728 pacto
964 2672 1254 2712 commune
1299 2657 1400 2711 crit
1446 2657 1782 2727 proprietas?
1836 2656 2049 2711 Rursus

418 2745 435 2757 “
475 2755 616 2807 inest
653 2765 942 2806 commune
974 2748 1114 2803 Filio
1152 2756 1205 2804 et
1253 2748 1505 2819 Spiritui,
1550 2763 1645 2802 eos
1684 2763 1792 2803 non
1841 2748 2049 2818 absque

472 2854 594 2899 ortu
638 2858 783 2909 esse,
815 2853 870 2896 et
910 2840 1188 2911 proprium
1245 2855 1437 2895 eorum
1490 2840 1733 2903 dicitur,
1778 2855 1844 2894 ex
1880 2854 2043 2894 causa

473 2933 691 2989 eosdem
713 2948 857 2994 esse,
886 2933 1029 3001 quod
1056 2932 1112 2985 in
1140 2930 1299 2998 Patre
1320 2930 1605 2985 admittere
1629 2940 1818 2985 natura
1846 2931 2050 2986 abhor-

475 3031 578 3077 ret.
615 3022 771 3088 Quod
800 3022 844 3076 si
882 3031 935 3074 et
963 3028 1151 3075 testem
1185 3019 1364 3089 poscis
1384 3058 1397 3082 ,
1427 3021 1519 3088 qui
1562 3020 1884 3087 comprobet
1914 3020 2044 3082 tibi,

474 3113 748 3183 quomodo
778 3125 1068 3166 commune
1095 3108 1234 3164 Filio
1258 3118 1311 3164 et
1339 3108 1564 3179 Spiritui
1587 3109 1807 3172 dicitur,
1837 3109 2048 3163 duabus

2154 1915 2348 1967 Κοινὸν
2402 1916 2515 1985 γὰρ
2575 1917 2923 2006 ὲνθεωρεῖται
2977 1922 3160 1985 αὐτοῖς
3208 1923 3269 1975 τὸ
3329 1924 3474 1994 ἔχειν
3518 1927 3724 1989 αὐτοὺς

2154 2005 2380 2077 Πνεῦμα
2421 2007 2480 2061 ἓν
2527 2005 2852 2078 ἀδιαίρετον,
2884 2011 2973 2064 διὰ
3000 2012 3059 2064 τὸ
3098 2012 3325 2083 Πνεῦμα
3370 2018 3581 2086 Πατρὶς
3625 2017 3723 2072 καὶ

2153 2099 2285 2153 Υἰοῦ
2324 2100 2578 2170 λέγεσθαι
2627 2102 2875 2173 Πνεῦμα.
2928 2105 3070 2158 Ἀλλ’
3123 2108 3242 2159 ἐπεὶ
3292 2106 3392 2161 οὐκ
3449 2107 3565 2162 ἔστι
3622 2113 3721 2162 καὶ

2153 2192 2477 2261 Πνεύματος
2506 2194 2753 2264 Πνεῦμα,
2792 2197 2880 2249 διὰ
2905 2195 3063 2252 τεῦτο
3088 2196 3232 2267 ἔχειν
3264 2199 3353 2253 τὸν
3385 2200 3604 2270 Πατέρα
3627 2201 3723 2253 καὶ

2150 2284 2243 2338 τὸν
2264 2285 2391 2338 Υῐδν
2423 2285 2480 2338 ἓν
2512 2285 2738 2356 Πνεῦμα
2764 2287 3075 2357 ἀδιαίρετον
3105 2288 3306 2358 ἰδιότης
3338 2291 3486 2347 ἐστὶν
3513 2291 3721 2351 αὐτῶν,

2151 2376 2251 2429 καὶ
2284 2378 2317 2448 ἠ
2348 2378 2403 2431 ὲν
2432 2378 2608 2448 τούτῳ
2659 2380 2933 2432 κοινωνία.
2965 2380 3181 2451 Πατρὸς
3221 2382 3314 2434 καὶ
3354 2381 3483 2436 Υἱοῦ
3530 2382 3724 2445 ἁῖδίως

2151 2471 2263 2533 τοῖς
2290 2470 2411 2522 δυσὶ
2448 2472 2631 2539 μόνοις
2666 2470 3079 2544 ὲνθεωρουμένη
3109 2471 3443 2543 προσώποις,
3489 2473 3607 2528 λύει
3638 2491 3724 2528 σοι

2149 2558 2211 2611 τδ
2254 2559 2458 2630 ἄπορον
2493 2558 2728 2626 λέγοντι,
2774 2561 2899 2624 Πῶς
2934 2560 3088 2615 ἔσται
3133 2562 3195 2615 τὸ
3234 2563 3413 2616 κοινὸν
3469 2562 3667 2632 ἰδιότης
3702 2582 3720 2631 ;

2151 2649 2323 2702 Πάλιν
2384 2650 2649 2722 πρόσεστι
2704 2651 2883 2704 κοινὸν
2931 2651 3045 2723 Υίῷ
3098 2653 3193 2707 καὶ
3229 2652 3510 2724 Πνεύματι
3545 2654 3607 2707 τὸ
3645 2652 3723 2725 μὴ

2150 2740 2462 2811 ἀγεννήτως
2515 2736 2678 2808 εἶναι,
2737 2743 2833 2796 καὶ
2869 2744 3001 2796 ἴδιον
3050 2744 3228 2798 αὐτῶν
3284 2744 3501 2812 λέγεται
3547 2744 3608 2797 τὺ
3662 2745 3723 2810 ἐξ

2151 2833 2332 2895 αἰτίας
2380 2834 2523 2887 αὐτὰ
2572 2829 2714 2887 εἶναι
2763 2838 2900 2903 ὅπερ
2944 2836 3020 2906 τῷ
3057 2837 3235 2907 Πατρί⁵
3276 2837 3726 2908 ὲπιθεωρηθῆναι

2152 2925 2317 2995 φύσιν
2349 2926 2451 2980 οὐκ
2482 2925 2618 2997 ἔχει.
2642 2928 2705 2979 Ei
2732 2927 2788 2980 δὲ
2818 2930 2913 2982 καὶ
2940 2930 3194 3001 μάρτυρα
3223 2931 3399 2995 θέλεις
3426 2934 3725 3000 συστήσον·

2151 3019 2219 3070 τά
2257 3035 2360 3079 σοι,
2402 3018 2518 3081 πῶς
2551 3020 2643 3072 καὶ
2671 3019 2851 3072 κοινὸν
2881 3019 2994 3089 Υἰῷ
3038 3024 3136 3075 καὶ
3181 3021 3458 3093 Πνεύματι
3505 3024 3727 3092 λέγεται

2149 3110 2262 3170 τοῖς
2295 3108 2415 3160 δυσὶ
2448 3108 2628 3178 μόνοις
2658 3108 2972 3179 προσώποις
3004 3106 3073 3165 τδ⁴
3093 3110 3168 3185 μὴ
3200 3114 3513 3184 ἀγεννήτως
3560 3110 3724 3178 εἶναι,

475 3206 608 3260 solis
636 3204 886 3274 personis
921 3216 1026 3257 non
1071 3202 1277 3271 absque
1331 3210 1452 3255 ortu
1498 3217 1653 3267 esse,
1693 3208 1743 3256 et
1774 3203 2050 3272 quomodo

2161 3200 2279 3259 πῶς
2310 3201 2407 3253 καὶ
2462 3201 2661 3272 ἰδιότης
2689 3202 2798 3255 τῶν
2828 3202 2924 3255 δύο
2967 3203 3175 3258 τούτων
3221 3205 3384 3274 μόνον
3419 3207 3729 3275 προσώπων

476 3296 778 3367 proprietas
813 3296 1003 3348 harum
1044 3293 1274 3346 duarum
1307 3306 1661 3362 personarum
1706 3292 2051 3347 solummodo

475 3388 709 3451 dicatur,
742 3401 807 3441 ex
837 3401 1001 3441 causa
1049 3383 1267 3439 easdem
1300 3398 1421 3439 esse
1446 3424 1459 3449 ,
1492 3382 1558 3438 ad
1599 3384 1919 3438 solvendum
1950 3384 2052 3439 du-

483 3480 658 3543 bium,
691 3478 835 3547 quod
871 3478 925 3531 in
957 3477 1069 3546 jam
1099 3476 1244 3530 dicto
1277 3487 1371 3529 tuo
1401 3475 1715 3546 sgllogismo
1750 3490 2051 3545 proposue—

477 3584 588 3634 ras,
623 3567 912 3634 Quomodo
939 3566 1043 3621 erit
1079 3580 1371 3620 commune
1410 3567 1748 3635 proprietas?
1777 3563 2055 3636 Nyssenus

477 3664 671 3714 iterum
703 3660 897 3723 aderit,
930 3668 984 3713 et
1018 3658 1239 3713 ltomilia
1293 3659 1346 3714 in
1376 3656 1686 3713 Orationem
1720 3656 2054 3712 Doniinicatn

481 3751 768 3805 manifeste
802 3751 854 3805 id
897 3759 1106 3804 astruet
1138 3767 1153 3805 :
1193 3767 1212 3801 ι
1241 3749 1374 3804 Cum
1408 3750 1552 3804 enim
1588 3749 1758 3804 Filius
1804 3765 1869 3804 ex
1898 3749 2056 3803 Patre

476 3845 668 3904 exivit,
700 3849 759 3895 ut
805 3840 1084 3910 Scriptura
1136 3841 1337 3903 tradit,
1385 3849 1438 3894 et
1474 3840 1714 3910 Spiritus
1759 3857 1822 3895 cx
1870 3840 1976 3895 Deo
2005 3852 2057 3894 ct

482 3936 637 3987 Patre
686 3932 952 4001 procedit.
1009 3930 1116 3984 Sed
1177 3934 1635 4002 quemadtnolum
1711 3933 1831 3986 sine
1889 3947 2055 3986 cau:a

478 4042 621 4089 esse,
654 4024 826 4078 solius
855 4022 1031 4077 Patris
1060 4037 1184 4076 cum
1228 4026 1322 4086 sit,
1363 4021 1503 4076 Filio
1551 4035 1603 4077 et
1648 4022 1875 4092 Spiritui
1924 4027 2054 4078 atla-

480 4117 618 4184 ptari
648 4114 862 4179 nequit;
889 4115 966 4168 sic
985 4123 1196 4178 contra,
1225 4127 1288 4167 ex
1314 4128 1477 4166 causa
1496 4127 1638 4179 esse,
1662 4113 1807 4184 quod
1832 4125 1913 4168 est
1933 4113 2055 4167 Filii

479 4217 536 4259 et
566 4205 801 4276 Spiritus
828 4205 1131 4275 proprium,
1163 4204 1230 4258 de
1260 4203 1420 4259 Patre
1447 4205 1785 4259 considerari
1818 4206 2054 4260 alienum

480 4309 563 4350 ist
602 4290 635 4350 a
660 4305 851 4351 natura
886 4312 902 4350 :
939 4312 1062 4349 cum
1098 4310 1227 4349 vero
1258 4310 1552 4351 commune
1573 4298 1643 4351 sit
1674 4296 1814 4351 Filio
1842 4307 1898 4351 et
1933 4298 2055 4366 Spi-

479 4392 609 4445 ritui
644 4406 748 4443 non
780 4404 903 4445 esse
926 4392 1133 4459 absque
1163 4397 1308 4455 ortu,
1341 4404 1531 4443 rursus
1563 4399 1646 4444 est
1680 4389 1859 4454 facile,
1899 4390 2057 4444 diﬂ‘e-

481 4485 736 4546 tentiam,
755 4497 875 4553 quae
893 4482 947 4536 in
969 4497 1156 4537 eorum
1177 4481 1602 4551 proprietatibus
1625 4490 1730 4547 est,
1759 4483 2050 4553 reperire.»
2087 4520 2130 4575 Β

481 4577 715 4630 Adrerte
754 4575 999 4628 animum
1051 4576 1120 4627 ad
1164 4575 1269 4627 hoc
1309 4574 1542 4643 theologi
1592 4572 1773 4627 Patris
1807 4575 2055 4627 testimo-

484 4670 657 4726 nium.
676 4667 1073 4733 consideraque
1123 4664 1401 4733 quomodo
1422 4663 1807 4734 proprietatem
1824 4666 2055 4719 duarum

486 4767 698 4812 tantum
734 4770 1088 4825 personarum
1122 4755 1357 4817 vocavit,
1390 4771 1453 4807 ex
1485 4770 1651 4809 causa
1687 4769 1783 4810 eas
1811 4770 1934 4810 esse
1962 4770 1978 4807 :
2005 4763 2055 4808 et

482 4848 760 4915 quomodo
830 4845 1283 4915 repraesentavit,
1333 4860 1625 4899 commune
1683 4861 1805 4899 esse
1866 4846 2056 4900 iisdem

484 4940 700 4993 duabus
760 4940 1030 5008 personis,
1095 4937 1305 5005 absque
1370 4948 1491 4989 ortu
1545 4953 1677 4990 non-
1709 4953 1830 4991 esse
1864 4953 1878 4989 :
1912 4940 2059 5015 quod

487 5033 629 5086 idem
666 5032 891 5085 omnino
918 5030 1100 5093 fuerit,
1127 5043 1198 5083 ex
1227 5043 1393 5083 causa
1416 5043 1507 5082 eas
1532 5043 1654 5083 esse
1684 5043 1700 5080 :
1727 5029 2059 5095 discitonne,

485 5138 593 5177 non
632 5132 776 5176 recte
807 5132 858 5176 te
908 5131 1164 5191 tanquam
1192 5121 1260 5175 de
1294 5119 1536 5174 absurdo
1578 5120 1878 5184 lnesitasse,
1925 5135 2063 5190 quo-

488 5199 800 5270 tnudo’crit
843 5229 1135 5269 commune
1185 5212 1532 5285 proprietas?
1573 5214 1693 5280 Qno
1742 5213 1923 5267 soluto
1992 5214 2058 5267 ad

489 5310 699 5385 reliqua
746 5307 1048 5378 syllogismi
1092 5306 1389 5361 refellenda
1436 5305 1869 5361 contradictione
1906 5307 2062 5374 {opus

488 5416 596 5454 non
620 5409 723 5455 est.
768 5401 997 5464 Quando
1036 5413 1166 5452 vero
1199 5413 1305 5453 una
1334 5397 1620 5453 divisionis
1654 5412 1782 5466 pars
1816 5400 1888 5450 ita
1928 5412 2063 5449 con-

489 5503 641 5561 cepta
669 5501 783 5559 est,
818 5493 863 5545 si
894 5508 1020 5545 vero
1059 5493 1388 5545 contrariam
1435 5490 1612 5544 Patris
1647 5488 2062 5559 productionem

491 5582 733 5653 Spiritus
770 5584 950 5648 liabet,
989 5584 1197 5638 scilicet
1238 5582 1448 5647 Filius,
1494 5591 1656 5638 erunt
1691 5583 1841 5648 litec,
1874 5593 1926 5637 et
1952 5583 2065 5637 haec

493 5676 752 5732 absurda.
781 5679 916 5731 Cum
947 5694 1106 5732 nemo
1128 5679 1455 5732 contrariam
1476 5678 1617 5732 hanc
1653 5678 2065 5747 productionem

422 5780 463 5811 ⁸
496 5780 738 5836 asserat,
783 5787 1186 5829 suocrv::canra
1242 5772 1463 5835 fuerint,
1510 5783 1850 5840 qutecunque
1900 5769 2069 5820 addu~

2153 3290 2375 3357 λέγεται
2422 3293 2485 3345 τδ
2540 3294 2601 3357 ἐξ
2640 3293 2820 3355 αἰτίας
2859 3289 2999 3348 εἰναι
3031 3296 3190 3361 αὐτὰ,
3223 3297 3304 3359 είς
3337 3297 3494 3350 λύσιν
3518 3299 3635 3366 τῆς,
3663 3300 3729 3368 ἢν

2153 3382 2211 3436 ὲν
2245 3384 2321 3452 τῷ
2353 3383 2568 3452 ῥηθέντι
2612 3385 2954 3456 συλλογισμῷ
2991 3388 3055 3440 σὺ
3100 3388 3436 3459 προέτεινας,
3472 3390 3728 3459 ἀπορίας,

2152 3474 2350 3544 λέγων,
2385 3478 2505 3537 Πῶς
2534 3476 2687 3530 ἔσται
2711 3478 2772 3531 τὸ
2808 3480 2985 3531 κοινὸν
3018 3479 3255 3549 ἱδιότης;
3299 3483 3327 3533 ὁ
3361 3480 3581 3550 Νύσσης
3631 3483 3732 3534 καὶ

2155 3568 2319 3620 πάλιν
2351 3569 2622 3639 παρέσται
2658 3568 2754 3623 καὶ
2777 3570 2835 3621 ὲν
2859 3572 2923 3639 τῇ
2950 3572 3029 3631 εἰς
3056 3570 3116 3622 τὸ
3152 3570 3331 3641 Πάτερ
3353 3572 3509 3642 ἡμῶν
3539 3572 3728 3643 ὁμιλίᾳ

2157 3660 2322 3713 αὐτοῦ
2354 3661 2624 3731 ἀριδήλως
2656 3661 2799 3715 οὕτω
2832 3663 3057 3731 φήσειεν
3085 3661 3150 3716 ἄν
3180 3679 3195 3695 ο
3238 3680 3258 3714 ι
3295 3663 3423 3717 Ὅτε
3452 3665 3563 3735 γὰρ
3597 3664 3728 3728 rte;

2157 3753 2222 3804 ἐκ
2250 3752 2341 3804 τοῦ
2379 3754 2593 3822 Πατρδς
2624 3754 2837 3823 ἐξῆλθε,
2874 3753 3058 3816 καθώς
3087 3750 3253 3825 φησιν
3303 3757 3336 3825 ἠ
3390 3756 3605 3827 Γραφὴ,
3637 3758 3735 3810 καὶ

2156 3845 2218 3896 τὸ
2250 3845 2470 3913 Πνεῦμα
2501 3847 2563 3897 ἐκ
2591 3845 2684 3898 τοῦ
2721 3843 2855 3898 Θεοῦ
2890 3845 2984 3899 καὶ
3013 3849 3165 3917 παρὰ
3195 3847 3406 3917 Πατρδς
3433 3847 3733 3919 ext-togatis-

2156 3953 2270 3990 ται.
2319 3936 2458 3990 Ἀλλ’
2504 3935 2694 4007 ὥσπερ
2732 3937 2791 3989 τὸ
2821 3938 2947 3990 ἄνευ
2993 3939 3172 4002 αἰτίας
3219 3934 3382 4003 εἰναι,
3440 3940 3605 4009 μόνου
3634 3937 3733 3992 τοῦ

2164 4028 2375 4098 Πατρος
2408 4028 2490 4091 ὃν,
2518 4027 2595 4098 τῷ
2631 4028 2744 4098 Υίῷ
2779 4031 2871 4081 καὶ
2908 4029 2984 4097 τῷ
3009 4030 3288 4099 Πνεύματι
3319 4030 3734 4101 ὲφαρμοσθῆναι

2157 4120 2218 4171 03
2280 4120 2505 4174 δύναται
2536 4136 2551 4153 ο
2588 4120 2731 4173 οὕτω
2768 4120 2829 4173 τὸ
2855 4120 3092 4189 ἔμπαλιν
3129 4123 3189 4174 τὸ
3238 4122 3297 4187 ἐξ
3348 4123 3525 4185 αἰτίας
3569 4119 3731 4186 εἶναι,

2158 4212 2294 4282 ὅπερ
2342 4211 2472 4265 ἰὸεόν
2514 4214 2631 4267 ἐστι
2684 4213 2776 4285 τοῦ
2817 4213 2947 4266 Υἱοῦ
2985 4215 3078 4268 καὶ
3126 4215 3219 4268 τοῦ
3269 4215 3604 4286 Πνεύματος,
3652 4216 3734 4286 τῷ

2162 4305 2338 4373 Πατρί
2392 4303 2837 4374 ὲπιθεωρηθῆναι
2895 4305 3058 4374 φύσιν
3109 4306 3209 4359 οὐκ
3262 4307 3395 4378 ἔχει.
3444 4306 3641 4360 Κοινοῦ
3676 4309 3735 4360 δὲ

2158 4394 2310 4457 ὄντος
2339 4393 2417 4464 τῷ
2454 4393 2567 4464 Υίῷ
2596 4394 2691 4447 καὶ
2718 4394 2795 4464 τῷ
2836 4396 3115 4466 Πνεύματι
3172 4395 3268 4449 τοῦ
3317 4396 3394 4468 μὴ
3424 4396 3739 4465 ἀγεννήτως

2160 4479 2323 4547 εἶναι,
2373 4485 2534 4537 πάλιν
2590 4485 2739 4537 ἐστὶν
2775 4484 3010 4554 ἄμικτον
3059 4486 3157 4558 τὴν
3187 4488 3245 4540 ἐν
3290 4489 3400 4550 τοῖς
3441 4488 3738 4557 ἰδιώμασ.ν

2159 4576 2340 4629 αὐτῶν
2370 4577 2637 4646 διαφορὰν
2694 4579 2957 4647 ἐξευρεῖν.
2993 4597 3012 4631 ι
3050 4579 3331 4649 Πρόσσχες
3367 4582 3434 4651 τῇ
3483 4580 3579 4632 τοῦ
3615 4581 3738 4632 θεο-

2156 4667 2316 4736 λόγου
2353 4671 2543 4721 τούτου
2567 4669 2777 4738 Πατρδς
2806 4673 3106 4740 μαρτυρίᾳ,
3142 4673 3235 4723 καὶ
3263 4670 3580 4741 ἐπίστησον,
3619 4673 3737 4735 πῶς

2157 4776 2216 4811 τε
2255 4760 2493 4829 ἰδιότητα
2521 4759 2627 4813 τῶν
2658 4759 2750 4811 δύο
2776 4761 2954 4828 μόνων
2986 4763 3293 4829 προσώπων
3324 4762 3551 4815 ἐκάλεσε
3584 4762 3647 4814 τὸ
3678 4762 3742 4826 ἐξ

2160 4850 2341 4909 αἰτίας
2365 4846 2503 4902 εἶναι
2536 4851 2699 4915 αὐτὰ,
2724 4853 2816 4903 καὶ
2850 4851 2964 4912 πῶς
2998 4852 3340 4922 παρέστησεν
3388 4848 3529 4905 εἶναι
3560 4855 3740 4906 κοινὸν

2159 4943 2272 5002 τοῖς
2306 4941 2486 5003 αὐτοῖς
2517 4939 2659 4993 δυσί
2682 4942 2993 5010 προσώποις
3026 4942 3088 4993 τὸ
3131 4942 3207 5010 μὴ
3239 4943 3547 5013 ἀγεννήτως
3595 4939 3742 4996 εἶναι

2161 5034 2305 5087 αὑτά
2341 5050 2356 5065 ο
2391 5034 2529 5104 ὅπερ
2562 5033 2760 5086 ταυτὸν
2793 5032 3018 5087 δύναται
3066 5040 3306 5099 πάντως,
3351 5036 3414 5087 τὸ
3456 5038 3515 5099 ἐξ
3554 5038 3740 5097 αἰτίας

2162 5121 2299 5177 εἶναι
2331 5122 2493 5177 αὐτά.
2525 5124 2631 5176 Καὶ
2663 5122 2831 5191 γνῶθι
2866 5122 2942 5186 ὡς
2976 5125 3037 5176 οὐ
3066 5123 3244 5186 καλῶς
3280 5124 3470 5194 ὥσπερ
3515 5142 3569 5177 τι
3610 5125 3742 5177 ἄτο-

2162 5229 2264 5265 πον
2287 5212 2573 5283 διηπόρεις
2606 5210 2803 5279 λέγων,
2840 5213 2962 5275 Πῶς
3000 5213 3152 5266 ἔσται
3180 5213 3240 5265 τὸ
3273 5218 3450 5265 κοινὸν
3487 5213 3688 5283 ἰδιότης
3720 5231 3735 5280 ;

2164 5305 2369 5357 Τούτου
2403 5303 2459 5356 δὲ
2493 5288 2759 5368 λυθέντος
2792 5304 2928 5373 πρὸς
2961 5306 3022 5356 τὸ
3062 5304 3190 5372 ἑξῆς
3234 5306 3327 5359 τοῦ
3369 5306 3739 5376 συλλογισμοῦ

2170 5395 2336 5465 μέρος
2380 5396 2635 5465 οὐδεμιᾶς
2670 5396 2861 5449 λοιπὸν
2917 5397 3288 5468 ἀντιρρήσεως
3338 5400 3515 5470 χρεία.
3594 5400 3745 5452 Ἐπεὶ

2166 5488 2276 5557 γὰρ
2305 5487 2363 5539 τὸ
2404 5485 2462 5539 ἓν
2492 5487 2590 5556 τῆς
2617 5486 2935 5556 διαιρέσεως
2976 5490 3168 5551 σκέλος
3196 5489 3337 5543 οὕτω
3370 5491 3619 5558 φαίνεται
3653 5489 3747 5544 λέ-

2168 5597 2286 5647 γν.
2332 5578 2393 5631 Εἰ
2435 5577 2491 5629 δὲ
2523 5578 2622 5646 τὴν
2667 5577 2915 5629 ἐναντίαν
2959 5577 3038 5647 τῷ
3086 5579 3260 5648 Πατρὶ
3305 5576 3608 5649 προϐολὴν,
3647 5577 3747 5630 τοῦ

2174 5670 2487 5737 ιινεύματος
2516 5665 2738 5735 δηλαδὴ,
2772 5666 2885 5736 ἔχει
2918 5670 2946 5719 ὀ
2974 5667 3122 5733 Υίὺς,
3160 5667 3312 5720 ἔσται
3341 5666 3467 5719 τάδε
3494 5667 3590 5719 καὶ
3619 5667 3747 5720 τάδι

2168 5766 2238 5814 τὰ
2292 5763 2489 5825 ἄτοπα,
2528 5759 2756 5829 μηδενὸς
2812 5761 2960 5822 ὄντος
2991 5760 3085 5813 τοῦ
3113 5759 3212 5827 τὴν
3246 5759 3494 5812 ἐναντίαν
3540 5757 3751 5826 ταύτην
