4070 6602
428 335 524 398 ῒθἹ

1444 325 1656 393 JOAN.
1701 326 1916 394 VIICCI
1956 326 2062 390 (ΖΡ.
2105 327 2618 393 ΡΑΤΒΙΑΒΟΗΞΕ

3573 324 3672 400 108

422 454 560 512 bona
594 450 894 514 duntaxat,
934 461 1054 516 qua}
1097 443 1420 505 naturaliter
1473 444 1583 500 illis
1635 445 1844 505 insunt,
1893 457 1992 497 nec

2105 443 2192 497 καὶ
2233 443 2333 498 οὐκ
2365 442 2589 510 ἔξωθεν,
2643 443 2764 498 οὐδὲ
2819 443 3116 517 ιπίκτητα,
3164 445 3239 510 ὡς
3269 444 3332 501 rb
3357 444 3587 508 δίκαιον.
3611 449 3673 502 rb

421 539 640 595 aliunde
689 537 986 593 adveniunt
1035 534 1324 606 acquisita,
1358 542 1417 589 ut
1465 533 1709 602 iustitia,
1755 533 1993 595 bonitas,

423 623 717 698 sapientia.
770 633 823 680 et
855 624 1051 678 similia
1089 640 1103 678 :
1142 631 1445 694 agnoscunt
1478 622 1645 677 etiam
1695 621 1822 686 alia,
1877 635 1998 690 qua:

423 719 748 777 naturaliter
819 717 1005 772 insunt
1085 714 1226 768 i‘atri
1281 723 1335 768 et
1400 710 1539 766 Filio
1577 754 1594 780 ,
1647 720 1702 768 et
1749 726 1857 766 non
1911 713 1998 768 in-

423 825 550 868 sunt
580 808 831 879 Spiritui,
884 822 989 860 non
1027 805 1170 874 quod
1219 801 1454 872 Spiritus
1500 818 1608 858 non
1641 793 1994 872 sit‘ejusdem

423 913 632 958 natura:
667 911 828 968 atque
859 898 1016 954 Pater
1045 907 1097 951 et
1126 895 1318 959 Filius,
1354 895 1457 950 hoc
1492 895 1638 950 enim
1664 895 1822 965 longe
1843 895 1998 950 abest

383 1033 386 1037 .
425 996 492 1050 ab
519 995 664 1048 omni
708 993 791 1061 pia
820 989 1169 1059 cogitatione,
1202 989 1296 1043 sed
1321 989 1466 1059 quod
1508 987 1784 1043 naturales
1820 987 1998 1042 Patris

378 1066 387 1118 ἶ
426 1095 484 1139 ιιι
515 1085 734 1147 Patris,
784 1091 839 1136 et
871 1081 988 1135 Filii
1037 1091 1092 1134 ut
1119 1079 1241 1134 Fil.i
1278 1079 1675 1150 proprietates,
1727 1095 1836 1134 non
1885 1079 1998 1134 sint

379 1174 742 1233 "Communes
773 1175 1022 1246 Spiritui.
1053 1171 1206 1228 Licet
1244 1172 1389 1228 enim
1420 1171 1668 1241 ejusdem
1697 1181 1906 1226 natura:
1927 1169 1998 1226 sit

381 1271 660 1340 P'Spiritus
696 1283 922 1324 sanctus
974 1283 1038 1321 ac
1076 1267 1233 1320 Pater
1265 1273 1319 1320 et
1351 1264 1523 1319 Filius
1547 1304 1562 1330 ,
1597 1272 1840 1318 attamen
1867 1271 1995 1316 tan-

385 1361 584 1432 ”quam
624 1359 861 1430 Spiritus
913 1359 967 1412 iu
1008 1356 1205 1412 Triade
1239 1355 1504 1425 accipitur
1530 1392 1545 1418 ,
1577 1363 1632 1408 et
1683 1353 1995 1407 universam

415 1454 801 1510 communium
855 1450 1185 1505 naturalium
1237 1448 1509 1502 bonorum
1559 1444 1996 1500 communionem

425 1546 642 1602 habebit
687 1553 748 1600 ut
783 1544 1057 1613 Spiritus;
1092 1541 1187 1598 sed
1218 1539 1546 1594 naturalium
1595 1537 1994 1609 proprietatum

423 1637 603 1691 Patris
637 1648 688 1690 et
715 1634 860 1698 Filii,
893 1642 950 1687 ut
983 1631 1161 1687 Patris
1190 1638 1328 1684 etut
1368 1627 1515 1694 Fil.i,
1551 1627 1994 1683 communionem

426 1744 532 1782 non
567 1725 803 1781 habebit.
835 1722 1082 1789 Quanam
1106 1721 1254 1775 enim
1291 1720 1506 1773 ratione
1558 1717 1835 1772 naturales
1867 1730 1997 1786 pro-

425 1823 684 1891 prietates
707 1817 821 1870 haec
835 1813 1098 1885 appellata
1123 1810 1376 1874 fuissent,
1401 1812 1446 1865 si
1477 1808 1788 1863 cornmunia
1809 1816 1997 1863 essent

425 1925 479 1967 ct
511 1907 777 1981 Spiritui?
811 1905 1086 1962 Naturalia
1118 1903 1389 1973 siquidem
1448 1901 1582 1965 haec,
1621 1901 1763 1971 quod
1797 1908 1998 1954 natura

427 2007 617 2060 insunt
663 2003 810 2058 Patri
844 2010 898 2058 et
940 1997 1085 2052 Filio
1122 2014 1138 2054 :
1172 1997 1532 2068 proprietates
1577 2009 1708 2051 vero
1735 1993 1915 2048 Patris
1943 2000 1998 2048 et

426 2098 586 2158 Filii.
631 2095 772 2167 quod
817 2110 924 2149 non
977 2092 1147 2145 insint
1191 2088 1437 2160 Spiritui.
1482 2085 1673 2158 Itaque
1731 2084 1997 2155 Spiritum

429 2205 536 2244 uua
567 2189 728 2243 simul
788 2184 975 2240 haberi
1011 2179 1240 2237 avPatre
1291 2189 1344 2234 et
1399 2177 1578 2242 Filio,
1638 2175 1885 2232 naturale
1919 2181 2002 2228 est

428 2283 630 2336 bonum
669 2277 840 2333 Patris
871 2273 1089 2338 ctFiIii,
1127 2271 1224 2329 sed
1262 2280 1321 2326 ut
1343 2270 1646 2342 proprietas
1679 2267 1996 2323 eorumdem

430 2371 712 2428 naturalis.
744 2366 864 2424 Non
915 2367 1203 2436 ideo-ergo
1235 2364 1366 2433 quia
1409 2360 1785 2417 communicat
1828 2357 2000 2415 Fdius

424 2465 761 2528 cum"Patre,
787 2459 930 2532 quod
969 2475 1037 2514 ex
1085 2457 1332 2527 utrisque
1363 2455 1600 2526 Spiritus
1629 2453 1723 2520 sit,
1755 2467 2006 2507 commu-

431 2557 638 2614 nicabit
673 2569 796 2610 cum
829 2552 1033 2608 eisdem
1065 2558 1118 2604 et
1141 2549 1406 2620 Spiritus,
1434 2556 1495 2601 ut
1516 2554 1570 2602 et
1604 2546 1719 2616 ipse
1745 2546 1816 2602 sit
1841 2561 1905 2600 ex
1937 2560 2000 2600 se

428 2652 568 2722 ipso.
609 2648 720 2704 llac
770 2645 1124 2702 distinctione
1155 2642 1501 2698 considerata
1557 2654 1657 2711 pro
1689 2639 1848 2694 dictae
1873 2653 1999 2709 pro-

421 2733 717 2816 pesitionis
764 2739 1034 2804 examine,
1083 2750 1191 2806 qua
1248 2734 1548 2800 asseritur,
1588 2750 1607 2784 ι
1647 2731 2000 2802 Qumcunquc

427 2845 554 2892 sunt
589 2833 763 2889 Patris
795 2830 1108 2888 communia
1137 2827 1442 2893 CUlll'FiiiO,
1478 2827 1817 2882 eruntetiam
1855 2839 2004 2880 com-

431 2928 614 2983 munia
655 2940 778 2980 cum
827 2922 1032 2994 Spiritu
1073 2931 1345 2984 sanetum
1400 2917 1635 2987 indeque
1687 2915 2001 2986 reprobate,

433 3037 543 3076 non
574 3021 708 3073 bene
733 3014 936 3072 sentire
967 3028 1081 3078 eos,
1115 3012 1208 3082 qui
1247 3010 1540 3079 upinantur
1567 3008 2005 3078 Spiritum-pro-

2097 535 2326 604 ἀγαθὸν,
2356 536 2416 590 rb
2446 537 2632 606 σοφὸν,
2665 537 2762 591 καὶ
2781 537 2850 592 τὰ
2875 537 3133 593 τοιαῦτα·
3161 538 3336 593 οἴδασι
3355 539 3411 594 δὲ
3432 541 3524 594 καί
3551 557 3674 594 τινα

2098 627 2344 697 φυσικῶς
2403 629 2502 699 μὲν
2525 629 2796 699 προσόντα
2861 630 3040 700 Πατρί
3071 631 3166 684 καὶ
3202 631 3338 700 Υἰῷ,
3379 633 3454 703 μή
3507 649 3676 703 προσ-

2098 720 2227 774 όντα
2251 719 2307 772 δὲ
2358 719 2436 789 τῷ
2462 719 2764 790 Πνεύματι,
2795 723 2857 776 ού
2887 723 2977 776 διὰ
3005 721 3068 776 rb
3127 723 3202 794 μὴ
3228 723 3327 794 τῆς
3360 724 3536 792 αὐτῆς
3566 723 3678 776 Πα-

2097 810 2189 883 τρὶ
2217 811 2313 864 καὶ
2355 810 2470 882 Υίῷ
2529 812 2746 881 φύσεως
2779 808 2922 868 εἰναι
2947 813 3006 868 rb
3051 813 3278 884 Πνεῦμα
3319 813 3535 886 (πόρἷ
3565 813 3674 884 γάρ

2097 902 2257 955 τοῦτο
2289 902 2471 973 πάσης
2522 904 2780 966 εὐσεϐοῦς
2831 904 3119 975 διανοίας),
3187 905 3322 958 ἀλλὰ
3353 905 3440 958 διὰ
3481 905 3542 958 rb
3597 905 3674 974 μὴ

2099 987 2236 1046 εἰναι
2288 992 2358 1045 τὰ
2402 993 2611 1061 φυσικὰ
2641 992 2736 1047 τοῦ
2765 993 2979 1062 [ἰατρὸς
3011 994 3149 1048 καθὸ
3186 994 3426 1065 Πατρὸς,
3461 992 3674 1046 καὶτοῦ

2099 1084 2234 1138 Υἰοῦ
2295 1083 2434 1138 καθὸ
2465 1084 2598 1138 Υἰοῦ
2633 1083 2900 1154 ἰδιώματα
2929 1086 3088 1140 κοινὰ
3121 1087 3220 1139 καί
3243 1085 3322 1155 τῷ
3367 1084 3673 1153 Πνεύματι.

2099 1177 2162 1231 Εἰ
2196 1177 2306 1248 γὰρ
2348 1179 2444 1230 καί⁸
2479 1179 2579 1248 τῆς
2617 1178 2794 1248 αὐτῆς
2825 1180 2944 1231 ὲστι
2969 1179 3144 1248 Πατρί
3172 1181 3265 1231 κα)⁸
3297 1178 3412 1248 Υίῷ
3456 1175 3676 1255 φύσεως

2097 1263 2161 1316 rb
2196 1262 2423 1334 Πνεῦμα
2451 1265 2512 1318 rb
2550 1265 2730 1333 ἅγιον,
2763 1265 2881 1318 ἀλλ’
2927 1266 3001 1330 ὡς
3033 1267 3256 1337 Πνεῦμα
3287 1268 3346 1320 ὲν
3379 1265 3677 1337 τῇ.Τριάδι

2100 1353 2616 1428 παραλαμβάνεται,
2651 1358 2745 1410 καὶ
2797 1360 2980 1412 πᾶσαν
3043 1359 3143 1428 μὲν
3197 1359 3296 1430 τήν
3335 1359 3444 1412 τῶν
3479 1359 3676 1411 κοινῶν

2101 1447 2345 1515 φυσικῶν
2399 1447 2620 1517 ἀγαθῶν
2642 1449 2928 1504 κοινωνίαν
2981 1450 3090 1514 ἔξει
3120 1450 3195 1514 ὡς
3228 1451 3470 1521 Πνεῦμα,
3497 1450 3597 1520 τήν
3621 1449 3678 1502 δὲ
3705 1514 3722 1520 -
3744 1443 3756 1446 ’

2098 1538 2208 1592 τῶν
2234 1539 2480 1608 φυσικῶν
2537 1541 2846 1610 ἰδιωμάτων
2896 1541 3112 1612 Πατρδς
3180 1543 3274 1595 καὶ
3331 1541 3486 1606 Tibi,
3540 1540 3679 1593 καθὸ

2097 1628 2335 1696 Πατρὸς,
2395 1628 2490 1682 καὶ
2556 1629 2693 1683 καθὸ
2739 1628 2872 1683 Υἰοῦ
2939 1630 3232 1684 κοινωνίαν
3260 1630 3359 1700 οὐχ
3387 1629 3520 1693 ἔξει.
3552 1627 3678 1690 Πῶς

2098 1721 2212 1792 γάρ
2239 1721 2305 1775 ἂν
2347 1721 2557 1790 φυσικά
2611 1721 2878 1793 ἰδιώματα
2931 1723 3131 1795 ἐρρέθη
3182 1723 3392 1792 Πατρὸς
3423 1725 3517 1775 καί
3545 1719 3677 1774 Υἰοῦ

2101 1813 2296 1881 ταῦτα,
2318 1814 2480 1882 εἴπερ
2505 1810 2645 1885 ἦσαν
2679 1815 2834 1882 κοινά
2882 1816 2976 1868 καὶ
3001 1814 3080 1886 τῷ
3112 1813 3390 1883 Πνεύματι
3419 1829 3435 1878 ;
3465 1811 3677 1865 Φυσικὰ

2103 1906 2201 1978 μὲν
2227 1906 2337 1977 γάρ
2365 1907 2561 1970 ταῦτα,
2593 1907 2676 1960 ὅτι
2699 1905 2860 1976 φύσει
2908 1907 3162 1978 πρόσεισι
3206 1906 3384 1976 Πατρὶ
3411 1909 3506 1959 καὶ
3538 1905 3678 1975 Υἱῷ,

2103 1997 2370 2066 ἰδιώματα
2413 1996 2469 2050 δὲ
2496 1997 2710 2070 Har-pb;
2733 1998 2826 2052 καὶ
2861 1997 3016 2063 Υἱοῦ,
3050 1997 3132 2049 ὅτι
3179 1997 3255 2066 μὴ
3306 1995 3558 2065 πρόσεισι
3584 1995 3680 2047 καί

2099 2089 2178 2159 τῷ
2214 2089 2516 2159 Πνεύματι.
2545 2087 2789 2158 Τδγοῦν
2838 2087 3034 2152 κοινῶς
3059 2088 3204 2159 ἔχειν
3237 2088 3296 2141 τὸ
3333 2087 3557 2156 Πνεῦμα
3583 2086 3680 2139 τὸν

2102 2183 2326 2252 Πατέρα
2374 2182 2468 2234 καὶ
2502 2181 2590 2234 τὸν
2620 2181 2750 2234 Υἰὸν
2800 2181 3036 2249 φυσικὸν
3067 2180 3168 2249 μὲν
3198 2179 3408 2249 ἀγαθόν
3438 2181 3555 2232 ἐστι
3580 2176 3678 2231 τοῦ

2105 2272 2324 2341 Πατρδς
2392 2271 2487 2324 καὶ
2547 2270 2643 2324 τοῦ
2704 2271 2860 2337 Υἰοῦ,
2922 2269 3039 2326 ἀλλ’
3103 2271 3181 2334 ὡς
3247 2270 3443 2342 ἰδίωμα
3495 2270 3679 2323 αὐτῶν

2103 2365 2354 2436 φυσικόν.
2405 2364 2480 2417 Οὐ
2513 2363 2650 2418 διότι
2676 2363 2808 2434 γοῦν
2859 2365 3163 2418 κοινωνεῖὸ
3194 2363 3325 2427 Tib;
3374 2363 3452 2434 τῷ
3505 2363 3682 2435 Harp!

2103 2458 2247 2513 κατὰ
2275 2458 2334 2511 rb
2362 2457 2632 2528 ὑπάρχειν
2658 2456 2718 2522 ἐξ
2752 2459 2958 2528 ἀμφοῖν
2985 2458 3045 2511 rb
3069 2455 3316 2526 Πνεῦμα.
3351 2458 3682 2526 κοινωνήσει

2103 2550 2290 2613 αὐτοῖς
2316 2549 2412 2601 καὶ
2461 2550 2521 2601 rb
2577 2547 2804 2618 Πνεῦμα
2846 2548 2992 2603 κατά
3019 2547 3082 2602 rb
3131 2549 3402 2618 ὑπάρχειν
3426 2549 3520 2600 καί
3549 2547 3683 2601 αὐτὸ

2103 2643 2163 2708 ἐξ
2217 2641 2434 2698 ἑαυτοῦ.
2462 2641 2735 2712 Τοιαύτης
2764 2642 2904 2711 γοῦν
2927 2642 3371 2712 ὲνθεωρουμένης
3395 2641 3684 2710 διαστολῆς

2103 2738 2169 2806 τῇ
2196 2734 2430 2808 λεγούσῃ
2463 2735 2746 2806 προτάσει,
2785 2754 2803 2787 ι
2834 2734 3018 2789 Πάντα
3045 2735 3142 2788 ὅσα
3165 2734 3261 2788 τοῦ
3285 2735 3497 2804 Πατρδς
3525 2734 3684 2786 κοινά

2104 2829 2242 2899 πρὸς
2276 2827 2367 2880 rbv
2400 2827 2548 2887 Υίὸν,
2569 2825 2747 2880 ταῦτα
2780 2827 2874 2881 καὶ
2893 2826 3102 2898 πρὸςτδ
3127 2826 3352 2894 Πνεῦμα
3382 2826 3441 2879 rb
3466 2826 3677 2892 ἅγιονοι

2106 2917 2408 2974 κάντεῦθεν
2434 2919 2803 2988 ἐληλεγμένου
2861 2919 2938 2990 μή
2971 2919 3150 2982 καλῶς
3182 2919 3326 2987 ἔχειν
3351 2917 3444 2971 τοῦ
3474 2916 3682 2971 οἴεσθαι

2106 3014 2385 3066 κοινωνεῖν
2423 3013 2484 3066 rb
2519 3011 2747 3083 Πνεῦμα
2772 3012 2870 3084 τῆς
2919 3013 3054 3077 ἱδίας
3083 3013 3368 3083 ὑπάρξεως
3398 3013 3476 3081 τῷ
3505 3011 3682 3081 [lar-pl.

429 3113 563 3184 priae
593 3107 925 3165 exsistentire
987 3101 1304 3160 cum'Patre
1361 3111 1415 3156 et
1470 3100 1608 3155 Filio
1655 3113 2001 3154 communem

2107 3105 2202 3159 καὶ
2224 3103 2360 3174 Υἰῷ,
2418 3103 2515 3157 ἐὰν
2536 3106 2564 3158 ὁ
2595 3104 2721 3168 Υἱὸς
2746 3107 2996 3158 κοινωνεῖ
3023 3104 3100 3177 τῷ
3141 3105 3317 3177 Πατρὶ
3360 3106 3503 3158 κατὰ
3533 3106 3595 3156 τὸ
3619 3102 3682 3169 ἐξ

431 3217 658 3259 causam
688 3215 844 3264 esse,
893 3196 1139 3252 si'Filius
1173 3206 1462 3249 commune
1511 3191 1642 3262 quid
1680 3191 1842 3245 habet
1878 3205 2004 3244 cum

431 3293 592 3350 Patre
624 3293 678 3348 in
714 3289 983 3361 eo.,‘quod
1008 3302 1074 3342 ex
1109 3287 1358 3356 utrisque
1387 3295 1469 3339 est
1487 3282 1724 3354 Spiritus
1758 3292 2004 3346 sanctus,

431 3400 538 3456 qua
571 3393 649 3437 ‘tu
713 3381 924 3435 ratione
955 3387 1009 3434 et
1051 3376 1216 3432 simili
1261 3375 1648 3430 communione
1674 3388 1830 3443 atque
1852 3386 1928 3428 ac
1948 3371 2005 3428 si

431 3477 746 3532 necessario
813 3468 1176 3529 concluderes
1197 3467 1424 3539 'aliquid
1452 3481 1667 3521 rverum
1695 3504 1710 3530 ,
1756 3465 2005 3520 insinuas

434 3588 498 3627 nc
530 3569 780 3626 decernis
827 3566 1108 3638 gentilium
1139 3563 1357 3630 fabulis,
1391 3561 1536 3632 quod
1571 3575 1601 3615 a
1627 3560 1835 3615 Latinis
1857 3574 2008 3613 assc-

434 3674 653 3718 teratur
687 3671 745 3715 ut
771 3661 966 3730 dogma
988 3699 1004 3726 ,
1038 3655 1444 3712 monstruosius
1472 3653 1632 3710 esse?
1662 3652 1720 3707 lu
1753 3651 2008 3723 syllogis-

435 3756 540 3811 mis
570 3769 698 3825 crgo
738 3751 919 3806 Pliotii
962 3749 1380 3806 continebantur
1426 3749 1548 3824 haec
1572 3754 1628 3802 et
1671 3746 1906 3808 similia,
1955 3752 2010 3798 et

434 3848 549 3920 jam
591 3861 622 3900 a
665 3845 822 3899 nobis
877 3845 1039 3897 allata
1087 3835 1221 3897 satis
1275 3849 1424 3904 sunt,
1479 3846 1539 3893 ut
1583 3838 1816 3908 opinor,
1847 3835 1913 3890 ad
1945 3849 2009 3889 ea

433 3936 751 3995 evertenda.
785 3935 970 3989 'Porro
1020 3933 1073 3987 in
1119 3946 1412 4003 progressu
1459 3929 1746 3993 orationis,
1800 3927 2007 3981 {utilem

435 4028 728 4082 instituens
763 4022 1189 4093 disputationem
1214 4058 1229 4082 ,
1265 4022 1379 4073 tunc
1431 4017 1692 4087 prxtendi
1735 4016 1805 4070 ab
1837 4015 2005 4074 Italis.

433 4122 530 4186 ait,
559 4118 956 4182 asserentibus,
986 4115 1052 4169 ab
1078 4112 1390 4176 Ambrosio,
1430 4111 1760 4179 Augustino,
1789 4120 1844 4162 et
1879 4108 2009 4164 Ilico

435 4227 666 4284 rouymo
699 4226 763 4264 ex
801 4207 937 4263 Filio
967 4207 1374 4278 processiouern
1405 4203 1678 4258 decretam
1727 4201 1918 4267 fuisse,
1957 4211 2008 4256 et

437 4313 498 4357 ut
530 4305 784 4356 ruborem
819 4297 956 4354 forte
985 4299 1228 4352 excutiat
1257 4295 1327 4349 ab
1355 4292 1523 4358 Italis,
1559 4309 1658 4363 pro
1694 4291 2008 4347 hisce-viris

2107 3199 2313 3267 ἀμφοῖν
2340 3197 2611 3268 ὑπάρχειν
2639 3198 2700 3250 rb
2736 3197 2962 3268 Πνεῦμα
2983 3212 2998 3228 °
3031 3197 3148 3260 πῶς
3179 3197 3244 3250 σὺ
3277 3199 3339 3250 ὲκ
3367 3200 3466 3267 τῆς
3496 3198 3686 3251 τοιαύ-

2068 3326 2070 3328 τ
2105 3304 2208 3358 της
2234 3288 2543 3354 κοινωνίας,
2573 3288 2648 3353 ὡς
2683 3291 2823 3359 τάχα
2858 3278 2981 3343 κατ⁶
3009 3290 3260 3362 ἀνάγκην
3290 3290 3686 3360 συμπεραίων

2106 3392 2160 3433 τι
2181 3379 2398 3446 ἀληθὲς,
2453 3382 2533 3446 εἰς
2563 3383 2623 3435 rb
2657 3382 2838 3450 λέγειν
2869 3383 3340 3455 τερατωδέστερον
3360 3386 3458 3454 τῆς
3495 3382 3688 3454 Ἐλλή-

2107 3487 2213 3527 νων
2245 3472 2575 3543 μυθολογίας
2627 3474 2930 3546 ἀποφαίνῃ,
2969 3475 3029 3528 rb
3081 3476 3234 3545 παρὰ
3274 3475 3382 3529 τῶν
3433 3475 3682 3529 Λατίνων

2107 3565 2611 3636 δογματιζόμενον;
2655 3565 2723 3618 Ἀ
2780 3567 2881 3636 μὲν
2933 3565 3027 3619 οῦν
3072 3568 3129 3620 ἐν
3186 3568 3299 3630 τοῖς
3337 3566 3433 3620 τοῦ
3473 3567 3682 3618 Φωτίου

2107 3656 2501 3729 Συλλογισμοίς
2558 3658 2693 3729 τόσα
2751 3673 2807 3710 τε
2861 3657 2958 3712 καὶ
2982 3657 3180 3722 τοιάδε,
3242 3657 3338 3712 καί
3367 3657 3685 3730 ἀρκούντως

2109 3747 2256 3818 ἔχειν
2312 3746 2468 3819 οἰμαι
2519 3748 2617 3804 καὶ
2649 3747 2718 3801 τὰ
2753 3747 2882 3818 παρ’
2933 3748 3092 3819 ἡμῶν
3150 3749 3390 3819 ρηθέντα
3436 3753 3521 3812 εἰς
3585 3748 3686 3820 τὴν

2109 3841 2337 3895 ἐκείνων
2383 3845 2700 3912 άνατροπήν
2724 3856 2740 3874 ο
2771 3840 2807 3895 ἃ.
2839 3841 2896 3894 δὲ
2927 3843 3023 3895 καὶ
3067 3843 3270 3912 ἑφεξῆς
3299 3843 3418 3912 ἐρεῖ
3449 3843 3683 3914 προῖὼν,

2109 3933 2350 4005 λογοειδῆ
2384 3933 2716 4004 ποιούμενος
2737 3934 2840 4006 τήν
2873 3934 3131 4000 διάλεξιν,
3178 3933 3355 3988 ταῦτα
3407 3933 3687 4005 προφασί-

2112 4026 2304 4090 ζεσθαι
2335 4025 2463 4089 τοὺς
2501 4024 2751 4088 Ἰταλούς
2792 4043 2949 4096 φησι,
2989 4026 3241 4094 λέγοντας
3269 4025 3421 4096 παρὰ
3456 4025 3692 4096 ’Δμδρο-

2054 4172 2056 4174 ,
2113 4118 2251 4184 σίου,
2286 4117 2655 4186 Δύγουστίνου
2711 4133 2770 4170 τε
2815 4120 2911 4171 καὶ
2963 4118 3296 4190 Ἱερωνύμου
3351 4119 3453 4190 τὴν
3500 4119 3564 4172 ὲκ
3583 4117 3686 4172 τοῦ

2113 4206 2245 4262 Υἰοῦ
2297 4209 2689 4281 θεολογηθῆναι
2724 4209 3059 4279 ὲκπόρευσιν
3135 4213 3230 4264 καὶ
3291 4211 3374 4272 εἰς
3414 4207 3688 4280 αἰσχύνην

2106 4301 2250 4372 ¹*τάχα
2273 4301 2383 4355 τῶν
2423 4301 2642 4356 Ἰταλῶν
2676 4301 3076 4373 συστήσασθαι,
3100 4302 3240 4373 ὑπὲρ
3269 4304 3377 4356 τῶν
3403 4305 3495 4356 ἐπὶ
3523 4303 3689 4372 σοφίᾳ

435 4395 701 4466 sapientia
770 4391 1097 4448 clarissimis
1170 4388 1581 4459 responsionem
1637 4399 1794 4441 suam
1856 4383 2003 4440 hisce

2116 4393 2460 4465 περικλύτων
2477 4393 2683 4448 τούτων
2712 4394 2924 4465 ἀνδρῶν
2985 4396 3284 4467 ἀπολογίαν
3338 4397 3690 4470 βουλόμενος,

441 4486 676 4553 derivat,
708 4499 901 4554 nempe
937 4496 954 4536 :

507 4579 596 4634 45.
633 4597 652 4631 ι
690 4577 838 4631 Licet
881 4576 933 4630 id
967 4573 1212 4630 dixerint
1255 4572 1367 4642 jam
1398 4570 1686 4627 memorati
1714 4608 1729 4635 ,
1752 4569 1892 4624 forte
1926 4584 2013 4625 se-

436 4672 676 4726 cundum
713 4666 1176 4737 dispensationem
1214 4665 1509 4728 dixerunt,
1542 4676 1650 4730 qua
1693 4670 1749 4715 et
1783 4673 2013 4729 magnus

441 4762 677 4816 Basilius
705 4773 808 4813 suo
841 4768 1084 4825 tempore
1115 4769 1249 4809 usus
1278 4762 1382 4817 est,
1419 4752 1501 4806 vel
1533 4753 1604 4805 ab
1635 4759 1890 4805 accurata
1924 4763 2009 4803 re-

441 4870 564 4910 rum
593 4852 784 4907 noritia
815 4851 893 4904 uti
930 4850 1178 4902 homines
1227 4847 1592 4908 exciderunt,
1643 4842 1788 4913 quod
1860 4841 2011 4895 multi

407 5002 410 5005 ,
442 4945 765 5011 ιιι-ωεισιιιεε
796 4936 898 4990 viri
928 4935 1171 5005 perpessi
1207 4943 1334 4988 sunt
1355 4973 1369 4997 ,
1413 4933 1578 4988 veluti
1611 4931 2017 4986 Alexandrinus

443 5033 756 5101 Dionysius,
787 5026 1097 5082 Metlrodius
1130 5026 1471 5090 i’atarensis,
1511 5034 1564 5078 ct
1593 5025 1734 5079 alius
1764 5033 1818 5078 et
1847 5024 2012 5086 alius.

443 5125 535 5195 qui
569 5121 871 5178 sanctitatis
920 5120 1023 5174 sibi
1085 5133 1285 5173 nomen
1341 5118 1725 5182 vendicaruut,
1779 5133 2012 5185 quorum

445 5216 707 5272 nonnulla
737 5214 879 5268 dicta
927 5211 1227 5267 Ecclesium
1266 5227 1373 5265 non
1408 5211 1678 5280 recepisse
1725 5231 1754 5262 ε»
1823 5209 2013 5275 refert,

450 5327 471 5362 ι
518 5311 644 5364 licet
704 5311 758 5364 in
831 5309 956 5362 aliis
1017 5309 1256 5362 maxima
1317 5307 1368 5360 in
1429 5306 1793 5361 admiratione
1849 5305 2018 5359 liabe-

443 5411 654 5459 rentur.
693 5420 714 5476 ρ

519 5497 584 5550 ist
607 5497 712 5550 hoc
756 5503 839 5550 est
887 5493 1064 5549 Pliotii
1097 5508 1195 5563 pro
1221 5493 1534 5556 Ambrosio,
1591 5492 1938 5560 August-ine,
1965 5500 2019 5545 et

449 5592 494 5647 ll
517 5606 779 5663 erouytno
807 5603 1156 5659 responsum,
1190 5589 1244 5640 in
1275 5587 1555 5640 infamiam
1587 5585 1729 5641 forte
1755 5586 2017 5640 Italorum

452 5690 558 5741 illis
605 5692 958 5754 cognatorum
996 5683 1412 5752 excogitatum;
1463 5694 1564 5732 nos
1592 5695 1719 5734 vero
1769 5681 1822 5733 in
1874 5679 2019 5738 inla-

449 5781 615 5839 tuiam
647 5782 824 5849 potius
851 5792 1040 5831 eorum
1078 5775 1412 5841 jttdicamus,
1470 5774 1563 5844 qui
1607 5775 1900 5840 ambabus,
1964 5783 2020 5827 ut

2032 4464 2091 4526 θ
2117 4464 2262 4540 οὕτω
2291 4487 2457 4559 φησίν
2488 4503 2504 4520 ο

2192 4583 2297 4649 με’.
2356 4597 2376 4630 ι
2414 4579 2501 4641 Ὠς
2531 4580 2580 4632 εἰ
2621 4584 2715 4633 καὶ
2765 4579 3023 4650 εἰρήκασι
3049 4578 3210 4633 τοῦτο
3237 4579 3288 4632 di
3311 4578 3676 4651 δηλωθέντες,

2119 4669 2255 4727 ἀλλὰ
2277 4670 2399 4748 κατ’
2428 4671 2744 4740 οἰκονομίαν
2809 4672 2940 4735 ἴσως
2997 4672 3305 4742 εἰρήκασιν,
3368 4668 3511 4745 ᾗτινι
3538 4675 3632 4726 καὶ
3663 4675 3692 4727 ὁ

2125 4763 2302 4832 μέγας
2329 4762 2611 4835 Βασίλειος
2660 4765 2718 4817 ὲν
2749 4765 2959 4834 καιροῖς
2996 4761 3150 4826 ἰδίοις
3196 4765 3469 4833 ἐχρήσατο
3490 4803 3505 4830 ,
3532 4763 3565 4832 ἢ
3595 4764 3693 4817 καὶ

2120 4859 2219 4924 τῆς
2243 4853 2531 4921 ἀκριϐείας
2553 4855 2630 4917 ῶς
2656 4853 2946 4924 ἄνθρωποι
2973 4851 3392 4925 παρεσύρησαν,
3441 4854 3469 4906 δ
3503 4853 3693 4907 πολλοὶ

2123 4946 2430 5000 πεπόνθασι
2474 4945 2583 4999 τῶν
2618 4945 2873 5016 μεγάλων
2901 4947 2964 5000 ἐν
2987 4963 3147 5010 τισιν,
3177 4947 3254 5009 ὡς
3289 4945 3696 5015 Ἀλεξανδρείας

2123 5039 2423 5105 Διονύσιος,
2483 5037 2580 5092 καὶ
2628 5038 2942 5100 Μεθόδιοςὺ
2984 5039 3278 5109 Πατάρων,
3357 5038 3451 5092 καί
3484 5039 3511 5091 ὁ
3543 5039 3695 5090 δεῖνα

2124 5131 2215 5182 καὶ
2241 5131 2268 5182 ὁ
2305 5128 2454 5182 δεῖνα
2486 5129 2594 5182 τῶν
2633 5129 2726 5182 ἐπὶ
2779 5129 3063 5200 ἁγιωσύνῃ
3125 5129 3567 5200 ὀνομασθέντων,
3619 5123 3698 5182 ὧν

2122 5237 2272 5282 τινας
2285 5220 2469 5290 ῥήσεις
2491 5220 2593 5272 οὐκ
2613 5220 3030 5290 άποδεχθῆναι,ι
3061 5221 3210 5289 λέγει
3235 5237 3254 5271 ι
3278 5223 3344 5292 τῇ
3371 5221 3695 5291 Ἐκκλησία,

2124 5312 2220 5364 καὶ
2248 5310 2420 5365 ταῦτα
2446 5312 2538 5363 ἐπὶ
2577 5311 2686 5374 τοίς
2732 5311 2912 5375 ἄλλοις
2945 5311 3162 5384 σφόδρα
3191 5309 3645 5378 θαυμαζομένων.
3674 5328 3695 5364 ι

2197 5497 2344 5568 Δῦτη
2368 5514 2464 5567 μεν
2510 5493 2604 5552 οὖν
2631 5500 2772 5570 ήτοῦ
2796 5498 2999 5552 Φωτίόυ
3039 5499 3184 5568 ὑπὲρ
3218 5499 3694 5571 Ἀμσροσίου,Αῦ·

2125 5593 2415 5661 γυυστξνου
2446 5608 2504 5644 τε
2540 5593 2635 5645 καὶ
2667 5592 2998 5662 Ἱερωνύμου
3031 5592 3298 5662 ἀπολογία
3323 5594 3402 5656 εἰς
3427 5575 3697 5663 αἰσχύνην

2126 5687 2266 5754 τάχα
2319 5684 2708 5753 συντεθειμένη
2745 5683 2858 5737 τῶν
2878 5683 3177 5753 κὁμογενῶν
3231 5684 3416 5749 αὐτοῖς
3452 5683 3700 5738 Ἰταλῶν.

2140 5777 2332 5847 Ἡμεῖς
2349 5777 2404 5831 δὲ
2425 5776 2690 5848 αἰσχύνην
2714 5777 2917 5848 μᾶλλον
2937 5779 3110 5834 ταῦτα
3132 5778 3705 5851 διαγινώσκομενλτῶν
