4070 6592
447 323 546 390 109

1543 269 1651 380 nrt
1686 311 1980 380 UNlONE
2018 309 2579 376 ECCLESIARUM.

3589 297 3689 363 110

442 441 475 494 ἀ
485 434 734 509 μφοτέρα
743 433 1032 500 ις’ἀπωθου
1041 432 1221 505 μένων
1238 433 1338 506 τὴν
1354 432 1450 503 τῆς
1467 430 1787 504 Ῥωμαῖκῆς
1801 430 2026 500 Ἐκκλη.

2139 426 2300 491 aiunt,
2329 424 2580 480 manibus
2639 437 2758 478 cum
2782 420 3026 476 Romana
3071 417 3309 475 Ecclesia
3344 431 3528 488 pacem
3563 417 3693 484 reji-

449 529 575 584 σίας
608 528 986 599 είρῆνην.Καὶ
1001 531 1193 580 σκόπει
1225 525 1358 597 πρὸς
1389 523 1489 594 τῆς
1539 523 1798 596 ἀληθείας
1846 523 2014 592 αὐτῆς

446 620 476 672 ό
513 619 859 690 βουλόμενος.
893 617 1028 672 Κατ’
1059 617 1373 686 οἰκονομίαν
1396 616 1523 688 φῂς,
1547 616 1741 679 Φώτιε,
1783 613 2018 684 ’Λμὸρό-

442 725 582 773 σιον,
638 711 1029 777 Δύγουστίνον,
1055 710 1155 762 καὶ
1190 706 1520 778 Ἱερώνυμον
1568 708 1631 760 ἐκ
1658 705 1873 776 Πατρδς
1923 704 2019 757 καὶ

442 799 575 853 Υίοῦ
631 800 692 853 τὸ
723 801 948 871 Πνεῦμα
972 801 1319 872 θεολοχῆσαι,
1357 793 1507 871 ᾖκαὶ
1541 799 1632 852 τὸν
1700 798 1874 869 μέγαν
1909 796 2017 853 Bat-

443 892 650 946 σίλειον
687 893 746 944 ὲν
777 895 995 963 καιροῖς
1037 892 1190 957 ἰδίοις
1243 891 1528 959 ὁμολογεῖς
1578 889 1911 964 χρήσασθαι.
1946 889 2018 945 Σὺ

443 984 579 1053 γοῦν
607 985 724 1050 πῶς
755 986 856 1039 οὐκ
881 985 1113 1056 ὴδέσθης
1135 986 1464 1058 ὑψηλότερον
1495 985 1528 1056 ῆ
1559 986 1700 1038 κατά
1722 971 1815 1037 τδν
1846 981 2022 1052 μέγαν

444 1077 734 1130 Βασίλειον
789 1077 968 1149 ἑαυτῷ
1014 1077 1114 1148 τὴν
1152 1077 1442 1148 ἀκρίϐειαν
1472 1076 1896 1147 φανταζόμενος,
1929 1072 2024 1126 καὶ

443 1173 560 1232 τοῖς
584 1167 1002 1240 ἀσθενεστέροις
1057 1169 1136 1240 μὴ
1193 1171 1760 1241 συμπεριαγόμενοςς
1811 1165 1936 1228 Πῶς
1965 1164 2022 1217 δὲ

449 1261 553 1314 οὐκ
587 1261 828 1330 ἐλογίσω
868 1262 994 1325 τοὺς
1045 1262 1103 1314 ὲν
1151 1264 1272 1326 ταῖς
1321 1261 1576 1332 ἀρχαίαις
1623 1260 1863 1323 ἐκείναις
1888 1255 2026 1329 ἡμέ-

449 1370 574 1422 ραις
603 1355 662 1406 tv
694 1354 770 1425 τῷ
797 1352 1146 1425 στερεώματι
1192 1355 1290 1425 τῆς
1355 1354 1478 1408 καθ’
1503 1355 1651 1424 ἡμᾶς
1691 1353 2022 1423 Ἐκκλησίας

446 1444 868 1514 διαλάμψαντας
912 1445 1164 1516 Πατέρας
1204 1445 1383 1516 ἡμῶν,
1425 1445 1590 1499 αὐτόν
1640 1444 1700 1497 τέ
1746 1461 1889 1514 φημι
1935 1443 2027 1497 τὸν

451 1535 634 1604 μέγαν
660 1537 968 1604 Βασίλειον,
991 1537 1082 1590 τὸν
1130 1535 1417 1602 ἐπώνυμον
1442 1537 1542 1605 τῆς
1572 1535 1850 1605 θεολογίας
1882 1535 2029 1607 Γρη-

447 1630 662 1701 γὸριον,
721 1631 812 1683 τὸν
868 1629 1090 1700 Νύσσης
1144 1628 1303 1693 αὖθις
1366 1629 1690 1700 Γρηγόριον,
1776 1629 2030 1700 Ἰωάννην

447 1721 547 1773 τὸν
582 1720 1047 1791 Χρυσορρήμονα,
1103 1719 1274 1774 ἔτιδὲ
1324 1723 1418 1774 καὶ
1471 1721 1597 1785 τοὺς
1655 1720 1774 1790 μετ’
1833 1721 2029 1784 αὐτοὺς

448 1786 841 1882 ἀναφανέντας
867 1786 1127 1876 τίπολλοὺς
1183 1815 1279 1866 καὶ
1335 1811 1628 1882 μεγάλους,
1657 1786 1736 1866 ὀἳ
1804 1813 2025 1878 πάντες,
2057 1786 2100 1843 Β

462 1904 796 1976 ’Ᾱμόροσὶου
823 1946 837 1970 ,
883 1903 1252 1972 Αύγουστίνου
1292 1921 1352 1958 τε
1392 1907 1488 1958 καὶ
1542 1905 1868 1976 Ἱερωνύμου
1915 1907 2028 1969 τοῖς

451 1997 896 2066 συγγράμμασιν
937 1998 1381 2070 ἐντυγχάνοντες,
1417 1997 1615 2062 αὐτούς
1654 2016 1714 2052 τε
1746 2001 1872 2062 τοὺς
1931 2000 2030 2071 τὴν

450 2091 522 2143 ὲκ
550 2089 642 2143 τοῦ
682 2088 813 2143 Υίοῠ
848 2090 1178 2161 ὲκπόρευσιν
1213 2092 1510 2163 εἰρηκότας
1553 2090 1648 2145 τοῦ
1689 2092 2028 2164 Πνεύματος,

449 2181 538 2251 τῷ
565 2183 674 2236 τῶν
704 2184 878 2253 ἁγίων
912 2183 1284 2255 συνηρίθμουν
1315 2183 1483 2256 χορῷ,
1516 2184 1611 2237 καὶ¹
1656 2183 1756 2255 τὴν
1792 2186 1862 2237 τὰ
1902 2199 2032 2252 συγ-

452 2275 770 2347 γράμματα
819 2277 1000 2331 αὐτῶν
1071 2253 1467 2349 donatori!qu
1532 2253 1864 2347 Ἐκκλησίαν
1929 2276 2034 2346 τῆς

462 2368 694 2440 Ῥώμης
747 2369 1074 2441 κοινωνικὴν
1104 2364 1276 2440 εἶχον,
1306 2371 1400 2424 καὶ
1447 2368 1524 2431 ὡς
1555 2369 1728 2441 μητρὶ
1761 2367 1873 2421 τῶν
1907 2367 2035 2422 Ἐκ-

454 2459 706 2530 κλησιῶν
739 2462 1030 2532 προσεῖχον
1063 2462 1202 2532 αὐτῇ
1240 2479 1254 2528 ;
1289 2461 1409 2515 Ὅτι
1441 2459 1496 2514 δὲ
1525 2461 1910 2530 παρασυρῆναι
1935 2459 2035 2530 τῆς

454 2550 749 2621 ἀκριϐείας
784 2551 984 2614 αὐτοὺς
1041 2551 1202 2621 ἔφης,
1234 2551 1310 2614 ὡς
1339 2551 1430 2604 τὸν
1455 2551 1603 2605 δεῖνα
1636 2550 1733 2605 καὶ
1755 2551 1905 2604 δεῖνα
1929 2550 2034 2604 τῶν

459 2643 600 2713 παρ’
640 2644 771 2713 ἡμῖν
805 2641 998 2712 ἁγίων,
1024 2643 1138 2696 ἀλλ’
1171 2642 1405 2697 ἐνταῦθα
1441 2643 1540 2697 ούκ
1577 2642 1861 2726 ἀληθεύων
1891 2641 2037 2698 οὕτω

460 2735 709 2806 φανήσῃ.
740 2728 839 2787 Ὧν
872 2736 980 2806 γὰρ
1009 2735 1182 2804 ἁγίων
1205 2736 1394 2807 ῥήσεις
1422 2735 1575 2799 τινάς
1607 2735 1706 2789 οὐκ
1736 2733 2038 2805 ἀποδεχθῆ-

458 2843 556 2881 ναι
611 2830 678 2900 τῆ
737 2828 1034 2900 Ἐκκλησία
1089 2829 1248 2898 ἔφης,
1313 2828 1756 2899 ὲπισημανθῆναι
1819 2830 2037 2893 πάντως

461 2919 638 2984 αὐτὰς
723 2921 782 2974 ἐν
864 2923 988 2984 ταῖς
1050 2922 1534 2992 ἐκκλησιαστικαῖς
1593 2904 1798 2992 βίὸἠις
1859 2920 1909 2974 οί
1969 2919 2040 2974 τὰ

433 3011 902 3081 ’ἐκκλησιαστικὰ
953 3012 1301 3084 ἱστοροῦντες
1351 3014 1520 3068 ἴσασι.
1574 3011 1927 3078 ,Κάντεῦθεν
1977 3011 2040 3066 τὸ

465 3103 860 3201 Ξταρασυρῆναι
901 3105 998 3176 τῆς
1028 3103 1318 3182 ἀκριϐείας
1356 3105 1602 3168 ἐκείνους
1638 3104 1832 3173 γέγονε
1857 3103 2036 3176 δῆλον.
2062 3136 2113 3201 C

463 3196 536 3249 Ei
560 3195 692 3265 γοῦν
717 3197 814 3250 καὶ
867 3199 992 3261 τοὺς
1013 3195 1285 3270 ῥηθέντας
1311 3196 1454 3250 Πατέ
1464 3214 1564 3266 ρας
1591 3195 1694 3266 τῆς
1727 3197 2042 3268 Ῥωμαῖκῆς

478 3289 812 3362 Ἐκκλησίας
845 3289 1232 3361 παρασυρῆναι
1257 3289 1357 3360 τῆς
1395 3289 1684 3358 ἀκριϐείας
1723 3290 1969 3360 διέγνων,
1993 3291 2048 3345 oi

463 3399 534 3436 τε
569 3383 719 3436 ἄλλοι
751 3383 852 3454 τῆς
895 3383 1211 3454 Ῥωμαῖκῆς
1263 3381 1589 3452 Ἐκκλησίας
1636 3383 1902 3454 Πατέρες,
1949 3384 2044 3449 οὓς

466 3475 702 3540 πολλοὺς
732 3479 825 3530 καὶ
874 3476 1147 3546 μεγάλους
1166 3477 1194 3530 ό
1222 3477 1342 3530 τότε
1369 3477 1561 3550 χρόνος
1588 3478 1880 3546 ἀνέδειξεν,
1910 3480 2042 3534 οἵτε

463 3571 574 3642 τῆς
624 3571 900 3642 ἡμετέρας
971 3569 1300 3640 Ἐκκλησίας
1347 3571 1658 3641 φωστῆρες,
1711 3571 1806 3636 οὓς
1859 3573 2044 3644 ἡτῶν

485 3662 830 3733 Ἐκκλησιῶν
880 3662 1003 3715 τότε
1047 3662 1325 3732 ἠσπάζετο
1383 3662 1602 3727 ἓνωσις,
1653 3663 1754 3718 οὐκ
1795 3663 1862 3718 ἄν
1911 3682 2044 3720 ποτε

468 3754 731 3826 παρεῖδον
767 3755 1202 3824 ἀνεπισήμαντον
1228 3754 1289 3804 τὺ
1309 3750 1452 3805 οὕτω
1478 3750 1697 3821 γεγονὸς
1731 3752 1861 3823 ἡμῖν
1891 3751 2046 3806 ὕστεα

471 3860 574 3916 ρον
641 3840 997 3914 ἀξιοςήτητον
1076 3839 1324 3912 σφάλμα.
1410 3841 1522 3894 Καὶ
1609 3837 1770 3894 τοῦτο
1843 3837 2047 3905 Φὼτιος

470 3937 644 4007 λέγει.

551 4028 674 4100 μς’.
707 4048 725 4082 ι
768 4026 935 4084 Εἶπον
973 4030 1023 4082 oi
1050 4030 1222 4100 τρεῖς,
1261 4025 1336 4091 ὡς
1383 4027 1646 4098 Ῥωμαῖοι
1678 4025 1948 4098 λέγουσιν.
1984 4026 2048 4080 Οἱ

469 4124 535 4179 δὲ
578 4123 686 4177 τῶν
731 4123 872 4177 ἑπτὰ
912 4121 1144 4176 συνόδων
1187 4121 1463 4192 ἀρχιερεῖς
1499 4120 1599 4174 οὐκ
1639 4115 1820 4185 εἷπον,
1853 4119 1904 4173 οἳ
1954 4118 2050 4172 καὶ

475 4215 916 4286 συνεψηφίσαντο
941 4213 1116 4283 δόγμα
1165 4213 1528 4283 προστεθῆναι
1572 4210 1741 4283 μηδὲν
1786 4209 1886 4278 ἔτι,
1923 4208 2049 4281 μήτ’

473 4309 844 4378 ἀφαιρεθῆναι
890 4305 984 4360 τοῦ
1039 4304 1434 4376 παραδοθέντος
1471 4304 1598 4374 ὅρου
1643 4303 1744 4373 τῆς
1790 4301 2048 4368 πίστεως,

478 4400 621 4454 ἀλλὰ
646 4401 743 4452 καὶ
777 4399 868 4452 τὸν
894 4396 1388 4467 κατατολμήσαντα
1420 4394 1768 4450 παντάπασιν
1796 4394 2049 4467 ἀπορρα-

477 4493 646 4563 γῆναι
684 4491 783 4560 τῆς
825 4489 1172 4560 Ἐκκλησίας.
1213 4507 1231 4541 ι

553 4587 661 4639 Καὶ
689 4583 891 4647 Φὼτιος
922 4583 1020 4655 μὲν
1051 4583 1124 4646 ὼς
1151 4581 1304 4637 οὐδέν
1335 4598 1386 4636 τι
1417 4579 1594 4635 κοινὸν
1623 4582 1860 4652 ἡγεῖται,
1892 4581 2051 4653 εἴπερ

477 4673 635 4733 εἷπον
671 4678 828 4731 τοῦτο
860 4677 910 4730 οί
947 4678 1118 4748 τρεῖς,
1166 4675 1254 4729 διὰ
1293 4674 1354 4728 τδ
1398 4673 1472 4738 ὡς
1509 4673 1817 4742 Ῥωμαίους
1876 4675 2054 4729 εἰπεῖν

477 4771 640 4824 τοῦτο
669 4769 868 4835 αύτούς
899 4783 914 4799 °
955 4767 1067 4837 ἑγὼ
1099 4768 1156 4822 δὲ
1203 4768 1298 4822 καὶ
1345 4766 1488 4820 πάνυ
1533 4765 1718 4818 καινόν
1765 4782 1930 4836 φημι,
1968 4768 2053 4820 ὅτι

481 4863 644 4925 αὑτός
674 4879 732 4914 τε
760 4858 986 4926 Φώτιος,
1014 4859 1108 4914 καὶ
1137 4861 1252 4913 ὅσοι
1291 4857 1407 4929 μετ’
1441 4855 1601 4911 αὑτὸν
1628 4855 1721 4909 τοῦ
1754 4858 2055 4928 σχίσματος

483 4960 743 5029 γεγόνασι
782 4956 1042 5026 ζηλωταὶ,
1072 4955 1170 5008 οὐκ
1197 4951 1468 5024 ἠθέλησαν
1496 4946 1642 5004 οὗτοι
1675 4949 1923 5020 στέργειν
1953 4951 2053 5021 τῆς

495 5051 810 5123 Ῥωμαῖκῆς
852 5046 1174 5114 Ἐκκλησίας
1205 5031 1304 5116 τὴν
1344 5045 1558 5110 ἕνωσιν,
1607 5043 1683 5106 ὼς
1712 5044 1760 5098 οἱ
1809 5043 2053 5115 Πατέρες

480 5146 641 5215 ⁴ἡμων
675 5142 773 5212 τὴν
804 5140 946 5195 κατὰ
990 5138 1098 5191 τῶν
1137 5136 1398 5191 εἰπόντων
1428 5135 1658 5205 πρώτους
1693 5134 1791 5205 τὴν
1834 5136 1902 5188 ὲκ
1935 5137 2054 5188 Πα-

480 5239 606 5306 τρδς
637 5237 732 5288 καὶ
779 5233 906 5288 Υἱοῦ
934 5232 1257 5304 ἐκπόρευσιν
1292 5231 1383 5284 τοῦ
1425 5228 1757 5298 Πνεύματος,
1819 5228 2056 5300 Ἀμϐροο

482 5330 621 5392 σίσυ,
654 5329 820 5397 φημὶ,
851 5323 1214 5394 Δύγουστίνου
1247 5339 1308 5376 τε
1335 5321 1430 5377 καὶ
1466 5319 1811 5390 Ἱερωνύμου.
1845 5319 1967 5373 "Ott
1993 5319 2052 5372 δὲ

481 5422 578 5476 καί⁵
617 5439 637 5474 ι
671 5407 793 5484 τοὺς
828 5420 936 5473 τῶν
967 5418 1106 5473 ἑπτὰ
1126 5416 1356 5470 συνόδων
1385 5406 1663 5486 ἀρχιερεῖς
1695 5413 2048 5483 συμ-ᾲηφίσαο

484 5514 608 5570 σθαι
643 5531 664 5567 ι
699 5514 804 5583 ἔφη
844 5530 863 5564 ι
903 5511 1080 5580 δόγμα
1111 5507 1472 5582 προστεθῆναι
1503 5507 1690 5578 μηδὲν,
1722 5508 1850 5577 μήτ’
1891 5509 2053 5575 ἀφαιο

487 5605 707 5680 ρεθῆναι
737 5604 830 5659 τοῦ
865 5603 1260 5674 παραδοθέντος
1287 5602 1414 5672 ὅρου
1462 5601 1563 5670 τῆς
1605 5602 1861 5663 πίστεως,
1915 5599 2051 5652 ἀλλά

485 5709 581 5759 καὶ
608 5704 700 5756 τὸν
747 5699 1235 5770 κατατολμήσαντα
1279 5696 1623 5751 παντάπασιν
1664 5694 2049 5766 ἀπορραγῆναι

485 5799 582 5870 τῆς
616 5796 999 5868 Ἐκκλησίας,›
1044 5794 1218 5848 έκεῖνο
1245 5789 1358 5854 πῶς
1393 5790 1454 5845 ού
1482 5785 1779 5857 λογίζεται,
1812 5788 1892 5839 ὅτι
1922 5786 2048 5857 ὅρον

2117 517 2290 570 ciunt.
2331 513 2395 570 Et
2420 521 2626 569 attente
2655 509 2988 572 consideret,
3032 523 3128 577 per
3172 506 3454 560 veritatem
3491 503 3688 572 ipsam.

2118 608 2205 662 cui
2234 605 2463 660 lubitum
2497 602 2683 658 fuerit.
2718 599 3032 656 Secundum
3068 592 3556 666 dispensationem,
3585 595 3689 653 ais,

2120 696 2304 766 Plioti,
2335 697 2708 759 Ambrosium,
2743 692 3134 763 Augustinum,
3185 696 3239 742 et
3297 687 3690 754 Hieronymum

2119 805 2185 844 ex
2214 787 2376 843 Patre
2402 795 2456 842 et
2487 786 2626 841 Filio
2658 784 2920 854 Spiritum
2953 791 3203 838 sanctum
3223 779 3552 843 asset-uisse,
3583 793 3690 848 qua

2121 891 2176 936 et
2204 896 2458 952 magn-um
2486 878 2747 933 Basiliam
2775 891 2882 931 suo
2910 885 3154 944 tempore
3189 887 3347 927 usum
3380 869 3588 924 fateris.
3609 867 3691 922 Tn

2123 975 2305 1045 itaque
2336 973 2611 1045 quomodo
2638 968 2967 1026 verecundia
3001 983 3109 1024 non
3133 982 3193 1022 es
3217 965 3484 1029 suﬁ‘usus,
3513 962 3698 1017 excel-

2124 1080 2261 1145 sius,
2295 1089 2348 1134 et
2377 1093 2533 1148 aeque
2572 1092 2636 1133 ac
2667 1085 2893 1133 sanctus
2933 1072 3170 1128 Basilius
3226 1083 3411 1124 rerum
3466 1075 3699 1122 accura~’

2127 1181 2234 1229 tam
2263 1173 2634 1240 cognitionem
2701 1168 2795 1226 tibi
2848 1167 3172 1227 Vendit-ans,
3232 1172 3286 1216 et
3330 1159 3696 1214 intirniiorum

2126 1265 2560 1321 misericordiam
2592 1279 2702 1317 non
2735 1260 2956 1331 capiens
2983 1258 3006 1311 ?
3041 1254 3327 1324 Quomodo
3351 1252 3535 1308 animo
3588 1265 3700 1306 non

2125 1356 2428 1426 concepisti
2462 1355 2655 1410 Patres
2703 1363 2927 1408 nostros
2970 1345 3212 1418 antiquis
3249 1344 3353 1400 iliis
3400 1342 3595 1398 diebus
3641 1342 3697 1396 in

2125 1452 2486 1507 ﬁrmamento.
2522 1459 2724 1504 nostra:
2775 1443 3036 1500 Ecclesia:
3090 1435 3541 1509 compellucidos,
3582 1447 3702 1487 ma-

2128 1560 2294 1613 gnum
2318 1557 2511 1613 nempe
2535 1538 2794 1595 Basiliam
2821 1578 2837 1603 ,
2891 1535 2978 1591 cui
3023 1549 3051 1587 a
3089 1529 3363 1600 theologia
3394 1539 3698 1596 cognomen

2129 1637 2232 1692 fuit
2283 1635 2643 1706 Gregorium,
2679 1631 2936 1686 alterum
2996 1626 3302 1697 NySsenum
3355 1614 3698 1687 Gregorium,

2128 1727 2417 1793 Joannem,
2470 1725 2631 1795 cujus
2685 1735 2910 1778 aureum
2958 1719 3284 1787 eloquentia:
3341 1711 3539 1766 ﬂumen
3590 1714 3697 1767 est,

2129 1831 2496 1892 praetereaque
2550 1817 2686 1872 alios
2719 1823 2842 1886 post
2899 1828 2996 1868 eos
3035 1807 3300 1880 plurimos
3342 1811 3700 1870 summosque

2128 1912 2418 1974 doctores,
2485 1908 2577 1978 qui
2631 1920 2822 1961 omnes
2894 1899 3216 1963 Ambrosii,
3275 1892 3591 1966 Augustini,
3644 1898 3700 1944 ct

2131 1997 2448 2070 Hieronymi
2508 1994 2904 2052 commentaria
2969 1989 3308 2050 evolventes,
3363 1986 3552 2055 ipsos,
3606 1979 3701 2052 qui

2130 2109 2196 2150 ex
2243 2090 2380 2146 Filio
2425 2089 2831 2160 processionem
2888 2083 3127 2154 Spiritus
3190 2086 3530 2140 asseverant,
3559 2075 3701 2129 inter

2131 2194 2450 2243 sanctorum
2489 2194 2781 2236 numerum
2812 2174 3180 2239 collocabant,
3221 2181 3273 2226 et
3297 2185 3421 2226 eum
3456 2168 3702 2222 Romana

2132 2276 2374 2334 Ecclesia
2403 2281 2592 2330 eorum
2618 2271 3042 2328 commentarios
3069 2262 3424 2320 exosculante
3451 2275 3703 2314 commu-

2133 2367 2412 2430 nicabant,
2437 2366 2692 2434 illamque
2719 2361 2883 2418 veluti
2903 2358 3524 2422 Ecclesiarunrmatrem
3547 2351 3707 2407 obs:-

2137 2462 2320 2536 quiosi
2341 2455 2688 2516 audiebant?
2722 2455 2832 2510 Eos
2865 2453 2934 2510 ab
2959 2459 3210 2508 accurata
3273 2461 3456 2503 rerum
3508 2436 3703 2500 notitia

2135 2535 2550 2617 excidisse,ais,
2575 2559 2636 2605 ut
2662 2549 2806 2612 hunc
2836 2546 2916 2601 vel
2951 2545 3105 2601 illum
3135 2557 3199 2597 ex
3241 2539 3444 2595 nostris
3474 2535 3703 2593 sanctis.

2139 2649 2244 2706 Sed
2273 2663 2423 2704 mera
2475 2656 2527 2701 te
2562 2642 2842 2701 mendacia
2875 2639 3098 2695 fundere
3127 2635 3253 2690 hinc
3279 2639 3522 2704 apparet.
3543 2627 3709 2684 Nam~

2139 2759 2243 2814 que
2279 2753 2507 2812 quorum
2565 2745 2876 2791 sanctorum
2931 2731 3074 2786 dicta
3113 2742 3218 2782 non
3247 2722 3575 2794 approbasse
3603 2722 3709 2776 Ec-

2141 2812 2362 2887 clesiam
2396 2828 2554 2894 dicis,
2588 2842 2650 2882 ea
2684 2823 2867 2880 omnia
2901 2819 3182 2889 obsignata
3228 2817 3280 2871 in
3320 2812 3710 2871 ecclesiasticis

2125 2921 2534 2986 voluminibus,
2594 2916 2689 2990 qui
2736 2930 2826 2970 res
2858 2910 3266 2968 ecclesiasticas
3316 2916 3706 2978 pertractant,

2140 3015 2348 3086 optime
2401 3019 2628 3068 norunt.
2685 3007 2928 3077 Indeque
2980 3019 3076 3061 eos
3117 3005 3185 3058 ab
3220 3011 3471 3058 accurata
3520 3013 3708 3055 rerum

2146 3106 2339 3162 notitia
2397 3103 2671 3160 excidisse
2725 3099 2983 3155 innotuit.
3036 3096 3093 3152 Si
3119 3096 3301 3165 itaque
3343 3103 3397 3149 et
3449 3093 3712 3163 allegatos

2147 3198 2411 3253 Romana:
2440 3192 2700 3248 Ecclesia:
2727 3188 2920 3246 Patres
2947 3187 3016 3242 ab
3045 3171 3302 3242 accurata
3347 3199 3530 3238 rerum
3564 3182 3712 3238 noti-

2147 3289 2221 3345 tia
2272 3287 2546 3343 excidisse
2577 3283 2984 3356 cognovissent,
3024 3288 3137 3334 tum
3190 3277 3283 3332 alii
3319 3277 3574 3330 Romanae
3607 3274 3713 3331 Ερ-

2147 3383 2330 3441 clesice
2385 3379 2598 3444 Patres,
2635 3390 2775 3448 quos
2811 3375 3077 3447 plurimos
3103 3381 3157 3430 et
3209 3384 3456 3427 summos
3490 3384 3550 3422 ea
3581 3377 3715 3425 mtas

2151 3487 2298 3550 tulit,
2331 3493 2446 3540 tum
2479 3480 2740 3538 Ecclesia:
2761 3487 2970 3536 nostra:
3019 3475 3247 3540 lumina,
3292 3475 3382 3544 qui
3412 3474 3469 3544 id
3504 3483 3716 3543 tempov

2148 3581 2226 3636 ris
2255 3577 2628 3634 Ecclesiarum
2659 3573 2918 3631 unionem
2947 3553 3405 3626 exosculalian’tur
3424 3605 3439 3630 ,
3476 3583 3583 3622 non
3619 3581 3718 3622 ne-

2148 3670 2466 3740 glexissent,
2489 3667 2584 3722 sed
2617 3665 2824 3734 scripto
2862 3663 3193 3733 signassent,
3224 3656 3568 3728 postmodum
3613 3671 3718 3713 nc.

2149 3761 2235 3817 bis
2281 3769 2526 3823 enatum,
2565 3755 2947 3827 dignissimum
2974 3761 3156 3806 tamen
3207 3750 3300 3822 qui
3330 3751 3583 3815 sciretur,
3627 3765 3717 3806 cr-

2147 3866 2351 3909 rorem.
2381 3848 2494 3909 lloc
2514 3861 2732 3921 quoque
2761 3844 2990 3902 Photius
3019 3845 3114 3900 ait.

2219 4036 2314 4094 ιο.
2359 4052 2377 4087 ι
2405 4033 2673 4090 Dixerunt
2743 4038 2878 4098 tres,
2939 4036 3000 4083 ut
3047 4025 3280 4083 Romam
3339 4027 3581 4093 tradunt,
3623 4028 3722 4088 sed

2149 4139 2364 4202 septem
2391 4125 2732 4198 synodorum
2767 4119 3030 4192 praesules
3052 4132 3163 4174 non
3195 4117 3482 4184 dixerunt,
3517 4119 3610 4188 qui
3640 4119 3724 4174 si-

2150 4224 2266 4282 mul
2291 4236 2400 4278 una
2432 4221 2818 4280 decreverunt,
2851 4215 3062 4268 nullum
3092 4211 3236 4268 ultra
3257 4211 3454 4282 dogma
3497 4211 3724 4287 apponi,

2152 4331 2330 4386 neque
2381 4313 2502 4370 tolli
2559 4326 2626 4366 ex
2682 4307 3001 4365 deﬁnitione
3050 4304 3174 4360 ﬁdei
3211 4303 3725 4372 tradita:quinimo

2153 4408 2248 4481 qui
2271 4405 2474 4465 similia
2503 4417 2675 4460 ausus
2723 4400 2940 4465 fuisset,
2967 4412 3091 4452 eum
3121 4396 3339 4465 penitus
3373 4395 3443 4450 ab
3475 4395 3720 4452 Ecclesia

2077 4478 2125 4537 θ
2157 4478 2432 4558 abscindi.
2467 4517 2488 4552 ι

2225 4595 2292 4651 Ει
2321 4591 2552 4648 Photius
2573 4589 2732 4662 plane
2759 4586 2894 4643 nihil
2923 4598 3124 4640 novum
3148 4582 3423 4653 opinatur,
3456 4583 3498 4638 si
3542 4583 3593 4638 id
3613 4590 3728 4640 tres

2157 4689 2436 4752 dixerunt,
2468 4684 2598 4754 quia
2657 4681 2712 4736 id
2770 4679 2935 4736 veluti
2984 4676 3218 4732 Romani
3273 4676 3552 4732 dixerunt.
3608 4675 3730 4747 Ipse

2153 4797 2286 4838 vero
2304 4789 2358 4836 et
2388 4792 2589 4834 novum
2610 4774 2904 4831 admodum
2928 4785 3134 4834 assero,
3160 4770 3408 4824 eumdem
3439 4767 3722 4837 Pliotium,
3775 4831 3778 4834 λ

2135 4874 2424 4941 aliosque,
2453 4867 2548 4940 qui
2579 4867 2819 4922 schisma
2856 4863 3026 4918 secuti
3057 4871 3210 4926 sunt,
3243 4861 3488 4917 noluisse
3523 4861 3726 4916 Roma-

2156 4981 2241 5022 nae
2298 4961 2562 5020 Ecclesia:
2608 4958 2864 5013 unionem
2918 4954 3197 5024 amplecti,
3261 4954 3722 5024 quemadmodum
3785 5009 3788 5013 .

2155 5055 2532 5130 progenitores
2561 5050 2733 5107 nostri
2765 5063 2979 5112 eorum,
2999 5047 3094 5116 qui
3125 5047 3358 5115 primum
3382 5062 3446 5100 ex
3479 5046 3642 5103 Patre
3669 5059 3722 5103 ct

2158 5151 2294 5205 Filio
2323 5146 2560 5215 Spiritus
2591 5141 3000 5213 proccssionem
3058 5138 3438 5206 enuntiarunt,
3487 5138 3725 5195 Ambro-

2157 5243 2223 5299 sii
2275 5242 2567 5304 duntaxat,
2599 5234 2914 5305 Augustini,
2946 5243 3001 5309 et
3031 5231 3370 5302 Hieronymi.
3423 5230 3558 5286 Cum
3591 5247 3726 5286 vero

2156 5335 2326 5394 dicat,
2374 5349 2394 5383 ι
2423 5340 2474 5384 et
2507 5337 2714 5397 septem
2751 5323 3083 5398 synodorum
3120 5323 3380 5392 prtesules
3417 5322 3584 5376 simul
3607 5339 3727 5378 om.

2157 5441 2257 5482 nes
2283 5420 2616 5485 decrevisse,
2648 5417 2854 5472 nullum
2889 5417 2942 5471 in
2973 5423 3250 5486 posterum
3272 5412 3467 5484 dogma
3498 5415 3724 5484 apponi,

2157 5530 2334 5585 neque
2390 5514 2532 5578 tolli,
2567 5528 2634 5566 ex
2675 5509 2872 5564 tradita
2918 5508 3043 5563 fidei
3073 5505 3390 5562 deﬁnitione
3425 5523 3440 5571 ;
3475 5506 3588 5560 imo
3629 5508 3725 5578 qui

2155 5611 2354 5667 similia
2391 5623 2562 5663 ausus
2587 5605 2803 5670 fuisset,
2837 5601 2905 5656 ab
2953 5599 3196 5656 Ecclesia
3231 5599 3477 5655 alvscindi
3503 5615 3551 5664 ς»
3590 5615 3726 5668 quo-

2155 5701 2319 5758 modo
2355 5695 2489 5753 illud
2529 5695 2724 5750 animo
2742 5707 2852 5748 non
2888 5688 3327 5760 comprehcndit,
3382 5690 3503 5744 nilei
3534 5689 3731 5748 deiini.

2165 5794 2365 5853 liorem
2394 5793 2462 5848 ab
2505 5787 2774 5846 universis
2832 5783 3056 5858 synodis
3108 5780 3340 5839 Nicanna:
3407 5780 3726 5860 Symbolum
