  <div class='ocr_page' id='page_1' title='image "/cluster/home/n/w/nwhite01/storage/ocr_20150623/141/hvd.32044019208313/064.png"; bbox 0 0 4070 6584; ppageno 0'>
   <div class='ocr_carea' id='block_1_1' title="bbox 436 452 538 521">
    <p class='ocr_par' dir='ltr' id='par_1_1' title="bbox 436 452 538 521">
     <span class='ocr_line' id='line_1_1' title="bbox 436 452 538 521; baseline 0.02 -3"><span class='ocrx_word' id='word_1_1' title='bbox 436 452 538 521; x_wconf 77' lang='grc'><strong>113</strong></span> 
     </span>
    </p>
   </div>
   <div class='ocr_carea' id='block_1_2' title="bbox 1524 459 2547 525">
    <p class='ocr_par' dir='ltr' id='par_1_2' title="bbox 1524 459 2547 525">
     <span class='ocr_line' id='line_1_2' title="bbox 1524 459 2547 525; baseline 0.003 -4"><span class='ocrx_word' id='word_1_2' title='bbox 1524 459 1620 521; x_wconf 89' lang='lat' dir='ltr'><strong>DE</strong></span> <span class='ocrx_word' id='word_1_3' title='bbox 1661 459 1958 523; x_wconf 83' lang='lat' dir='ltr'><strong>UNIONE</strong></span> <span class='ocrx_word' id='word_1_4' title='bbox 1995 459 2547 525; x_wconf 77' lang='lat' dir='ltr'><strong>ECCLESIARUM.</strong></span> 
     </span>
    </p>
   </div>
   <div class='ocr_carea' id='block_1_3' title="bbox 3579 454 3676 519">
    <p class='ocr_par' dir='ltr' id='par_1_3' title="bbox 3579 454 3676 519">
     <span class='ocr_line' id='line_1_3' title="bbox 3579 454 3676 519; baseline 0.01 -1"><span class='ocrx_word' id='word_1_5' title='bbox 3579 454 3676 519; x_wconf 48' lang='lat'><strong>1&quot;;</strong></span> 
     </span>
    </p>
   </div>
   <div class='ocr_carea' id='block_1_4' title="bbox 431 562 2011 643">
    <p class='ocr_par' dir='ltr' id='par_1_4' title="bbox 431 565 2009 643">
     <span class='ocr_line' id='line_1_4' title="bbox 431 565 2009 643; baseline 0 -20"><span class='ocrx_word' id='word_1_6' title='bbox 431 567 591 631; x_wconf 76' lang='grc' dir='ltr'>ἀζειν</span> <span class='ocrx_word' id='word_1_7' title='bbox 609 565 770 621; x_wconf 84' lang='grc' dir='ltr'>τοῦτο</span> <span class='ocrx_word' id='word_1_8' title='bbox 814 566 1131 639; x_wconf 84' lang='grc' dir='ltr'>βουλόμενοι</span> <span class='ocrx_word' id='word_1_9' title='bbox 1183 567 1458 637; x_wconf 79' lang='grc' dir='ltr'>λέγουσιν,</span> <span class='ocrx_word' id='word_1_10' title='bbox 1509 569 1611 623; x_wconf 92' lang='grc' dir='ltr'><strong>οὐκ</strong></span> <span class='ocrx_word' id='word_1_11' title='bbox 1639 569 1733 623; x_wconf 76' lang='grc' dir='ltr'><strong>ἐπὶ</strong></span> <span class='ocrx_word' id='word_1_12' title='bbox 1762 569 1899 641; x_wconf 77' lang='grc' dir='ltr'>μόνῃ</span> <span class='ocrx_word' id='word_1_13' title='bbox 1936 573 2009 643; x_wconf 67' lang='grc' dir='ltr'><strong>τῇ</strong></span> 
     </span>
    </p>
   </div>
   <div class='ocr_carea' id='block_1_5' title="bbox 2111 562 3676 643">
    <p class='ocr_par' dir='ltr' id='par_1_5' title="bbox 2118 562 3676 641">
     <span class='ocr_line' id='line_1_5' title="bbox 2118 562 3676 641; baseline -0.005 -15"><span class='ocrx_word' id='word_1_14' title='bbox 2118 572 2240 627; x_wconf 89' lang='lat' dir='ltr'><strong>aliis</strong></span> <span class='ocrx_word' id='word_1_15' title='bbox 2263 572 2463 628; x_wconf 74' lang='lat' dir='ltr'><strong>divina:</strong></span> <span class='ocrx_word' id='word_1_16' title='bbox 2497 570 2800 641; x_wconf 70' lang='lat' dir='ltr'><strong>Scriptura:</strong></span> <span class='ocrx_word' id='word_1_17' title='bbox 2838 567 3226 633; x_wconf 58' lang='lat' dir='ltr'><strong>incisionibus,</strong></span> <span class='ocrx_word' id='word_1_18' title='bbox 3265 562 3320 622; x_wconf 79' lang='lat' dir='ltr'><strong>tu</strong></span> <span class='ocrx_word' id='word_1_19' title='bbox 3353 566 3601 638; x_wconf 86' lang='lat' dir='ltr'><strong>quibnsu</strong></span> <span class='ocrx_word' id='word_1_20' title='bbox 3646 585 3676 619; x_wconf 91' lang='lat' dir='ltr'><strong>n</strong></span> 
     </span>
    </p>
   </div>
   <div class='ocr_carea' id='block_1_6' title="bbox 429 658 2009 732">
    <p class='ocr_par' dir='ltr' id='par_1_6' title="bbox 429 658 2009 732">
     <span class='ocr_line' id='line_1_6' title="bbox 429 658 2009 732; baseline 0.004 -21"><span class='ocrx_word' id='word_1_21' title='bbox 429 658 764 730; x_wconf 66' lang='grc' dir='ltr'>εὐαγγελιιῇ</span> <span class='ocrx_word' id='word_1_22' title='bbox 806 660 981 731; x_wconf 75' lang='grc' dir='ltr'>ταύτῃ</span> <span class='ocrx_word' id='word_1_23' title='bbox 1016 663 1313 731; x_wconf 76' lang='grc' dir='ltr'><strong>περικοπῇ,</strong></span> <span class='ocrx_word' id='word_1_24' title='bbox 1346 659 1407 714; x_wconf 73' lang='grc' dir='ltr'><strong>τὸ</strong></span> <span class='ocrx_word' id='word_1_25' title='bbox 1452 660 1622 731; x_wconf 77' lang='grc' dir='ltr'>ὄνομα</span> <span class='ocrx_word' id='word_1_26' title='bbox 1669 660 1762 714; x_wconf 90' lang='grc' dir='ltr'><strong>τοῦ</strong></span> <span class='ocrx_word' id='word_1_27' title='bbox 1797 661 2009 732; x_wconf 76' lang='grc' dir='ltr'>Πατρδς</span> 
     </span>
    </p>
   </div>
   <div class='ocr_carea' id='block_1_7' title="bbox 429 750 2027 823">
    <p class='ocr_par' dir='ltr' id='par_1_7' title="bbox 429 750 2027 823">
     <span class='ocr_line' id='line_1_7' title="bbox 429 750 2027 823; baseline 0.004 -21"><span class='ocrx_word' id='word_1_28' title='bbox 429 753 630 811; x_wconf 79' lang='grc' dir='ltr'>κεῖται,</span> <span class='ocrx_word' id='word_1_29' title='bbox 667 750 745 822; x_wconf 80' lang='grc' dir='ltr'>μὴ</span> <span class='ocrx_word' id='word_1_30' title='bbox 798 752 1312 823; x_wconf 76' lang='grc' dir='ltr'>συνεκφωνουμένου</span> <span class='ocrx_word' id='word_1_31' title='bbox 1367 755 1462 808; x_wconf 82' lang='grc' dir='ltr'>καὶ</span> <span class='ocrx_word' id='word_1_32' title='bbox 1511 752 1605 807; x_wconf 87' lang='grc' dir='ltr'><strong>τοῦ</strong></span> <span class='ocrx_word' id='word_1_33' title='bbox 1657 754 1819 819; x_wconf 84' lang='grc' dir='ltr'>Υίοῦ,</span> <span class='ocrx_word' id='word_1_34' title='bbox 1874 752 2027 808; x_wconf 84' lang='grc' dir='ltr'><strong>ἀλλά</strong></span> 
     </span>
    </p>
   </div>
   <div class='ocr_carea' id='block_1_8' title="bbox 428 844 2007 918">
    <p class='ocr_par' dir='ltr' id='par_1_8' title="bbox 428 844 2007 918">
     <span class='ocr_line' id='line_1_8' title="bbox 428 844 2007 918; baseline 0.003 -22"><span class='ocrx_word' id='word_1_35' title='bbox 428 844 527 896; x_wconf 76' lang='grc' dir='ltr'>καὶ</span> <span class='ocrx_word' id='word_1_36' title='bbox 584 844 678 896; x_wconf 72' lang='grc' dir='ltr'><strong>ἐπὶ</strong></span> <span class='ocrx_word' id='word_1_37' title='bbox 718 845 938 909; x_wconf 81' lang='grc' dir='ltr'>πολλαῖς</span> <span class='ocrx_word' id='word_1_38' title='bbox 969 846 1159 910; x_wconf 78' lang='grc' dir='ltr'>ἄλλαις</span> <span class='ocrx_word' id='word_1_39' title='bbox 1214 849 1543 918; x_wconf 84' lang='grc' dir='ltr'>περικοπαϊς</span> <span class='ocrx_word' id='word_1_40' title='bbox 1603 848 1814 918; x_wconf 77' lang='grc' dir='ltr'><strong>ῥήσεων</strong></span> <span class='ocrx_word' id='word_1_41' title='bbox 1870 864 2007 916; x_wconf 82' lang='grc' dir='ltr'>γρα-</span> 
     </span>
    </p>
   </div>
   <div class='ocr_carea' id='block_1_9' title="bbox 428 931 2013 1013">
    <p class='ocr_par' dir='ltr' id='par_1_9' title="bbox 428 931 2013 1013">
     <span class='ocr_line' id='line_1_9' title="bbox 428 931 2013 1013; baseline 0.004 -26"><span class='ocrx_word' id='word_1_42' title='bbox 428 935 628 1003; x_wconf 76' lang='grc' dir='ltr'>φικῶν.</span> <span class='ocrx_word' id='word_1_43' title='bbox 657 939 740 1005; x_wconf 74' lang='grc' dir='ltr'><strong>ἐφ’</strong></span> <span class='ocrx_word' id='word_1_44' title='bbox 769 931 856 1002; x_wconf 76' lang='grc' dir='ltr'>αἷς</span> <span class='ocrx_word' id='word_1_45' title='bbox 914 937 1014 992; x_wconf 88' lang='grc' dir='ltr'><strong>οὐκ</strong></span> <span class='ocrx_word' id='word_1_46' title='bbox 1049 938 1167 993; x_wconf 77' lang='grc' dir='ltr'>ἔστι</span> <span class='ocrx_word' id='word_1_47' title='bbox 1210 938 1285 1010; x_wconf 83' lang='grc' dir='ltr'>μὴ</span> <span class='ocrx_word' id='word_1_48' title='bbox 1334 940 1428 993; x_wconf 76' lang='grc' dir='ltr'>καὶ</span> <span class='ocrx_word' id='word_1_49' title='bbox 1456 940 1548 994; x_wconf 78' lang='grc' dir='ltr'><strong>τὸν</strong></span> <span class='ocrx_word' id='word_1_50' title='bbox 1578 940 1707 994; x_wconf 83' lang='grc' dir='ltr'>Υίδν</span> <span class='ocrx_word' id='word_1_51' title='bbox 1745 940 2013 1013; x_wconf 74' lang='grc' dir='ltr'>ἁρμοζόν-</span> 
     </span>
    </p>
   </div>
   <div class='ocr_carea' id='block_1_10' title="bbox 424 1027 2012 1105">
    <p class='ocr_par' dir='ltr' id='par_1_10' title="bbox 424 1027 2012 1105">
     <span class='ocr_line' id='line_1_10' title="bbox 424 1027 2012 1105; baseline 0.004 -25"><span class='ocrx_word' id='word_1_52' title='bbox 424 1043 535 1088; x_wconf 86' lang='grc' dir='ltr'><strong>τως</strong></span> <span class='ocrx_word' id='word_1_53' title='bbox 595 1027 777 1083; x_wconf 69' lang='grc' dir='ltr'>ἐκεῖσε</span> <span class='ocrx_word' id='word_1_54' title='bbox 829 1032 1092 1086; x_wconf 83' lang='grc' dir='ltr'>νοεῖσθαι.</span> <span class='ocrx_word' id='word_1_55' title='bbox 1129 1032 1257 1102; x_wconf 65' lang='grc' dir='ltr'><strong>Οὐχλ</strong></span> <span class='ocrx_word' id='word_1_56' title='bbox 1289 1032 1375 1086; x_wconf 82' lang='grc' dir='ltr'>ὅτι</span> <span class='ocrx_word' id='word_1_57' title='bbox 1430 1034 1563 1102; x_wconf 83' lang='grc' dir='ltr'>γοῦν</span> <span class='ocrx_word' id='word_1_58' title='bbox 1598 1033 1673 1105; x_wconf 80' lang='grc' dir='ltr'>μὴ</span> <span class='ocrx_word' id='word_1_59' title='bbox 1729 1051 2012 1104; x_wconf 79' lang='grc' dir='ltr'>συνεκφωο</span> 
     </span>
    </p>
   </div>
   <div class='ocr_carea' id='block_1_11' title="bbox 426 1119 2009 1195">
    <p class='ocr_par' dir='ltr' id='par_1_11' title="bbox 426 1119 2009 1195">
     <span class='ocr_line' id='line_1_11' title="bbox 426 1119 2009 1195; baseline 0.004 -25"><span class='ocrx_word' id='word_1_60' title='bbox 426 1120 600 1171; x_wconf 77' lang='grc' dir='ltr'><strong>νεῖται</strong></span> <span class='ocrx_word' id='word_1_61' title='bbox 631 1119 779 1172; x_wconf 67' lang='grc' dir='ltr'>ἔστιν</span> <span class='ocrx_word' id='word_1_62' title='bbox 823 1120 909 1174; x_wconf 81' lang='grc' dir='ltr'>ὅτε</span> <span class='ocrx_word' id='word_1_63' title='bbox 959 1122 988 1175; x_wconf 98' lang='lat'><strong>6</strong></span> <span class='ocrx_word' id='word_1_64' title='bbox 1038 1121 1199 1185; x_wconf 75' lang='grc' dir='ltr'>Υἱὸς,</span> <span class='ocrx_word' id='word_1_65' title='bbox 1231 1122 1307 1193; x_wconf 79' lang='grc' dir='ltr'>μὴ</span> <span class='ocrx_word' id='word_1_66' title='bbox 1363 1122 1879 1195; x_wconf 79' lang='grc' dir='ltr'>συνεπινοηθήσεται</span> <span class='ocrx_word' id='word_1_67' title='bbox 1931 1121 2009 1194; x_wconf 83' lang='grc' dir='ltr'>τῷ</span> 
     </span>
    </p>
   </div>
   <div class='ocr_carea' id='block_1_12' title="bbox 428 1210 2011 1284">
    <p class='ocr_par' dir='ltr' id='par_1_12' title="bbox 428 1210 2011 1284">
     <span class='ocr_line' id='line_1_12' title="bbox 428 1210 2011 1284; baseline 0.004 -22"><span class='ocrx_word' id='word_1_68' title='bbox 428 1210 628 1278; x_wconf 67' lang='grc' dir='ltr'>Πατρὶ,</span> <span class='ocrx_word' id='word_1_69' title='bbox 685 1213 801 1266; x_wconf 85' lang='grc' dir='ltr'>ἀλλ’</span> <span class='ocrx_word' id='word_1_70' title='bbox 830 1213 914 1267; x_wconf 84' lang='grc' dir='ltr'>ὅτι</span> <span class='ocrx_word' id='word_1_71' title='bbox 951 1212 1030 1284; x_wconf 83' lang='grc' dir='ltr'>τῷ</span> <span class='ocrx_word' id='word_1_72' title='bbox 1080 1215 1258 1283; x_wconf 71' lang='grc' dir='ltr'>Πατρὶ</span> <span class='ocrx_word' id='word_1_73' title='bbox 1293 1218 1711 1279; x_wconf 69' lang='grc' dir='ltr'>ωνεπινοεῖται,</span> <span class='ocrx_word' id='word_1_74' title='bbox 1736 1217 1832 1269; x_wconf 74' lang='grc' dir='ltr'>καὶ</span> <span class='ocrx_word' id='word_1_75' title='bbox 1884 1233 2011 1270; x_wconf 81' lang='grc' dir='ltr'>συν-</span> 
     </span>
    </p>
   </div>
   <div class='ocr_carea' id='block_1_13' title="bbox 426 1304 2010 1379">
    <p class='ocr_par' dir='ltr' id='par_1_13' title="bbox 426 1304 2010 1379">
     <span class='ocr_line' id='line_1_13' title="bbox 426 1304 2010 1379; baseline 0.004 -24"><span class='ocrx_word' id='word_1_76' title='bbox 426 1304 881 1374; x_wconf 75' lang='grc' dir='ltr'>εκφωνηθήσεται</span> <span class='ocrx_word' id='word_1_77' title='bbox 905 1305 1053 1359; x_wconf 76' lang='grc' dir='ltr'>ἔστιν</span> <span class='ocrx_word' id='word_1_78' title='bbox 1083 1307 1195 1373; x_wconf 83' lang='grc' dir='ltr'>ὅτε,</span> <span class='ocrx_word' id='word_1_79' title='bbox 1229 1308 1378 1371; x_wconf 82' lang='grc' dir='ltr'>ὅπως</span> <span class='ocrx_word' id='word_1_80' title='bbox 1406 1307 1471 1360; x_wconf 81' lang='grc' dir='ltr'>ἂν</span> <span class='ocrx_word' id='word_1_81' title='bbox 1494 1307 1664 1373; x_wconf 78' lang='grc' dir='ltr'>δόξειε</span> <span class='ocrx_word' id='word_1_82' title='bbox 1694 1307 1773 1379; x_wconf 84' lang='grc' dir='ltr'><strong>τῷ</strong></span> <span class='ocrx_word' id='word_1_83' title='bbox 1825 1307 2010 1379; x_wconf 84' lang='grc' dir='ltr'>βουλο-</span> 
     </span>
    </p>
   </div>
   <div class='ocr_carea' id='block_1_14' title="bbox 428 1393 2003 1469">
    <p class='ocr_par' dir='ltr' id='par_1_14' title="bbox 428 1393 2003 1469">
     <span class='ocr_line' id='line_1_14' title="bbox 428 1393 2003 1469; baseline 0.007 -25"><span class='ocrx_word' id='word_1_84' title='bbox 428 1394 580 1464; x_wconf 75' lang='grc' dir='ltr'>μένῳ</span> <span class='ocrx_word' id='word_1_85' title='bbox 609 1393 788 1462; x_wconf 81' lang='grc' dir='ltr'>λέγειν</span> <span class='ocrx_word' id='word_1_86' title='bbox 812 1400 940 1467; x_wconf 75' lang='grc' dir='ltr'>περὶ</span> <span class='ocrx_word' id='word_1_87' title='bbox 968 1397 1185 1469; x_wconf 82' lang='grc' dir='ltr'>Πατρδς</span> <span class='ocrx_word' id='word_1_88' title='bbox 1229 1398 1325 1452; x_wconf 78' lang='grc' dir='ltr'>καὶ</span> <span class='ocrx_word' id='word_1_89' title='bbox 1372 1398 1530 1465; x_wconf 88' lang='grc' dir='ltr'>Υίοῦ,</span> <span class='ocrx_word' id='word_1_90' title='bbox 1581 1399 1740 1469; x_wconf 87' lang='grc' dir='ltr'>μόνον</span> <span class='ocrx_word' id='word_1_91' title='bbox 1778 1400 1827 1453; x_wconf 81' lang='grc' dir='ltr'><strong>εί</strong></span> <span class='ocrx_word' id='word_1_92' title='bbox 1859 1399 2003 1455; x_wconf 79' lang='grc' dir='ltr'>κατὰ</span> 
     </span>
    </p>
   </div>
   <div class='ocr_carea' id='block_1_15' title="bbox 424 1483 2011 1561">
    <p class='ocr_par' dir='ltr' id='par_1_15' title="bbox 424 1483 2011 1561">
     <span class='ocr_line' id='line_1_15' title="bbox 424 1483 2011 1561; baseline 0.006 -26"><span class='ocrx_word' id='word_1_93' title='bbox 424 1483 527 1554; x_wconf 75' lang='grc' dir='ltr'>τὴν</span> <span class='ocrx_word' id='word_1_94' title='bbox 551 1484 749 1556; x_wconf 74' lang='grc' dir='ltr'>εὐσεϐῆ</span> <span class='ocrx_word' id='word_1_95' title='bbox 788 1486 997 1541; x_wconf 77' lang='grc' dir='ltr'>ἔννοιαν</span> <span class='ocrx_word' id='word_1_96' title='bbox 1028 1490 1427 1543; x_wconf 87' lang='grc' dir='ltr'>συνεπινοεῖται</span> <span class='ocrx_word' id='word_1_97' title='bbox 1449 1488 1599 1559; x_wconf 83' lang='grc' dir='ltr'>αὐτῷ</span> <span class='ocrx_word' id='word_1_98' title='bbox 1626 1489 1701 1561; x_wconf 81' lang='grc' dir='ltr'>μὴ</span> <span class='ocrx_word' id='word_1_99' title='bbox 1731 1506 2011 1559; x_wconf 85' lang='grc' dir='ltr'>συνεκφω-</span> 
     </span>
    </p>
   </div>
   <div class='ocr_carea' id='block_1_16' title="bbox 424 1573 2010 1650">
    <p class='ocr_par' dir='ltr' id='par_1_16' title="bbox 424 1573 2010 1650">
     <span class='ocr_line' id='line_1_16' title="bbox 424 1573 2010 1650; baseline 0.007 -25"><span class='ocrx_word' id='word_1_100' title='bbox 424 1573 688 1643; x_wconf 80' lang='grc' dir='ltr'>νούμενος</span> <span class='ocrx_word' id='word_1_101' title='bbox 708 1616 721 1637; x_wconf 82' lang='grc'><strong>,</strong></span> <span class='ocrx_word' id='word_1_102' title='bbox 754 1577 852 1629; x_wconf 76' lang='grc' dir='ltr'>καὶ</span> <span class='ocrx_word' id='word_1_103' title='bbox 885 1580 1315 1646; x_wconf 63' lang='grc' dir='ltr'>συπκφωνεῖται</span> <span class='ocrx_word' id='word_1_104' title='bbox 1361 1579 1526 1635; x_wconf 80' lang='grc' dir='ltr'>πάλιν</span> <span class='ocrx_word' id='word_1_105' title='bbox 1555 1580 1728 1650; x_wconf 85' lang='grc' dir='ltr'>αὐτῷ,</span> <span class='ocrx_word' id='word_1_106' title='bbox 1760 1583 1856 1637; x_wconf 60' lang='lat' dir='ltr'><strong>an</strong></span> <span class='ocrx_word' id='word_1_107' title='bbox 1914 1582 2010 1636; x_wconf 80' lang='grc' dir='ltr'><strong>καὶ</strong></span> 
     </span>
    </p>
   </div>
   <div class='ocr_carea' id='block_1_17' title="bbox 426 1669 2009 1743">
    <p class='ocr_par' dir='ltr' id='par_1_17' title="bbox 426 1669 2009 1743">
     <span class='ocr_line' id='line_1_17' title="bbox 426 1669 2009 1743; baseline 0.008 -26"><span class='ocrx_word' id='word_1_108' title='bbox 426 1669 938 1733; x_wconf 67' lang='grc' dir='ltr'>πνεπινοούμενος.</span> <span class='ocrx_word' id='word_1_109' title='bbox 996 1670 1105 1722; x_wconf 75' lang='grc' dir='ltr'><strong>Καὶ</strong></span> <span class='ocrx_word' id='word_1_110' title='bbox 1153 1672 1248 1724; x_wconf 72' lang='grc' dir='ltr'><strong>ἐπὶ</strong></span> <span class='ocrx_word' id='word_1_111' title='bbox 1296 1672 1508 1738; x_wconf 74' lang='grc' dir='ltr'>τούτοις</span> <span class='ocrx_word' id='word_1_112' title='bbox 1557 1673 1874 1743; x_wconf 76' lang='grc' dir='ltr'><strong>παράγουσι</strong></span> <span class='ocrx_word' id='word_1_113' title='bbox 1941 1675 2009 1729; x_wconf 90' lang='grc' dir='ltr'><strong>τά</strong></span> 
     </span>
    </p>
   </div>
   <div class='ocr_carea' id='block_1_18' title="bbox 424 1756 2004 1838">
    <p class='ocr_par' dir='ltr' id='par_1_18' title="bbox 424 1756 2004 1838">
     <span class='ocr_line' id='line_1_18' title="bbox 424 1756 2004 1838; baseline 0.008 -29"><span class='ocrx_word' id='word_1_114' title='bbox 424 1756 760 1812; x_wconf 84' lang='grc' dir='ltr'>ἀποστολικά</span> <span class='ocrx_word' id='word_1_115' title='bbox 779 1763 960 1814; x_wconf 78' lang='grc' dir='ltr'>ἐκεῖνα</span> <span class='ocrx_word' id='word_1_116' title='bbox 975 1763 1117 1833; x_wconf 81' lang='grc' dir='ltr'><strong>ῥητά</strong></span> <span class='ocrx_word' id='word_1_117' title='bbox 1143 1762 1412 1832; x_wconf 82' lang='grc' dir='ltr'>λέγοντες.</span> <span class='ocrx_word' id='word_1_118' title='bbox 1443 1766 1507 1819; x_wconf 71' lang='grc' dir='ltr'>’οη</span> <span class='ocrx_word' id='word_1_119' title='bbox 1539 1765 1863 1831; x_wconf 51' lang='grc' dir='ltr'>’ἀπόστολος</span> <span class='ocrx_word' id='word_1_120' title='bbox 1879 1766 2004 1838; x_wconf 78' lang='grc' dir='ltr'>ἔφη,</span> 
     </span>
    </p>
   </div>
   <div class='ocr_carea' id='block_1_19' title="bbox 2109 656 3673 733">
    <p class='ocr_par' dir='ltr' id='par_1_19' title="bbox 2109 656 3673 733">
     <span class='ocr_line' id='line_1_19' title="bbox 2109 656 3673 733; baseline -0.004 -16"><span class='ocrx_word' id='word_1_121' title='bbox 2109 678 2403 733; x_wconf 84' lang='lat' dir='ltr'><strong>possumus</strong></span> <span class='ocrx_word' id='word_1_122' title='bbox 2430 672 2614 733; x_wconf 87' lang='lat' dir='ltr'><strong>aptum</strong></span> <span class='ocrx_word' id='word_1_123' title='bbox 2640 676 2861 718; x_wconf 83' lang='lat' dir='ltr'><strong>sensum</strong></span> <span class='ocrx_word' id='word_1_124' title='bbox 2890 660 3106 725; x_wconf 86' lang='lat' dir='ltr'><strong>elicere,</strong></span> <span class='ocrx_word' id='word_1_125' title='bbox 3128 657 3234 715; x_wconf 85' lang='lat' dir='ltr'><strong>nisi</strong></span> <span class='ocrx_word' id='word_1_126' title='bbox 3269 658 3434 714; x_wconf 86' lang='lat' dir='ltr'><strong>etiam</strong></span> <span class='ocrx_word' id='word_1_127' title='bbox 3470 656 3673 713; x_wconf 74' lang='lat' dir='ltr'><strong>Filium</strong></span> 
     </span>
    </p>
   </div>
   <div class='ocr_carea' id='block_1_20' title="bbox 2110 747 3679 824">
    <p class='ocr_par' dir='ltr' id='par_1_20' title="bbox 2110 747 3679 824">
     <span class='ocr_line' id='line_1_20' title="bbox 2110 747 3679 824; baseline -0.004 -17"><span class='ocrx_word' id='word_1_128' title='bbox 2110 751 2500 824; x_wconf 75' lang='lat' dir='ltr'><strong>intelligamus.</strong></span> <span class='ocrx_word' id='word_1_129' title='bbox 2541 750 2660 810; x_wconf 86' lang='lat' dir='ltr'><strong>Non</strong></span> <span class='ocrx_word' id='word_1_130' title='bbox 2694 752 2878 822; x_wconf 87' lang='lat' dir='ltr'><strong>itaque</strong></span> <span class='ocrx_word' id='word_1_131' title='bbox 2913 751 3056 822; x_wconf 88' lang='lat' dir='ltr'><strong>quod</strong></span> <span class='ocrx_word' id='word_1_132' title='bbox 3086 765 3192 807; x_wconf 88' lang='lat' dir='ltr'><strong>non</strong></span> <span class='ocrx_word' id='word_1_133' title='bbox 3220 749 3382 806; x_wconf 80' lang='lat' dir='ltr'><strong>simul</strong></span> <span class='ocrx_word' id='word_1_134' title='bbox 3422 747 3679 805; x_wconf 86' lang='lat' dir='ltr'><strong>enuntia-</strong></span> 
     </span>
    </p>
   </div>
   <div class='ocr_carea' id='block_1_21' title="bbox 2112 839 3680 913">
    <p class='ocr_par' dir='ltr' id='par_1_21' title="bbox 2112 839 3680 913">
     <span class='ocr_line' id='line_1_21' title="bbox 2112 839 3680 913; baseline -0.002 -18"><span class='ocrx_word' id='word_1_135' title='bbox 2112 852 2200 896; x_wconf 89' lang='lat' dir='ltr'><strong>tur</strong></span> <span class='ocrx_word' id='word_1_136' title='bbox 2220 842 2523 913; x_wconf 79' lang='lat' dir='ltr'><strong>aliquando</strong></span> <span class='ocrx_word' id='word_1_137' title='bbox 2561 840 2756 907; x_wconf 77' lang='lat' dir='ltr'><strong>Filius,</strong></span> <span class='ocrx_word' id='word_1_138' title='bbox 2798 856 2909 897; x_wconf 88' lang='lat' dir='ltr'><strong>non</strong></span> <span class='ocrx_word' id='word_1_139' title='bbox 2950 855 3057 897; x_wconf 89' lang='lat' dir='ltr'><strong>una</strong></span> <span class='ocrx_word' id='word_1_140' title='bbox 3120 839 3284 895; x_wconf 92' lang='lat' dir='ltr'><strong>simul</strong></span> <span class='ocrx_word' id='word_1_141' title='bbox 3343 839 3680 910; x_wconf 84' lang='lat' dir='ltr'><strong>intelligetur</strong></span> 
     </span>
    </p>
   </div>
   <div class='ocr_carea' id='block_1_22' title="bbox 2110 928 3677 1003">
    <p class='ocr_par' dir='ltr' id='par_1_22' title="bbox 2110 928 3677 1003">
     <span class='ocr_line' id='line_1_22' title="bbox 2110 928 3677 1003; baseline -0.005 -15"><span class='ocrx_word' id='word_1_142' title='bbox 2110 949 2234 989; x_wconf 89' lang='lat' dir='ltr'><strong>cum</strong></span> <span class='ocrx_word' id='word_1_143' title='bbox 2261 932 2442 1000; x_wconf 82' lang='lat' dir='ltr'><strong>Patre,</strong></span> <span class='ocrx_word' id='word_1_144' title='bbox 2478 933 2572 989; x_wconf 82' lang='lat' dir='ltr'><strong>sed</strong></span> <span class='ocrx_word' id='word_1_145' title='bbox 2604 932 2750 1003; x_wconf 88' lang='lat' dir='ltr'><strong>quod</strong></span> <span class='ocrx_word' id='word_1_146' title='bbox 2783 948 2906 988; x_wconf 90' lang='lat' dir='ltr'><strong>cum</strong></span> <span class='ocrx_word' id='word_1_147' title='bbox 2936 929 3099 986; x_wconf 84' lang='lat' dir='ltr'><strong>Patre</strong></span> <span class='ocrx_word' id='word_1_148' title='bbox 3126 930 3292 985; x_wconf 83' lang='lat' dir='ltr'><strong>simul</strong></span> <span class='ocrx_word' id='word_1_149' title='bbox 3328 928 3677 999; x_wconf 83' lang='lat' dir='ltr'><strong>intelligitur,</strong></span> 
     </span>
    </p>
   </div>
   <div class='ocr_carea' id='block_1_23' title="bbox 2109 1021 3682 1095">
    <p class='ocr_par' dir='ltr' id='par_1_23' title="bbox 2109 1021 3682 1095">
     <span class='ocr_line' id='line_1_23' title="bbox 2109 1021 3682 1095; baseline -0.002 -16"><span class='ocrx_word' id='word_1_150' title='bbox 2109 1023 2668 1080; x_wconf 82' lang='lat' dir='ltr'><strong>simulenuntiabitur</strong></span> <span class='ocrx_word' id='word_1_151' title='bbox 2689 1033 2931 1095; x_wconf 88' lang='lat' dir='ltr'><strong>tempore</strong></span> <span class='ocrx_word' id='word_1_152' title='bbox 2974 1030 3030 1077; x_wconf 86' lang='lat' dir='ltr'><strong>et</strong></span> <span class='ocrx_word' id='word_1_153' title='bbox 3081 1023 3263 1089; x_wconf 88' lang='lat' dir='ltr'><strong>modo,</strong></span> <span class='ocrx_word' id='word_1_154' title='bbox 3317 1029 3374 1077; x_wconf 91' lang='lat' dir='ltr'><strong>ut</strong></span> <span class='ocrx_word' id='word_1_155' title='bbox 3409 1021 3682 1093; x_wconf 73' lang='lat' dir='ltr'><strong>placuerit</strong></span> 
     </span>
    </p>
   </div>
   <div class='ocr_carea' id='block_1_24' title="bbox 2109 1110 3683 1187">
    <p class='ocr_par' dir='ltr' id='par_1_24' title="bbox 2109 1110 3683 1187">
     <span class='ocr_line' id='line_1_24' title="bbox 2109 1110 3683 1187; baseline -0.003 -15"><span class='ocrx_word' id='word_1_156' title='bbox 2109 1117 2207 1183; x_wconf 87' lang='lat' dir='ltr'><strong>illi,</strong></span> <span class='ocrx_word' id='word_1_157' title='bbox 2240 1117 2332 1187; x_wconf 88' lang='lat' dir='ltr'><strong>qui</strong></span> <span class='ocrx_word' id='word_1_158' title='bbox 2362 1116 2529 1173; x_wconf 86' lang='lat' dir='ltr'><strong>verba</strong></span> <span class='ocrx_word' id='word_1_159' title='bbox 2560 1116 2629 1172; x_wconf 89' lang='lat' dir='ltr'><strong>de</strong></span> <span class='ocrx_word' id='word_1_160' title='bbox 2676 1113 2836 1170; x_wconf 80' lang='lat' dir='ltr'><strong>Patre</strong></span> <span class='ocrx_word' id='word_1_161' title='bbox 2859 1123 2913 1171; x_wconf 88' lang='lat' dir='ltr'><strong>et</strong></span> <span class='ocrx_word' id='word_1_162' title='bbox 2959 1110 3095 1171; x_wconf 78' lang='lat' dir='ltr'><strong>Filio</strong></span> <span class='ocrx_word' id='word_1_163' title='bbox 3156 1113 3477 1180; x_wconf 88' lang='lat' dir='ltr'><strong>instituerit,</strong></span> <span class='ocrx_word' id='word_1_164' title='bbox 3521 1114 3683 1175; x_wconf 66' lang='lat' dir='ltr'><strong>dumo</strong></span> 
     </span>
    </p>
   </div>
   <div class='ocr_carea' id='block_1_25' title="bbox 2110 1204 3684 1281">
    <p class='ocr_par' dir='ltr' id='par_1_25' title="bbox 2110 1204 3684 1281">
     <span class='ocr_line' id='line_1_25' title="bbox 2110 1204 3684 1281; baseline -0.002 -18"><span class='ocrx_word' id='word_1_165' title='bbox 2110 1209 2277 1265; x_wconf 90' lang='lat' dir='ltr'><strong>modo</strong></span> <span class='ocrx_word' id='word_1_166' title='bbox 2312 1210 2465 1281; x_wconf 76' lang='lat' dir='ltr'><strong>juxta</strong></span> <span class='ocrx_word' id='word_1_167' title='bbox 2495 1209 2639 1280; x_wconf 82' lang='lat' dir='ltr'><strong>piam</strong></span> <span class='ocrx_word' id='word_1_168' title='bbox 2671 1207 2998 1265; x_wconf 87' lang='lat' dir='ltr'><strong>sententiam</strong></span> <span class='ocrx_word' id='word_1_169' title='bbox 3044 1206 3209 1263; x_wconf 82' lang='lat' dir='ltr'><strong>simul</strong></span> <span class='ocrx_word' id='word_1_170' title='bbox 3246 1222 3367 1262; x_wconf 88' lang='lat' dir='ltr'><strong>cum</strong></span> <span class='ocrx_word' id='word_1_171' title='bbox 3421 1221 3486 1261; x_wconf 82' lang='lat' dir='ltr'><strong>eo</strong></span> <span class='ocrx_word' id='word_1_172' title='bbox 3521 1204 3684 1261; x_wconf 83' lang='lat' dir='ltr'><strong>intel-</strong></span> 
     </span>
    </p>
   </div>
   <div class='ocr_carea' id='block_1_26' title="bbox 2109 1299 3683 1372">
    <p class='ocr_par' dir='ltr' id='par_1_26' title="bbox 2109 1299 3683 1372">
     <span class='ocr_line' id='line_1_26' title="bbox 2109 1299 3683 1372; baseline -0.004 -15"><span class='ocrx_word' id='word_1_173' title='bbox 2109 1301 2319 1372; x_wconf 86' lang='lat' dir='ltr'><strong>ligitur,</strong></span> <span class='ocrx_word' id='word_1_174' title='bbox 2353 1303 2479 1358; x_wconf 90' lang='lat' dir='ltr'><strong>licet</strong></span> <span class='ocrx_word' id='word_1_175' title='bbox 2494 1318 2599 1359; x_wconf 92' lang='lat' dir='ltr'><strong>non</strong></span> <span class='ocrx_word' id='word_1_176' title='bbox 2628 1301 2946 1361; x_wconf 80' lang='lat' dir='ltr'><strong>enuntiatus</strong></span> <span class='ocrx_word' id='word_1_177' title='bbox 2978 1299 3261 1368; x_wconf 80' lang='lat' dir='ltr'><strong>;ets‘imul</strong></span> <span class='ocrx_word' id='word_1_178' title='bbox 3293 1314 3487 1355; x_wconf 85' lang='lat' dir='ltr'><strong>rursus</strong></span> <span class='ocrx_word' id='word_1_179' title='bbox 3504 1313 3683 1353; x_wconf 88' lang='lat' dir='ltr'><strong>enun-</strong></span> 
     </span>
    </p>
   </div>
   <div class='ocr_carea' id='block_1_27' title="bbox 2110 1388 3681 1462">
    <p class='ocr_par' dir='ltr' id='par_1_27' title="bbox 2110 1388 3681 1462">
     <span class='ocr_line' id='line_1_27' title="bbox 2110 1388 3681 1462; baseline -0.001 -15"><span class='ocrx_word' id='word_1_180' title='bbox 2110 1392 2349 1448; x_wconf 86' lang='lat' dir='ltr'><strong>tiabitur&#39;</strong></span> <span class='ocrx_word' id='word_1_181' title='bbox 2381 1399 2640 1462; x_wconf 79' lang='lat' dir='ltr'><strong>tanquam</strong></span> <span class='ocrx_word' id='word_1_182' title='bbox 2676 1391 2769 1461; x_wconf 89' lang='lat' dir='ltr'><strong>qui</strong></span> <span class='ocrx_word' id='word_1_183' title='bbox 2803 1406 2927 1447; x_wconf 88' lang='lat' dir='ltr'><strong>cum</strong></span> <span class='ocrx_word' id='word_1_184' title='bbox 2957 1406 3022 1447; x_wconf 90' lang='lat' dir='ltr'><strong>eo</strong></span> <span class='ocrx_word' id='word_1_185' title='bbox 3052 1388 3215 1447; x_wconf 87' lang='lat' dir='ltr'><strong>simul</strong></span> <span class='ocrx_word' id='word_1_186' title='bbox 3243 1389 3591 1461; x_wconf 89' lang='lat' dir='ltr'><strong>intelligitur.</strong></span> <span class='ocrx_word' id='word_1_187' title='bbox 3614 1388 3681 1445; x_wconf 86' lang='lat' dir='ltr'><strong>Et</strong></span> 
     </span>
    </p>
   </div>
   <div class='ocr_carea' id='block_1_28' title="bbox 2109 1481 3676 1551">
    <p class='ocr_par' dir='ltr' id='par_1_28' title="bbox 2109 1481 3676 1551">
     <span class='ocr_line' id='line_1_28' title="bbox 2109 1481 3676 1551; baseline -0.001 -15"><span class='ocrx_word' id='word_1_188' title='bbox 2109 1483 2173 1536; x_wconf 87' lang='lat' dir='ltr'><strong>ad</strong></span> <span class='ocrx_word' id='word_1_189' title='bbox 2204 1484 2319 1539; x_wconf 77' lang='lat' dir='ltr'><strong>haec</strong></span> <span class='ocrx_word' id='word_1_190' title='bbox 2351 1483 2774 1551; x_wconf 68' lang='lat' dir='ltr'><strong>comprobanda}</strong></span> <span class='ocrx_word' id='word_1_191' title='bbox 2808 1483 3111 1551; x_wconf 85' lang='lat' dir='ltr'><strong>apostolica</strong></span> <span class='ocrx_word' id='word_1_192' title='bbox 3160 1482 3252 1537; x_wconf 88' lang='lat' dir='ltr'><strong>illa</strong></span> <span class='ocrx_word' id='word_1_193' title='bbox 3283 1481 3447 1537; x_wconf 80' lang='lat' dir='ltr'><strong>verba</strong></span> <span class='ocrx_word' id='word_1_194' title='bbox 3471 1482 3526 1536; x_wconf 90' lang='lat' dir='ltr'><strong>in</strong></span> <span class='ocrx_word' id='word_1_195' title='bbox 3559 1496 3676 1536; x_wconf 80' lang='lat' dir='ltr'><strong>me-</strong></span> 
     </span>
    </p>
   </div>
   <div class='ocr_carea' id='block_1_29' title="bbox 2109 1568 3683 1645">
    <p class='ocr_par' dir='ltr' id='par_1_29' title="bbox 2109 1568 3683 1645">
     <span class='ocr_line' id='line_1_29' title="bbox 2109 1568 3683 1645; baseline 0 -18"><span class='ocrx_word' id='word_1_196' title='bbox 2109 1572 2258 1627; x_wconf 89' lang='lat' dir='ltr'><strong>dium</strong></span> <span class='ocrx_word' id='word_1_197' title='bbox 2316 1570 2567 1629; x_wconf 79' lang='lat' dir='ltr'><strong>ati‘erunt.</strong></span> <span class='ocrx_word' id='word_1_198' title='bbox 2642 1572 2933 1645; x_wconf 83' lang='lat' dir='ltr'><strong>Apostolus</strong></span> <span class='ocrx_word' id='word_1_199' title='bbox 2986 1572 3146 1640; x_wconf 80' lang='lat' dir='ltr'><strong>dixit,</strong></span> <span class='ocrx_word' id='word_1_200' title='bbox 3181 1590 3200 1625; x_wconf 77' lang='grc' dir='ltr'><strong>ι</strong></span> <span class='ocrx_word' id='word_1_201' title='bbox 3249 1568 3364 1628; x_wconf 87' lang='lat' dir='ltr'><strong>Soli</strong></span> <span class='ocrx_word' id='word_1_202' title='bbox 3421 1570 3683 1628; x_wconf 81' lang='lat' dir='ltr'><strong>invisibili</strong></span> 
     </span>
    </p>
   </div>
   <div class='ocr_carea' id='block_1_30' title="bbox 2110 1652 3686 1737">
    <p class='ocr_par' dir='ltr' id='par_1_30' title="bbox 2110 1652 3686 1737">
     <span class='ocr_line' id='line_1_30' title="bbox 2110 1652 3686 1737; baseline -0.001 -17"><span class='ocrx_word' id='word_1_203' title='bbox 2110 1666 2341 1735; x_wconf 86' lang='lat' dir='ltr'><strong>sapienti</strong></span> <span class='ocrx_word' id='word_1_204' title='bbox 2369 1665 2500 1732; x_wconf 75' lang='lat' dir='ltr'><strong>Deo,</strong></span> <span class='ocrx_word' id='word_1_205' title='bbox 2544 1684 2562 1719; x_wconf 74' lang='grc' dir='ltr'><strong>ι</strong></span> <span class='ocrx_word' id='word_1_206' title='bbox 2594 1675 2669 1732; x_wconf 90' lang='lat' dir='ltr'><strong>et,</strong></span> <span class='ocrx_word' id='word_1_207' title='bbox 2714 1684 2733 1719; x_wconf 79' lang='grc' dir='ltr'><strong>ι</strong></span> <span class='ocrx_word' id='word_1_208' title='bbox 2769 1662 2933 1722; x_wconf 86' lang='lat' dir='ltr'><strong>Solus</strong></span> <span class='ocrx_word' id='word_1_209' title='bbox 2973 1652 3259 1737; x_wconf 82' lang='lat' dir='ltr'><strong>possidens</strong></span> <span class='ocrx_word' id='word_1_210' title='bbox 3304 1664 3686 1720; x_wconf 80' lang='lat' dir='ltr'><strong>immortalita-</strong></span> 
     </span>
    </p>
   </div>
   <div class='ocr_carea' id='block_1_31' title="bbox 2112 1744 3684 1827">
    <p class='ocr_par' dir='ltr' id='par_1_31' title="bbox 2112 1744 3684 1827">
     <span class='ocr_line' id='line_1_31' title="bbox 2112 1744 3684 1827; baseline 0.001 -16"><span class='ocrx_word' id='word_1_211' title='bbox 2112 1763 2257 1822; x_wconf 86' lang='lat' dir='ltr'><strong>tem,</strong></span> <span class='ocrx_word' id='word_1_212' title='bbox 2316 1756 2501 1812; x_wconf 87' lang='lat' dir='ltr'><strong>lumen</strong></span> <span class='ocrx_word' id='word_1_213' title='bbox 2557 1756 2813 1814; x_wconf 79' lang='lat' dir='ltr'><strong>habitans</strong></span> <span class='ocrx_word' id='word_1_214' title='bbox 2867 1756 3246 1814; x_wconf 88' lang='lat' dir='ltr'><strong>inaccessibile</strong></span> <span class='ocrx_word' id='word_1_215' title='bbox 3279 1744 3412 1812; x_wconf 82' lang='grc'><strong>¹⁶.’›</strong></span> <span class='ocrx_word' id='word_1_216' title='bbox 3460 1755 3524 1811; x_wconf 81' lang='lat' dir='ltr'><strong>Et</strong></span> <span class='ocrx_word' id='word_1_217' title='bbox 3559 1758 3684 1827; x_wconf 88' lang='lat' dir='ltr'><strong>quis</strong></span> 
     </span>
    </p>
   </div>
   <div class='ocr_carea' id='block_1_32' title="bbox 432 1848 2011 1927">
    <p class='ocr_par' dir='ltr' id='par_1_32' title="bbox 432 1848 2009 1927">
     <span class='ocr_line' id='line_1_32' title="bbox 432 1848 2009 1927; baseline 0.006 -27"><span class='ocrx_word' id='word_1_218' title='bbox 432 1866 454 1900; x_wconf 74' lang='grc' dir='ltr'><strong>ι</strong></span> <span class='ocrx_word' id='word_1_219' title='bbox 485 1848 577 1919; x_wconf 84' lang='grc' dir='ltr'><strong>Τῷ</strong></span> <span class='ocrx_word' id='word_1_220' title='bbox 611 1850 759 1923; x_wconf 83' lang='grc' dir='ltr'>μόνῳ</span> <span class='ocrx_word' id='word_1_221' title='bbox 796 1852 1014 1925; x_wconf 78' lang='grc' dir='ltr'>ἀοράτῳ</span> <span class='ocrx_word' id='word_1_222' title='bbox 1040 1853 1190 1924; x_wconf 82' lang='grc' dir='ltr'><strong>σοφῷ</strong></span> <span class='ocrx_word' id='word_1_223' title='bbox 1235 1854 1377 1924; x_wconf 82' lang='grc' dir='ltr'>Θεῷ,</span> <span class='ocrx_word' id='word_1_224' title='bbox 1414 1874 1433 1909; x_wconf 74' lang='grc' dir='ltr'><strong>ι</strong></span> <span class='ocrx_word' id='word_1_225' title='bbox 1465 1855 1582 1923; x_wconf 83' lang='grc' dir='ltr'>καὶ,</span> <span class='ocrx_word' id='word_1_226' title='bbox 1609 1874 1629 1909; x_wconf 75' lang='grc' dir='ltr'><strong>ι</strong></span> <span class='ocrx_word' id='word_1_227' title='bbox 1661 1856 1838 1920; x_wconf 86' lang='grc' dir='ltr'>Μόνος</span> <span class='ocrx_word' id='word_1_228' title='bbox 1871 1856 2009 1927; x_wconf 77' lang='grc' dir='ltr'>ἔχων</span> 
     </span>
    </p>
   </div>
   <div class='ocr_carea' id='block_1_33' title="bbox 2111 1848 3687 1927">
    <p class='ocr_par' dir='ltr' id='par_1_33' title="bbox 2112 1848 3687 1919">
     <span class='ocr_line' id='line_1_33' title="bbox 2112 1848 3687 1919; baseline 0.003 -18"><span class='ocrx_word' id='word_1_229' title='bbox 2112 1848 2249 1903; x_wconf 85' lang='lat' dir='ltr'><strong>adeo</strong></span> <span class='ocrx_word' id='word_1_230' title='bbox 2284 1849 2549 1905; x_wconf 82' lang='lat' dir='ltr'><strong>adversus</strong></span> <span class='ocrx_word' id='word_1_231' title='bbox 2573 1849 2869 1905; x_wconf 81' lang='lat' dir='ltr'><strong>veritatem.</strong></span> <span class='ocrx_word' id='word_1_232' title='bbox 2893 1849 3157 1919; x_wconf 78' lang='lat' dir='ltr'><strong>pudorem</strong></span> <span class='ocrx_word' id='word_1_233' title='bbox 3194 1850 3367 1917; x_wconf 80' lang='lat' dir='ltr'><strong>exuit,</strong></span> <span class='ocrx_word' id='word_1_234' title='bbox 3398 1861 3459 1905; x_wconf 84' lang='lat' dir='ltr'><strong>ut</strong></span> <span class='ocrx_word' id='word_1_235' title='bbox 3485 1850 3687 1906; x_wconf 80' lang='lat' dir='ltr'><strong>audeat</strong></span> 
     </span>
    </p>
   </div>
   <div class='ocr_carea' id='block_1_34' title="bbox 425 1919 2011 2019">
    <p class='ocr_par' dir='ltr' id='par_1_34' title="bbox 425 1942 2011 2019">
     <span class='ocr_line' id='line_1_34' title="bbox 425 1942 2011 2019; baseline 0.005 -23"><span class='ocrx_word' id='word_1_236' title='bbox 425 1942 765 2009; x_wconf 74' lang='grc' dir='ltr'><strong>ἀθανασίαν,</strong></span> <span class='ocrx_word' id='word_1_237' title='bbox 805 1945 921 2015; x_wconf 80' lang='grc' dir='ltr'>φῶς</span> <span class='ocrx_word' id='word_1_238' title='bbox 959 1948 1125 2001; x_wconf 82' lang='grc' dir='ltr'>οἰκῶν</span> <span class='ocrx_word' id='word_1_239' title='bbox 1144 1948 1471 2019; x_wconf 66' lang='grc' dir='ltr'>ἀπρόσιτον.</span> <span class='ocrx_word' id='word_1_240' title='bbox 1508 1967 1530 2003; x_wconf 66' lang='grc' dir='ltr'><strong>ι</strong></span> <span class='ocrx_word' id='word_1_241' title='bbox 1572 1951 1685 2005; x_wconf 77' lang='grc' dir='ltr'><strong>Καὶ</strong></span> <span class='ocrx_word' id='word_1_242' title='bbox 1716 1950 1801 2015; x_wconf 83' lang='grc' dir='ltr'><strong>τίς</strong></span> <span class='ocrx_word' id='word_1_243' title='bbox 1836 1948 2011 2015; x_wconf 74' lang='grc' dir='ltr'>οὕτως</span> 
     </span>
    </p>
   </div>
   <div class='ocr_carea' id='block_1_35' title="bbox 2111 1919 3703 2019">
    <p class='ocr_par' dir='ltr' id='par_1_35' title="bbox 2114 1936 3703 2012">
     <span class='ocr_line' id='line_1_35' title="bbox 2114 1936 3703 2012; baseline 0.005 -21"><span class='ocrx_word' id='word_1_244' title='bbox 2114 1936 2317 2003; x_wconf 81' lang='lat' dir='ltr'><strong>dicere,</strong></span> <span class='ocrx_word' id='word_1_245' title='bbox 2352 1938 2746 1997; x_wconf 78' lang='lat' dir='ltr'><strong>inrisibilitatis</strong></span> <span class='ocrx_word' id='word_1_246' title='bbox 2806 1949 2861 1996; x_wconf 88' lang='lat' dir='ltr'><strong>et</strong></span> <span class='ocrx_word' id='word_1_247' title='bbox 2902 1941 3183 2012; x_wconf 66' lang='lat' dir='ltr'><strong>sapientia</strong></span> <span class='ocrx_word' id='word_1_248' title='bbox 3226 1956 3335 1997; x_wconf 91' lang='lat' dir='ltr'><strong>una</strong></span> <span class='ocrx_word' id='word_1_249' title='bbox 3362 1957 3485 1998; x_wconf 89' lang='lat' dir='ltr'><strong>cum</strong></span> <span class='ocrx_word' id='word_1_250' title='bbox 3524 1940 3703 1999; x_wconf 81' lang='lat' dir='ltr'><strong>Patre</strong></span> 
     </span>
    </p>
   </div>
   <div class='ocr_carea' id='block_1_36' title="bbox 425 2031 2011 2112">
    <p class='ocr_par' dir='ltr' id='par_1_36' title="bbox 425 2031 2011 2112">
     <span class='ocr_line' id='line_1_36' title="bbox 425 2031 2011 2112; baseline 0.006 -27"><span class='ocrx_word' id='word_1_251' title='bbox 425 2031 584 2086; x_wconf 69' lang='lat' dir='ltr'><strong>Eata:</strong></span> <span class='ocrx_word' id='word_1_252' title='bbox 613 2034 748 2104; x_wconf 79' lang='grc' dir='ltr'>πρὸς</span> <span class='ocrx_word' id='word_1_253' title='bbox 793 2037 894 2106; x_wconf 79' lang='grc' dir='ltr'>τὴν</span> <span class='ocrx_word' id='word_1_254' title='bbox 925 2037 1187 2108; x_wconf 82' lang='grc' dir='ltr'>ἀλήθειαν</span> <span class='ocrx_word' id='word_1_255' title='bbox 1219 2039 1467 2112; x_wconf 74' lang='grc' dir='ltr'>ἀναιδὴς,</span> <span class='ocrx_word' id='word_1_256' title='bbox 1520 2039 1598 2105; x_wconf 77' lang='grc' dir='ltr'><strong>ὡς</strong></span> <span class='ocrx_word' id='word_1_257' title='bbox 1626 2040 1899 2112; x_wconf 80' lang='grc' dir='ltr'>τολμῆσαι</span> <span class='ocrx_word' id='word_1_258' title='bbox 1930 2043 2011 2095; x_wconf 88' lang='grc' dir='ltr'>εί-</span> 
     </span>
    </p>
   </div>
   <div class='ocr_carea' id='block_1_37' title="bbox 427 2118 2012 2203">
    <p class='ocr_par' dir='ltr' id='par_1_37' title="bbox 427 2118 2012 2203">
     <span class='ocr_line' id='line_1_37' title="bbox 427 2118 2012 2203; baseline 0.008 -30"><span class='ocrx_word' id='word_1_259' title='bbox 427 2125 554 2175; x_wconf 82' lang='grc' dir='ltr'><strong>πεῖν</strong></span> <span class='ocrx_word' id='word_1_260' title='bbox 582 2122 656 2193; x_wconf 80' lang='grc' dir='ltr'>μὴ</span> <span class='ocrx_word' id='word_1_261' title='bbox 688 2123 779 2176; x_wconf 79' lang='grc' dir='ltr'>τὸν</span> <span class='ocrx_word' id='word_1_262' title='bbox 809 2118 938 2177; x_wconf 79' lang='grc' dir='ltr'>Υίδν</span> <span class='ocrx_word' id='word_1_263' title='bbox 958 2126 1055 2195; x_wconf 77' lang='grc' dir='ltr'>τῆς</span> <span class='ocrx_word' id='word_1_264' title='bbox 1094 2126 1354 2198; x_wconf 84' lang='grc' dir='ltr'>ἀορασίας</span> <span class='ocrx_word' id='word_1_265' title='bbox 1387 2129 1479 2182; x_wconf 74' lang='grc' dir='ltr'>καὶ</span> <span class='ocrx_word' id='word_1_266' title='bbox 1510 2129 1700 2198; x_wconf 76' lang='grc' dir='ltr'>σοφίας</span> <span class='ocrx_word' id='word_1_267' title='bbox 1727 2130 1805 2202; x_wconf 84' lang='grc' dir='ltr'>τῷ</span> <span class='ocrx_word' id='word_1_268' title='bbox 1834 2131 2012 2203; x_wconf 69' lang='lat' dir='ltr'><strong>llatth</strong></span> 
     </span>
    </p>
   </div>
   <div class='ocr_carea' id='block_1_38' title="bbox 425 2214 2011 2293">
    <p class='ocr_par' dir='ltr' id='par_1_38' title="bbox 425 2214 2011 2293">
     <span class='ocr_line' id='line_1_38' title="bbox 425 2214 2011 2293; baseline 0.008 -29"><span class='ocrx_word' id='word_1_269' title='bbox 425 2216 735 2278; x_wconf 75' lang='grc' dir='ltr'>κοινωνεῖν,</span> <span class='ocrx_word' id='word_1_270' title='bbox 759 2214 822 2277; x_wconf 74' lang='grc' dir='ltr'><strong>ἀς</strong></span> <span class='ocrx_word' id='word_1_271' title='bbox 846 2215 935 2285; x_wconf 80' lang='grc' dir='ltr'>τῷ·</span> <span class='ocrx_word' id='word_1_272' title='bbox 954 2215 1127 2287; x_wconf 75' lang='grc' dir='ltr'>Πατρὶ</span> <span class='ocrx_word' id='word_1_273' title='bbox 1148 2216 1298 2287; x_wconf 84' lang='grc' dir='ltr'>μόνῳ</span> <span class='ocrx_word' id='word_1_274' title='bbox 1328 2219 1356 2271; x_wconf 91' lang='lat'><strong>6</strong></span> <span class='ocrx_word' id='word_1_275' title='bbox 1385 2218 1707 2282; x_wconf 75' lang='grc' dir='ltr'>’Δπόστολος</span> <span class='ocrx_word' id='word_1_276' title='bbox 1735 2221 1794 2274; x_wconf 82' lang='grc' dir='ltr'>ἐν</span> <span class='ocrx_word' id='word_1_277' title='bbox 1814 2222 1880 2293; x_wconf 81' lang='grc' dir='ltr'><strong>τῇ</strong></span> <span class='ocrx_word' id='word_1_278' title='bbox 1910 2223 2011 2291; x_wconf 81' lang='grc' dir='ltr'>ρη-</span> 
     </span>
    </p>
   </div>
   <div class='ocr_carea' id='block_1_39' title="bbox 426 2303 2011 2383">
    <p class='ocr_par' dir='ltr' id='par_1_39' title="bbox 426 2303 2011 2383">
     <span class='ocr_line' id='line_1_39' title="bbox 426 2303 2011 2383; baseline 0.006 -27"><span class='ocrx_word' id='word_1_279' title='bbox 426 2303 586 2374; x_wconf 71' lang='grc' dir='ltr'>Θεξσῃ</span> <span class='ocrx_word' id='word_1_280' title='bbox 621 2304 942 2377; x_wconf 78' lang='grc' dir='ltr'>ὲπιφημίζει</span> <span class='ocrx_word' id='word_1_281' title='bbox 971 2310 1246 2377; x_wconf 77' lang='grc' dir='ltr'><strong>περικοπῇ</strong></span> <span class='ocrx_word' id='word_1_282' title='bbox 1274 2326 1289 2375; x_wconf 91' lang='lat'><strong>;</strong></span> <span class='ocrx_word' id='word_1_283' title='bbox 1353 2306 1630 2375; x_wconf 77' lang='grc' dir='ltr'><strong>Ὡσαύτως</strong></span> <span class='ocrx_word' id='word_1_284' title='bbox 1660 2311 1742 2375; x_wconf 85' lang='grc' dir='ltr'><strong>τίς</strong></span> <span class='ocrx_word' id='word_1_285' title='bbox 1778 2310 2011 2383; x_wconf 76' lang='grc' dir='ltr'>ἄμοιρον</span> 
     </span>
    </p>
   </div>
   <div class='ocr_carea' id='block_1_40' title="bbox 425 2397 2012 2476">
    <p class='ocr_par' dir='ltr' id='par_1_40' title="bbox 425 2397 2012 2476">
     <span class='ocr_line' id='line_1_40' title="bbox 425 2397 2012 2476; baseline 0.005 -29"><span class='ocrx_word' id='word_1_286' title='bbox 425 2397 550 2464; x_wconf 68' lang='grc' dir='ltr'>ἐρεῖ</span> <span class='ocrx_word' id='word_1_287' title='bbox 568 2397 656 2449; x_wconf 82' lang='grc' dir='ltr'>τὸν</span> <span class='ocrx_word' id='word_1_288' title='bbox 693 2398 820 2451; x_wconf 85' lang='grc' dir='ltr'>Υίὸν</span> <span class='ocrx_word' id='word_1_289' title='bbox 849 2398 945 2467; x_wconf 85' lang='grc' dir='ltr'>τῆς</span> <span class='ocrx_word' id='word_1_290' title='bbox 996 2397 1085 2469; x_wconf 77' lang='grc' dir='ltr'><strong>τῷ.</strong></span> <span class='ocrx_word' id='word_1_291' title='bbox 1126 2400 1301 2471; x_wconf 73' lang='grc' dir='ltr'>Πατρὶ</span> <span class='ocrx_word' id='word_1_292' title='bbox 1362 2400 1511 2470; x_wconf 83' lang='grc' dir='ltr'><strong>μόνῳ</strong></span> <span class='ocrx_word' id='word_1_293' title='bbox 1556 2404 2012 2476; x_wconf 75' lang='grc' dir='ltr'>μαρτυρουμένης</span> 
     </span>
    </p>
   </div>
   <div class='ocr_carea' id='block_1_41' title="bbox 425 2489 2017 2564">
    <p class='ocr_par' dir='ltr' id='par_1_41' title="bbox 425 2489 2017 2564">
     <span class='ocr_line' id='line_1_41' title="bbox 425 2489 2017 2564; baseline 0.004 -23"><span class='ocrx_word' id='word_1_294' title='bbox 425 2490 584 2560; x_wconf 83' lang='grc' dir='ltr'>παρὰ</span> <span class='ocrx_word' id='word_1_295' title='bbox 608 2489 702 2544; x_wconf 92' lang='grc' dir='ltr'><strong>τοῦ</strong></span> <span class='ocrx_word' id='word_1_296' title='bbox 746 2491 1070 2545; x_wconf 76' lang='grc' dir='ltr'>Ἀποστόλου</span> <span class='ocrx_word' id='word_1_297' title='bbox 1116 2492 1436 2558; x_wconf 76' lang='grc' dir='ltr'>ἀθανασίας,</span> <span class='ocrx_word' id='word_1_298' title='bbox 1461 2492 1555 2547; x_wconf 73' lang='grc' dir='ltr'>καὶ</span> <span class='ocrx_word' id='word_1_299' title='bbox 1587 2491 1680 2547; x_wconf 85' lang='grc' dir='ltr'><strong>τοῦ</strong></span> <span class='ocrx_word' id='word_1_300' title='bbox 1713 2494 2017 2564; x_wconf 79' lang='grc' dir='ltr'>ἀπροσίτου</span> 
     </span>
    </p>
   </div>
   <div class='ocr_carea' id='block_1_42' title="bbox 423 2583 2011 2655">
    <p class='ocr_par' dir='ltr' id='par_1_42' title="bbox 423 2583 2011 2655">
     <span class='ocr_line' id='line_1_42' title="bbox 423 2583 2011 2655; baseline 0.005 -21"><span class='ocrx_word' id='word_1_301' title='bbox 423 2583 629 2651; x_wconf 81' lang='grc' dir='ltr'>φωτὸς.</span> <span class='ocrx_word' id='word_1_302' title='bbox 656 2585 793 2652; x_wconf 73' lang='grc' dir='ltr'>ὅπερ</span> <span class='ocrx_word' id='word_1_303' title='bbox 822 2584 983 2653; x_wconf 82' lang='grc' dir='ltr'>μόνον</span> <span class='ocrx_word' id='word_1_304' title='bbox 1012 2585 1106 2638; x_wconf 70' lang='grc' dir='ltr'>τὸν</span> <span class='ocrx_word' id='word_1_305' title='bbox 1153 2585 1373 2655; x_wconf 81' lang='grc' dir='ltr'>Πατέρα</span> <span class='ocrx_word' id='word_1_306' title='bbox 1417 2587 1588 2639; x_wconf 84' lang='grc' dir='ltr'>οίκείν</span> <span class='ocrx_word' id='word_1_307' title='bbox 1621 2589 1649 2640; x_wconf 89' lang='lat'><strong>6</strong></span> <span class='ocrx_word' id='word_1_308' title='bbox 1687 2585 2011 2653; x_wconf 85' lang='grc' dir='ltr'>Ἀπόστολος</span> 
     </span>
    </p>
   </div>
   <div class='ocr_carea' id='block_1_43' title="bbox 421 2673 2014 2748">
    <p class='ocr_par' dir='ltr' id='par_1_43' title="bbox 421 2673 2014 2748">
     <span class='ocr_line' id='line_1_43' title="bbox 421 2673 2014 2748; baseline 0.005 -21"><span class='ocrx_word' id='word_1_309' title='bbox 421 2673 613 2743; x_wconf 74' lang='grc' dir='ltr'>λέγεις</span> <span class='ocrx_word' id='word_1_310' title='bbox 642 2676 826 2729; x_wconf 82' lang='grc' dir='ltr'>Ταῦτα</span> <span class='ocrx_word' id='word_1_311' title='bbox 860 2676 927 2729; x_wconf 73' lang='grc' dir='ltr'><strong>τὰ</strong></span> <span class='ocrx_word' id='word_1_312' title='bbox 959 2675 1293 2730; x_wconf 69' lang='grc' dir='ltr'>ἀποστολικά</span> <span class='ocrx_word' id='word_1_313' title='bbox 1320 2676 1462 2747; x_wconf 84' lang='grc' dir='ltr'><strong>ῥητά</strong></span> <span class='ocrx_word' id='word_1_314' title='bbox 1506 2677 1846 2748; x_wconf 75' lang='grc' dir='ltr'>παράγοντες</span> <span class='ocrx_word' id='word_1_315' title='bbox 1877 2679 2014 2735; x_wconf 67' lang='grc' dir='ltr'>Ἰτα-</span> 
     </span>
    </p>
   </div>
   <div class='ocr_carea' id='block_1_44' title="bbox 420 2765 2010 2844">
    <p class='ocr_par' dir='ltr' id='par_1_44' title="bbox 420 2765 2010 2844">
     <span class='ocr_line' id='line_1_44' title="bbox 420 2765 2010 2844; baseline 0.006 -26"><span class='ocrx_word' id='word_1_316' title='bbox 420 2765 513 2820; x_wconf 68' lang='grc' dir='ltr'><strong>λοὶ</strong></span> <span class='ocrx_word' id='word_1_317' title='bbox 534 2768 901 2839; x_wconf 66' lang='grc' dir='ltr'>ἐπιφέρουσιν,</span> <span class='ocrx_word' id='word_1_318' title='bbox 926 2769 1147 2833; x_wconf 76' lang='grc' dir='ltr'>ὠςἙάν</span> <span class='ocrx_word' id='word_1_319' title='bbox 1180 2769 1434 2835; x_wconf 77' lang='grc' dir='ltr'>ἐνταῦθα,</span> <span class='ocrx_word' id='word_1_320' title='bbox 1466 2771 1598 2825; x_wconf 81' lang='grc' dir='ltr'>ὅπου</span> <span class='ocrx_word' id='word_1_321' title='bbox 1628 2772 1806 2843; x_wconf 82' lang='grc' dir='ltr'>ῥητῶς</span> <span class='ocrx_word' id='word_1_322' title='bbox 1835 2772 2010 2844; x_wconf 85' lang='grc' dir='ltr'>πρόσ·</span> 
     </span>
    </p>
   </div>
   <div class='ocr_carea' id='block_1_45' title="bbox 424 2860 2015 2936">
    <p class='ocr_par' dir='ltr' id='par_1_45' title="bbox 424 2860 2015 2936">
     <span class='ocr_line' id='line_1_45' title="bbox 424 2860 2015 2936; baseline 0.004 -23"><span class='ocrx_word' id='word_1_323' title='bbox 424 2876 609 2913; x_wconf 82' lang='grc' dir='ltr'>κειται</span> <span class='ocrx_word' id='word_1_324' title='bbox 668 2860 763 2914; x_wconf 75' lang='grc' dir='ltr'>καὶ</span> <span class='ocrx_word' id='word_1_325' title='bbox 796 2860 858 2915; x_wconf 82' lang='grc' dir='ltr'>τὸ</span> <span class='ocrx_word' id='word_1_326' title='bbox 883 2864 1074 2931; x_wconf 80' lang='grc' dir='ltr'>μόνος</span> <span class='ocrx_word' id='word_1_327' title='bbox 1108 2864 1201 2917; x_wconf 76' lang='grc' dir='ltr'><strong>ἐπὶ</strong></span> <span class='ocrx_word' id='word_1_328' title='bbox 1228 2862 1322 2917; x_wconf 86' lang='grc' dir='ltr'><strong>τοῦ</strong></span> <span class='ocrx_word' id='word_1_329' title='bbox 1372 2864 1607 2936; x_wconf 80' lang='grc' dir='ltr'>Πατρὸς,</span> <span class='ocrx_word' id='word_1_330' title='bbox 1637 2864 1665 2915; x_wconf 91' lang='lat'><strong>6</strong></span> <span class='ocrx_word' id='word_1_331' title='bbox 1689 2864 1820 2928; x_wconf 78' lang='grc' dir='ltr'>Υίὸς</span> <span class='ocrx_word' id='word_1_332' title='bbox 1846 2867 1907 2919; x_wconf 94' lang='grc' dir='ltr'><strong>οὐ</strong></span> <span class='ocrx_word' id='word_1_333' title='bbox 1936 2865 2015 2919; x_wconf 84' lang='grc' dir='ltr'><strong>δι-</strong></span> 
     </span>
    </p>
   </div>
   <div class='ocr_carea' id='block_1_46' title="bbox 418 2947 2012 3028">
    <p class='ocr_par' dir='ltr' id='par_1_46' title="bbox 418 2947 2012 3028">
     <span class='ocr_line' id='line_1_46' title="bbox 418 2947 2012 3028; baseline 0.005 -26"><span class='ocrx_word' id='word_1_334' title='bbox 418 2947 627 3021; x_wconf 64' lang='grc' dir='ltr'>ῄρηται</span> <span class='ocrx_word' id='word_1_335' title='bbox 669 2950 765 3005; x_wconf 85' lang='grc' dir='ltr'><strong>τοῦ</strong></span> <span class='ocrx_word' id='word_1_336' title='bbox 795 2953 1028 3022; x_wconf 86' lang='grc' dir='ltr'>Πατρδς,</span> <span class='ocrx_word' id='word_1_337' title='bbox 1059 2954 1178 3018; x_wconf 82' lang='grc' dir='ltr'><strong>πῶς</strong></span> <span class='ocrx_word' id='word_1_338' title='bbox 1214 2954 1336 3025; x_wconf 80' lang='grc' dir='ltr'>οὐχὶ</span> <span class='ocrx_word' id='word_1_339' title='bbox 1369 2956 1463 3009; x_wconf 72' lang='grc' dir='ltr'><strong>καὶ</strong></span> <span class='ocrx_word' id='word_1_340' title='bbox 1495 2956 2012 3028; x_wconf 76' lang='grc' dir='ltr'>συνεπινοηθήσεται</span> 
     </span>
    </p>
   </div>
   <div class='ocr_carea' id='block_1_47' title="bbox 374 3040 2010 3119">
    <p class='ocr_par' dir='ltr' id='par_1_47' title="bbox 374 3040 2010 3119">
     <span class='ocr_line' id='line_1_47' title="bbox 374 3040 2010 3119; baseline 0.006 -25"><span class='ocrx_word' id='word_1_341' title='bbox 374 3041 507 3111; x_wconf 62' lang='grc' dir='ltr'><strong>-ιτῷ</strong></span> <span class='ocrx_word' id='word_1_342' title='bbox 535 3044 725 3112; x_wconf 71' lang='grc' dir='ltr'>Ιῐατρὶ,</span> <span class='ocrx_word' id='word_1_343' title='bbox 757 3043 843 3112; x_wconf 81' lang='grc' dir='ltr'><strong>ἐφ’</strong></span> <span class='ocrx_word' id='word_1_344' title='bbox 876 3040 957 3108; x_wconf 76' lang='grc' dir='ltr'>οἷς</span> <span class='ocrx_word' id='word_1_345' title='bbox 982 3045 1044 3098; x_wconf 76' lang='grc' dir='ltr'>τὸ</span> <span class='ocrx_word' id='word_1_346' title='bbox 1060 3047 1248 3114; x_wconf 79' lang='grc' dir='ltr'>μόνος</span> <span class='ocrx_word' id='word_1_347' title='bbox 1275 3049 1302 3099; x_wconf 88' lang='grc' dir='ltr'><strong>ὁ</strong></span> <span class='ocrx_word' id='word_1_348' title='bbox 1328 3047 1515 3119; x_wconf 77' lang='grc' dir='ltr'>Πατὴρ</span> <span class='ocrx_word' id='word_1_349' title='bbox 1548 3047 1609 3100; x_wconf 81' lang='grc' dir='ltr'><strong>οὐ</strong></span> <span class='ocrx_word' id='word_1_350' title='bbox 1642 3048 1969 3113; x_wconf 80' lang='grc' dir='ltr'>πρόσκειται</span> <span class='ocrx_word' id='word_1_351' title='bbox 1995 3065 2010 3111; x_wconf 86' lang='grc'><strong>;</strong></span> 
     </span>
    </p>
   </div>
   <div class='ocr_carea' id='block_1_48' title="bbox 435 3136 2013 3211">
    <p class='ocr_par' dir='ltr' id='par_1_48' title="bbox 435 3136 2013 3211">
     <span class='ocr_line' id='line_1_48' title="bbox 435 3136 2013 3211; baseline 0.005 -24"><span class='ocrx_word' id='word_1_352' title='bbox 435 3136 602 3189; x_wconf 79' lang='grc' dir='ltr'><strong>Ἀ).λά</strong></span> <span class='ocrx_word' id='word_1_353' title='bbox 628 3137 721 3190; x_wconf 73' lang='grc' dir='ltr'>καὶ</span> <span class='ocrx_word' id='word_1_354' title='bbox 750 3136 850 3207; x_wconf 76' lang='grc' dir='ltr'>τὴν</span> <span class='ocrx_word' id='word_1_355' title='bbox 872 3137 1235 3208; x_wconf 72' lang='grc' dir='ltr'>εὐαγγελικὴν</span> <span class='ocrx_word' id='word_1_356' title='bbox 1258 3139 1416 3209; x_wconf 78' lang='grc' dir='ltr'>ῥῆσιν</span> <span class='ocrx_word' id='word_1_357' title='bbox 1444 3139 1659 3210; x_wconf 72' lang='grc' dir='ltr'>ἐκείνην</span> <span class='ocrx_word' id='word_1_358' title='bbox 1686 3140 1803 3210; x_wconf 85' lang='grc' dir='ltr'>τὴν,</span> <span class='ocrx_word' id='word_1_359' title='bbox 1831 3142 2013 3211; x_wconf 77' lang='grc' dir='ltr'>«Ἦερὶ</span> 
     </span>
    </p>
   </div>
   <div class='ocr_carea' id='block_1_49' title="bbox 420 3227 2087 3323">
    <p class='ocr_par' dir='ltr' id='par_1_49' title="bbox 420 3227 2087 3323">
     <span class='ocr_line' id='line_1_49' title="bbox 420 3227 2087 3323; baseline 0.004 -41"><span class='ocrx_word' id='word_1_360' title='bbox 420 3230 528 3297; x_wconf 83' lang='grc' dir='ltr'>τῆς</span> <span class='ocrx_word' id='word_1_361' title='bbox 556 3228 767 3298; x_wconf 75' lang='grc' dir='ltr'>ἡμέρας</span> <span class='ocrx_word' id='word_1_362' title='bbox 798 3230 1014 3300; x_wconf 74' lang='grc' dir='ltr'>ἐκείνης</span> <span class='ocrx_word' id='word_1_363' title='bbox 1063 3231 1158 3285; x_wconf 75' lang='grc' dir='ltr'>καὶ</span> <span class='ocrx_word' id='word_1_364' title='bbox 1185 3230 1286 3301; x_wconf 86' lang='grc' dir='ltr'>τῆς</span> <span class='ocrx_word' id='word_1_365' title='bbox 1335 3230 1484 3302; x_wconf 82' lang='grc' dir='ltr'>ὥρας</span> <span class='ocrx_word' id='word_1_366' title='bbox 1522 3232 1633 3288; x_wconf 85' lang='grc' dir='ltr'>οὐδ’</span> <span class='ocrx_word' id='word_1_367' title='bbox 1680 3227 1761 3299; x_wconf 77' lang='grc' dir='ltr'>εἷς</span> <span class='ocrx_word' id='word_1_368' title='bbox 1789 3229 1928 3289; x_wconf 72' lang='grc' dir='ltr'>οἶδεν</span> <span class='ocrx_word' id='word_1_369' title='bbox 1958 3235 2006 3289; x_wconf 84' lang='grc' dir='ltr'><strong>εί</strong></span> <span class='ocrx_word' id='word_1_370' title='bbox 2041 3263 2087 3323; x_wconf 72' lang='lat' dir='ltr'>c</span> 
     </span>
    </p>
   </div>
   <div class='ocr_carea' id='block_1_50' title="bbox 425 3320 2009 3396">
    <p class='ocr_par' dir='ltr' id='par_1_50' title="bbox 425 3320 2009 3396">
     <span class='ocr_line' id='line_1_50' title="bbox 425 3320 2009 3396; baseline 0.005 -24"><span class='ocrx_word' id='word_1_371' title='bbox 425 3320 565 3389; x_wconf 58' lang='lat' dir='ltr'><strong>pth-6</strong></span> <span class='ocrx_word' id='word_1_372' title='bbox 591 3321 782 3391; x_wconf 77' lang='grc' dir='ltr'>Πατὴρ</span> <span class='ocrx_word' id='word_1_373' title='bbox 809 3323 991 3392; x_wconf 86' lang='grc' dir='ltr'>μόνος,</span> <span class='ocrx_word' id='word_1_374' title='bbox 1023 3340 1043 3374; x_wconf 73' lang='grc' dir='ltr'><strong>ι</strong></span> <span class='ocrx_word' id='word_1_375' title='bbox 1078 3324 1136 3375; x_wconf 85' lang='grc' dir='ltr'>ὲν</span> <span class='ocrx_word' id='word_1_376' title='bbox 1170 3322 1378 3395; x_wconf 82' lang='grc' dir='ltr'>ἰσχυρῷ</span> <span class='ocrx_word' id='word_1_377' title='bbox 1416 3323 1627 3378; x_wconf 80' lang='grc' dir='ltr'>τιθέασι</span> <span class='ocrx_word' id='word_1_378' title='bbox 1683 3325 1781 3396; x_wconf 81' lang='grc' dir='ltr'>τῆς</span> <span class='ocrx_word' id='word_1_379' title='bbox 1816 3325 2009 3380; x_wconf 77' lang='grc' dir='ltr'>ἀπολοο</span> 
     </span>
    </p>
   </div>
   <div class='ocr_carea' id='block_1_51' title="bbox 2111 2029 3699 2105">
    <p class='ocr_par' dir='ltr' id='par_1_51' title="bbox 2111 2029 3699 2105">
     <span class='ocr_line' id='line_1_51' title="bbox 2111 2029 3699 2105; baseline 0.004 -23"><span class='ocrx_word' id='word_1_380' title='bbox 2111 2030 2431 2101; x_wconf 78' lang='lat' dir='ltr'><strong>participem</strong></span> <span class='ocrx_word' id='word_1_381' title='bbox 2460 2045 2572 2088; x_wconf 88' lang='lat' dir='ltr'><strong>non</strong></span> <span class='ocrx_word' id='word_1_382' title='bbox 2602 2046 2725 2089; x_wconf 88' lang='lat' dir='ltr'><strong>esse</strong></span> <span class='ocrx_word' id='word_1_383' title='bbox 2758 2029 2982 2098; x_wconf 84' lang='lat' dir='ltr'><strong>Filium,</strong></span> <span class='ocrx_word' id='word_1_384' title='bbox 3011 2048 3149 2105; x_wconf 90' lang='lat' dir='ltr'><strong>quas</strong></span> <span class='ocrx_word' id='word_1_385' title='bbox 3184 2032 3336 2089; x_wconf 85' lang='lat' dir='ltr'><strong>Patri</strong></span> <span class='ocrx_word' id='word_1_386' title='bbox 3393 2033 3496 2090; x_wconf 90' lang='lat' dir='ltr'><strong>soli</strong></span> <span class='ocrx_word' id='word_1_387' title='bbox 3532 2033 3699 2104; x_wconf 84' lang='lat' dir='ltr'><strong>Apo--</strong></span> 
     </span>
    </p>
   </div>
   <div class='ocr_carea' id='block_1_52' title="bbox 2113 2118 3687 2190">
    <p class='ocr_par' dir='ltr' id='par_1_52' title="bbox 2113 2118 3687 2190">
     <span class='ocr_line' id='line_1_52' title="bbox 2113 2118 3687 2190; baseline 0.001 -15"><span class='ocrx_word' id='word_1_388' title='bbox 2113 2118 2293 2175; x_wconf 82' lang='lat' dir='ltr'><strong>Stolus</strong></span> <span class='ocrx_word' id='word_1_389' title='bbox 2327 2120 2383 2173; x_wconf 91' lang='lat' dir='ltr'><strong>in</strong></span> <span class='ocrx_word' id='word_1_390' title='bbox 2434 2118 2548 2190; x_wconf 73' lang='lat' dir='ltr'><strong>iam</strong></span> <span class='ocrx_word' id='word_1_391' title='bbox 2611 2119 2757 2175; x_wconf 88' lang='lat' dir='ltr'><strong>dicta</strong></span> <span class='ocrx_word' id='word_1_392' title='bbox 2791 2118 3059 2176; x_wconf 85' lang='lat' dir='ltr'><strong>incisione</strong></span> <span class='ocrx_word' id='word_1_393' title='bbox 3083 2121 3376 2177; x_wconf 76' lang='lat' dir='ltr'><strong>vcndicat?</strong></span> <span class='ocrx_word' id='word_1_394' title='bbox 3424 2118 3687 2177; x_wconf 82' lang='lat' dir='ltr'><strong>Similiter</strong></span> 
     </span>
    </p>
   </div>
   <div class='ocr_carea' id='block_1_53' title="bbox 2111 2208 3688 2284">
    <p class='ocr_par' dir='ltr' id='par_1_53' title="bbox 2111 2208 3688 2284">
     <span class='ocr_line' id='line_1_53' title="bbox 2111 2208 3688 2284; baseline 0.003 -20"><span class='ocrx_word' id='word_1_395' title='bbox 2111 2208 2238 2280; x_wconf 87' lang='lat' dir='ltr'><strong>quis</strong></span> <span class='ocrx_word' id='word_1_396' title='bbox 2264 2209 2519 2279; x_wconf 86' lang='lat' dir='ltr'><strong>spoliabit</strong></span> <span class='ocrx_word' id='word_1_397' title='bbox 2547 2208 2747 2265; x_wconf 86' lang='lat' dir='ltr'><strong>Filium</strong></span> <span class='ocrx_word' id='word_1_398' title='bbox 2779 2225 2868 2277; x_wconf 90' lang='lat' dir='ltr'><strong>ea,</strong></span> <span class='ocrx_word' id='word_1_399' title='bbox 2901 2226 3070 2281; x_wconf 88' lang='lat' dir='ltr'><strong>quam</strong></span> <span class='ocrx_word' id='word_1_400' title='bbox 3103 2210 3248 2267; x_wconf 80' lang='lat' dir='ltr'><strong>Patri</strong></span> <span class='ocrx_word' id='word_1_401' title='bbox 3295 2211 3396 2269; x_wconf 87' lang='lat' dir='ltr'><strong>soli</strong></span> <span class='ocrx_word' id='word_1_402' title='bbox 3452 2213 3688 2284; x_wconf 80' lang='lat' dir='ltr'><strong>Aposto-</strong></span> 
     </span>
    </p>
   </div>
   <div class='ocr_carea' id='block_1_54' title="bbox 2112 2299 3685 2369">
    <p class='ocr_par' dir='ltr' id='par_1_54' title="bbox 2112 2299 3685 2369">
     <span class='ocr_line' id='line_1_54' title="bbox 2112 2299 3685 2369; baseline 0.004 -17"><span class='ocrx_word' id='word_1_403' title='bbox 2112 2299 2197 2354; x_wconf 89' lang='lat' dir='ltr'><strong>lus</strong></span> <span class='ocrx_word' id='word_1_404' title='bbox 2246 2301 2442 2355; x_wconf 87' lang='lat' dir='ltr'><strong>astruit</strong></span> <span class='ocrx_word' id='word_1_405' title='bbox 2471 2300 2908 2368; x_wconf 85' lang='lat' dir='ltr'><strong>immortalitate,</strong></span> <span class='ocrx_word' id='word_1_406' title='bbox 2933 2313 2986 2358; x_wconf 85' lang='lat' dir='ltr'><strong>et</strong></span> <span class='ocrx_word' id='word_1_407' title='bbox 3022 2304 3405 2359; x_wconf 79' lang='lat' dir='ltr'><strong>inaccessibili</strong></span> <span class='ocrx_word' id='word_1_408' title='bbox 3455 2304 3685 2369; x_wconf 90' lang='lat' dir='ltr'><strong>lumine,</strong></span> 
     </span>
    </p>
   </div>
   <div class='ocr_carea' id='block_1_55' title="bbox 2114 2391 3683 2469">
    <p class='ocr_par' dir='ltr' id='par_1_55' title="bbox 2114 2391 3683 2469">
     <span class='ocr_line' id='line_1_55' title="bbox 2114 2391 3683 2469; baseline 0.003 -23"><span class='ocrx_word' id='word_1_409' title='bbox 2114 2391 2260 2462; x_wconf 80' lang='lat' dir='ltr'><strong>qUnd</strong></span> <span class='ocrx_word' id='word_1_410' title='bbox 2290 2393 2470 2448; x_wconf 84' lang='lat' dir='ltr'><strong>solum</strong></span> <span class='ocrx_word' id='word_1_411' title='bbox 2527 2394 2746 2450; x_wconf 86' lang='lat' dir='ltr'><strong>Patrem</strong></span> <span class='ocrx_word' id='word_1_412' title='bbox 2787 2395 3039 2452; x_wconf 79' lang='lat' dir='ltr'><strong>habitare</strong></span> <span class='ocrx_word' id='word_1_413' title='bbox 3088 2397 3387 2469; x_wconf 82' lang='lat' dir='ltr'><strong>Apostolus</strong></span> <span class='ocrx_word' id='word_1_414' title='bbox 3450 2398 3615 2454; x_wconf 82' lang='lat' dir='ltr'><strong>tradit</strong></span> <span class='ocrx_word' id='word_1_415' title='bbox 3657 2399 3683 2439; x_wconf 69' lang='grc' dir='ltr'><strong>ν</strong></span> 
     </span>
    </p>
   </div>
   <div class='ocr_carea' id='block_1_56' title="bbox 2114 2478 3683 2557">
    <p class='ocr_par' dir='ltr' id='par_1_56' title="bbox 2114 2478 3683 2557">
     <span class='ocr_line' id='line_1_56' title="bbox 2114 2478 3683 2557; baseline 0.003 -17"><span class='ocrx_word' id='word_1_416' title='bbox 2114 2484 2240 2541; x_wconf 78' lang='lat' dir='ltr'><strong>Haec</strong></span> <span class='ocrx_word' id='word_1_417' title='bbox 2272 2485 2417 2541; x_wconf 86' lang='lat' dir='ltr'><strong>dicta</strong></span> <span class='ocrx_word' id='word_1_418' title='bbox 2446 2486 2744 2557; x_wconf 87' lang='lat' dir='ltr'><strong>apostolica</strong></span> <span class='ocrx_word' id='word_1_419' title='bbox 2769 2478 3134 2557; x_wconf 73' lang='lat' dir='ltr'><strong>producentes</strong></span> <span class='ocrx_word' id='word_1_420' title='bbox 3164 2487 3281 2544; x_wconf 87' lang='lat' dir='ltr'><strong>Itali</strong></span> <span class='ocrx_word' id='word_1_421' title='bbox 3316 2489 3555 2545; x_wconf 83' lang='lat' dir='ltr'><strong>subdunt</strong></span> <span class='ocrx_word' id='word_1_422' title='bbox 3582 2505 3597 2544; x_wconf 89' lang='lat'><strong>:</strong></span> <span class='ocrx_word' id='word_1_423' title='bbox 3623 2490 3683 2545; x_wconf 90' lang='lat' dir='ltr'><strong>Si</strong></span> 
     </span>
    </p>
   </div>
   <div class='ocr_carea' id='block_1_57' title="bbox 2115 2568 3684 2650">
    <p class='ocr_par' dir='ltr' id='par_1_57' title="bbox 2115 2568 3684 2650">
     <span class='ocr_line' id='line_1_57' title="bbox 2115 2568 3684 2650; baseline 0.004 -19"><span class='ocrx_word' id='word_1_424' title='bbox 2115 2576 2205 2631; x_wconf 92' lang='lat' dir='ltr'><strong>hic</strong></span> <span class='ocrx_word' id='word_1_425' title='bbox 2233 2577 2323 2632; x_wconf 89' lang='lat' dir='ltr'><strong>ubi</strong></span> <span class='ocrx_word' id='word_1_426' title='bbox 2353 2591 2610 2649; x_wconf 72' lang='lat' dir='ltr'><strong>expresse</strong></span> <span class='ocrx_word' id='word_1_427' title='bbox 2634 2578 2778 2634; x_wconf 75' lang='lat' dir='ltr'><strong>solus</strong></span> <span class='ocrx_word' id='word_1_428' title='bbox 2809 2578 3135 2650; x_wconf 81' lang='lat' dir='ltr'><strong>exprimitur</strong></span> <span class='ocrx_word' id='word_1_429' title='bbox 3156 2579 3223 2635; x_wconf 91' lang='lat' dir='ltr'><strong>de</strong></span> <span class='ocrx_word' id='word_1_430' title='bbox 3277 2578 3460 2647; x_wconf 84' lang='lat' dir='ltr'><strong>Patre,</strong></span> <span class='ocrx_word' id='word_1_431' title='bbox 3515 2568 3684 2638; x_wconf 84' lang='lat' dir='ltr'><strong>Filius</strong></span> 
     </span>
    </p>
   </div>
   <div class='ocr_carea' id='block_1_58' title="bbox 2114 2668 3694 2743">
    <p class='ocr_par' dir='ltr' id='par_1_58' title="bbox 2114 2668 3694 2743">
     <span class='ocr_line' id='line_1_58' title="bbox 2114 2668 3694 2743; baseline 0.002 -17"><span class='ocrx_word' id='word_1_432' title='bbox 2114 2685 2144 2726; x_wconf 93' lang='lat' dir='ltr'><strong>a</strong></span> <span class='ocrx_word' id='word_1_433' title='bbox 2179 2668 2341 2725; x_wconf 86' lang='lat' dir='ltr'><strong>Patre</strong></span> <span class='ocrx_word' id='word_1_434' title='bbox 2364 2684 2475 2725; x_wconf 88' lang='lat' dir='ltr'><strong>non</strong></span> <span class='ocrx_word' id='word_1_435' title='bbox 2512 2678 2818 2741; x_wconf 87' lang='lat' dir='ltr'><strong>separatur,</strong></span> <span class='ocrx_word' id='word_1_436' title='bbox 2857 2670 3135 2743; x_wconf 88' lang='lat' dir='ltr'><strong>quomodo</strong></span> <span class='ocrx_word' id='word_1_437' title='bbox 3192 2687 3304 2728; x_wconf 89' lang='lat' dir='ltr'><strong>non</strong></span> <span class='ocrx_word' id='word_1_438' title='bbox 3343 2674 3505 2730; x_wconf 88' lang='lat' dir='ltr'><strong>simul</strong></span> <span class='ocrx_word' id='word_1_439' title='bbox 3530 2674 3694 2729; x_wconf 82' lang='lat' dir='ltr'><strong>intel-</strong></span> 
     </span>
    </p>
   </div>
   <div class='ocr_carea' id='block_1_59' title="bbox 2115 2760 3703 2836">
    <p class='ocr_par' dir='ltr' id='par_1_59' title="bbox 2115 2760 3703 2836">
     <span class='ocr_line' id='line_1_59' title="bbox 2115 2760 3703 2836; baseline 0.004 -20"><span class='ocrx_word' id='word_1_440' title='bbox 2115 2760 2316 2832; x_wconf 83' lang='lat' dir='ltr'><strong>ligetur</strong></span> <span class='ocrx_word' id='word_1_441' title='bbox 2350 2777 2475 2818; x_wconf 91' lang='lat' dir='ltr'><strong>cum</strong></span> <span class='ocrx_word' id='word_1_442' title='bbox 2491 2761 2655 2818; x_wconf 85' lang='lat' dir='ltr'><strong>Patre</strong></span> <span class='ocrx_word' id='word_1_443' title='bbox 2678 2767 2735 2818; x_wconf 89' lang='lat' dir='ltr'><strong>in</strong></span> <span class='ocrx_word' id='word_1_444' title='bbox 2757 2763 2887 2831; x_wconf 87' lang='lat' dir='ltr'><strong>illis,</strong></span> <span class='ocrx_word' id='word_1_445' title='bbox 2921 2765 2977 2819; x_wconf 89' lang='lat' dir='ltr'><strong>in</strong></span> <span class='ocrx_word' id='word_1_446' title='bbox 3004 2765 3206 2836; x_wconf 90' lang='lat' dir='ltr'><strong>quibus</strong></span> <span class='ocrx_word' id='word_1_447' title='bbox 3236 2766 3379 2821; x_wconf 80' lang='lat' dir='ltr'><strong>solus</strong></span> <span class='ocrx_word' id='word_1_448' title='bbox 3411 2766 3557 2822; x_wconf 85' lang='lat' dir='ltr'><strong>Patri</strong></span> <span class='ocrx_word' id='word_1_449' title='bbox 3577 2784 3703 2823; x_wconf 24' lang='lat' dir='ltr'><strong>non!</strong></span> 
     </span>
    </p>
   </div>
   <div class='ocr_carea' id='block_1_60' title="bbox 2114 2852 3693 2924">
    <p class='ocr_par' dir='ltr' id='par_1_60' title="bbox 2114 2852 3693 2924">
     <span class='ocr_line' id='line_1_60' title="bbox 2114 2852 3693 2924; baseline 0.004 -17"><span class='ocrx_word' id='word_1_450' title='bbox 2114 2852 2327 2924; x_wconf 71' lang='lat' dir='ltr'><strong>adiacet</strong></span> <span class='ocrx_word' id='word_1_451' title='bbox 2357 2854 2682 2909; x_wconf 67' lang='lat' dir='ltr'><strong>&#39;tPracterea</strong></span> <span class='ocrx_word' id='word_1_452' title='bbox 2722 2853 3100 2924; x_wconf 80' lang='lat' dir='ltr'><strong>evangelicum</strong></span> <span class='ocrx_word' id='word_1_453' title='bbox 3132 2855 3266 2911; x_wconf 90' lang='lat' dir='ltr'><strong>illud</strong></span> <span class='ocrx_word' id='word_1_454' title='bbox 3294 2856 3522 2922; x_wconf 88' lang='lat' dir='ltr'><strong>dictum,</strong></span> <span class='ocrx_word' id='word_1_455' title='bbox 3561 2857 3693 2913; x_wconf 67' lang='lat' dir='ltr'><strong>«De</strong></span> 
     </span>
    </p>
   </div>
   <div class='ocr_carea' id='block_1_61' title="bbox 2115 2944 3691 3015">
    <p class='ocr_par' dir='ltr' id='par_1_61' title="bbox 2115 2944 3691 3015">
     <span class='ocr_line' id='line_1_61' title="bbox 2115 2944 3691 3015; baseline 0.003 -14"><span class='ocrx_word' id='word_1_456' title='bbox 2115 2945 2204 3001; x_wconf 91' lang='lat' dir='ltr'><strong>die</strong></span> <span class='ocrx_word' id='word_1_457' title='bbox 2257 2944 2373 3013; x_wconf 89' lang='lat' dir='ltr'><strong>illo,</strong></span> <span class='ocrx_word' id='word_1_458' title='bbox 2413 2953 2469 3002; x_wconf 90' lang='lat' dir='ltr'><strong>et</strong></span> <span class='ocrx_word' id='word_1_459' title='bbox 2520 2945 2586 3002; x_wconf 90' lang='lat' dir='ltr'><strong>de</strong></span> <span class='ocrx_word' id='word_1_460' title='bbox 2625 2945 2763 3001; x_wconf 87' lang='lat' dir='ltr'><strong>hora</strong></span> <span class='ocrx_word' id='word_1_461' title='bbox 2810 2960 2971 3002; x_wconf 87' lang='lat' dir='ltr'><strong>nemo</strong></span> <span class='ocrx_word' id='word_1_462' title='bbox 3020 2949 3194 3015; x_wconf 84' lang='lat' dir='ltr'><strong>novit,</strong></span> <span class='ocrx_word' id='word_1_463' title='bbox 3223 2948 3325 3005; x_wconf 92' lang='lat' dir='ltr'><strong>nisi</strong></span> <span class='ocrx_word' id='word_1_464' title='bbox 3386 2945 3548 3005; x_wconf 85' lang='lat' dir='ltr'><strong>Pater</strong></span> <span class='ocrx_word' id='word_1_465' title='bbox 3595 2966 3691 3005; x_wconf 81' lang='lat' dir='ltr'><strong>so-</strong></span> 
     </span>
    </p>
   </div>
   <div class='ocr_carea' id='block_1_62' title="bbox 2113 3038 3689 3114">
    <p class='ocr_par' dir='ltr' id='par_1_62' title="bbox 2113 3038 3689 3114">
     <span class='ocr_line' id='line_1_62' title="bbox 2113 3038 3689 3114; baseline 0.001 -19"><span class='ocrx_word' id='word_1_466' title='bbox 2113 3038 2201 3095; x_wconf 86' lang='lat' dir='ltr'><strong>lus</strong></span> <span class='ocrx_word' id='word_1_467' title='bbox 2222 3039 2285 3105; x_wconf 79' lang='lat'><strong>&quot;,</strong></span> <span class='ocrx_word' id='word_1_468' title='bbox 2312 3058 2345 3091; x_wconf 56' lang='grc' dir='ltr'>»λ</span> <span class='ocrx_word' id='word_1_469' title='bbox 2372 3054 2480 3095; x_wconf 87' lang='lat' dir='ltr'><strong>non</strong></span> <span class='ocrx_word' id='word_1_470' title='bbox 2514 3039 2697 3097; x_wconf 89' lang='lat' dir='ltr'><strong>debile</strong></span> <span class='ocrx_word' id='word_1_471' title='bbox 2746 3039 3086 3096; x_wconf 81' lang='lat' dir='ltr'><strong>defensionis</strong></span> <span class='ocrx_word' id='word_1_472' title='bbox 3135 3057 3249 3098; x_wconf 84' lang='lat' dir='ltr'><strong>suae</strong></span> <span class='ocrx_word' id='word_1_473' title='bbox 3304 3053 3689 3114; x_wconf 83' lang='lat' dir='ltr'><strong>argumentum</strong></span> 
     </span>
    </p>
   </div>
   <div class='ocr_carea' id='block_1_63' title="bbox 2114 3132 3689 3213">
    <p class='ocr_par' dir='ltr' id='par_1_63' title="bbox 2114 3132 3689 3213">
     <span class='ocr_line' id='line_1_63' title="bbox 2114 3132 3689 3213; baseline 0.001 -26"><span class='ocrx_word' id='word_1_474' title='bbox 2114 3141 2448 3203; x_wconf 89' lang='lat' dir='ltr'><strong>proponunt.</strong></span> <span class='ocrx_word' id='word_1_475' title='bbox 2481 3132 2560 3187; x_wconf 81' lang='lat' dir='ltr'><strong>En</strong></span> <span class='ocrx_word' id='word_1_476' title='bbox 2619 3133 2788 3213; x_wconf 79' lang='lat' dir='ltr'><strong>enim,</strong></span> <span class='ocrx_word' id='word_1_477' title='bbox 2843 3133 3019 3199; x_wconf 87' lang='lat' dir='ltr'><strong>aiunt,</strong></span> <span class='ocrx_word' id='word_1_478' title='bbox 3058 3134 3175 3204; x_wconf 92' lang='lat' dir='ltr'><strong>ipse</strong></span> <span class='ocrx_word' id='word_1_479' title='bbox 3208 3133 3379 3191; x_wconf 79' lang='lat' dir='ltr'><strong>Filius</strong></span> <span class='ocrx_word' id='word_1_480' title='bbox 3432 3142 3539 3199; x_wconf 89' lang='lat' dir='ltr'><strong>est,</strong></span> <span class='ocrx_word' id='word_1_481' title='bbox 3594 3135 3689 3204; x_wconf 88' lang='lat' dir='ltr'><strong>qui</strong></span> 
     </span>
    </p>
   </div>
   <div class='ocr_carea' id='block_1_64' title="bbox 2118 3224 3694 3298">
    <p class='ocr_par' dir='ltr' id='par_1_64' title="bbox 2118 3224 3694 3298">
     <span class='ocr_line' id='line_1_64' title="bbox 2118 3224 3694 3298; baseline 0 -17"><span class='ocrx_word' id='word_1_482' title='bbox 2118 3225 2470 3288; x_wconf 84' lang='lat' dir='ltr'><strong>dicit,solum</strong></span> <span class='ocrx_word' id='word_1_483' title='bbox 2526 3225 2744 3281; x_wconf 84' lang='lat' dir='ltr'><strong>Patrem</strong></span> <span class='ocrx_word' id='word_1_484' title='bbox 2773 3224 2937 3282; x_wconf 90' lang='lat' dir='ltr'><strong>scire.</strong></span> <span class='ocrx_word' id='word_1_485' title='bbox 2974 3224 3079 3281; x_wconf 82' lang='lat' dir='ltr'><strong>Sed</strong></span> <span class='ocrx_word' id='word_1_486' title='bbox 3128 3226 3277 3298; x_wconf 85' lang='lat' dir='ltr'><strong>quod</strong></span> <span class='ocrx_word' id='word_1_487' title='bbox 3313 3226 3416 3283; x_wconf 91' lang='lat' dir='ltr'><strong>sibi</strong></span> <span class='ocrx_word' id='word_1_488' title='bbox 3477 3225 3579 3294; x_wconf 84' lang='lat' dir='ltr'><strong>ipsi</strong></span> <span class='ocrx_word' id='word_1_489' title='bbox 3632 3237 3694 3281; x_wconf 86' lang='lat' dir='ltr'><strong>ut.</strong></span> 
     </span>
    </p>
   </div>
   <div class='ocr_carea' id='block_1_65' title="bbox 2120 3314 3691 3388">
    <p class='ocr_par' dir='ltr' id='par_1_65' title="bbox 2120 3314 3691 3388">
     <span class='ocr_line' id='line_1_65' title="bbox 2120 3314 3691 3388; baseline -0.001 -16"><span class='ocrx_word' id='word_1_490' title='bbox 2120 3315 2323 3372; x_wconf 87' lang='lat' dir='ltr'><strong>homini</strong></span> <span class='ocrx_word' id='word_1_491' title='bbox 2356 3314 2629 3385; x_wconf 72' lang='lat' dir='ltr'><strong>abiectum</strong></span> <span class='ocrx_word' id='word_1_492' title='bbox 2665 3315 2986 3387; x_wconf 64' lang='lat' dir='ltr'><strong>ignorantiae</strong></span> <span class='ocrx_word' id='word_1_493' title='bbox 3013 3316 3278 3388; x_wconf 86' lang='lat' dir='ltr'><strong>appingit,</strong></span> <span class='ocrx_word' id='word_1_494' title='bbox 3322 3323 3482 3371; x_wconf 86' lang='lat' dir='ltr'><strong>suam</strong></span> <span class='ocrx_word' id='word_1_495' title='bbox 3516 3316 3691 3387; x_wconf 81' lang='lat' dir='ltr'><strong>ipsius</strong></span> 
     </span>
    </p>
   </div>
   <div class='ocr_carea' id='block_1_66' title="bbox 421 3408 2011 3484">
    <p class='ocr_par' dir='ltr' id='par_1_66' title="bbox 421 3410 2011 3484">
     <span class='ocr_line' id='line_1_66' title="bbox 421 3410 2011 3484; baseline 0.004 -23"><span class='ocrx_word' id='word_1_496' title='bbox 421 3410 553 3476; x_wconf 79' lang='grc' dir='ltr'>γίας</span> <span class='ocrx_word' id='word_1_497' title='bbox 592 3411 794 3464; x_wconf 84' lang='grc' dir='ltr'>αὐτῶν.</span> <span class='ocrx_word' id='word_1_498' title='bbox 838 3413 974 3467; x_wconf 82' lang='grc' dir='ltr'><strong>Ἰδοὺ</strong></span> <span class='ocrx_word' id='word_1_499' title='bbox 1016 3417 1125 3484; x_wconf 79' lang='grc' dir='ltr'>γὰρ</span> <span class='ocrx_word' id='word_1_500' title='bbox 1168 3414 1330 3477; x_wconf 85' lang='grc' dir='ltr'>αὐτός</span> <span class='ocrx_word' id='word_1_501' title='bbox 1386 3416 1538 3477; x_wconf 83' lang='grc' dir='ltr'>ὲστι,</span> <span class='ocrx_word' id='word_1_502' title='bbox 1573 3414 1813 3484; x_wconf 68' lang='grc' dir='ltr'>φασὶν,6</span> <span class='ocrx_word' id='word_1_503' title='bbox 1838 3414 2011 3483; x_wconf 77' lang='grc' dir='ltr'>λέγων</span> 
     </span>
    </p>
   </div>
   <div class='ocr_carea' id='block_1_67' title="bbox 2111 3408 3689 3484">
    <p class='ocr_par' dir='ltr' id='par_1_67' title="bbox 2115 3408 3689 3480">
     <span class='ocr_line' id='line_1_67' title="bbox 2115 3408 3689 3480; baseline 0.002 -15"><span class='ocrx_word' id='word_1_504' title='bbox 2115 3408 2424 3466; x_wconf 77' lang='lat' dir='ltr'><strong>nataralem</strong></span> <span class='ocrx_word' id='word_1_505' title='bbox 2454 3411 2714 3464; x_wconf 86' lang='lat' dir='ltr'><strong>unionem</strong></span> <span class='ocrx_word' id='word_1_506' title='bbox 2749 3423 2871 3463; x_wconf 93' lang='lat' dir='ltr'><strong>cum</strong></span> <span class='ocrx_word' id='word_1_507' title='bbox 2903 3408 3066 3464; x_wconf 88' lang='lat' dir='ltr'><strong>Patre</strong></span> <span class='ocrx_word' id='word_1_508' title='bbox 3095 3409 3385 3480; x_wconf 90' lang='lat' dir='ltr'><strong>concipere</strong></span> <span class='ocrx_word' id='word_1_509' title='bbox 3413 3409 3689 3468; x_wconf 78' lang='lat' dir='ltr'><strong>concedit.</strong></span> 
     </span>
    </p>
   </div>
   <div class='ocr_carea' id='block_1_68' title="bbox 424 3490 2011 3577">
    <p class='ocr_par' dir='ltr' id='par_1_68' title="bbox 424 3500 2011 3577">
     <span class='ocr_line' id='line_1_68' title="bbox 424 3500 2011 3577; baseline 0.004 -25"><span class='ocrx_word' id='word_1_510' title='bbox 424 3500 559 3562; x_wconf 70' lang='grc' dir='ltr'>Υἱὸς</span> <span class='ocrx_word' id='word_1_511' title='bbox 598 3500 759 3569; x_wconf 86' lang='grc' dir='ltr'>μόνον</span> <span class='ocrx_word' id='word_1_512' title='bbox 783 3502 872 3555; x_wconf 82' lang='grc' dir='ltr'>τὸν</span> <span class='ocrx_word' id='word_1_513' title='bbox 902 3503 1121 3574; x_wconf 78' lang='grc' dir='ltr'>Πατέρα</span> <span class='ocrx_word' id='word_1_514' title='bbox 1145 3503 1367 3559; x_wconf 71' lang='grc' dir='ltr'>εἰδέναι.</span> <span class='ocrx_word' id='word_1_515' title='bbox 1423 3505 1566 3558; x_wconf 82' lang='grc' dir='ltr'>Ἀλλ’</span> <span class='ocrx_word' id='word_1_516' title='bbox 1589 3507 1671 3559; x_wconf 85' lang='grc' dir='ltr'>ὄτι</span> <span class='ocrx_word' id='word_1_517' title='bbox 1700 3505 1779 3577; x_wconf 79' lang='grc' dir='ltr'><strong>τῷ</strong></span> <span class='ocrx_word' id='word_1_518' title='bbox 1802 3504 2011 3576; x_wconf 80' lang='grc' dir='ltr'>ἀνθρω-</span> 
     </span>
    </p>
   </div>
   <div class='ocr_carea' id='block_1_69' title="bbox 2111 3490 3717 3577">
    <p class='ocr_par' dir='ltr' id='par_1_69' title="bbox 2116 3490 3717 3571">
     <span class='ocr_line' id='line_1_69' title="bbox 2116 3490 3717 3571; baseline -0.002 -15"><span class='ocrx_word' id='word_1_519' title='bbox 2116 3499 2348 3570; x_wconf 74' lang='grc' dir='ltr'>ίηᾱοίιιιο</span> <span class='ocrx_word' id='word_1_520' title='bbox 2383 3508 2546 3556; x_wconf 77' lang='lat' dir='ltr'><strong>unam</strong></span> <span class='ocrx_word' id='word_1_521' title='bbox 2582 3509 2634 3555; x_wconf 87' lang='lat' dir='ltr'><strong>et</strong></span> <span class='ocrx_word' id='word_1_522' title='bbox 2666 3490 2845 3555; x_wconf 83' lang='lat' dir='ltr'><strong>Patris</strong></span> <span class='ocrx_word' id='word_1_523' title='bbox 2901 3508 2955 3555; x_wconf 87' lang='lat' dir='ltr'><strong>et</strong></span> <span class='ocrx_word' id='word_1_524' title='bbox 2993 3497 3116 3555; x_wconf 82' lang='lat' dir='ltr'><strong>Filii</strong></span> <span class='ocrx_word' id='word_1_525' title='bbox 3150 3499 3544 3571; x_wconf 81' lang='lat' dir='ltr'><strong>cdgnitionem.</strong></span> <span class='ocrx_word' id='word_1_526' title='bbox 3570 3496 3717 3565; x_wconf 86' lang='lat' dir='ltr'><strong>Quo-</strong></span> 
     </span>
    </p>
   </div>
   <div class='ocr_carea' id='block_1_70' title="bbox 356 3591 2011 3668">
    <p class='ocr_par' dir='ltr' id='par_1_70' title="bbox 356 3592 2002 3668">
     <span class='ocr_line' id='line_1_70' title="bbox 356 3592 2002 3668; baseline 0.004 -24"><span class='ocrx_word' id='word_1_527' title='bbox 356 3646 371 3654; x_wconf 56' lang='lat'><strong>,</strong></span> <span class='ocrx_word' id='word_1_528' title='bbox 425 3592 573 3662; x_wconf 83' lang='grc' dir='ltr'>πίνῳ</span> <span class='ocrx_word' id='word_1_529' title='bbox 597 3593 789 3647; x_wconf 77' lang='grc' dir='ltr'>ἑαυτοῦ</span> <span class='ocrx_word' id='word_1_530' title='bbox 839 3593 901 3647; x_wconf 81' lang='grc' dir='ltr'>τὸ</span> <span class='ocrx_word' id='word_1_531' title='bbox 958 3595 1057 3665; x_wconf 81' lang='grc' dir='ltr'>τῆς</span> <span class='ocrx_word' id='word_1_532' title='bbox 1107 3595 1330 3663; x_wconf 79' lang='grc' dir='ltr'>ἀγνοίας</span> <span class='ocrx_word' id='word_1_533' title='bbox 1359 3597 1611 3650; x_wconf 79' lang='grc' dir='ltr'>ταπεινὸν</span> <span class='ocrx_word' id='word_1_534' title='bbox 1667 3597 2002 3668; x_wconf 77' lang='grc' dir='ltr'>προσάπτει,</span> 
     </span>
    </p>
   </div>
   <div class='ocr_carea' id='block_1_71' title="bbox 2111 3591 3689 3668">
    <p class='ocr_par' dir='ltr' id='par_1_71' title="bbox 2114 3591 3689 3666">
     <span class='ocr_line' id='line_1_71' title="bbox 2114 3591 3689 3666; baseline -0.003 -16"><span class='ocrx_word' id='word_1_535' title='bbox 2114 3594 2440 3666; x_wconf 79' lang='lat' dir='ltr'><strong>evangelico</strong></span> <span class='ocrx_word' id='word_1_536' title='bbox 2498 3594 2646 3649; x_wconf 88' lang='lat' dir='ltr'><strong>dicto</strong></span> <span class='ocrx_word' id='word_1_537' title='bbox 2682 3593 2869 3649; x_wconf 90' lang='lat' dir='ltr'><strong>animo</strong></span> <span class='ocrx_word' id='word_1_538' title='bbox 2902 3607 3118 3656; x_wconf 88' lang='lat' dir='ltr'><strong>eorum,</strong></span> <span class='ocrx_word' id='word_1_539' title='bbox 3177 3591 3272 3663; x_wconf 91' lang='lat' dir='ltr'><strong>qui</strong></span> <span class='ocrx_word' id='word_1_540' title='bbox 3324 3591 3689 3663; x_wconf 74' lang='lat' dir='ltr'><strong>amplexatuii</strong></span> 
     </span>
    </p>
   </div>
   <div class='ocr_carea' id='block_1_72' title="bbox 421 3683 2011 3761">
    <p class='ocr_par' dir='ltr' id='par_1_72' title="bbox 421 3683 2007 3761">
     <span class='ocr_line' id='line_1_72' title="bbox 421 3683 2007 3761; baseline 0.004 -25"><span class='ocrx_word' id='word_1_541' title='bbox 421 3683 623 3755; x_wconf 69' lang='grc' dir='ltr'>ἀςρίητι</span> <span class='ocrx_word' id='word_1_542' title='bbox 650 3687 788 3738; x_wconf 69' lang='grc' dir='ltr'>νοεῖν</span> <span class='ocrx_word' id='word_1_543' title='bbox 820 3687 923 3753; x_wconf 79' lang='grc' dir='ltr'>τὴν</span> <span class='ocrx_word' id='word_1_544' title='bbox 945 3689 1081 3754; x_wconf 83' lang='grc' dir='ltr'>μετὰ</span> <span class='ocrx_word' id='word_1_545' title='bbox 1112 3688 1322 3760; x_wconf 79' lang='grc' dir='ltr'>Πατρὸς</span> <span class='ocrx_word' id='word_1_546' title='bbox 1365 3687 1598 3761; x_wconf 75' lang='grc' dir='ltr'>φυσικὴν</span> <span class='ocrx_word' id='word_1_547' title='bbox 1624 3688 1788 3742; x_wconf 83' lang='grc' dir='ltr'>αὐτοῦ</span> <span class='ocrx_word' id='word_1_548' title='bbox 1818 3689 2007 3760; x_wconf 74' lang='grc' dir='ltr'>ἑνότη-</span> 
     </span>
    </p>
   </div>
   <div class='ocr_carea' id='block_1_73' title="bbox 2111 3683 3695 3761">
    <p class='ocr_par' dir='ltr' id='par_1_73' title="bbox 2118 3684 3695 3756">
     <span class='ocr_line' id='line_1_73' title="bbox 2118 3684 3695 3756; baseline -0.003 -14"><span class='ocrx_word' id='word_1_549' title='bbox 2118 3695 2277 3742; x_wconf 88' lang='lat' dir='ltr'><strong>erant</strong></span> <span class='ocrx_word' id='word_1_550' title='bbox 2322 3686 2597 3755; x_wconf 79' lang='lat' dir='ltr'><strong>pietatem,</strong></span> <span class='ocrx_word' id='word_1_551' title='bbox 2635 3684 2904 3741; x_wconf 82' lang='lat' dir='ltr'><strong>naturalis</strong></span> <span class='ocrx_word' id='word_1_552' title='bbox 2941 3685 3162 3741; x_wconf 91' lang='lat' dir='ltr'><strong>unionis</strong></span> <span class='ocrx_word' id='word_1_553' title='bbox 3204 3684 3569 3756; x_wconf 85' lang='lat' dir='ltr'><strong>cognitionem</strong></span> <span class='ocrx_word' id='word_1_554' title='bbox 3613 3686 3695 3739; x_wconf 74' lang='lat' dir='ltr'><strong>in-</strong></span> 
     </span>
    </p>
   </div>
   <div class='ocr_carea' id='block_1_74' title="bbox 420 3776 2011 3852">
    <p class='ocr_par' dir='ltr' id='par_1_74' title="bbox 420 3779 2007 3852">
     <span class='ocr_line' id='line_1_74' title="bbox 420 3779 2007 3852; baseline 0.002 -21"><span class='ocrx_word' id='word_1_555' title='bbox 420 3795 517 3839; x_wconf 85' lang='grc' dir='ltr'>τα.</span> <span class='ocrx_word' id='word_1_556' title='bbox 546 3780 637 3832; x_wconf 68' lang='grc' dir='ltr'>καὶ.</span> <span class='ocrx_word' id='word_1_557' title='bbox 691 3779 790 3850; x_wconf 74' lang='grc' dir='ltr'>τὴν</span> <span class='ocrx_word' id='word_1_558' title='bbox 820 3779 1074 3833; x_wconf 75' lang='grc' dir='ltr'>ἐντεῦθεν</span> <span class='ocrx_word' id='word_1_559' title='bbox 1134 3781 1262 3851; x_wconf 86' lang='grc' dir='ltr'>μίαν</span> <span class='ocrx_word' id='word_1_560' title='bbox 1300 3782 1502 3849; x_wconf 78' lang='grc' dir='ltr'>γνῶσιν</span> <span class='ocrx_word' id='word_1_561' title='bbox 1532 3780 1623 3835; x_wconf 86' lang='grc' dir='ltr'><strong>τοῦ</strong></span> <span class='ocrx_word' id='word_1_562' title='bbox 1651 3780 1865 3852; x_wconf 83' lang='grc' dir='ltr'>Πατρδς</span> <span class='ocrx_word' id='word_1_563' title='bbox 1911 3781 2007 3834; x_wconf 58' lang='grc' dir='ltr'><strong>καὶ⁵</strong></span> 
     </span>
    </p>
   </div>
   <div class='ocr_carea' id='block_1_75' title="bbox 2111 3776 3707 3852">
    <p class='ocr_par' dir='ltr' id='par_1_75' title="bbox 2119 3776 3707 3849">
     <span class='ocr_line' id='line_1_75' title="bbox 2119 3776 3707 3849; baseline -0.001 -15"><span class='ocrx_word' id='word_1_564' title='bbox 2119 3779 2378 3835; x_wconf 70' lang='lat' dir='ltr'><strong>sinuavit.</strong></span> <span class='ocrx_word' id='word_1_565' title='bbox 2422 3776 2720 3847; x_wconf 82' lang='lat' dir='ltr'><strong>Cuiusnam</strong></span> <span class='ocrx_word' id='word_1_566' title='bbox 2766 3793 2892 3834; x_wconf 81' lang='lat' dir='ltr'><strong>vero</strong></span> <span class='ocrx_word' id='word_1_567' title='bbox 2944 3777 3319 3834; x_wconf 76' lang='lat' dir='ltr'><strong>dirti?‘illius</strong></span> <span class='ocrx_word' id='word_1_568' title='bbox 3352 3796 3368 3835; x_wconf 89' lang='lat'><strong>:</strong></span> <span class='ocrx_word' id='word_1_569' title='bbox 3406 3797 3422 3832; x_wconf 83' lang='grc' dir='ltr'><strong>ι</strong></span> <span class='ocrx_word' id='word_1_570' title='bbox 3458 3778 3571 3849; x_wconf 83' lang='lat' dir='ltr'><strong>Ego</strong></span> <span class='ocrx_word' id='word_1_571' title='bbox 3629 3787 3707 3833; x_wconf 85' lang='lat' dir='ltr'><strong>et.</strong></span> 
     </span>
    </p>
   </div>
   <div class='ocr_carea' id='block_1_76' title="bbox 422 3866 2011 3945">
    <p class='ocr_par' dir='ltr' id='par_1_76' title="bbox 422 3866 2007 3945">
     <span class='ocr_line' id='line_1_76' title="bbox 422 3866 2007 3945; baseline 0.001 -21"><span class='ocrx_word' id='word_1_572' title='bbox 422 3871 613 3931; x_wconf 73' lang='grc' dir='ltr'>αὐτοῦ.</span> <span class='ocrx_word' id='word_1_573' title='bbox 668 3871 788 3939; x_wconf 81' lang='grc' dir='ltr'><strong>Ἀφ’</strong></span> <span class='ocrx_word' id='word_1_574' title='bbox 833 3866 1003 3941; x_wconf 72' lang='grc' dir='ltr'>οὗπερ</span> <span class='ocrx_word' id='word_1_575' title='bbox 1050 3871 1411 3941; x_wconf 79' lang='grc' dir='ltr'>εὐαγγελικοῦ</span> <span class='ocrx_word' id='word_1_576' title='bbox 1469 3872 1636 3945; x_wconf 85' lang='grc' dir='ltr'>ῥητοῦ</span> <span class='ocrx_word' id='word_1_577' title='bbox 1682 3875 1747 3945; x_wconf 74' lang='grc' dir='ltr'><strong>τῇ</strong></span> <span class='ocrx_word' id='word_1_578' title='bbox 1800 3871 2007 3944; x_wconf 72' lang='grc' dir='ltr'>διανοίᾳ</span> 
     </span>
    </p>
   </div>
   <div class='ocr_carea' id='block_1_77' title="bbox 2111 3866 3692 3945">
    <p class='ocr_par' dir='ltr' id='par_1_77' title="bbox 2121 3867 3692 3941">
     <span class='ocr_line' id='line_1_77' title="bbox 2121 3867 3692 3941; baseline -0.001 -15"><span class='ocrx_word' id='word_1_579' title='bbox 2121 3870 2287 3926; x_wconf 87' lang='lat' dir='ltr'><strong>Pater</strong></span> <span class='ocrx_word' id='word_1_580' title='bbox 2312 3884 2479 3925; x_wconf 90' lang='lat' dir='ltr'><strong>unum</strong></span> <span class='ocrx_word' id='word_1_581' title='bbox 2506 3885 2701 3926; x_wconf 89' lang='lat' dir='ltr'><strong>sumus</strong></span> <span class='ocrx_word' id='word_1_582' title='bbox 2725 3870 2793 3924; x_wconf 84' lang='grc'><strong>¹¹.</strong></span> <span class='ocrx_word' id='word_1_583' title='bbox 2843 3888 2864 3923; x_wconf 70' lang='grc' dir='ltr'><strong>ι</strong></span> <span class='ocrx_word' id='word_1_584' title='bbox 2909 3867 3017 3925; x_wconf 88' lang='lat' dir='ltr'><strong>Sed</strong></span> <span class='ocrx_word' id='word_1_585' title='bbox 3056 3871 3169 3937; x_wconf 84' lang='lat' dir='ltr'><strong>jam</strong></span> <span class='ocrx_word' id='word_1_586' title='bbox 3216 3879 3433 3941; x_wconf 84' lang='lat' dir='ltr'><strong>tempus</strong></span> <span class='ocrx_word' id='word_1_587' title='bbox 3477 3880 3561 3926; x_wconf 90' lang='lat' dir='ltr'><strong>est</strong></span> <span class='ocrx_word' id='word_1_588' title='bbox 3594 3885 3692 3939; x_wconf 85' lang='lat' dir='ltr'><strong>po-</strong></span> 
     </span>
    </p>
   </div>
   <div class='ocr_carea' id='block_1_78' title="bbox 421 3960 2011 4038">
    <p class='ocr_par' dir='ltr' id='par_1_78' title="bbox 421 3961 2008 4038">
     <span class='ocr_line' id='line_1_78' title="bbox 421 3961 2008 4038; baseline 0.003 -24"><span class='ocrx_word' id='word_1_589' title='bbox 421 3961 537 4015; x_wconf 83' lang='grc' dir='ltr'>τῶν</span> <span class='ocrx_word' id='word_1_590' title='bbox 571 3962 873 4032; x_wconf 74' lang='grc' dir='ltr'>μελλόντων</span> <span class='ocrx_word' id='word_1_591' title='bbox 908 3963 1006 4035; x_wconf 80' lang='grc' dir='ltr'>τὴν</span> <span class='ocrx_word' id='word_1_592' title='bbox 1056 3964 1343 4020; x_wconf 71' lang='grc' dir='ltr'>εὐσέϐειαν</span> <span class='ocrx_word' id='word_1_593' title='bbox 1371 3963 1725 4037; x_wconf 76' lang='grc' dir='ltr'>ὑποδέχεσθαι</span> <span class='ocrx_word' id='word_1_594' title='bbox 1778 3965 1878 4038; x_wconf 81' lang='grc' dir='ltr'>τὴν</span> <span class='ocrx_word' id='word_1_595' title='bbox 1904 3963 2008 4035; x_wconf 73' lang='grc' dir='ltr'>τῆς</span> 
     </span>
    </p>
   </div>
   <div class='ocr_carea' id='block_1_79' title="bbox 2111 3960 3691 4038">
    <p class='ocr_par' dir='ltr' id='par_1_79' title="bbox 2115 3960 3691 4032">
     <span class='ocr_line' id='line_1_79' title="bbox 2115 3960 3691 4032; baseline -0.003 -13"><span class='ocrx_word' id='word_1_596' title='bbox 2115 3971 2320 4020; x_wconf 88' lang='lat' dir='ltr'><strong>strema</strong></span> <span class='ocrx_word' id='word_1_597' title='bbox 2342 3961 2522 4017; x_wconf 89' lang='lat' dir='ltr'><strong>Photii</strong></span> <span class='ocrx_word' id='word_1_598' title='bbox 2558 3960 2724 4016; x_wconf 67' lang='lat' dir='ltr'><strong>verba</strong></span> <span class='ocrx_word' id='word_1_599' title='bbox 2745 3960 3119 4017; x_wconf 79' lang='lat' dir='ltr'><strong>examinandi.</strong></span> <span class='ocrx_word' id='word_1_600' title='bbox 3146 3960 3397 4032; x_wconf 84' lang='lat' dir='ltr'><strong>Namque</strong></span> <span class='ocrx_word' id='word_1_601' title='bbox 3441 3961 3531 4017; x_wconf 86' lang='lat' dir='ltr'><strong>ille</strong></span> <span class='ocrx_word' id='word_1_602' title='bbox 3561 3976 3691 4017; x_wconf 85' lang='lat' dir='ltr'><strong>cum</strong></span> 
     </span>
    </p>
   </div>
   <div class='ocr_carea' id='block_1_80' title="bbox 423 4042 2011 4128">
    <p class='ocr_par' dir='ltr' id='par_1_80' title="bbox 423 4055 2007 4128">
     <span class='ocr_line' id='line_1_80' title="bbox 423 4055 2007 4128; baseline 0.004 -22"><span class='ocrx_word' id='word_1_603' title='bbox 423 4056 664 4123; x_wconf 76' lang='grc' dir='ltr'>φυσικῆς</span> <span class='ocrx_word' id='word_1_604' title='bbox 719 4055 968 4127; x_wconf 73' lang='grc' dir='ltr'>ἐνὸτητος</span> <span class='ocrx_word' id='word_1_605' title='bbox 1000 4056 1403 4128; x_wconf 68' lang='grc' dir='ltr'>ίγκατέστησεν</span> <span class='ocrx_word' id='word_1_606' title='bbox 1430 4057 1659 4111; x_wconf 67' lang='grc' dir='ltr'>ἔννοιαν.</span> <span class='ocrx_word' id='word_1_607' title='bbox 1694 4056 1853 4112; x_wconf 87' lang='grc' dir='ltr'>Ποίου</span> <span class='ocrx_word' id='word_1_608' title='bbox 1885 4058 2007 4112; x_wconf 80' lang='grc' dir='ltr'>τού-</span> 
     </span>
    </p>
   </div>
   <div class='ocr_carea' id='block_1_81' title="bbox 2111 4042 3370 4128">
    <p class='ocr_par' dir='ltr' id='par_1_81' title="bbox 2114 4042 3370 4125">
     <span class='ocr_line' id='line_1_81' title="bbox 2114 4042 3370 4125; baseline -0.002 -14"><span class='ocrx_word' id='word_1_609' title='bbox 2114 4056 2180 4111; x_wconf 86' lang='lat' dir='ltr'><strong>ad</strong></span> <span class='ocrx_word' id='word_1_610' title='bbox 2214 4066 2403 4111; x_wconf 89' lang='lat' dir='ltr'><strong>eorum</strong></span> <span class='ocrx_word' id='word_1_611' title='bbox 2435 4042 2598 4108; x_wconf 83' lang='lat' dir='ltr'><strong>tinem</strong></span> <span class='ocrx_word' id='word_1_612' title='bbox 2628 4053 2985 4125; x_wconf 83' lang='lat' dir='ltr'><strong>pervenisset,</strong></span> <span class='ocrx_word' id='word_1_613' title='bbox 3019 4054 3135 4111; x_wconf 79' lang='lat' dir='ltr'><strong>haec</strong></span> <span class='ocrx_word' id='word_1_614' title='bbox 3166 4055 3370 4110; x_wconf 83' lang='lat' dir='ltr'><strong>habet:</strong></span> 
     </span>
    </p>
   </div>
   <div class='ocr_carea' id='block_1_82' title="bbox 421 4149 3690 4226">
    <p class='ocr_par' dir='ltr' id='par_1_82' title="bbox 421 4149 3690 4226">
     <span class='ocr_line' id='line_1_82' title="bbox 421 4149 3690 4226; baseline -0 -22"><span class='ocrx_word' id='word_1_615' title='bbox 421 4168 522 4205; x_wconf 84' lang='grc' dir='ltr'><strong>του</strong></span> <span class='ocrx_word' id='word_1_616' title='bbox 552 4152 759 4225; x_wconf 84' lang='grc' dir='ltr'>ῥητοῦ;</span> <span class='ocrx_word' id='word_1_617' title='bbox 792 4153 911 4217; x_wconf 85' lang='grc' dir='ltr'>τοῦ,</span> <span class='ocrx_word' id='word_1_618' title='bbox 967 4171 988 4206; x_wconf 76' lang='grc' dir='ltr'><strong>ι</strong></span> <span class='ocrx_word' id='word_1_619' title='bbox 1037 4152 1177 4223; x_wconf 82' lang='grc' dir='ltr'>Ἐγὼ</span> <span class='ocrx_word' id='word_1_620' title='bbox 1221 4156 1312 4208; x_wconf 79' lang='grc' dir='ltr'>καὶ</span> <span class='ocrx_word' id='word_1_621' title='bbox 1356 4155 1386 4208; x_wconf 86' lang='lat'><strong>6</strong></span> <span class='ocrx_word' id='word_1_622' title='bbox 1433 4154 1624 4226; x_wconf 79' lang='grc' dir='ltr'>Πατὴρ</span> <span class='ocrx_word' id='word_1_623' title='bbox 1664 4153 1724 4207; x_wconf 84' lang='grc' dir='ltr'><strong>’ἐν</strong></span> <span class='ocrx_word' id='word_1_624' title='bbox 1753 4156 1943 4225; x_wconf 79' lang='grc' dir='ltr'>ἐσμεν.</span> <span class='ocrx_word' id='word_1_625' title='bbox 1979 4173 1997 4207; x_wconf 76' lang='grc' dir='ltr'><strong>ι</strong></span> <span class='ocrx_word' id='word_1_626' title='bbox 2046 4151 2247 4226; x_wconf 78' lang='grc' dir='ltr'>Καιρός</span> <span class='ocrx_word' id='word_1_627' title='bbox 2305 4152 2423 4205; x_wconf 73' lang='grc' dir='ltr'>ἐστι</span> <span class='ocrx_word' id='word_1_628' title='bbox 2455 4149 2642 4205; x_wconf 77' lang='grc' dir='ltr'>λοιπὸν</span> <span class='ocrx_word' id='word_1_629' title='bbox 2664 4151 2761 4206; x_wconf 71' lang='grc' dir='ltr'><strong>ἐπὶ</strong></span> <span class='ocrx_word' id='word_1_630' title='bbox 2785 4152 2857 4207; x_wconf 81' lang='grc' dir='ltr'>τὰ</span> <span class='ocrx_word' id='word_1_631' title='bbox 2878 4151 3161 4207; x_wconf 79' lang='grc' dir='ltr'>τελευταῖα</span> <span class='ocrx_word' id='word_1_632' title='bbox 3227 4150 3339 4206; x_wconf 86' lang='grc' dir='ltr'><strong>τῶν</strong></span> <span class='ocrx_word' id='word_1_633' title='bbox 3360 4150 3453 4204; x_wconf 87' lang='grc' dir='ltr'><strong>τοῦ</strong></span> <span class='ocrx_word' id='word_1_634' title='bbox 3484 4150 3690 4204; x_wconf 74' lang='grc' dir='ltr'>Φωτῖου</span> 
     </span>
    </p>
   </div>
   <div class='ocr_carea' id='block_1_83' title="bbox 418 4237 2569 4318">
    <p class='ocr_par' dir='ltr' id='par_1_83' title="bbox 418 4237 2569 4318">
     <span class='ocr_line' id='line_1_83' title="bbox 418 4237 2569 4318; baseline -0.001 -18"><span class='ocrx_word' id='word_1_635' title='bbox 418 4243 603 4313; x_wconf 57' lang='grc' dir='ltr'>λέγων</span> <span class='ocrx_word' id='word_1_636' title='bbox 637 4244 832 4301; x_wconf 67' lang='grc' dir='ltr'>ἐλθεῖν.</span> <span class='ocrx_word' id='word_1_637' title='bbox 865 4244 1007 4316; x_wconf 62' lang='grc' dir='ltr'>Πρὸς</span> <span class='ocrx_word' id='word_1_638' title='bbox 1029 4244 1137 4317; x_wconf 79' lang='grc' dir='ltr'>γὰρ</span> <span class='ocrx_word' id='word_1_639' title='bbox 1161 4244 1241 4317; x_wconf 79' lang='grc' dir='ltr'>τῷ</span> <span class='ocrx_word' id='word_1_640' title='bbox 1262 4245 1405 4301; x_wconf 78' lang='grc' dir='ltr'>τέλει</span> <span class='ocrx_word' id='word_1_641' title='bbox 1434 4237 1639 4300; x_wconf 87' lang='grc' dir='ltr'>τοῦτων</span> <span class='ocrx_word' id='word_1_642' title='bbox 1667 4239 1821 4311; x_wconf 78' lang='grc' dir='ltr'>οὗτος</span> <span class='ocrx_word' id='word_1_643' title='bbox 1843 4247 2153 4318; x_wconf 76' lang='grc' dir='ltr'>γενόμενος,</span> <span class='ocrx_word' id='word_1_644' title='bbox 2189 4244 2333 4299; x_wconf 75' lang='grc' dir='ltr'>οὕτω</span> <span class='ocrx_word' id='word_1_645' title='bbox 2363 4241 2527 4315; x_wconf 84' lang='grc' dir='ltr'>φησίν</span> <span class='ocrx_word' id='word_1_646' title='bbox 2554 4260 2569 4275; x_wconf 86' lang='grc'><strong>·</strong></span> 
     </span>
    </p>
   </div>
   <div class='ocr_carea' id='block_1_84' title="bbox 503 4337 2011 4412">
    <p class='ocr_par' dir='ltr' id='par_1_84' title="bbox 503 4337 2011 4412">
     <span class='ocr_line' id='line_1_84' title="bbox 503 4337 2011 4412; baseline 0.001 -16"><span class='ocrx_word' id='word_1_647' title='bbox 503 4337 613 4412; x_wconf 84' lang='grc' dir='ltr'>μη’.</span> <span class='ocrx_word' id='word_1_648' title='bbox 650 4359 673 4394; x_wconf 75' lang='grc' dir='ltr'><strong>ι</strong></span> <span class='ocrx_word' id='word_1_649' title='bbox 715 4339 877 4396; x_wconf 81' lang='grc' dir='ltr'>Ἀλλά</span> <span class='ocrx_word' id='word_1_650' title='bbox 925 4342 978 4395; x_wconf 86' lang='grc' dir='ltr'><strong>τί</strong></span> <span class='ocrx_word' id='word_1_651' title='bbox 1025 4342 1105 4396; x_wconf 82' lang='grc' dir='ltr'><strong>δεῖ</strong></span> <span class='ocrx_word' id='word_1_652' title='bbox 1136 4341 1308 4397; x_wconf 87' lang='grc' dir='ltr'>πολλά</span> <span class='ocrx_word' id='word_1_653' title='bbox 1355 4342 1569 4412; x_wconf 77' lang='grc' dir='ltr'>λέγεινς</span> <span class='ocrx_word' id='word_1_654' title='bbox 1635 4341 1695 4397; x_wconf 87' lang='lat'><strong>&#39;0</strong></span> <span class='ocrx_word' id='word_1_655' title='bbox 1744 4343 1869 4407; x_wconf 82' lang='grc' dir='ltr'><strong>Υἱὸς</strong></span> <span class='ocrx_word' id='word_1_656' title='bbox 1915 4344 2011 4398; x_wconf 73' lang='grc' dir='ltr'><strong>καὶ</strong></span> 
     </span>
    </p>
   </div>
   <div class='ocr_carea' id='block_1_85' title="bbox 422 4433 2004 4513">
    <p class='ocr_par' dir='ltr' id='par_1_85' title="bbox 422 4433 2004 4513">
     <span class='ocr_line' id='line_1_85' title="bbox 422 4433 2004 4513; baseline 0.001 -26"><span class='ocrx_word' id='word_1_657' title='bbox 422 4434 706 4505; x_wconf 80' lang='grc' dir='ltr'>Δεσπότης</span> <span class='ocrx_word' id='word_1_658' title='bbox 734 4436 795 4488; x_wconf 79' lang='grc' dir='ltr'>τὸ</span> <span class='ocrx_word' id='word_1_659' title='bbox 821 4433 1043 4505; x_wconf 82' lang='grc' dir='ltr'>Πνεῦμα</span> <span class='ocrx_word' id='word_1_660' title='bbox 1085 4436 1149 4489; x_wconf 85' lang='grc' dir='ltr'>ὲκ</span> <span class='ocrx_word' id='word_1_661' title='bbox 1178 4435 1271 4488; x_wconf 90' lang='grc' dir='ltr'><strong>τοῦ</strong></span> <span class='ocrx_word' id='word_1_662' title='bbox 1336 4435 1550 4507; x_wconf 65' lang='grc' dir='ltr'>Πατρός</span> <span class='ocrx_word' id='word_1_663' title='bbox 1603 4433 2004 4513; x_wconf 63' lang='grc' dir='ltr'>ἐκπορεύεσθαι</span> 
     </span>
    </p>
   </div>
   <div class='ocr_carea' id='block_1_86' title="bbox 426 4520 2006 4597">
    <p class='ocr_par' dir='ltr' id='par_1_86' title="bbox 426 4520 2006 4597">
     <span class='ocr_line' id='line_1_86' title="bbox 426 4520 2006 4597; baseline -0.001 -18"><span class='ocrx_word' id='word_1_664' title='bbox 426 4528 804 4597; x_wconf 69' lang='grc' dir='ltr'>μυτταγωγεῖ.</span> <span class='ocrx_word' id='word_1_665' title='bbox 837 4526 955 4583; x_wconf 73' lang='grc' dir='ltr'>Καὶ·</span> <span class='ocrx_word' id='word_1_666' title='bbox 977 4529 1005 4578; x_wconf 86' lang='lat'><strong>6</strong></span> <span class='ocrx_word' id='word_1_667' title='bbox 1039 4527 1215 4597; x_wconf 78' lang='grc' dir='ltr'>μέγας</span> <span class='ocrx_word' id='word_1_668' title='bbox 1241 4526 1298 4579; x_wconf 78' lang='grc' dir='ltr'><strong>δὲ</strong></span> <span class='ocrx_word' id='word_1_669' title='bbox 1330 4524 1543 4588; x_wconf 82' lang='grc' dir='ltr'>Παῦλος</span> <span class='ocrx_word' id='word_1_670' title='bbox 1573 4520 1732 4588; x_wconf 84' lang='grc' dir='ltr'>αὖθις</span> <span class='ocrx_word' id='word_1_671' title='bbox 1768 4525 2006 4595; x_wconf 83' lang='grc' dir='ltr'>ἀποφαί-</span> 
     </span>
    </p>
   </div>
   <div class='ocr_carea' id='block_1_87' title="bbox 422 4616 2021 4689">
    <p class='ocr_par' dir='ltr' id='par_1_87' title="bbox 422 4616 2021 4689">
     <span class='ocr_line' id='line_1_87' title="bbox 422 4616 2021 4689; baseline 0 -18"><span class='ocrx_word' id='word_1_672' title='bbox 422 4634 577 4679; x_wconf 79' lang='grc' dir='ltr'>νεται</span> <span class='ocrx_word' id='word_1_673' title='bbox 628 4618 853 4686; x_wconf 71' lang='grc' dir='ltr'>λέγωνο-</span> <span class='ocrx_word' id='word_1_674' title='bbox 886 4637 905 4669; x_wconf 80' lang='grc' dir='ltr'><strong>ι</strong></span> <span class='ocrx_word' id='word_1_675' title='bbox 943 4619 1061 4673; x_wconf 80' lang='grc' dir='ltr'>Κᾶν</span> <span class='ocrx_word' id='word_1_676' title='bbox 1115 4620 1274 4689; x_wconf 74' lang='grc' dir='ltr'>ἡμεῖς</span> <span class='ocrx_word' id='word_1_677' title='bbox 1328 4619 1362 4689; x_wconf 76' lang='grc' dir='ltr'>ἢ</span> <span class='ocrx_word' id='word_1_678' title='bbox 1397 4617 1627 4687; x_wconf 75' lang='grc' dir='ltr'>ἄγγελος</span> <span class='ocrx_word' id='word_1_679' title='bbox 1679 4616 1738 4682; x_wconf 77' lang='grc' dir='ltr'><strong>ἐξ</strong></span> <span class='ocrx_word' id='word_1_680' title='bbox 1774 4616 2021 4688; x_wconf 76' lang='grc' dir='ltr'><strong>οὐρανοῦ⁸</strong></span> 
     </span>
    </p>
   </div>
   <div class='ocr_carea' id='block_1_88' title="bbox 422 4708 2010 4782">
    <p class='ocr_par' dir='ltr' id='par_1_88' title="bbox 422 4708 2010 4782">
     <span class='ocr_line' id='line_1_88' title="bbox 422 4708 2010 4782; baseline 0.001 -21"><span class='ocrx_word' id='word_1_681' title='bbox 422 4709 849 4781; x_wconf 74' lang='grc' dir='ltr'>εὐαγγελίζηται</span> <span class='ocrx_word' id='word_1_682' title='bbox 876 4711 1028 4780; x_wconf 78' lang='grc' dir='ltr'>ὐμτν,</span> <span class='ocrx_word' id='word_1_683' title='bbox 1075 4712 1207 4782; x_wconf 88' lang='grc' dir='ltr'>παρ’</span> <span class='ocrx_word' id='word_1_684' title='bbox 1254 4709 1283 4764; x_wconf 85' lang='lat'><strong>6</strong></span> <span class='ocrx_word' id='word_1_685' title='bbox 1312 4708 1789 4781; x_wconf 78' lang='grc' dir='ltr'>εὐηγγελισάμεθα</span> <span class='ocrx_word' id='word_1_686' title='bbox 1812 4750 1828 4775; x_wconf 94' lang='grc'><strong>,</strong></span> <span class='ocrx_word' id='word_1_687' title='bbox 1876 4709 2010 4763; x_wconf 58' lang='grc' dir='ltr'>ἀνάι</span> 
     </span>
    </p>
   </div>
   <div class='ocr_carea' id='block_1_89' title="bbox 424 4800 2006 4874">
    <p class='ocr_par' dir='ltr' id='par_1_89' title="bbox 424 4800 2006 4874">
     <span class='ocr_line' id='line_1_89' title="bbox 424 4800 2006 4874; baseline 0.002 -20"><span class='ocrx_word' id='word_1_688' title='bbox 424 4802 570 4871; x_wconf 75' lang='grc' dir='ltr'>οεμα</span> <span class='ocrx_word' id='word_1_689' title='bbox 602 4800 815 4860; x_wconf 69' lang='grc' dir='ltr'>ἔστω..)</span> <span class='ocrx_word' id='word_1_690' title='bbox 851 4802 962 4855; x_wconf 82' lang='grc' dir='ltr'><strong>Καὶ</strong></span> <span class='ocrx_word' id='word_1_691' title='bbox 999 4800 1084 4867; x_wconf 89' lang='grc' dir='ltr'><strong>τίς</strong></span> <span class='ocrx_word' id='word_1_692' title='bbox 1119 4800 1372 4874; x_wconf 69' lang='grc' dir='ltr'>ιπιζητεϊ</span> <span class='ocrx_word' id='word_1_693' title='bbox 1400 4800 1719 4858; x_wconf 80' lang='grc' dir='ltr'>διδάσκαλον</span> <span class='ocrx_word' id='word_1_694' title='bbox 1751 4801 1930 4867; x_wconf 75' lang='grc' dir='ltr'>ἄλλον,</span> <span class='ocrx_word' id='word_1_695' title='bbox 1955 4803 2006 4857; x_wconf 84' lang='grc' dir='ltr'><strong>ει</strong></span> 
     </span>
    </p>
   </div>
   <div class='ocr_carea' id='block_1_90' title="bbox 426 4891 1217 4964">
    <p class='ocr_par' dir='ltr' id='par_1_90' title="bbox 426 4891 1217 4964">
     <span class='ocr_line' id='line_1_90' title="bbox 426 4891 1217 4964; baseline -0.003 -1"><span class='ocrx_word' id='word_1_696' title='bbox 426 4893 509 4963; x_wconf 67' lang='grc' dir='ltr'>μὴ</span> <span class='ocrx_word' id='word_1_697' title='bbox 537 4891 833 4964; x_wconf 73' lang='grc' dir='ltr'>προφανῶς</span> <span class='ocrx_word' id='word_1_698' title='bbox 876 4893 1155 4964; x_wconf 73' lang='grc' dir='ltr'>μέμηνεν;</span> <span class='ocrx_word' id='word_1_699' title='bbox 1196 4910 1217 4946; x_wconf 78' lang='grc' dir='ltr'><strong>ι</strong></span> 
     </span>
    </p>
   </div>
   <div class='ocr_carea' id='block_1_91' title="bbox 498 4983 2006 5058">
    <p class='ocr_par' dir='ltr' id='par_1_91' title="bbox 498 4983 2006 5058">
     <span class='ocr_line' id='line_1_91' title="bbox 498 4983 2006 5058; baseline 0.002 -20"><span class='ocrx_word' id='word_1_700' title='bbox 498 4984 603 5039; x_wconf 85' lang='grc' dir='ltr'><strong>Δύο</strong></span> <span class='ocrx_word' id='word_1_701' title='bbox 626 4983 761 5054; x_wconf 78' lang='grc' dir='ltr'>γοῦν</span> <span class='ocrx_word' id='word_1_702' title='bbox 780 4984 987 5041; x_wconf 83' lang='grc' dir='ltr'>τούτων</span> <span class='ocrx_word' id='word_1_703' title='bbox 1012 4985 1219 5058; x_wconf 83' lang='grc' dir='ltr'>ῥητῶν,</span> <span class='ocrx_word' id='word_1_704' title='bbox 1257 4985 1618 5055; x_wconf 81' lang='grc' dir='ltr'>εὐαγγελικου</span> <span class='ocrx_word' id='word_1_705' title='bbox 1643 5002 1702 5039; x_wconf 89' lang='grc' dir='ltr'><strong>τε</strong></span> <span class='ocrx_word' id='word_1_706' title='bbox 1730 4994 1827 5040; x_wconf 64' lang='grc' dir='ltr'><strong>καἸ⁵</strong></span> <span class='ocrx_word' id='word_1_707' title='bbox 1870 4992 2006 5041; x_wconf 80' lang='grc' dir='ltr'>ἀπο-</span> 
     </span>
    </p>
   </div>
   <div class='ocr_carea' id='block_1_92' title="bbox 426 5074 2006 5150">
    <p class='ocr_par' dir='ltr' id='par_1_92' title="bbox 426 5074 2006 5150">
     <span class='ocr_line' id='line_1_92' title="bbox 426 5074 2006 5150; baseline 0 -20"><span class='ocrx_word' id='word_1_708' title='bbox 426 5074 703 5140; x_wconf 81' lang='grc' dir='ltr'>στολικοῦ,</span> <span class='ocrx_word' id='word_1_709' title='bbox 733 5077 1139 5149; x_wconf 78' lang='grc' dir='ltr'>ίσχυροτάτων,.</span> <span class='ocrx_word' id='word_1_710' title='bbox 1162 5075 1239 5142; x_wconf 82' lang='grc' dir='ltr'><strong>ὡς</strong></span> <span class='ocrx_word' id='word_1_711' title='bbox 1288 5078 1438 5132; x_wconf 77' lang='grc' dir='ltr'>δοκεῖ</span> <span class='ocrx_word' id='word_1_712' title='bbox 1481 5078 1695 5149; x_wconf 73' lang='grc' dir='ltr'>Φωτίῳ,</span> <span class='ocrx_word' id='word_1_713' title='bbox 1748 5077 1886 5150; x_wconf 78' lang='grc' dir='ltr'>πρὸς</span> <span class='ocrx_word' id='word_1_714' title='bbox 1907 5077 2006 5149; x_wconf 80' lang='grc' dir='ltr'>τὴν</span> 
     </span>
    </p>
   </div>
   <div class='ocr_carea' id='block_1_93' title="bbox 426 5168 2007 5242">
    <p class='ocr_par' dir='ltr' id='par_1_93' title="bbox 426 5168 2007 5242">
     <span class='ocr_line' id='line_1_93' title="bbox 426 5168 2007 5242; baseline 0.001 -19"><span class='ocrx_word' id='word_1_715' title='bbox 426 5170 527 5239; x_wconf 77' lang='grc' dir='ltr'>τῆς</span> <span class='ocrx_word' id='word_1_716' title='bbox 560 5168 885 5241; x_wconf 84' lang='grc' dir='ltr'>Ἐκκλησίας</span> <span class='ocrx_word' id='word_1_717' title='bbox 915 5170 1215 5235; x_wconf 73' lang='grc' dir='ltr'>διάστασιν,</span> <span class='ocrx_word' id='word_1_718' title='bbox 1246 5170 1383 5242; x_wconf 75' lang='grc' dir='ltr'>πρὸς</span> <span class='ocrx_word' id='word_1_719' title='bbox 1408 5170 1509 5242; x_wconf 72' lang='grc' dir='ltr'>μὲν</span> <span class='ocrx_word' id='word_1_720' title='bbox 1532 5171 1592 5225; x_wconf 81' lang='grc' dir='ltr'>τὸ</span> <span class='ocrx_word' id='word_1_721' title='bbox 1624 5171 1839 5242; x_wconf 86' lang='grc' dir='ltr'>πρῶτον</span> <span class='ocrx_word' id='word_1_722' title='bbox 1863 5170 2007 5225; x_wconf 75' lang='grc' dir='ltr'>οὕτω</span> 
     </span>
    </p>
   </div>
   <div class='ocr_carea' id='block_1_94' title="bbox 427 5260 2005 5334">
    <p class='ocr_par' dir='ltr' id='par_1_94' title="bbox 427 5260 2005 5334">
     <span class='ocr_line' id='line_1_94' title="bbox 427 5260 2005 5334; baseline 0.001 -19"><span class='ocrx_word' id='word_1_723' title='bbox 427 5260 551 5315; x_wconf 78' lang='grc' dir='ltr'>κατ’</span> <span class='ocrx_word' id='word_1_724' title='bbox 576 5260 845 5334; x_wconf 64' lang='grc' dir='ltr'>ἐρώτησιν</span> <span class='ocrx_word' id='word_1_725' title='bbox 876 5263 971 5317; x_wconf 80' lang='grc' dir='ltr'>τὸν</span> <span class='ocrx_word' id='word_1_726' title='bbox 998 5261 1158 5331; x_wconf 82' lang='grc' dir='ltr'>λόγον</span> <span class='ocrx_word' id='word_1_727' title='bbox 1191 5263 1529 5334; x_wconf 78' lang='grc' dir='ltr'>προάγομεν.</span> <span class='ocrx_word' id='word_1_728' title='bbox 1564 5262 1710 5316; x_wconf 83' lang='grc' dir='ltr'>Διότι</span> <span class='ocrx_word' id='word_1_729' title='bbox 1734 5264 1792 5317; x_wconf 69' lang='grc' dir='ltr'>ἑν</span> <span class='ocrx_word' id='word_1_730' title='bbox 1822 5262 2005 5333; x_wconf 72' lang='grc' dir='ltr'>Εὐαγ-</span> 
     </span>
    </p>
   </div>
   <div class='ocr_carea' id='block_1_95' title="bbox 426 5350 2003 5427">
    <p class='ocr_par' dir='ltr' id='par_1_95' title="bbox 426 5350 2003 5427">
     <span class='ocr_line' id='line_1_95' title="bbox 426 5350 2003 5427; baseline 0.003 -23"><span class='ocrx_word' id='word_1_731' title='bbox 426 5351 631 5422; x_wconf 78' lang='grc' dir='ltr'>τελίοις</span> <span class='ocrx_word' id='word_1_732' title='bbox 658 5353 687 5406; x_wconf 85' lang='lat'><strong>6</strong></span> <span class='ocrx_word' id='word_1_733' title='bbox 715 5350 918 5425; x_wconf 76' lang='grc' dir='ltr'>Κύριος</span> <span class='ocrx_word' id='word_1_734' title='bbox 964 5352 1068 5425; x_wconf 58' lang='lat' dir='ltr'><strong>(pq</strong></span> <span class='ocrx_word' id='word_1_735' title='bbox 1101 5352 1163 5408; x_wconf 76' lang='grc' dir='ltr'>τὸ</span> <span class='ocrx_word' id='word_1_736' title='bbox 1199 5353 1424 5425; x_wconf 84' lang='grc' dir='ltr'>Πνεῦμα</span> <span class='ocrx_word' id='word_1_737' title='bbox 1461 5356 1525 5409; x_wconf 71' lang='grc' dir='ltr'>ἐκ</span> <span class='ocrx_word' id='word_1_738' title='bbox 1547 5353 1641 5409; x_wconf 87' lang='grc' dir='ltr'><strong>τοῦ</strong></span> <span class='ocrx_word' id='word_1_739' title='bbox 1668 5354 1879 5427; x_wconf 80' lang='grc' dir='ltr'>Πατρδς</span> <span class='ocrx_word' id='word_1_740' title='bbox 1910 5359 2003 5409; x_wconf 79' lang='grc' dir='ltr'><strong>ὲκ-</strong></span> 
     </span>
    </p>
   </div>
   <div class='ocr_carea' id='block_1_96' title="bbox 426 5442 2004 5517">
    <p class='ocr_par' dir='ltr' id='par_1_96' title="bbox 426 5442 2004 5517">
     <span class='ocr_line' id='line_1_96' title="bbox 426 5442 2004 5517; baseline 0.003 -20"><span class='ocrx_word' id='word_1_741' title='bbox 426 5442 758 5515; x_wconf 80' lang='grc' dir='ltr'>πορεύεσθαι</span> <span class='ocrx_word' id='word_1_742' title='bbox 785 5483 802 5509; x_wconf 94' lang='grc'><strong>,</strong></span> <span class='ocrx_word' id='word_1_743' title='bbox 857 5443 1253 5516; x_wconf 65' lang='grc' dir='ltr'>γνωματειὴις,</span> <span class='ocrx_word' id='word_1_744' title='bbox 1297 5444 1512 5512; x_wconf 62' lang='lat' dir='ltr'><strong>dedit“,</strong></span> <span class='ocrx_word' id='word_1_745' title='bbox 1564 5445 1667 5517; x_wconf 79' lang='grc' dir='ltr'><strong>τὴν</strong></span> <span class='ocrx_word' id='word_1_746' title='bbox 1712 5448 2004 5502; x_wconf 75' lang='grc' dir='ltr'>κοινωνίαν</span> 
     </span>
    </p>
   </div>
   <div class='ocr_carea' id='block_1_97' title="bbox 425 5533 2002 5610">
    <p class='ocr_par' dir='ltr' id='par_1_97' title="bbox 425 5533 2002 5610">
     <span class='ocr_line' id='line_1_97' title="bbox 425 5533 2002 5610; baseline -0.009 -5"><span class='ocrx_word' id='word_1_747' title='bbox 425 5535 575 5605; x_wconf 60' lang='grc' dir='ltr'><strong>ἡμᾶς</strong></span> <span class='ocrx_word' id='word_1_748' title='bbox 620 5533 723 5607; x_wconf 78' lang='grc' dir='ltr'><strong>τῆς</strong></span> <span class='ocrx_word' id='word_1_749' title='bbox 755 5536 1075 5609; x_wconf 69' lang='grc' dir='ltr'>Ῥωμαϊκῆς</span> <span class='ocrx_word' id='word_1_750' title='bbox 1124 5537 1454 5607; x_wconf 79' lang='grc' dir='ltr'>Ἐκκλησῖας</span> <span class='ocrx_word' id='word_1_751' title='bbox 1485 5537 1561 5609; x_wconf 78' lang='grc' dir='ltr'>μὴ</span> <span class='ocrx_word' id='word_1_752' title='bbox 1591 5539 2002 5610; x_wconf 80' lang='grc' dir='ltr'>καταδέχεσθαι,</span> 
     </span>
    </p>
   </div>
   <div class='ocr_carea' id='block_1_98' title="bbox 426 5627 1999 5702">
    <p class='ocr_par' dir='ltr' id='par_1_98' title="bbox 426 5627 1999 5702">
     <span class='ocr_line' id='line_1_98' title="bbox 426 5627 1999 5702; baseline 0.003 -21"><span class='ocrx_word' id='word_1_753' title='bbox 426 5627 693 5698; x_wconf 65' lang='grc' dir='ltr'>λεγούσης</span> <span class='ocrx_word' id='word_1_754' title='bbox 722 5630 786 5684; x_wconf 71' lang='grc' dir='ltr'>ικ</span> <span class='ocrx_word' id='word_1_755' title='bbox 835 5630 1044 5702; x_wconf 76' lang='grc' dir='ltr'>Πατρδς</span> <span class='ocrx_word' id='word_1_756' title='bbox 1092 5631 1187 5685; x_wconf 75' lang='grc' dir='ltr'>καὶ</span> <span class='ocrx_word' id='word_1_757' title='bbox 1240 5632 1370 5687; x_wconf 80' lang='grc' dir='ltr'>Υίοῦ</span> <span class='ocrx_word' id='word_1_758' title='bbox 1404 5633 1537 5687; x_wconf 74' lang='grc' dir='ltr'>αὐτὸ</span> <span class='ocrx_word' id='word_1_759' title='bbox 1570 5632 1999 5702; x_wconf 43' lang='lat' dir='ltr'><strong>satrapaenam;</strong></span> 
     </span>
    </p>
   </div>
   <div class='ocr_carea' id='block_1_99' title="bbox 440 5722 2000 5797">
    <p class='ocr_par' dir='ltr' id='par_1_99' title="bbox 440 5722 2000 5797">
     <span class='ocr_line' id='line_1_99' title="bbox 440 5722 2000 5797; baseline 0.001 -19"><span class='ocrx_word' id='word_1_760' title='bbox 440 5722 580 5778; x_wconf 81' lang='grc' dir='ltr'>Ἀλλ’</span> <span class='ocrx_word' id='word_1_761' title='bbox 605 5724 658 5777; x_wconf 60' lang='lat' dir='ltr'><strong>oi.</strong></span> <span class='ocrx_word' id='word_1_762' title='bbox 687 5722 926 5796; x_wconf 70' lang='grc' dir='ltr'>ηατέρες</span> <span class='ocrx_word' id='word_1_763' title='bbox 954 5724 1113 5797; x_wconf 73' lang='grc' dir='ltr'>ἡμῶν</span> <span class='ocrx_word' id='word_1_764' title='bbox 1160 5725 1436 5790; x_wconf 79' lang='grc' dir='ltr'>Βασίλειός</span> <span class='ocrx_word' id='word_1_765' title='bbox 1466 5743 1523 5779; x_wconf 82' lang='grc' dir='ltr'><strong>τε</strong></span> <span class='ocrx_word' id='word_1_766' title='bbox 1562 5728 1652 5778; x_wconf 65' lang='lat' dir='ltr'><strong>tu&quot;.</strong></span> <span class='ocrx_word' id='word_1_767' title='bbox 1677 5725 2000 5797; x_wconf 80' lang='grc' dir='ltr'>ι’ρηγόριος,</span> 
     </span>
    </p>
   </div>
   <div class='ocr_carea' id='block_1_100' title="bbox 537 5882 1907 5956">
    <p class='ocr_par' dir='ltr' id='par_1_100' title="bbox 537 5882 1907 5956">
     <span class='ocr_line' id='line_1_100' title="bbox 537 5882 1907 5956; baseline 0.004 -16"><span class='ocrx_word' id='word_1_768' title='bbox 537 5882 579 5915; x_wconf 78' lang='grc'><strong>⁸⁸</strong></span> <span class='ocrx_word' id='word_1_769' title='bbox 612 5882 804 5944; x_wconf 81' lang='lat' dir='ltr'><strong>ITim.</strong></span> <span class='ocrx_word' id='word_1_770' title='bbox 834 5902 871 5955; x_wconf 89' lang='lat' dir='ltr'><strong>r,</strong></span> <span class='ocrx_word' id='word_1_771' title='bbox 914 5886 1025 5955; x_wconf 73' lang='lat' dir='ltr'><strong>i7;</strong></span> <span class='ocrx_word' id='word_1_772' title='bbox 1061 5902 1137 5955; x_wconf 78' lang='lat' dir='ltr'><strong>VI,</strong></span> <span class='ocrx_word' id='word_1_773' title='bbox 1209 5888 1291 5944; x_wconf 74' lang='grc'><strong>16.</strong></span> <span class='ocrx_word' id='word_1_774' title='bbox 1407 5887 1907 5956; x_wconf 64' lang='lat' dir='ltr'><strong>“Marc.x1u,l2.</strong></span> 
     </span>
    </p>
   </div>
   <div class='ocr_carea' id='block_1_101' title="bbox 2186 4339 3709 4418">
    <p class='ocr_par' dir='ltr' id='par_1_101' title="bbox 2186 4339 3709 4418">
     <span class='ocr_line' id='line_1_101' title="bbox 2186 4339 3709 4418; baseline -0.003 -19"><span class='ocrx_word' id='word_1_775' title='bbox 2186 4342 2279 4399; x_wconf 64' lang='lat'><strong>48.</strong></span> <span class='ocrx_word' id='word_1_776' title='bbox 2325 4360 2345 4393; x_wconf 84' lang='grc' dir='ltr'><strong>ι</strong></span> <span class='ocrx_word' id='word_1_777' title='bbox 2395 4340 2502 4397; x_wconf 87' lang='lat' dir='ltr'><strong>Sed</strong></span> <span class='ocrx_word' id='word_1_778' title='bbox 2529 4341 2658 4413; x_wconf 87' lang='lat' dir='ltr'><strong>quid</strong></span> <span class='ocrx_word' id='word_1_779' title='bbox 2682 4357 2829 4418; x_wconf 87' lang='lat' dir='ltr'><strong>opus</strong></span> <span class='ocrx_word' id='word_1_780' title='bbox 2858 4350 2944 4399; x_wconf 89' lang='lat' dir='ltr'><strong>est</strong></span> <span class='ocrx_word' id='word_1_781' title='bbox 2970 4342 3144 4398; x_wconf 90' lang='lat' dir='ltr'><strong>multa</strong></span> <span class='ocrx_word' id='word_1_782' title='bbox 3177 4341 3477 4413; x_wconf 79' lang='lat' dir='ltr'><strong>aggerere?</strong></span> <span class='ocrx_word' id='word_1_783' title='bbox 3517 4339 3709 4395; x_wconf 73' lang='lat' dir='ltr'><strong>Filius.</strong></span> 
     </span>
    </p>
   </div>
   <div class='ocr_carea' id='block_1_102' title="bbox 2113 4433 3699 4507">
    <p class='ocr_par' dir='ltr' id='par_1_102' title="bbox 2113 4433 3699 4507">
     <span class='ocr_line' id='line_1_102' title="bbox 2113 4433 3699 4507; baseline -0.003 -16"><span class='ocrx_word' id='word_1_784' title='bbox 2113 4446 2168 4491; x_wconf 83' lang='lat' dir='ltr'><strong>et</strong></span> <span class='ocrx_word' id='word_1_785' title='bbox 2196 4435 2463 4491; x_wconf 84' lang='lat' dir='ltr'><strong>Dominus</strong></span> <span class='ocrx_word' id='word_1_786' title='bbox 2501 4433 2771 4506; x_wconf 90' lang='lat' dir='ltr'><strong>Spiritum</strong></span> <span class='ocrx_word' id='word_1_787' title='bbox 2803 4451 2869 4490; x_wconf 81' lang='lat' dir='ltr'><strong>ex</strong></span> <span class='ocrx_word' id='word_1_788' title='bbox 2900 4435 3060 4491; x_wconf 82' lang='lat' dir='ltr'><strong>Patre</strong></span> <span class='ocrx_word' id='word_1_789' title='bbox 3106 4434 3406 4507; x_wconf 90' lang='lat' dir='ltr'><strong>procedere</strong></span> <span class='ocrx_word' id='word_1_790' title='bbox 3450 4449 3551 4490; x_wconf 87' lang='lat' dir='ltr'><strong>nos</strong></span> <span class='ocrx_word' id='word_1_791' title='bbox 3587 4434 3699 4487; x_wconf 76' lang='lat' dir='ltr'><strong>iui-</strong></span> 
     </span>
    </p>
   </div>
   <div class='ocr_carea' id='block_1_103' title="bbox 2114 4524 3688 4597">
    <p class='ocr_par' dir='ltr' id='par_1_103' title="bbox 2114 4524 3688 4597">
     <span class='ocr_line' id='line_1_103' title="bbox 2114 4524 3688 4597; baseline -0.003 -16"><span class='ocrx_word' id='word_1_792' title='bbox 2114 4528 2301 4582; x_wconf 66' lang='lat' dir='ltr'><strong>tianxlo</strong></span> <span class='ocrx_word' id='word_1_793' title='bbox 2355 4527 2534 4582; x_wconf 87' lang='lat' dir='ltr'><strong>docet.</strong></span> <span class='ocrx_word' id='word_1_794' title='bbox 2570 4527 2636 4581; x_wconf 86' lang='lat' dir='ltr'><strong>Et</strong></span> <span class='ocrx_word' id='word_1_795' title='bbox 2671 4542 2904 4597; x_wconf 85' lang='lat' dir='ltr'><strong>magnus</strong></span> <span class='ocrx_word' id='word_1_796' title='bbox 2953 4526 3082 4579; x_wconf 88' lang='lat' dir='ltr'><strong>item</strong></span> <span class='ocrx_word' id='word_1_797' title='bbox 3131 4524 3333 4580; x_wconf 84' lang='lat' dir='ltr'><strong>Paulus</strong></span> <span class='ocrx_word' id='word_1_798' title='bbox 3365 4538 3557 4579; x_wconf 89' lang='lat' dir='ltr'><strong>rursus</strong></span> <span class='ocrx_word' id='word_1_799' title='bbox 3590 4524 3688 4577; x_wconf 85' lang='lat' dir='ltr'><strong>de-</strong></span> 
     </span>
    </p>
   </div>
   <div class='ocr_carea' id='block_1_104' title="bbox 2112 4614 3691 4691">
    <p class='ocr_par' dir='ltr' id='par_1_104' title="bbox 2112 4614 3691 4691">
     <span class='ocr_line' id='line_1_104' title="bbox 2112 4614 3691 4691; baseline -0.006 -15"><span class='ocrx_word' id='word_1_800' title='bbox 2112 4621 2319 4676; x_wconf 78' lang='lat' dir='ltr'><strong>cernit:</strong></span> <span class='ocrx_word' id='word_1_801' title='bbox 2353 4616 2505 4691; x_wconf 87' lang='lat' dir='ltr'><strong>Licet</strong></span> <span class='ocrx_word' id='word_1_802' title='bbox 2536 4633 2659 4687; x_wconf 89' lang='lat' dir='ltr'><strong>nos,</strong></span> <span class='ocrx_word' id='word_1_803' title='bbox 2712 4628 2805 4675; x_wconf 89' lang='lat' dir='ltr'><strong>aut</strong></span> <span class='ocrx_word' id='word_1_804' title='bbox 2856 4617 3085 4689; x_wconf 77' lang='lat' dir='ltr'><strong>angelus</strong></span> <span class='ocrx_word' id='word_1_805' title='bbox 3123 4615 3193 4674; x_wconf 90' lang='lat' dir='ltr'><strong>de</strong></span> <span class='ocrx_word' id='word_1_806' title='bbox 3230 4616 3369 4673; x_wconf 64' lang='lat' dir='ltr'><strong>caelo</strong></span> <span class='ocrx_word' id='word_1_807' title='bbox 3417 4614 3691 4684; x_wconf 81' lang='lat' dir='ltr'><strong>evangeli-</strong></span> 
     </span>
    </p>
   </div>
   <div class='ocr_carea' id='block_1_105' title="bbox 2111 4708 3687 4782">
    <p class='ocr_par' dir='ltr' id='par_1_105' title="bbox 2111 4708 3687 4782">
     <span class='ocr_line' id='line_1_105' title="bbox 2111 4708 3687 4782; baseline -0.005 -13"><span class='ocrx_word' id='word_1_808' title='bbox 2111 4712 2314 4769; x_wconf 86' lang='lat' dir='ltr'><strong>zaverit</strong></span> <span class='ocrx_word' id='word_1_809' title='bbox 2345 4712 2500 4767; x_wconf 80' lang='lat' dir='ltr'><strong>vobis</strong></span> <span class='ocrx_word' id='word_1_810' title='bbox 2525 4720 2722 4782; x_wconf 81' lang='lat' dir='ltr'><strong>praeter</strong></span> <span class='ocrx_word' id='word_1_811' title='bbox 2752 4709 2825 4777; x_wconf 88' lang='lat' dir='ltr'><strong>id,</strong></span> <span class='ocrx_word' id='word_1_812' title='bbox 2857 4711 3004 4781; x_wconf 90' lang='lat' dir='ltr'><strong>quod</strong></span> <span class='ocrx_word' id='word_1_813' title='bbox 3043 4726 3141 4766; x_wconf 86' lang='lat' dir='ltr'><strong>nos</strong></span> <span class='ocrx_word' id='word_1_814' title='bbox 3168 4708 3687 4779; x_wconf 82' lang='lat' dir='ltr'><strong>evangelizavimus,</strong></span> 
     </span>
    </p>
   </div>
   <div class='ocr_carea' id='block_1_106' title="bbox 2110 4800 3682 4874">
    <p class='ocr_par' dir='ltr' id='par_1_106' title="bbox 2110 4800 3682 4874">
     <span class='ocr_line' id='line_1_106' title="bbox 2110 4800 3682 4874; baseline -0.003 -15"><span class='ocrx_word' id='word_1_815' title='bbox 2110 4804 2402 4861; x_wconf 79' lang='lat' dir='ltr'><strong>anathema</strong></span> <span class='ocrx_word' id='word_1_816' title='bbox 2460 4804 2551 4860; x_wconf 87' lang='lat' dir='ltr'><strong>sit.</strong></span> <span class='ocrx_word' id='word_1_817' title='bbox 2592 4802 2660 4859; x_wconf 84' lang='lat' dir='ltr'><strong>Et</strong></span> <span class='ocrx_word' id='word_1_818' title='bbox 2690 4803 2944 4874; x_wconf 90' lang='lat' dir='ltr'><strong>quisnam</strong></span> <span class='ocrx_word' id='word_1_819' title='bbox 3002 4802 3169 4858; x_wconf 84' lang='lat' dir='ltr'><strong>alium</strong></span> <span class='ocrx_word' id='word_1_820' title='bbox 3195 4801 3473 4857; x_wconf 90' lang='lat' dir='ltr'><strong>doctorem</strong></span> <span class='ocrx_word' id='word_1_821' title='bbox 3510 4800 3682 4871; x_wconf 56' lang='lat' dir='ltr'><strong>inqui»</strong></span> 
     </span>
    </p>
   </div>
   <div class='ocr_carea' id='block_1_107' title="bbox 2110 4894 3625 4971">
    <p class='ocr_par' dir='ltr' id='par_1_107' title="bbox 2110 4894 3625 4971">
     <span class='ocr_line' id='line_1_107' title="bbox 2110 4894 3625 4971; baseline -0.015 -20"><span class='ocrx_word' id='word_1_822' title='bbox 2110 4895 2299 4960; x_wconf 67' lang='grc' dir='ltr'>τοι,ὐί</span> <span class='ocrx_word' id='word_1_823' title='bbox 2335 4896 2496 4971; x_wconf 64' lang='lat' dir='ltr'><strong>plane</strong></span> <span class='ocrx_word' id='word_1_824' title='bbox 2531 4894 2809 4953; x_wconf 74' lang='lat' dir='ltr'><strong>insaniat?</strong></span> <span class='ocrx_word' id='word_1_825' title='bbox 2844 4898 2877 4948; x_wconf 73' lang='grc' dir='ltr'><strong>»ἰ</strong></span> <span class='ocrx_word' id='word_1_826' title='bbox 3607 4900 3625 4915; x_wconf 76' lang='grc' dir='ltr'><em>ι</em></span> 
     </span>
    </p>
   </div>
   <div class='ocr_carea' id='block_1_108' title="bbox 2181 4984 3685 5058">
    <p class='ocr_par' dir='ltr' id='par_1_108' title="bbox 2181 4984 3685 5058">
     <span class='ocr_line' id='line_1_108' title="bbox 2181 4984 3685 5058; baseline -0.001 -16"><span class='ocrx_word' id='word_1_827' title='bbox 2181 4988 2297 5044; x_wconf 90' lang='lat' dir='ltr'><strong>Duo</strong></span> <span class='ocrx_word' id='word_1_828' title='bbox 2361 4989 2547 5058; x_wconf 83' lang='lat' dir='ltr'><strong>itaque</strong></span> <span class='ocrx_word' id='word_1_829' title='bbox 2630 4988 2745 5043; x_wconf 53' lang='lat' dir='ltr'><strong>haec</strong></span> <span class='ocrx_word' id='word_1_830' title='bbox 2832 4986 3232 5056; x_wconf 82' lang='lat' dir='ltr'><strong>pronuntiata,</strong></span> <span class='ocrx_word' id='word_1_831' title='bbox 3310 4984 3685 5056; x_wconf 74' lang='lat' dir='ltr'><strong>evangelicum</strong></span> 
     </span>
    </p>
   </div>
   <div class='ocr_carea' id='block_1_109' title="bbox 2111 5077 3690 5150">
    <p class='ocr_par' dir='ltr' id='par_1_109' title="bbox 2111 5077 3690 5150">
     <span class='ocr_line' id='line_1_109' title="bbox 2111 5077 3690 5150; baseline -0.003 -16"><span class='ocrx_word' id='word_1_832' title='bbox 2111 5094 2307 5150; x_wconf 84' lang='lat' dir='ltr'><strong>nempe</strong></span> <span class='ocrx_word' id='word_1_833' title='bbox 2334 5089 2389 5136; x_wconf 89' lang='lat' dir='ltr'><strong>et</strong></span> <span class='ocrx_word' id='word_1_834' title='bbox 2415 5079 2783 5149; x_wconf 82' lang='lat' dir='ltr'><strong>apostolicum</strong></span> <span class='ocrx_word' id='word_1_835' title='bbox 2817 5079 3178 5143; x_wconf 84' lang='lat' dir='ltr'><strong>validissima,</strong></span> <span class='ocrx_word' id='word_1_836' title='bbox 3217 5090 3275 5134; x_wconf 88' lang='lat' dir='ltr'><strong>ut</strong></span> <span class='ocrx_word' id='word_1_837' title='bbox 3302 5079 3516 5135; x_wconf 86' lang='lat' dir='ltr'><strong>videtur</strong></span> <span class='ocrx_word' id='word_1_838' title='bbox 3547 5077 3690 5131; x_wconf 72' lang='lat' dir='ltr'><strong>Plio-</strong></span> 
     </span>
    </p>
   </div>
   <div class='ocr_carea' id='block_1_110' title="bbox 2108 5167 3683 5244">
    <p class='ocr_par' dir='ltr' id='par_1_110' title="bbox 2108 5167 3683 5244">
     <span class='ocr_line' id='line_1_110' title="bbox 2108 5167 3683 5244; baseline -0.002 -16"><span class='ocrx_word' id='word_1_839' title='bbox 2108 5173 2207 5237; x_wconf 90' lang='lat' dir='ltr'><strong>tio,</strong></span> <span class='ocrx_word' id='word_1_840' title='bbox 2240 5172 2305 5228; x_wconf 90' lang='lat' dir='ltr'><strong>ad</strong></span> <span class='ocrx_word' id='word_1_841' title='bbox 2346 5171 2756 5244; x_wconf 78' lang='lat' dir='ltr'><strong>propagandum</strong></span> <span class='ocrx_word' id='word_1_842' title='bbox 2790 5170 3050 5229; x_wconf 62' lang='lat' dir='ltr'><strong>Ecclesiae</strong></span> <span class='ocrx_word' id='word_1_843' title='bbox 3079 5171 3370 5228; x_wconf 87' lang='lat' dir='ltr'><strong>dissidium</strong></span> <span class='ocrx_word' id='word_1_844' title='bbox 3400 5167 3683 5225; x_wconf 75' lang='lat' dir='ltr'><strong>sunt.N‘os</strong></span> 
     </span>
    </p>
   </div>
   <div class='ocr_carea' id='block_1_111' title="bbox 2108 5263 3685 5337">
    <p class='ocr_par' dir='ltr' id='par_1_111' title="bbox 2108 5263 3685 5337">
     <span class='ocr_line' id='line_1_111' title="bbox 2108 5263 3685 5337; baseline -0.001 -18"><span class='ocrx_word' id='word_1_845' title='bbox 2108 5266 2286 5337; x_wconf 91' lang='lat' dir='ltr'><strong>prlmo</strong></span> <span class='ocrx_word' id='word_1_846' title='bbox 2326 5264 2626 5321; x_wconf 89' lang='lat' dir='ltr'><strong>secundum</strong></span> <span class='ocrx_word' id='word_1_847' title='bbox 2664 5265 3152 5336; x_wconf 84' lang='lat' dir='ltr'><strong>interrogationem</strong></span> <span class='ocrx_word' id='word_1_848' title='bbox 3189 5265 3493 5319; x_wconf 88' lang='lat' dir='ltr'><strong>orationem</strong></span> <span class='ocrx_word' id='word_1_849' title='bbox 3532 5263 3685 5333; x_wconf 82' lang='lat' dir='ltr'><strong>dige-</strong></span> 
     </span>
    </p>
   </div>
   <div class='ocr_carea' id='block_1_112' title="bbox 2112 5353 3685 5429">
    <p class='ocr_par' dir='ltr' id='par_1_112' title="bbox 2112 5353 3685 5429">
     <span class='ocr_line' id='line_1_112' title="bbox 2112 5353 3685 5429; baseline -0.005 -14"><span class='ocrx_word' id='word_1_850' title='bbox 2112 5367 2294 5415; x_wconf 84' lang='lat' dir='ltr'><strong>rentes</strong></span> <span class='ocrx_word' id='word_1_851' title='bbox 2334 5357 2815 5429; x_wconf 81' lang='lat' dir='ltr'><strong>respondebimus.</strong></span> <span class='ocrx_word' id='word_1_852' title='bbox 2840 5354 2978 5425; x_wconf 87' lang='lat' dir='ltr'><strong>Quia</strong></span> <span class='ocrx_word' id='word_1_853' title='bbox 3005 5358 3057 5413; x_wconf 93' lang='lat' dir='ltr'><strong>in</strong></span> <span class='ocrx_word' id='word_1_854' title='bbox 3091 5357 3385 5428; x_wconf 85' lang='lat' dir='ltr'><strong>Evangelio</strong></span> <span class='ocrx_word' id='word_1_855' title='bbox 3413 5356 3559 5409; x_wconf 81' lang='lat' dir='ltr'><strong>dixit</strong></span> <span class='ocrx_word' id='word_1_856' title='bbox 3579 5353 3685 5407; x_wconf 55' lang='lat' dir='ltr'><strong>Do.</strong></span> 
     </span>
    </p>
   </div>
   <div class='ocr_carea' id='block_1_113' title="bbox 2113 5445 3799 5522">
    <p class='ocr_par' dir='ltr' id='par_1_113' title="bbox 2113 5445 3799 5522">
     <span class='ocr_line' id='line_1_113' title="bbox 2113 5445 3799 5522; baseline -0.004 -16"><span class='ocrx_word' id='word_1_857' title='bbox 2113 5449 2320 5516; x_wconf 75' lang='lat' dir='ltr'><strong>minus,</strong></span> <span class='ocrx_word' id='word_1_858' title='bbox 2378 5449 2643 5522; x_wconf 83' lang='lat' dir='ltr'><strong>Spiritum</strong></span> <span class='ocrx_word' id='word_1_859' title='bbox 2698 5464 2765 5505; x_wconf 72' lang='lat' dir='ltr'><strong>ex</strong></span> <span class='ocrx_word' id='word_1_860' title='bbox 2824 5446 2986 5505; x_wconf 88' lang='lat' dir='ltr'><strong>Patre</strong></span> <span class='ocrx_word' id='word_1_861' title='bbox 3039 5448 3360 5520; x_wconf 85' lang='lat' dir='ltr'><strong>procedere,</strong></span> <span class='ocrx_word' id='word_1_862' title='bbox 3399 5445 3674 5513; x_wconf 80' lang='lat' dir='ltr'><strong>decernis,</strong></span> <span class='ocrx_word' id='word_1_863' title='bbox 3780 5502 3799 5509; x_wconf 58' lang='grc'><strong>,</strong></span> 
     </span>
    </p>
   </div>
   <div class='ocr_carea' id='block_1_114' title="bbox 2110 5533 3682 5607">
    <p class='ocr_par' dir='ltr' id='par_1_114' title="bbox 2110 5533 3682 5607">
     <span class='ocr_line' id='line_1_114' title="bbox 2110 5533 3682 5607; baseline -0.006 -11"><span class='ocrx_word' id='word_1_864' title='bbox 2110 5539 2292 5607; x_wconf 84' lang='lat' dir='ltr'><strong>Photi,</strong></span> <span class='ocrx_word' id='word_1_865' title='bbox 2323 5555 2369 5595; x_wconf 82' lang='lat' dir='ltr'><strong>a.</strong></span> <span class='ocrx_word' id='word_1_866' title='bbox 2392 5539 2553 5596; x_wconf 83' lang='lat' dir='ltr'><strong>nobis</strong></span> <span class='ocrx_word' id='word_1_867' title='bbox 2585 5554 2710 5594; x_wconf 85' lang='lat' dir='ltr'><strong>cum</strong></span> <span class='ocrx_word' id='word_1_868' title='bbox 2744 5536 2992 5594; x_wconf 79' lang='lat' dir='ltr'><strong>Romana</strong></span> <span class='ocrx_word' id='word_1_869' title='bbox 3049 5535 3290 5593; x_wconf 68' lang='lat' dir='ltr'><strong>Ecclesia</strong></span> <span class='ocrx_word' id='word_1_870' title='bbox 3336 5533 3682 5588; x_wconf 85' lang='lat' dir='ltr'><strong>communio-</strong></span> 
     </span>
    </p>
   </div>
   <div class='ocr_carea' id='block_1_115' title="bbox 2109 5624 3681 5702">
    <p class='ocr_par' dir='ltr' id='par_1_115' title="bbox 2109 5624 3681 5702">
     <span class='ocr_line' id='line_1_115' title="bbox 2109 5624 3681 5702; baseline -0.006 -13"><span class='ocrx_word' id='word_1_871' title='bbox 2109 5649 2231 5689; x_wconf 78' lang='lat' dir='ltr'><strong>nem</strong></span> <span class='ocrx_word' id='word_1_872' title='bbox 2265 5632 2631 5702; x_wconf 69' lang='lat' dir='ltr'><strong>respuendum</strong></span> <span class='ocrx_word' id='word_1_873' title='bbox 2660 5646 2806 5696; x_wconf 87' lang='lat' dir='ltr'><strong>esse,</strong></span> <span class='ocrx_word' id='word_1_874' title='bbox 2835 5631 3052 5686; x_wconf 85' lang='lat' dir='ltr'><strong>dicente</strong></span> <span class='ocrx_word' id='word_1_875' title='bbox 3104 5644 3168 5683; x_wconf 74' lang='lat' dir='ltr'><strong>ex</strong></span> <span class='ocrx_word' id='word_1_876' title='bbox 3237 5627 3394 5684; x_wconf 80' lang='lat' dir='ltr'><strong>Patre</strong></span> <span class='ocrx_word' id='word_1_877' title='bbox 3446 5637 3501 5681; x_wconf 89' lang='lat' dir='ltr'><strong>et</strong></span> <span class='ocrx_word' id='word_1_878' title='bbox 3541 5624 3681 5681; x_wconf 75' lang='lat' dir='ltr'><strong>Filio</strong></span> 
     </span>
    </p>
   </div>
   <div class='ocr_carea' id='block_1_116' title="bbox 2107 5716 3685 5795">
    <p class='ocr_par' dir='ltr' id='par_1_116' title="bbox 2107 5716 3685 5795">
     <span class='ocr_line' id='line_1_116' title="bbox 2107 5716 3685 5795; baseline -0.004 -15"><span class='ocrx_word' id='word_1_879' title='bbox 2107 5727 2257 5781; x_wconf 90' lang='lat' dir='ltr'><strong>illum</strong></span> <span class='ocrx_word' id='word_1_880' title='bbox 2282 5723 2614 5794; x_wconf 77' lang='lat' dir='ltr'><strong>procedere?</strong></span> <span class='ocrx_word' id='word_1_881' title='bbox 2645 5722 2748 5795; x_wconf 76' lang='lat' dir='ltr'><strong>Sed</strong></span> <span class='ocrx_word' id='word_1_882' title='bbox 2788 5721 2980 5779; x_wconf 81' lang='lat' dir='ltr'><strong>Patres</strong></span> <span class='ocrx_word' id='word_1_883' title='bbox 3033 5720 3211 5777; x_wconf 82' lang='lat' dir='ltr'><strong>nostri</strong></span> <span class='ocrx_word' id='word_1_884' title='bbox 3257 5716 3515 5784; x_wconf 83' lang='lat' dir='ltr'><strong>Basilius,</strong></span> <span class='ocrx_word' id='word_1_885' title='bbox 3545 5718 3685 5774; x_wconf 73' lang='lat' dir='ltr'><strong>Gre-</strong></span> 
     </span>
    </p>
   </div>
   <div class='ocr_carea' id='block_1_117' title="bbox 2026 5887 2475 5954">
    <p class='ocr_par' dir='ltr' id='par_1_117' title="bbox 2026 5887 2475 5954">
     <span class='ocr_line' id='line_1_117' title="bbox 2026 5887 2475 5954; baseline 0 -9"><span class='ocrx_word' id='word_1_886' title='bbox 2026 5889 2069 5921; x_wconf 83' lang='lat'>”</span> <span class='ocrx_word' id='word_1_887' title='bbox 2106 5887 2262 5945; x_wconf 65' lang='grc' dir='ltr'>δοίη.</span> <span class='ocrx_word' id='word_1_888' title='bbox 2306 5903 2359 5954; x_wconf 76' lang='lat' dir='ltr'><strong>x,</strong></span> <span class='ocrx_word' id='word_1_889' title='bbox 2386 5888 2475 5945; x_wconf 76' lang='lat'><strong>50.</strong></span> 
     </span>
    </p>
   </div>
  </div>
