3978 6614
413 461 517 532 Πὸ

1374 471 1390 501 ’
1433 470 1652 537 JOAN.
1693 473 1907 536 VECCI
1942 472 2054 537 ΟΡ.
2094 473 2606 541 ΡΑΤΗΣΑΗΟΗΕ

3454 418 3467 425 ’
3553 469 3659 540 ne

411 578 622 650 garius,
648 575 948 650 Gregorius
971 580 1131 649 alter,
1162 580 1410 642 Joannes
1433 584 1862 659 Chrysastomus
1878 603 1977 646 vo-

2088 590 2180 646 καὶ
2233 590 2535 665 Γρηγόριος
2577 594 2784 665 ἕτερος,
2833 592 2930 649 καὶ
2964 594 3018 649 6'
3042 591 3443 667 χρυπρῤήμων
3469 590 3662 645 Ἰωάν-

409 685 529 726 cem
556 670 697 726 hanc
725 669 1006 743 Evangelii
1040 683 1297 732 accurate
1316 679 1979 750 tenentes,Ambrosium,

410 763 801 834 Augustinum,
823 772 875 820 et
898 761 1315 840 Hieronymum,
1348 785 1412 826 ex
1445 770 1607 828 Patre
1628 782 1682 828 et
1704 772 1841 830 Filia
1864 773 1986 844 Spi-

409 854 571 909 ritum
607 856 901 926 procedere
931 860 1353 929 prtescribentes
1386 861 1514 935 (hoc
1565 865 1711 920 enim
1752 866 1828 922 uti
1867 882 1899 922 a
1929 876 1983 923 te

413 959 578 1015 supra
612 945 925 1004 confessum
975 950 1205 1022 arripio,
1237 953 1441 1009 nullius
1479 955 1708 1012 alterius
1749 957 1983 1014 demon-

410 1038 694 1093 strationis
724 1038 961 1112 indigus)
995 1059 1103 1098 non
1146 1042 1467 1114 ejicicbant,
1513 1050 1607 1104 sed
1646 1048 1699 1104 in
1737 1065 1986 1107 commu-

412 1127 630 1183 nionem
662 1131 1055 1202 aeceptubant,
1103 1144 1158 1191 et
1197 1152 1291 1206 per
1336 1151 1431 1194 eas
1476 1138 1743 1196 universae
1777 1138 1982 1198 Roma-

410 1230 495 1270 nae
528 1214 787 1287 Ecclesiae
836 1220 1296 1290 complementum
1334 1240 1350 1278 :
1388 1225 1647 1303 similiter
1692 1241 1747 1285 et
1794 1228 1984 1287 Patres

409 1316 724 1364 sanctarum
799 1319 1012 1381 septem
1099 1317 1560 1373 meumenicarum
1650 1321 1982 1393 synodarum

407 1406 641 1455 cunctos
660 1401 935 1459 dictorum
963 1407 1364 1479 theologorum,
1394 1409 1769 1468 Romanarum
1810 1415 1987 1469 homi-

408 1508 540 1547 num
572 1494 891 1568 discipulos,
912 1490 1018 1570 qui
1057 1476 1345 1558 sacerdotii
1371 1506 1425 1560 in
1458 1504 1702 1564 Romana
1740 1508 1982 1566 Ecclesia

407 1586 716 1658 catalogum
743 1592 1108 1663 complebant,
1151 1594 1335 1650 socias
1386 1596 1731 1654 aestimabant
1782 1608 1838 1656 et
1875 1599 1987 1658 fra-

410 1685 542 1734 tres.
576 1680 917 1747 Quibusnam
950 1686 1337 1743 adbaerendum
1369 1689 1527 1747 nobis
1561 1699 1673 1759 est,
1722 1694 1984 1752 omnibus

409 1767 540 1837 illis,
569 1787 638 1828 an
669 1774 766 1830 tibi
801 1785 929 1855 post
952 1780 1188 1836 schisma
1218 1795 1248 1835 a
1282 1790 1334 1837 te
1357 1783 1409 1837 in
1435 1779 1678 1841 Ecclesia
1712 1802 1984 1858 propaga-

407 1870 525 1919 tum
560 1864 665 1923 hac
720 1871 1011 1937 asserenti,
1049 1882 1102 1927 et
1151 1873 1281 1935 illis.
1314 1876 1407 1946 qui
1457 1887 1509 1933 te
1541 1877 1595 1933 in
1651 1878 1771 1933 sala
1832 1881 1983 1936 schi-

2086 700 2201 756 νης,
2235 684 2334 755 τήν
2358 686 2423 739 ἐν
2452 685 2805 755 Εύαγγελίοις
2848 684 3055 757 ταύτην
3100 684 3283 756 φωνήν
3312 681 3557 754 ἀκριϐῶς
3584 683 3662 735 εί-

2082 775 2254 840 δότες,
2302 776 2642 848 ’Ᾱμσρόσιον,
2675 777 3057 847 Αύγουστῖνον,
3094 778 3189 832 καὶ
3228 773 3570 845 Ἱερώνυμον,
3597 774 3664 827 ὲκ

2085 868 2301 940 Πατρὸς
2349 869 2444 924 καὶ
2490 870 2622 925 Υἱοῦ
2669 870 2730 926 τδ
2760 871 2987 942 Πνεῦμα
3023 869 3449 942 δογματίζοντας
3493 870 3660 921 ἔκπο-

2088 959 2344 1032 ρεύεσθαι
2374 959 2554 1034 (τοῦτο
2584 961 2692 1033 γάρ
2734 963 2810 1025 ὡς
2833 961 3364 1034 προωμολογημένον
3388 959 3537 1029 παρὰ
3563 956 3659 1011 σοῦ

2085 1052 2380 1125 λαμϐάνω,
2424 1054 2590 1126 ἄλλης
2616 1054 2945 1121 ἀποδείξεως
2971 1052 3389 1125 ούχὶλδεόμενος)
3422 1052 3523 1105 οὐκ
3558 1052 3662 1103 ἀπ-

2086 1143 2355 1216 έπεμπον,
2402 1146 2517 1202 ἀλλ’
2546 1150 2625 1211 εἰς
2653 1147 2938 1201 κοινωνίαν
2965 1147 3227 1217 ἐδέχοντο,
3256 1146 3349 1199 καὶ
3378 1144 3448 1197 δι’
3473 1142 3659 1196 αὐτῶν

2087 1237 2309 1309 σύμπαν
2354 1238 2451 1310 τῆς
2486 1236 2800 1310 Ῥωμαῖκῆς
2856 1235 3184 1309 Ἐκκλησίας
3248 1237 3310 1290 τὸ
3361 1236 3659 1308 πλήρωμα.

2101 1327 2376 1393 Ὡσαύτως
2418 1329 2514 1383 καὶ
2550 1331 2598 1383 oi
2652 1328 2898 1398 Πατέρες
2951 1328 3061 1381 τῶν
3112 1326 3284 1395 ἁγίων
3343 1327 3661 1393 alno-aput-

2088 1419 2199 1474 κῶν
2231 1421 2370 1473 ἑπτὰ
2398 1419 2629 1474 συνόδων
2663 1421 2871 1483 πάντας
2900 1419 3026 1482 τοὺς
3060 1416 3313 1490 μαθητὰς
3345 1416 3454 1469 τῶν
3515 1417 3667 1487 εἰρη-

2090 1509 2266 1581 μένων
2298 1507 2583 1578 θεολόγων,
2625 1509 2915 1579 Ῥωμαίων
2943 1509 3177 1577 ἀνδρῶν,
3205 1508 3331 1565 τοὺς
3368 1509 3463 1563 τὸν
3493 1507 3667 1561 κατά-

2087 1601 2246 1670 λογον
2296 1602 2398 1673 τῆς
2454 1604 2514 1656 ὲν
2570 1605 2637 1673 τῇ
2708 1602 2993 1674 Ῥωμαϊκῇ
3045 1600 3348 1671 Ἐκκλησία
3387 1600 3666 1672 ίερατείας

2088 1693 2451 1765 πληροῦντας,
2501 1696 2854 1759 κοινωνικοῦς
2894 1690 3038 1764 εἶχον
3088 1693 3183 1747 καὶ
3223 1690 3510 1762 ἀδελφούς.
3541 1689 3667 1745 Τίσι

2087 1787 2221 1857 γοῦν
2248 1787 2575 1858 προσθετέον
2603 1787 2773 1857 ἡμᾶς,
2802 1788 2968 1841 πᾶσιν
3003 1786 3257 1852 ἐκείνοις,
3315 1785 3349 1856 ἢ
3387 1785 3469 1839 σοὶ
3503 1782 3668 1855 μέχρι

2089 1883 2184 1935 καὶ
2211 1882 2309 1952 τῆς
2341 1880 2435 1934 ἐπὶ
2460 1878 2538 1950 τῷ
2569 1877 2831 1950 σχίσματι
2874 1879 3122 1950 γνώμης,
3166 1879 3259 1932 καὶ
3293 1878 3406 1942 τοῖς
3435 1877 3668 1949 ἠκολου-

408 1967 592 2014 smate
621 1960 793 2016 secuti
825 1970 976 2025 sunt,
1006 1974 1060 2018 et
1091 1981 1198 2019 non
1245 1966 1408 2021 etiam
1450 1967 1504 2023 in
1558 1969 1781 2038 unione,
1814 1986 1980 2042 quam

2090 1971 2280 2041 θηκνῖσι
2319 1985 2402 2024 σοι
2432 1971 2524 2023 ἐπὶ
2556 1970 2703 2041 μόνῳ
2732 1969 2810 2039 τῷ
2838 1969 3117 2042 σχίσματι,
3152 1968 3415 2040 ούμενουν
3444 1968 3537 2022 καὶ
3571 1967 3668 2020 ἐπὶ

408 2053 759 2120 postmodum
782 2057 1115 2133 «pteniteutia
1147 2057 1348 2115 ductus
1385 2059 1678 2125 admisisti.
1705 2078 1827 2119 cum
1862 2081 1978 2122 ma-

407 2156 513 2212 gna
550 2154 742 2200 coacta
788 2147 998 2218 synodo
1039 2164 1234 2204 rursus
1282 2166 1370 2207 res
1416 2153 1820 2212 ecclesiasticas
1875 2158 1988 2229 pri-

408 2234 556 2288 stina
593 2236 775 2292 decori
825 2240 1147 2296 restituisti?
1199 2242 1264 2297 Et
1315 2242 1431 2299 haec
1484 2246 1548 2299 a.l
1579 2246 1815 2317 primum
1865 2250 1983 2306 dic-

409 2335 614 2393 torum,
647 2338 707 2384 ut
734 2330 954 2386 videtur
989 2333 1207 2402 Phatia,
1244 2334 1711 2393 validissimarum
1751 2354 1849 2411 pro
1887 2337 1988 2396 Ee-

407 2418 591 2476 elcsia:
614 2423 847 2477 dissidia
881 2426 1215 2483 stabilienda
1239 2428 1383 2484 dicta
1422 2429 1554 2486 sint.
1603 2429 1759 2486 Nunc
1790 2448 1988 2489 secun-

407 2513 540 2568 dum
570 2518 978 2587 exatninemus,
1016 2523 1069 2575 in
1102 2538 1212 2592 qua
1260 2539 1516 2595 magnum
1552 2524 1642 2580 bic
1688 2525 1986 2583 introducit

407 2601 660 2676 Paulum,
683 2611 974 2668 anathema
994 2614 1292 2671 edicentem
1314 2626 1504 2672 contra
1522 2618 1982 2688 evangelizantem

407 2698 629 2769 aliquod
666 2701 900 2757 alienum
941 2721 968 2758 a
1000 2720 1102 2761 sua
1146 2705 1457 2778 Evangelia.
1499 2707 1600 2764 llic
1627 2726 1849 2780 quoque
1900 2722 1984 2766 at-

408 2799 556 2869 tente
585 2809 696 2850 rem
728 2797 1046 2853 examinare
1078 2798 1351 2854 volentem
1389 2816 1612 2866 maneo,
1644 2818 1734 2868 ne,
1773 2802 1984 2859 insulse

406 2882 612 2938 dictum
633 2884 924 2955 arripiens,
940 2887 1420 2944 condemnationis
1446 2890 1676 2960 hujusce
1704 2892 1979 2947 calculum

2087 2066 2153 2135 τῇ
2181 2061 2554 2132 ὲνὼσει,ἥνὲν
2573 2060 2727 2131 καλῷ
2760 2059 2854 2115 τοῦ
2889 2050 3195 2131 μεταμέλου
3219 2059 3535 2129 γενόμενος.
3570 2057 3667 2111 καὶ

2088 2154 2305 2209 σύνοδον
2339 2153 2580 2224 μεγάλην
2611 2151 2892 2224 ἀθροίσας,
2955 2153 3122 2207 πάλιν
3177 2140 3269 2215 είς
3307 2151 3400 2205 τὸν
3446 2150 3668 2220 πρῶτον

2086 2245 2433 2317 ἐπανήγαγες
2476 2242 2720 2313 κόσμον;
2758 2242 2943 2298 Ταῦτα
2974 2242 3075 2314 μὲν
3109 2241 3202 2297 οῦν
3249 2242 3386 2312 πρὸς
3424 2242 3484 2297 τὸ
3511 2241 3669 2310 πρῶ-

2086 2355 2177 2392 τον
2201 2335 2332 2404 τῶν,
2356 2337 2430 2400 ὡς
2450 2337 2599 2391 δοκεῖ
2632 2336 2846 2407 Φωτίῳ,
2912 2335 3288 2408 ἰσχυροτάτων
3342 2333 3436 2388 δύο
3485 2332 3669 2404 ῥητῶν

2089 2430 2222 2502 πρὸς
2245 2430 2343 2499 τὴν
2381 2427 2478 2498 τῆς
2501 2426 2831 2499 Ἐκκλησίας
2857 2426 3157 2481 διάστασιν.
3189 2425 3332 2495 Πρὸς
3360 2426 3416 2480 δὲ
3462 2424 3524 2478 τὸ
3546 2421 3672 2477 δεύ-

2085 2536 2262 2592 τερον,
2306 2521 2363 2574 ὲν
2390 2509 2434 2588 ᾧ
2463 2519 2555 2573 τὸν
2585 2518 2759 2588 μέγαν
2784 2513 2940 2581 οὗτος
2968 2517 3181 2601 εἰσάγει
3225 2516 3439 2571 Παῦλον
3471 2514 3670 2568 ἀναθε-

2089 2626 2165 2679 μα
2209 2608 2560 2677 ὲκερωνοῦντα
2612 2608 2756 2661 κατά
2811 2605 2906 2661 τοῦ
2961 2604 3456 2676 εὐαγγελισαμένου
3513 2602 3671 2657 ἀλλό-

2084 2698 2238 2770 τριόν
2290 2715 2345 2751 τι
2393 2698 2501 2751 τῶν
2558 2696 2904 2767 Εὐαγγελίων
2945 2696 3135 2762 αὑτοῦ,
3213 2695 3494 2750 κάνταῦθα
3550 2695 3673 2751 δια-

2088 2792 2364 2862 σκοπῆσαι
2391 2789 2483 2844 τὸν
2515 2789 2857 2861 βουλόμενον.
2884 2788 3203 2860 ύποτίθημι,
3261 2789 3473 2860 μήποτε
3505 2788 3533 2841 ὁ
3564 2805 3671 2841 πα-

2084 2885 2333 2956 ραλόγως
2363 2884 2424 2937 τὸ
2453 2883 2614 2955 ῥητὸν
2633 2870 3028 2955 ’ἐκλαμϐάνων
3081 2883 3181 2955 τὴν
3228 2882 3328 2952 τῆς
3360 2881 3668 2950 καταδίκης

363 2968 366 2971 ’
409 2972 464 3027 lu
495 2973 802 3030 Romanam
833 2975 1155 3045 Eeclesiam,
1197 2979 1294 3035 sed
1330 2989 1458 3036 ante
1494 2980 1667 3051 ipsam
1703 2981 1756 3036 in
1789 2982 1980 3039 omnes

2088 2980 2287 3048 ταύτης
2326 2975 2506 3047 ψῆφον
2538 2975 2600 3028 ού
2656 2976 2799 3029 κατά
2847 2974 2948 3045 τῆς
2988 2974 3302 3045 Ῥωμαῖκῆς
3330 2974 3667 3044 Ἐκιλησίας

406 3064 669 3136 synodos,
700 3083 823 3137 qua:
852 3069 1112 3140 pleraque
1153 3070 1434 3144 .dagmata
1482 3084 1877 3145 exposuerunt,
1926 3084 1979 3130 et

2083 3070 2395 3138 ἐπενέγκοι,
2421 3066 2558 3121 ἀλλὰ
2587 3066 2694 3138 πρό
2727 3082 2791 3136 γε
2815 3065 2990 3135 αὐτῆς,
3012 3065 3154 3119 κατά
3180 3064 3373 3119 πασῶν
3401 3064 3669 3129 συνόδων,

406 3158 871 3228 depraadiearunt.
921 3177 1156 3231 quorum
1193 3163 1399 3222 nullam
1451 3182 1686 3238 usquam
1748 3183 1978 3239 magnus

2088 3164 2140 3221 αἳ
2177 3165 2346 3220 πολλά
2378 3164 2629 3234 δόγματα
2688 3162 3076 3234 διετράνωσαν.
3123 3160 3219 3215 καὶ
3258 3146 3557 3233 ἐκήρυξαν,
3587 3153 3668 3213 ὧν

407 3251 614 3309 Paulus
646 3255 975 3311 mentionem
1006 3253 1203 3315 iecisse
1234 3260 1521 3330 reperitur,
1556 3259 1783 3317 delerat.
1814 3259 1981 3316 Nam-

2088 3257 2192 3315 οὐδ’
2220 3257 2358 3322 ὅλως
2389 3258 2418 3310 ὁ
2441 3255 2615 3326 μέγας
2650 3253 2864 3319 Παῦλος
2922 3253 3110 3321 μνείαν
3143 3251 3466 3322 ποιούμενος
3494 3250 3667 3322 εὓρη-

405 3362 514 3418 que
564 3348 652 3405 hic
694 3365 972 3406 summum
1014 3354 1392 3423 apostolorum
1435 3354 1652 3411 culmen
1699 3355 1974 3426 prohibet,

405 3442 620 3499 diversa
650 3443 719 3501 ab
758 3445 1069 3515 evangelica
1115 3447 1383 3504 sententia
1424 3447 1697 3505 introduci
1742 3465 1758 3504 :
1792 3448 1978 3505 futura

405 3550 538 3591 vero
572 3537 623 3590 in
680 3552 841 3592 suum
883 3536 1235 3609 Evangelium
1275 3541 1623 3611 postmodum
1671 3540 1977 3597 dictionum

406 3612 685 3684 additiane
714 3629 846 3684 nulli
883 3630 1128 3685 omnium
1179 3632 1388 3688 crimen
1419 3632 1669 3704 appingit
1714 3630 1979 3704 pracvari-

406 3721 646 3778 cationis
694 3723 996 3795 Evangelii.
1043 3723 1150 3792 Qui
1199 3726 1384 3796 itaque
1431 3742 1716 3799 perperam
1768 3728 1880 3805 sic,
1926 3740 1983 3786 et

409 3813 617 3886 absque
678 3816 995 3873 discrimine
1044 3817 1413 3872 anathematis
1455 3833 1678 3888 poenam
1735 3818 1983 3892 irragare

408 3906 643 3961 Voluerit
678 3906 805 3973 illis,
836 3909 929 3978 qui
969 3919 1091 3977 post
1145 3908 1493 3981 Evangelium
1531 3906 1685 3965 Pauli
1707 3912 1978 3980 quaedam,

411 4013 533 4068 qua:
559 3998 619 4068 in.
646 3996 943 4071 Evangelia
973 3999 1127 4056 Pauli
1163 4017 1269 4057 non
1302 4001 1675 4070 reperiuntur,
1728 4002 1985 4057 decreve-

411 4098 562 4153 runt,
626 4090 811 4146 nescia
865 4092 1142 4161 quomodo
1195 4092 1283 4147 hic
1328 4092 1678 4162 respondebit
1728 4093 1985 4149 Patribus

409 4178 620 4234 nostris
655 4179 1109 4234 consubstantiale
1144 4180 1655 4251 prmscribentibus.
1688 4181 1748 4236 ln
1780 4182 1982 4251 quibus

407 4265 555 4321 enim
592 4267 694 4323 hac
724 4270 872 4324 Pauli
920 4271 1315 4339 scriptionibus
1372 4271 1687 4335 invenitur?
1735 4270 1984 4342 Deipartr

412 4374 598 4415 vocem
624 4360 676 4414 in
706 4361 1011 4433 Evangeliis
1032 4360 1182 4419 Pauli
1226 4380 1388 4420 nemo
1438 4381 1669 4437 usquam
1718 4367 1978 4431 aﬂendet,

408 4459 466 4506 at
514 4450 608 4507 Dei
670 4453 912 4529 Ecclesia
972 4457 1119 4512 clara
1179 4471 1317 4512 vace
1374 4471 1494 4513 eam
1555 4458 1896 4528 pronuntiat,
1930 4468 1987 4514 et

409 4558 530 4597 eam
596 4557 977 4619 oppugnantes
1030 4557 1090 4602 ut
1142 4547 1431 4607 haereticos
1488 4549 1687 4620 reiicit.
1744 4549 1817 4621 Et
1871 4564 1982 4605 non

2091 3368 2202 3406 ται.
2257 3342 2428 3413 Οὗτος
2487 3349 2582 3402 καὶ
2629 3346 2738 3417 γὰρ
2783 3348 2817 3416 ή
2876 3345 3155 3419 κορυφαία
3209 3344 3320 3397 τῶν
3351 3341 3669 3398 ἀποστόλων

2091 3443 2329 3515 ἀκρότης
2381 3440 2517 3512 πρὸς
2549 3440 2650 3512 τὴν
2692 3438 2785 3493 τοῦ
2830 3438 3163 3508 Εύαγγελῗου
3212 3437 3420 3491 ἔννοιαν
3460 3437 3674 3503 ἀπαγο-

2052 3524 2053 3527 Ὶ
2095 3537 2242 3609 ρεύει
2261 3535 2355 3591 τὸν
2382 3531 2898 3606 παρευαγγελισμόν
2923 3547 2936 3562 ·
2978 3533 3040 3584 ὲκ
3067 3530 3123 3584 δὲ
3161 3529 3261 3598 τῆς
3291 3529 3552 3597 ἐσομένης
3575 3527 3672 3581 ἐπὶ

2090 3630 2169 3700 τῷ
2208 3625 2523 3697 Εύαγγελίῳ
2554 3624 2719 3680 αὐτοῦ
2752 3622 3043 3692 ἐσύστερον
3072 3621 3390 3693 προσθήκης
3426 3619 3535 3673 τῶν
3580 3618 3671 3672 λέ·-

2093 3720 2230 3789 ξεων
2282 3719 2457 3772 οὒδενὶ
2482 3717 2590 3771 τῶν
2616 3715 2870 3771 ἁπάντων
2904 3713 3156 3783 ἔγκλημα
3188 3710 3492 3783 προσάπτει
3519 3726 3666 3781 παρ-

2047 3801 2051 3805 ’
2093 3810 2513 3883 ευαγγελισμοῦ.
2576 3809 2639 3864 '0
2703 3807 2834 3877 γοῦν
2863 3806 3050 3871 ἁπλῶς
3088 3805 3234 3860 οὕτω
3270 3806 3366 3860 καὶ
3412 3802 3670 3872 ἀδιακρί-

2092 3922 2199 3969 τως
2231 3907 2331 3976 τὴν
2382 3901 2477 3958 τοῦ
2508 3885 2849 3968 ἀναθέματος
2881 3896 3181 3967 καταδίκην
3237 3892 3669 3964 ἐπιψηφίζεσθαι

2096 3997 2263 4051 θέλων
2314 3996 2425 4059 τοῖς
2478 3993 2616 4063 μετά
2644 3990 2705 4045 τὸ
2735 3988 3070 4059 Εὐαγγέλιον
3100 3986 3315 4042 Παύλου
3344 3987 3671 4054 δεδογματι-

2095 4090 2217 4147 κόσι
2245 4088 2366 4144 τινα
2396 4085 2471 4158 μὴ
2499 4084 2632 4155 πρὸς
2669 4083 2816 4148 λέξιν
2841 4084 2955 4145 τοῖς
3000 4080 3213 4135 Παύλου
3249 4077 3672 4148 εύαγγελισμοῖς

2094 4181 2467 4255 ἐμφερόμενα,
2495 4178 2595 4231 οὐκ
2617 4170 2735 4230 οἶδα
2763 4174 2881 4238 πῶς
2927 4173 3326 4245 ἀπολογήσεται
3362 4162 3518 4232 οὗτος
3554 4171 3673 4234 τοῖς

2105 4274 2459 4345 Ὀμοούσιον
2510 4263 3167 4338 δογματίσασιΠατράσιν
3212 4264 3398 4342 ἡμῶν.⁴
3424 4260 3535 4315 Ποῦ
3559 4261 3672 4332 γὰρ

2095 4368 2325 4438 εῦρηται
2350 4363 2511 4419 τοῦτο
2536 4361 2630 4416 τοῦ
2662 4360 2877 4416 Παύλου
2920 4358 3187 4431 γραφῶν;
3219 4356 3329 4429 Τὴν
3356 4358 3412 4411 δὲ
3461 4357 3673 4411 Θεοτό·

2095 4479 2204 4528 κος
2234 4459 2418 4529 φωνὴν
2446 4458 2503 4509 ὲν
2538 4455 2637 4526 μὲν
2666 4457 2778 4519 τοῖς
2826 4451 2923 4507 τοῦ
2960 4451 3171 4508 Παύλου
3202 4449 3552 4519 Εύαγγελίοις
3582 4448 3674 4503 εῦ-

2101 4558 2258 4628 ρήσει
2298 4569 2383 4615 τις
2414 4545 2675 4618 οὐδαμοῦ,
2730 4547 2764 4617 ή
2795 4545 2852 4600 δὲ
2885 4544 2980 4599 τοῦ
3009 4541 3147 4598 Θεοῦ
3204 4542 3501 4612 Ἐκκλησία
3530 4558 3673 4612 τραο

409 4637 537 4707 quia
591 4635 797 4694 Paulus
863 4638 1137 4697 dictiones
1184 4640 1285 4698 luas
1344 4657 1454 4697 non
1513 4642 1838 4713 usurpavit,
1902 4641 1982 4719 uti

2096 4646 2201 4709 νῶς
2229 4641 2488 4715 κηρύττει
2521 4636 2712 4709 αὑτήν,
2740 4637 2836 4691 καὶ
2869 4637 2997 4698 τοὺς
3036 4634 3113 4707 μὴ
3143 4632 3286 4688 οῦτω
3310 4630 3672 4724 φρονοῦντας,

412 4732 860 4800 praevaricatores
890 4727 1166 4805 Evangelii
1197 4733 1661 4802 condemnamur,
1695 4735 1800 4805 .qui
1837 4743 1987 4806 past-

416 4826 635 4879 modum
696 4822 802 4880 illis
866 4826 949 4881 usi
1008 4833 1175 4893 sunt;
1235 4825 1332 4882 sed
1400 4827 1544 4890 quod
1591 4841 1656 4881 ex
1706 4837 1887 4883 mente
1933 4826 1987 4883 bi

411 4912 566 4969 Pauli
623 4916 1015 4983 decreverunt,
1083 4916 1228 4973 inter
1272 4916 1489 4988 pietatis
1543 4933 1822 4988 praecones
1871 4918 1988 4975 cal-

413 5009 682 5066 lacantur.
728 5008 873 5063 inter
919 5006 1025 5066 alia
1072 5009 1177 5066 hac.
1224 5026 1443 5082 quoque
1484 5027 1633 5066 nunc
1676 5011 1986 5077 considera,

410 5119 507 5172 per
534 5103 700 5157 Deum
751 5103 965 5172 ipsum,
1005 5104 1245 5173 prudens
1290 5114 1586 5175 rectusque
1627 5120 1807 5160 rerum
1852 5120 1991 5176 prm-

410 5196 645 5250 sentium
708 5194 976 5264 (agnitar.
1030 5188 1332 5267 Videturne
1375 5196 1468 5251 tibi
1544 5212 1820 5268 unquam,
1869 5213 1988 5253 ula—

411 5303 577 5358 gnum
613 5287 1000 5352 Athanasium,
1038 5295 1092 5342 et
1141 5290 1340 5357 saepius
1376 5286 1429 5343 in
1485 5288 1571 5344 his
1602 5288 1803 5345 nostris
1829 5304 1985 5345 cam-

410 5379 698 5435 menlariis
731 5387 1200 5437 commemoratae
1248 5390 1467 5437 sanctas
1500 5381 1694 5438 Patres
1746 5392 1985 5450 nostras,

409 5472 629 5543 pietatis
664 5472 932 5535 vindices,
985 5487 1127 5543 quos
1162 5473 1277 5544 ipse
1306 5489 1521 5546 nequeo
1562 5474 1699 5531 satis
1744 5477 1989 5546 compel-

411 5563 527 5619 lare
576 5563 926 5626 utialdecet,
980 5562 1319 5634 concepisse,
1373 5576 1468 5621 aut
1513 5567 1762 5623 elocutos
1817 5566 1989 5624 luisse

410 5656 617 5727 aliquid
647 5658 760 5713 Dea
794 5665 988 5715 nostra
1019 5667 1072 5714 ct
1096 5658 1373 5715 Servatori
1399 5660 1734 5717 adversum?
1762 5660 1827 5716 Et
1863 5661 1986 5716 cui-

412 5765 541 5805 nam
580 5766 820 5823 unquam
847 5753 1027 5829 simile
1055 5752 1187 5824 quii
1240 5752 1295 5808 in
1347 5762 1586 5809 mentem
1630 5753 1843 5808 veniet?
1879 5750 1987 5808 Sed

2088 4738 2166 4802 ὡς
2189 4731 2503 4806 αίρετικοὺς
2549 4727 2919 4785 ἀποδάλλεται
2953 4727 3048 4781 καὶ
3076 4727 3175 4797 ούχ
3205 4726 3289 4780 ὅτι
3329 4724 3405 4796 μὴ
3455 4722 3674 4788 Παῦλος

2089 4831 2188 4894 τὰς
2209 4826 2388 4893 λέξεις
2418 4822 2610 4895 εἴρηκε
2635 4820 2865 4884 ταύτας,
2895 4817 3421 4891 παρευαγγελισμοῦ
3457 4818 3678 4891 κρίνον-

2087 4940 2181 4978 ται
2208 4922 2257 4975 οἱ
2295 4919 2589 4987 ἐσύστερον
2613 4913 2920 4985 εἰρηκότες.
2954 4913 3070 4965 ἀλλ’
3100 4913 3182 4966 ὅτι
3214 4911 3357 4965 κατά
3396 4909 3496 4982 τὴν
3524 4909 3675 4964 Παύ-

2088 5013 2183 5069 λου
2209 5011 2449 5066 διάνοιαν
2476 5006 2838 5078 ὲδογμάτισαν
2868 4996 3040 5071 οὗτοι,
3080 5005 3192 5068 τοῖς
3231 5002 3427 5074 κήρυξι
3455 5003 3554 5073 τῆς
3581 5003 3677 5056 εύ-

2090 5104 2308 5168 σεδείας
2339 5104 2638 5173 κρίνονται.
2669 5097 2832 5152 Ἀλλά
2856 5095 3016 5164 δεῦρο
3041 5097 3176 5167 προς
3201 5099 3312 5159 τοῖς
3337 5097 3518 5159 ἄλλοις
3544 5097 3646 5149 σκό

2090 5215 2183 5252 πει
2206 5196 2302 5251 καὶ
2333 5193 2493 5249 τοῦτο
2524 5190 2660 5262 πρδς
2690 5188 2856 5243 αὐτοῦ
2897 5186 2992 5241 τοῦ
3049 5188 3186 5242 Θεοῦ
3217 5190 3246 5241 ό
3272 5187 3530 5259 νουνεχὴς
3573 5188 3673 5241 καὶ

2090 5289 2379 5359 εὐθυδίκης
2417 5284 2528 5339 τῶν
2556 5285 2841 5354 παρόντων
2872 5281 3186 5351 ἐξεταστὴς.
3228 5282 3388 5334 Δοκεῖ
3414 5280 3496 5333 σοί
3535 5296 3669 5334 ποτε

2086 5382 2181 5435 τὸν
2213 5380 2384 5451 μέγαν
2427 5375 2769 5436 Ἀθανάσιον,
2806 5375 2897 5426 κα)⁵
2946 5373 3071 5434 τοὺς
3105 5370 3374 5441 πολλαχοῦ
3401 5371 3500 5439 τῆς
3528 5387 3677 5442 παρ-

2088 5473 2254 5542 ούσης
2281 5470 2502 5543 γραφῆς
2535 5464 2936 5537 ὀνομασθέντας
2966 5462 3156 5533 ἁγίους
3201 5462 3452 5533 Πατέρας
3481 5462 3664 5533 ἡμῶν,

2087 5565 2218 5627 τοὺς
2240 5561 2343 5632 τῆς
2368 5559 2648 5620 εὐσεϐείας
2686 5558 3025 5627 προμάχους.
3049 5555 3196 5619 τοὺς,
3221 5555 3339 5617 πῶς
3363 5553 3430 5608 ἀν
3460 5555 3554 5608 καὶ
3576 5572 3676 5608 κα-

2090 5656 2246 5709 λέσαι
2272 5653 2373 5707 οὐκ
2400 5651 2529 5722 ἔχω,
2561 5648 2845 5718 ἐννοῆσαι..
2887 5647 2921 5719 ἢ
2967 5645 3312 5715 φθέγξασθαί
3343 5663 3396 5698 τι
3437 5645 3515 5714 τῷ
3547 5645 3675 5715 Θεῷ

2092 5747 2268 5819 ἡμῶν,
2306 5744 2400 5798 καὶ
2439 5742 2654 5813 Σωτῆρι
2695 5738 2919 5812 Χριστῷ
2957 5739 3033 5809 μὴ
3063 5737 3280 5804 δοκοῦνς
3337 5738 3451 5791 Καὶ
3472 5735 3578 5791 τίνι
3602 5738 3674 5790 ἂν

411 5843 491 5907 bi,
524 5842 651 5900 licet
688 5844 949 5902 Servatar
984 5845 1036 5902 in
1091 5844 1385 5916 Evangelia
1433 5843 1695 5917 Spiritum
1729 5859 1797 5900 ex
1831 5844 1983 5900 Patre

2092 5840 2200 5898 τῶν
2222 5839 2483 5895 ἀπάντων
2528 5833 2809 5904 λογισθείη
2850 5831 3007 5887 τοῦτό
3038 5847 3210 5898 state;
3254 5828 3398 5884 Ἀλλ’
3418 5827 3587 5891 οὗτοι,
3619 5831 3673 5883 si

409 5935 706 6005 procedere
736 5936 904 6007 dicat,
936 5936 1221 6013 nanillius
1251 5936 1518 5994 doctrinae
1545 5934 1983 6007 reprobationem

2096 5931 2189 5988 καὶ
2217 5933 2245 5987 ό
2280 5925 2469 6002 Σωτὴρ
2497 5927 2554 5984 ὃν
2585 5924 2936 5997 Εύαγγελίοις
2984 5924 3045 5978 τὸ
3077 5922 3299 5994 Πνεῦμα
3332 5923 3396 5978 ἑκ
3433 5920 3527 5977 τοῦ
3560 5922 3675 5977 Πα-
