4070 6620
569 383 672 455 Ῑι23

1591 409 1806 473 ῙΟΑΝ.
1846 415 2062 476 ΥΕῦεί
2105 419 2212 477 CP.
2259 421 2770 488 PA‘THIARCHLK

3717 430 3834 496 121i

566 507 845 576 Sicigitur
876 517 928 564 et
977 509 1216 582 Spiritus
1265 515 1510 584 ejusdem
1555 522 1807 576 essmtiae
1841 537 1964 578 eum
1998 523 2138 581 Filio

2247 529 2364 582 ἀλλ’
2394 531 2478 584 ὅτι
2508 535 2570 587 ἐκ
2598 534 2696 601 τῆς
2732 535 2921 598 οὐσίας
2958 538 3053 592 τοῦ
3088 537 3240 592 Υίοῦ·
3281 539 3344 592 οὐ
3379 541 3478 608 μὶν
3527 541 3664 596 διότι
3691 544 3838 614 δμοο

563 607 667 661 est,
689 600 833 667 quod
867 617 931 655 ex
963 605 1202 659 essentia
1229 604 1371 672 Filii,
1405 618 1460 662 at
1493 625 1600 664 non
1626 611 1755 680 quia
1778 613 2022 682 ejusdem
2055 632 2148 672 es-

565 692 753 746 sentiae
779 709 901 747 cum
934 693 1095 761 Filio,
1129 696 1251 753 ideo
1272 715 1336 754 ex
1366 700 1525 757 Filio.
1557 702 1800 774 Natnque
1825 708 1868 761 si
1897 708 1947 762 id
1969 718 2136 773 esset,

564 792 709 838 esset
743 795 797 839 et
827 801 890 840 ex
923 786 1125 856 Spiritu
1163 790 1354 857 Filius,
1393 793 1438 850 si
1476 810 1561 856 ea,
1598 812 1720 866 quae
1751 798 1996 867 ejusdem
2052 816 2140 856 es-

493 930 504 939 ,
563 873 753 928 sentize
785 887 934 940 sunt,
971 878 1113 932 inter
1142 896 1199 934 se
1233 895 1654 940 convertuntur.
1694 887 1873 954 Quare
1901 891 1995 960 qui
2031 891 2140 946 alio

561 974 729 1034 atque
761 968 869 1021 alio
903 977 1147 1040 tempore
1202 974 1470 1044 Spiritum
1536 977 1658 1034 Filii
1692 995 1814 1036 esse
1872 981 2138 1050 Spiritum

558 1075 925 1130 exposuerunt
965 1077 1186 1137 pr0pter
1211 1071 1457 1127 eamdem
1499 1086 1776 1142 naturam,
1830 1076 2039 1134 frustra
2079 1095 2142 1136 ac

558 1161 761 1208 temere
810 1156 1016 1212 similes
1062 1159 1544 1228 interpretationes
1602 1168 1934 1224 conﬂuxisse
1977 1186 2139 1226 com-

561 1246 995 1314 prehenduntur.
1030 1249 1094 1304 Et
1121 1268 1268 1308 nunc
1299 1271 1516 1323 quoque
1535 1257 1646 1325 jam
1689 1259 1849 1314 dictis
1893 1263 2142 1319 Plturues

559 1337 926 1404 redarguitur,
968 1358 1072 1397 non
1100 1353 1249 1400 recte
1283 1349 1630 1404 asseruisse:

628 1429 719 1482 5‘2.
759 1451 776 1481 ι
809 1433 862 1483 Si
905 1449 1253 1507 qurerunque
1296 1439 1458 1494 habet
1480 1439 1705 1497 Pateret
1732 1443 1927 1511 Filius,
1951 1446 2142 1500 eadem

558 1519 724 1576 habet
760 1535 813 1576 et
837 1522 1078 1593 Spiritus
1100 1539 1325 1585 sanctus
1361 1544 1586 1602 prepter
1602 1537 2138 1594 eamdem-naturam

556 1613 920 1684 eamdemque
961 1617 1246 1684 deitatem,
1308 1638 1538 1691 prorsus
1587 1636 1640 1681 et
1673 1630 1983 1685 necessario
2040 1631 2140 1686 ali-

559 1703 690 1772 quid
709 1720 771 1758 ex
803 1706 1006 1762 eodem
1030 1726 1250 1781 quoque
1285 1716 1584 1783 procedere
1610 1719 1921 1790 colligetur.
1965 1740 1984 1773 ι

631 1794 694 1848 Ει
721 1811 824 1850 non
852 1810 1137 1869 propterea
1173 1805 1319 1872 quod
1356 1803 1526 1860 Filius
1545 1799 1792 1876 ejusdem
1827 1826 1949 1865 eum
1981 1813 2140 1868 Patre

558 1895 768 1940 natura:
803 1901 888 1943 est
918 1890 1051 1958 dici,
1087 1892 1358 1963 Spiritum
1409 1913 1530 1954 esse
1560 1909 1615 1954 et
1669 1916 1732 1956 ex
1769 1900 1936 1968 Filio,
1996 1906 2136 1961 unde
2169 1874 2216 1933 Β

486 2012 494 2019 ι
560 1976 814 2034 Pburues
849 1983 1167 2050 praedictum
1207 1989 1513 2042 absurdum
1563 1991 1764 2046 elicere
1814 1994 2134 2062 conabatur,

554 2070 668 2140 jam
697 2073 1033 2130 declaratum
1069 2088 1175 2133 est.
1200 2080 1353 2146 Quod
1404 2083 1449 2136 si
1507 2083 1608 2138 iste
1662 2085 1908 2141 ediscere
1983 2087 2140 2158 cupit

560 2178 806 2229 causam,
835 2167 904 2220 ob
937 2184 1099 2237 quam
1138 2171 1373 2240 Spiritus
1414 2185 1468 2229 et
1500 2192 1566 2230 ex
1610 2176 1748 2245 Filio
1783 2178 2004 2242 dicitur,
2037 2195 2140 2234 au-

559 2255 694 2320 diat,
743 2258 1010 2328 [idemque
1043 2263 1296 2317 adhibeat
1329 2281 1526 2336 magno
1565 2267 1768 2324 Basilio
1800 2269 2138 2337 decertteuti,

559 2362 849 2416 propterea
877 2367 997 2406 esse
1024 2355 1289 2423 Spiritum
1321 2368 1375 2413 et
1423 2376 1486 2412 ex
1535 2361 1698 2424 Filio,
1736 2382 1754 2414 ‹
1792 2364 1940 2433 quod
1994 2383 2141 2436 qua:-

558 2451 777 2505 eunque
819 2440 977 2494 liabet
1020 2441 1179 2497 Pater
1199 2445 1323 2504 Filii
1354 2448 1491 2510 sint,
1529 2467 1545 2500 ι
1583 2460 1638 2504 et
1690 2451 1962 2522 principio
2001 2455 2134 2510 abs-

558 2541 666 2588 que
749 2543 971 2584 causam
1037 2531 1185 2588 Patri
1243 2550 1463 2592 rursum
1525 2543 1916 2610 conservauti,
1991 2545 2137 2613 quod

565 2633 584 2667 ι
615 2618 876 2688 quidquid
909 2637 935 2672 a
962 2621 1102 2680 Filio
1130 2626 1334 2679 dicitur
1364 2643 1504 2694 esse,
1539 2631 1604 2684 ad
1637 2632 1870 2700 primam
1910 2650 2137 2692 causam

559 2707 777 2764 Patrem
816 2712 1076 2770 refertur.
1104 2737 1126 2769 ι
1153 2719 1233 2772 Ad
1281 2719 1712 2791 subsequentem
1741 2741 1935 2783 rursus
1973 2731 2139 2802 syllo-

557 2802 814 2872 gismum,
841 2823 1001 2877 quem
1030 2809 1118 2864 ille
1142 2811 1214 2866 ita
1238 2811 1481 2882 disponit
1517 2833 1531 2868 :

629 2986 718 3040 55.
757 3007 772 3036 ι
801 2987 855 3042 Si
891 2989 1013 3044 duae
1063 2997 1435 3060 processiouis
1495 2998 1738 3070 Spiritus
1773 3018 1954 3062 causa;
1983 3018 2144 3075 sunt,

560 3074 674 3130 haec
697 3085 749 3129 et
776 3079 889 3133 haec
911 3092 1224 3150 sequentur
1253 3087 1512 3156 absurda,
1544 3110 1564 3143 ι

634 3165 1053 3237 ltefellendum,
1112 3174 1328 3232 abunde
1387 3182 1531 3236 satis
1579 3184 1631 3239 id
1691 3185 1876 3253 fuerit,
1925 3190 2134 3252 nullum

546 3257 728 3313 'alium
769 3275 913 3323 esse,
944 3263 1039 3333 qui
1075 3275 1287 3322 asserat
1321 3268 1458 3326 duas
1481 3271 1723 3342 Spiritus
1745 3293 1942 3337 causas
1978 3298 1993 3347 ;
2028 3300 2139 3356 quo

559 3367 669 3404 non
705 3355 1012 3423 supposito,
1036 3357 1378 3432 frustraipse
1422 3366 1814 3435 absurdorum,
1855 3373 1980 3430 inde
2007 3355 2140 3432 sub-

559 3446 932 3512 sequentium,
971 3456 1028 3502 ut
1059 3439 1526 3520 comminiscitur,
1564 3459 1763 3516 seriem
1818 3466 2135 3525 concinnat.

557 3533 780 3589 Interim
817 3554 1036 3610 quoque
1071 3545 1354 3612 paululum
1384 3564 1712 3618 progressus
1763 3557 2140 3630 archiepisco-

559 3642 628 3696 po
656 3628 964 3688 laboriosus
994 3650 1118 3690 esse
1148 3653 1253 3692 non
1300 3638 1524 3699 desiuit.
1579 3628 1980 3722 hypostatieam
2014 3669 2140 3722 pro-

558 3719 842 3786 prietatcm
871 3726 1167 3782 nominans
1191 3727 1479 3797 Patris,ex
1516 3719 1679 3792 Patre
1699 3737 1960 3806 Spiritum
1993 3719 2136 3810 esse,

557 3812 943 3886 dicentemque
1003 3827 1057 3874 et
1101 3835 1167 3875 ex
1223 3821 1365 3878 Filio
1403 3825 1554 3880 illum
1587 3844 1730 3891 esse.
1780 3847 1937 3902 aeque
1975 3846 2140 3904 atque

557 3903 700 3960 duos
735 3908 868 3962 deos
902 3909 1295 3978 introduceret,
1323 3916 1670 3974 criminatur.
1697 3921 1798 3996 Qui
1825 3925 1941 3981 hate
1962 3903 2141 3996 profa-

557 4005 670 4062 tur,
714 4001 901 4054 neseio
953 4003 1283 4071 quibusnam
1331 4008 1509 4064 oculis
1571 3995 1831 4072 adversus
1895 3995 2138 4075 intuebi-

559 4099 647 4142 tur
683 4093 850 4146 rebus
908 4095 1234 4166 tbeologicis
1303 4100 1586 4158 tradendis
1647 4105 2135 4167 instructissimum

557 4168 882 4252 Gregorium
920 4185 1249 4258 Nyssenum,
1281 4192 1375 4260 qui
1408 4193 1633 4265 longum
1668 4213 1982 4257 sermonem
2006 4206 2140 4261 serit

557 4277 740 4342 deiis,
801 4295 924 4348 quae
986 4281 1040 4335 in
1107 4281 1306 4339 Triade
1340 4295 1490 4349 sum,
1546 4292 1992 4361 proprietatibus,
2031 4313 2136 4353 non

556 4383 892 4426 asserentem
952 4372 1094 4428 hanc
1153 4390 1278 4432 esse
1331 4377 1510 4434 Patris
1539 4380 1942 4453 bypostatieam
2001 4403 2136 4456 pro-

555 4461 866 4528 prietatem,
909 4480 1070 4532 quam
1099 4464 1370 4536 Plturnes,
1411 4486 1536 4526 esse
1569 4488 1764 4543 nempe
1783 4474 2044 4544 Spiritum
2069 4495 2133 4533 ex

2244 625 2428 676 σύειον
2456 624 2535 694 τῷ
2567 625 2680 696 Υἰῷ
2710 627 2799 680 διὰ
2832 627 2991 682 τοῦτο
3026 631 3120 684 καὶ
3153 633 3218 683 ὲκ
3269 632 3363 686 τοῦ
3405 631 3536 684 Υἰοῦ
3559 648 3574 664 ·
3624 628 3660 704 ἦ
3712 637 3824 704 γὰρ

2245 712 2310 765 ἂν
2339 707 2405 783 ἦν
2434 716 2528 767 καὶ
2559 717 2622 768 ὲκ
2652 717 2744 768 τοῦ
2774 718 3089 787 Πνεῦματος
3116 724 3142 774 6
3163 720 3315 786 Υἱὸς,
3342 722 3502 792 εἴπερ
3535 725 3841 795 ἀντιπρὲοι

2245 819 2334 869 φει
2377 803 2435 856 τὸ
2476 806 2612 874 πρὸς
2643 805 2852 877 ἄλληλα
2889 809 3054 861 αὐτοῦ
3079 810 3385 878 όμοούσιον·
3423 811 3564 865 ὥστε
3623 815 3719 866 καὶ
3767 816 3836 868 οι·

2245 897 2386 948 κατᾶ
2421 899 2648 968 καιροὺς
2693 900 2918 969 Πνεῦμα
2981 901 3111 955 Υἱοῦ
3165 899 3397 957 εἶναιτὸ
3447 904 3675 974 Πνεῦμα
3734 905 3830 971 tg-

2247 989 2590 1059 ηγησάμενοι
2647 993 2733 1046 διὰ
2773 994 2832 1047 τδ
2864 995 3123 1064 ὀμοιρυὲς,
3179 996 3356 1066 μάτην
3411 997 3512 1060 τὰς
3561 997 3834 1061 τοιαύτας

2245 1077 2684 1134 ἀναπλάττεσθαι
2721 1082 3016 1154 ἐξηγήσεις
3046 1085 3389 1156 ἐλέγχονται·
3416 1088 3511 1140 καὶ
3537 1086 3635 1140 νῦν
3677 1089 3741 1142 δὲ.
3760 1090 3836 1142 ὲ»

2242 1165 2353 1218 τῶν
2410 1169 2510 1243 ᾗδη
2568 1172 2846 1242 ῥηθέντων
2907 1177 2936 1229 6
2973 1177 3216 1248 Φουρνῆς
3270 1178 3716 1248 ἀπελήλεγκται,
3760 1182 3830 1235 οῦ

2245 1256 2433 1322 καλῶς.
2457 1259 2658 1330 λέγων,

2315 1440 2412 1509 νβ’.
2451 1460 2470 1494 ι
2497 1443 2558 1497 Εἰ
2586 1442 2767 1500 πάντα
2807 1447 2911 1502 ὅσα
2969 1448 3084 1520 ἔχει
3113 1453 3142 1504 6
3187 1452 3380 1521 Πατὴρ
3427 1450 3524 1507 καὶ
3573 1453 3622 1507 δ
3671 1454 3829 1520 Υἰδς,

2243 1532 2420 1586 ταῦτα
2447 1537 2542 1589 καὶ
2562 1537 2622 1589 τὸ
2656 1538 2811 1606 ἅγιον
2839 1539 2952 1609 ἔχει
3012 1542 3261 1612 Πνεῦμα,
3319 1544 3406 1598 διὰ
3463 1545 3524 1598 τὸ
3573 1547 3834 1614 συμφυὲς

2243 1625 2337 1678 καὶ
2361 1625 2592 1695 όμόθεον
2620 1630 2941 1699 ἀναγκαίως
2970 1634 3189 1696 πάντως
3221 1635 3282 1688 τὸ
3304 1636 3399 1690 καὶ
3429 1635 3488 1702 ἐξ
3513 1638 3684 1693 αὑτοῦ
3711 1641 3841 1694 δεῖνι

2243 1717 2638 1787 ὲκπορεύεσθαί
2671 1739 2722 1775 τι
2759 1725 3178 1797 συναχθήσεται.

2315 1808 2425 1860 Καὶ
2455 1810 2535 1863 ὅτι
2579 1812 2677 1880 μὲν
2706 1813 2765 1866 οὐ
2796 1815 2886 1867 διὰ
2915 1816 2976 1868 τὸ
3008 1817 3144 1886 πρὸς
3177 1818 3270 1872 τὸν
3305 1819 3529 1892 Πατέρα
3573 1823 3834 1892 συμφυὲς

2245 1905 2339 1952 τοῦ
2370 1900 2501 1954 Υίοῦ
2535 1902 2758 1971 λέγεται
2796 1906 3068 1977 ὑπάρχειν
3105 1910 3164 1962 τὸ
3190 1910 3424 1981 Πνεῦμα
3459 1915 3556 1966 καὶ
3605 1915 3671 1967 ἐκ
3732 1915 3851 1968 τοῦτ

2245 1991 2406 2057 Υίοῦ,
2433 1993 2630 2048 ὁπόθεν
2659 1997 2687 2049 6
2715 1997 2963 2067 Φουρνῆς
2996 1999 3059 2054 τὸ
3093 2001 3258 2071 ῥηθὲν
3305 2003 3511 2056 ἄτοπον
3566 2005 3835 2074 συνάγειν

2243 2084 2602 2151 ἐσπούδαζεν,
2634 2087 2736 2158 ἤδη
2763 2088 3096 2160 δεδήλωται·
3132 2093 3258 2147 εἰδὲ
3293 2093 3485 2159 μαθεῖν
3506 2087 3670 2159 οὗτος
3705 2097 3833 2150 ὲθέο

2244 2177 2348 2240 λει,
2381 2175 2526 2229 διατι
2553 2177 2614 2231 τὸ
2649 2179 2869 2248 Πνεῦμα
2911 2182 3180 2255 ὑπάρχειν
3217 2185 3310 2238 καὶ
3328 2186 3392 2239 ὲκ
3423 2186 3521 2240 τοῦ
3572 2187 3706 2240 Υίοῦ
3742 2188 3835 2241 λι.

2242 2285 2421 2335 γεται,
2448 2269 2539 2340 τῷ.
2561 2272 2782 2342 μεγάλῳ
2823 2274 3091 2346 Βασιλείῳ
3137 2278 3409 2332 πειθέσθω
3440 2304 3450 2346 ι
3482 2279 3835 2332 κατασκευάν

2244 2359 2414 2425 ζοντι,
2452 2361 2543 2414 διὰ
2569 2362 2729 2417 τοῦτο
2759 2360 2983 2419 εἶναιτὸ
3013 2367 3239 2437 Πνεῦμα
3280 2368 3374 2422 καὶ
3415 2370 3479 2421 ἐκ
3525 2370 3619 2424 τοῦ
3669 2369 3832 2434 Υἰοῦ,

2241 2451 2330 2505 διὰ
2356 2453 2417 2505 τὸ
2473 2471 2491 2505 ι
2524 2455 2710 2508 Πάντα
2741 2457 2840 2510 ὅσα
2869 2457 2982 2527 ἔχει
3014 2460 3043 2512 6
3087 2459 3278 2531 Πατὴρ
3326 2459 3420 2513 τοῦ
3447 2460 3578 2514 Υἱοῦ
3605 2459 3768 2528 εἶναι,
3805 2481 3840 2514 οι

2243 2546 2339 2596 καὶ
2366 2545 2463 2616 τὴν
2500 2547 2735 2619 ἄναρχον
2769 2549 2953 2603 αἰτίαν
2976 2549 3054 2619 τῷ
3090 2553 3270 2621 Πατρὶ
3317 2553 3484 2606 πάλιν
3539 2553 3831 2625 τηροῦντες

2243 2634 2330 2688 διὰ
2361 2637 2423 2688 τὸ
2452 2655 2470 2688 ι
2509 2639 2616 2691 πᾶν
2649 2639 2709 2691 τὸ
2735 2642 2886 2712 παρὰ
2911 2641 3003 2695 τοῦ
3033 2641 3161 2696 Υἱοῦ
3206 2642 3505 2714 λεγόμενον
3553 2641 3696 2700 εἶναι
3747 2647 3833 2709 εἰς

2241 2727 2340 2796 τὴν
2367 2727 2590 2798 πρώτην
2616 2731 2932 2796 αἰτίαν,.τὸν
2965 2733 3318 2805 Πατέρα,τὴν
3339 2736 3625 2806 ἀναφορὰν
3647 2735 3824 2806 ἔχειν.

2241 2821 2383 2891 Πρὸς
2411 2820 2468 2873 δὲ
2508 2822 2600 2876 τὸν
2633 2817 2968 2893 μετά’ταῦτα
2996 2825 3159 2881 πάλιν
3225 2828 3609 2899 συλλογισμὸν,
3645 2828 3706 2882 δν
3733 2827 3831 2884 οὔ⁴

2243 2929 2349 2975 τως
2383 2913 2631 2982 ἐκτίθησι
2663 2916 2862 2985 λέγων,

2314 3008 2430 3071 νγ’..
2457 3021 2477 3055 ‹
2514 3003 2576 3058 El
2610 3004 2711 3060 δύο
2731 3007 2808 3077 τῷ
2845 3009 3124 3078 Πνεῦματι
3147 3011 3216 3065 τὰ
3243 3011 3398 3067 αἰτία
3419 3015 3519 3086 τῆς
3544 3011 3834 3083 ἐκπορεύε-

2242 3098 2409 3157 σςως,
2429 3095 2498 3149 τὰ
2527 3095 2622 3149 καὶ
2654 3099 2721 3151 τὰ
2756 3097 3112 3171 ἀκολουθήσει
3145 3100 3213 3155 τὰ
3240 3101 3438 3168 ἄτοπα,
3479 3121 3499 3155 ι

2317 3187 2485 3241 Οὐδὲν
2519 3190 2706 3261 ἓτερον
2755 3193 2836 3255 εἰς
2863 3191 3086 3263 ἔλεγχον
3115 3193 3318 3258 ἰκανὸν,
3351 3193 3382 3266 ἢ
3415 3195 3521 3260 ὅτι,
3559 3195 3678 3249 ἀλλ’
3733 3195 3834 3250 οὖ·-

2243 3279 2356 3342 δείς
2388 3281 2535 3333 ἐστιν
2563 3285 2590 3335 6
2617 3279 2796 3350 λέγων
2828 3283 2931 3338 δύο
2950 3283 3016 3338 τὰ
3047 3285 3140 3338 τοῦ
3171 3285 3493 3356 Πνεῦματος
3527 3288 3701 3341 αἰτιαο
3729 3288 3836 3341 καὶ

2241 3372 2435 3425 τούτου
2475 3373 2550 3443 μὴ
2601 3375 2851 3439 τεθέντος
2912 3375 3092 3448 μάτην
3157 3376 3322 3441 αὐτὸς
3378 3377 3688 3448 συμπλέκει
3731 3378 3844 3431 τὸν.

2239 3467 2480 3536 ὁρμαθόν
2494 3467 2599 3519 τῶν
2627 3465 2883 3521 ἐντεῦθεν
2906 3467 3359 3538 ἀναφαινομένων
3385 3468 3631 3523 ἀτόπων.
3655 3469 3832 3524 Ἀλλά

2242 3558 2336 3612 καὶ
2377 3558 2541 3612 πάλιν
2579 3559 2636 3612 ἐν
2669 3561 2735 3630 τῇ
2768 3561 2909 3630 μετὰ
2939 3560 3140 3630 μικρὸν
3173 3559 3386 3630 προόδῳ
3411 3559 3510 3612 τοῦ
3545 3560 3709 3627 λόγου
3748 3559 3831 3630 τῷ

2241 3651 2662 3721 ἀρχιεπισκόπῳ
2700 3649 2855 3716 οὗτος
2883 3653 3172 3722 διενοχλεῖ,
3204 3651 3573 3706 omnmbe
3619 3651 3839 3721 ἰδίωμα-

2239 3741 2335 3796 τοῦ
2364 3744 2580 3814 Πατρδς
2609 3744 2899 3813 ὀνομάζων
2923 3743 2982 3798 τὸ
3029 3745 3094 3798 ὲκ
3141 3744 3236 3797 τοῦ
3301 3743 3516 3812 [Ia-:96;
3560 3738 3704 3795 εῖναι
3768 3741 3833 3793 τὺ

2242 3834 2495 3902 Πνεῦμα,
2529 3837 2626 3890 καὶ
2666 3836 2873 3890 διθεῖαν
2933 3835 3187 3904 ἐγκαλῶν
3223 3835 3301 3906 τῷ
3344 3835 3564 3903 λέγοντι
3613 3834 3709 3887 καὶ
3764 3835 3861 3889 ἔχ’

2239 3928 2340 3982 τοῦ
2375 3928 2508 3983 Υίοῦ
2532 3925 2670 3983 εἰναι
2717 3928 2870 3984 αὐτό.
2914 3930 3024 3982 Καὶ
3050 3929 3077 3981 6
3121 3927 3296 3981 ταῦτα
3341 3927 3518 3994 λέγων
3559 3928 3662 3980 οὐκ
3703 3922 3835 3982 οἶδα

2241 4020 2419 4082 ποίοις
2444 4020 2756 4090 ἀντιόλέψει
2781 4023 2893 4084 τοῖς
2926 4020 3227 4089 ὀφθαλμοῖς
3259 4019 3336 4089 τῷ
3369 4019 3835 4088 θεολογικωτάτῳ

2239 4113 2279 4165 Γ
2285 4113 2530 4184 ρηγορίῳ
2570 4114 2646 4183 τῷ
2673 4113 2918 4183 Νύσσης,
2947 4103 3116 4166 πολὺν
3155 4111 3254 4179 μὲν
3291 4111 3606 4181 ποιουμένῳ
3631 4109 3744 4163 τῶν
3775 4112 3834 4165 ὲν

2241 4208 2306 4274 τῇ
2345 4205 2537 4274 Τριάδι
2571 4204 2854 4275 ἰδιοτήτων
2894 4203 2986 4257 τὸν
3007 4201 3187 4270 λόγον,
3224 4200 3286 4254 οὐ
3315 4201 3476 4254 τοῦτο
3496 4199 3553 4253 δὲ
3577 4201 3834 4254 ὑποστας-

2239 4295 2393 4351 τικὺν
2433 4297 2630 4366 ἰδίωμα
2652 4294 2747 4349 τοῦ
2788 4293 3003 4364 Πατρδς
3035 4293 3269 4359 λέγοντι,
3293 4293 3435 4361 ὅπερ
3466 4292 3563 4345 καὶ
3585 4295 3612 4345 6
3641 4293 3754 4344 Φου
3767 4309 3833 4361 ρι-

2240 4388 2358 4457 νῆς,
2389 4387 2451 4440 τὸ
2483 4383 2626 4439 εἶναι
2671 4384 2875 4456 δηλαδὴ
2926 4383 2987 4436 τὸ
3041 4382 3271 4452 Πνεῦμα
3324 4384 3389 4434 ὲκ
3433 4382 3528 4434 τοῦ
3585 4383 3834 4452 Πατρὸς,

2239 4480 2377 4534 ἀλλὰ
2436 4477 2625 4546 σαφῶς
2676 4477 2870 4544 ἰδίωμα
2917 4475 3011 4529 τοῦ
3069 4475 3283 4543 Πατρὸς
3330 4473 3678 4544 παριστῶντι
3729 4476 3831 4536 τ’),

555 4547 738 4615 Patre,
779 4554 872 4608 sed
915 4555 1262 4624 apertissime
1299 4561 1688 4630 proprietatem
1749 4562 1930 4619 Patris
1959 4567 2130 4622 stabi-

2241 4571 2456 4641 Πατέρα
2484 4573 2576 4622 καὶ
2601 4569 2732 4623 ἄνευ
2759 4567 2938 4631 αἰτίας
2978 4563 3118 4620 εἶναι
3149 4565 3338 4618 αὐτόν·
3371 4567 3421 4619 εἰ
3455 4565 3513 4617 δὲ
3574 4565 3832 4619 ὑποστα-

564 4644 813 4709 lieutem,
853 4661 976 4702 esse
1004 4647 1249 4714 Patrem,
1283 4666 1521 4722 eumque
1549 4654 1758 4724 absque
1784 4672 1948 4711 causa
1990 4673 2131 4715 esse.

555 4738 710 4804 Quod
747 4741 792 4796 si
834 4743 1255 4813 bypostatieam.
1293 4749 1686 4817 preprietatem
1745 4748 1938 4808 Patris
1994 4754 2136 4810 banc

554 4847 677 4885 esse
705 4833 978 4903 quispiam
1015 4836 1390 4902 allirmaverit,
1436 4855 1558 4896 esse
1598 4841 1860 4911 Spiritum
1915 4861 1978 4900 ex
2033 4845 2138 4904 Pa-

555 4931 682 4988 Ire,-
727 4933 969 4981 attamen
1001 4925 1164 4982 Pater
1197 4929 1285 4983 hic
1314 4941 1504 4985 noster
1559 4931 1835 5004 Nyssenus
1865 4944 1916 4990 et
1951 4951 2016 4991 ex
2050 4938 2139 4993 Fi-

551 5015 630 5071 lio
663 5033 786 5072 esse
817 5019 981 5074 tradit
1010 5020 1302 5090 Spiritum,
1333 5032 1387 5078 et
1408 5027 1555 5093 quod
1597 5027 1770 5096 magis
1817 5030 2136 5085 considera-

553 5112 701 5163 tione
740 5109 966 5178 dignum
1004 5122 1109 5177 est,
1158 5130 1266 5168 non
1303 5114 1358 5168 in
1411 5115 1536 5170 aliis
1576 5117 1694 5172 suis
1771 5121 2134 5188 orationibus,

554 5202 650 5256 sed
675 5201 728 5256 in
764 5204 968 5271 quibus
996 5206 1174 5260 Patris
1197 5216 1249 5260 et
1276 5207 1400 5262 Filii
1444 5209 1792 5281 Spiritusque
1833 5212 2131 5269 discrimen

552 5293 808 5362 explicat,
849 5295 1134 5364 ipsamque
1152 5297 1392 5366 Spiritus
1439 5315 1566 5372 erga
1602 5301 1800 5356 Filium
1832 5305 2139 5374 proprieta-

555 5395 663 5440 tem
719 5387 1066 5443 determinat.
1101 5390 1291 5458 Itaque
1319 5393 1364 5446 si
1425 5402 1535 5447 tres
1595 5395 1955 5464 proprietates
2009 5413 2137 5450 san-

555 5489 679 5548 ctus
728 5508 831 5547 suo
889 5495 1084 5548 ordine
1132 5496 1458 5565 disponens,
1510 5499 1906 5568 proprietatem
1953 5500 2135 5557 Patris

547 5583 706 5660 dicit,
752 5584 962 5654 absque
1015 5601 1180 5642 causa
1227 5602 1351 5642 eum
1387 5603 1550 5643 esse:
1583 5591 1978 5660 proprietatem
2040 5589 2136 5645 Fi-

551 5651 633 5739 lii,
683 5691 748 5730 ex
804 5675 963 5732 Patre
1010 5692 1150 5743 esse,
1209 5687 1262 5733 et
1295 5680 1397 5736 hoc
1464 5683 1848 5737 tantummodo
1897 5683 2137 5738 circum-

555 5768 699 5825 cludi
730 5770 1116 5838 proprietatem
1156 5769 1274 5827 Filii
1307 5781 1495 5842 aperte
1523 5773 1718 5829 docet:
1749 5774 2132 5844 proprietatem

570 5861 922 5932 postmodum
983 5864 1314 5922 determinat
1367 5864 1655 5938 Spiritus,
1719 5881 1842 5924 esse
1890 5882 2013 5923 eum
2067 5881 2130 5922 ex

2240 4664 2394 4720 τικὸν
2427 4662 2625 4727 ἰδίωμα
2648 4659 2740 4712 τοῦ
2776 4658 2992 4727 Πατρὸς
3025 4657 3185 4710 τοῦτο
3222 4657 3373 4725 λέγει
3425 4673 3510 4717 τις
3542 4651 3705 4720 εἶναι,
3772 4658 3836 4710 τὸ

2239 4753 2380 4810 εἶναι
2412 4755 2471 4808 τὸ
2497 4752 2723 4822 Πνεῦμα
2750 4754 2813 4804 ὲκ
2837 4749 2932 4804 τοῦ
2966 4748 3199 4818 Πατρδς,
3233 4748 3351 4801 ἀλλ’
3379 4748 3408 4800 6
3439 4748 3632 4818 Πατὴρ
3665 4749 3837 4818 ἡμῶν

2238 4848 2394 4912 οὗτος
2425 4849 2452 4900 6
2487 4845 2709 4914 Νύσσης
2738 4844 2834 4897 καὶ
2888 4843 2953 4895 ὲκ
2976 4839 3072 4895 τοῦ
3105 4839 3232 4894 Υἱοῦ
3265 4841 3418 4909 λέγει
3458 4839 3521 4894 τὸ
3568 4841 3835 4910 Πνεῦμα,

2239 4943 2335 4997 καῖ⁹
2361 4941 2421 4993 τὸ
2445 4936 2760 5010 δὴδμεῖζον,
2796 4937 2878 4988 ὅτι
2904 4934 3005 4987 οὐκ
3036 4936 3094 4987 ὲν
3125 4933 3307 4996 ἄλλοις
3355 4931 3467 4986 τῶν
3501 4933 3672 4986 αὐτοῦ
3735 4934 3839 4989 λό-

2238 5051 2374 5102 γων,
2408 5031 2527 5084 ἀλλ’
2560 5031 2616 5082 ὲν
2639 5023 2720 5090 οἷς
2749 5028 2847 5095 τὴν
2874 5025 2972 5078 τοῦ
2993 5024 3210 5095 Πατρδς
3247 5024 3386 5095 πρὸς
3419 5023 3512 5075 τὸν
3561 5024 3696 5077 Υἰὸν
3731 5029 3837 5080 καὶ

2237 5123 2300 5178 τδ
2325 5121 2550 5190 Πνεῦμα
2582 5118 2846 5188 διαφορὰν
2892 5117 3062 5186 δηλοῖ,
3093 5117 3192 5169 καὶ
3211 5116 3388 5187 αὐτὴν
3433 5115 3528 5169 τοῦ
3561 5117 3834 5184 Πνεῦμα-

2236 5234 2330 5280 τος
2354 5215 2492 5284 πρὸς
2515 5214 2609 5266 τὸν
2645 5213 2774 5265 Υίδν
2804 5210 3047 5279 ἰδιότητα
3077 5209 3300 5278 διαιρεῖ.
3334 5210 3508 5280 Εἴπερ
3538 5208 3701 5278 γοῦν,
3722 5212 3833 5273 τὰς

2237 5310 2389 5378 τρεῖς
2421 5305 2695 5374 ἰδιότητας
2721 5303 2748 5356 6
2796 5301 2953 5370 ἀγιος
2985 5301 3374 5367 κατατάττων,
3415 5301 3668 5370 ἰδιότητα
3723 5303 3833 5369 μὲν

2237 5399 2332 5451 τοῦ
2359 5396 2573 5466 Πατρός
2611 5395 2760 5462 λέγει
2787 5394 2848 5446 ei
2882 5395 3008 5448 ἄνευ
3043 5390 3226 5454 αἰτίας
3275 5388 3418 5445 εἶναι
3457 5392 3648 5455 αὐτὸν,
3696 5392 3834 5448 ἰδιόο

2237 5506 2376 5560 τητα
2399 5489 2456 5542 δὲ
2473 5487 2567 5543 τοῦ
2604 5487 2735 5540 Υἰοῦ
2766 5485 2832 5538 τὸ
2869 5485 2934 5537 ἐκ
2962 5482 3059 5536 τοῦ
3087 5482 3303 5552 Πατρδς
3359 5478 3527 5546 εἶναι,
3585 5485 3687 5537 καὶ
3727 5485 3834 5555 μό-

2237 5602 2332 5655 χρι
2358 5583 2554 5636 τούτου
2583 5582 2838 5636 ἵστασθαι
2874 5579 2950 5649 τῷ
2975 5579 3091 5648 Υἰῷ
3115 5580 3182 5633 τδ-
3211 5578 3414 5648 ἰδίωμα
3438 5579 3694 5633 διδάσκει
3728 5598 3832 5635 σα-

2239 5674 2381 5744 φῶς,
2413 5674 2651 5743 ἰδιότητα
2684 5672 2741 5726 δὲ
2790 5670 2884 5724 τοῦ
2919 5669 3238 5740 Πνεῦματος
3300 5671 3706 5740 ἀποφαίνεται,
3765 5673 3830 5726 τδ

2236 5769 2303 5819 ὲκ
2332 5766 2427 5819 τοῦ
2457 5765 2670 5836 Πατρός
2701 5765 2792 5819 καὶ
2812 5767 2876 5817 ἐκ
2905 5762 2998 5816 τοῦ
3027 5762 3157 5814 Υἰοῦ
3191 5760 3333 5816 εἶναι
3393 5763 3550 5829 αὐτὸ,
3595 5765 3720 5828 πῶς
3763 5765 3828 5819 οὗ

2245 5858 2538 5931 προφανῶς
2612 5857 2880 5925 ἀντιλέγει
2942 5853 3018 5926 τῷ
3077 5853 3298 5928 Νύσης
3342 5857 3374 5909 6
3448 5856 3830 5912 ὕποστατικδν
