4070 6584
542 312 549 317 ⁷
587 330 682 397 tat

1604 330 1818 393 JOAN.
1864 325 2083 391 VECCI
2130 324 2239 387 CP.
2279 320 2790 385 PATRIARCH£

3740 317 3850 384 132

584 464 787 522 magno
821 449 1079 522 Dionysio
1107 448 1262 505 radix
1285 448 1467 505 Pater.
1506 446 1612 513 Sed
1659 447 1773 513 ille,
1802 461 1871 501 ne
1895 446 2019 515 quis
2054 442 2165 498 for-

2282 444 2349 510 δὲ,
2377 444 2466 497 ῐνα
2504 457 2590 503 τις
2620 438 2763 509 τάχα
2796 435 2871 509 μὴ
2908 434 3169 508 ἐπιμείνῃ
3200 420 3265 507 τῇ
3294 431 3463 501 λέξει,
3514 434 3851 507 ἀπαραλλα-

582 549 739 596 tasse
768 540 994 595 dictioni
1026 540 1333 602 insisteret,
1366 538 1532 601 illius,
1568 537 1715 607 quod
1758 536 1811 590 in
1844 536 2158 606 exemplum

595 630 949 696 aﬂ‘erebatur,
983 632 1482 686 immutabilitatem
1510 645 1637 701 erga
1672 628 1982 699 exemplum
2026 628 2163 682 ima-

590 724 871 796 ginatione
906 725 1238 794 concipiens,
1272 724 1477 777 fontem
1509 721 1732 776 Deitatis
1755 720 1969 777 Patrem
1997 735 2166 774 enun-

595 818 759 885 tians,
796 816 1123 888 germinum,
1152 825 1205 870 et
1237 815 1455 879 ﬂorum,
1490 823 1544 868 et
1597 815 1864 869 luminum
1921 813 2163 879 nomine,

592 915 686 985 qui
719 915 844 970 inde
894 913 1223 984 proveniunt
1281 911 1506 967 eﬂectus
1542 911 1890 980 signiﬁcavit,
1930 925 2164 980 quorum

595 1017 847 1062 neutrum
908 1007 1075 1061 ullam
1140 1021 1263 1060 cum
1321 1006 1471 1058 fonte
1528 1004 1931 1073 proportionem
1983 1001 2163 1057 habet.

592 1096 803 1163 Quibus
833 1097 1019 1167 itaque
1050 1096 1262 1152 similes
1292 1096 1563 1150 dictiones
1606 1095 1825 1150 obviam
1870 1093 2030 1159 fiunt,
2068 1093 2165 1162 _illi

592 1188 776 1243 animo
808 1189 1141 1252 concipiant,
1180 1188 1441 1241 similium
1478 1196 1731 1241 auctores
1772 1184 1958 1239 Patres
2011 1186 2168 1240 theo-

588 1278 764 1351 logos,
800 1294 907 1334 non
968 1280 1206 1349 Spiritus
1246 1287 1300 1333 ct
1360 1276 1483 1332 Filii
1534 1277 1855 1331 divisionem
1910 1275 2169 1330 inducere

592 1369 840 1422 volentes
867 1369 982 1422 bmc
1013 1368 1328 1437 pratulissc,
1358 1368 1451 1422 sed
1478 1366 1856 1420 tantummodo
1888 1365 1956 1420 ad
1989 1364 2167 1421 Patris

591 1459 820 1515 eﬂectus
851 1462 1230 1529 respicientes,
1251 1474 1351 1529 pro
1379 1458 1531 1513 vario
1559 1459 1860 1512 dictionum
1888 1472 2016 1519 usu,
2039 1472 2171 1511 cau-

591 1555 708 1605 sam
733 1560 787 1605 et
820 1550 1074 1606 «ﬂectunt
1104 1551 1348 1605 indicare
1382 1560 1704 1615 statuentes,
1741 1549 1954 1618 gemina
1985 1547 2168 1603 ﬂumi-

594 1656 665 1695 na
694 1657 788 1696 eos
819 1656 882 1695 ex
905 1658 1012 1694 uno
1038 1641 1209 1707 l‘onte,
1243 1656 1273 1694 a
1306 1642 1419 1695 Deo
1450 1648 1576 1694 nata
1606 1656 1670 1693 ex
1698 1642 1878 1694 radice
1897 1640 2167 1710 germina,

592 1732 763 1787 liores
786 1734 925 1789 duos
949 1749 1013 1787 ex
1046 1749 1156 1788 uno
1191 1747 1367 1796 ramo,
1400 1732 1509 1786 duo
1536 1731 1744 1786 lumina
1770 1746 1837 1785 ex
1872 1746 1982 1786 uno
2028 1732 2167 1797 sole,

2267 535 2383 603 ξεαν
2398 534 2492 589 τοῦ
2514 531 2957 602 παραδείγματος
2985 527 3412 598 φανταζόμενος,
3442 526 3683 596 πηγαίαν
3722 524 3853 579 θεό-

2264 644 2405 697 τητα
2454 624 2544 677 τὸν
2573 622 2793 691 Πατέρα
2820 618 3011 683 εἰπὼν,
3039 616 3117 688 τῷ
3154 618 3263 669 τῶν
3302 615 3550 685 βλαστών
3581 615 3679 669 καὶ
3746 616 3852 667 ἀν-

2265 719 2425 782 θέων,
2456 716 2551 771 καὶ
2582 714 2779 784 φώτων
2806 713 3033 781 ὀνόματι
3075 711 3143 765 τὰ
3172 710 3386 763 ἐκεῖθεν
3441 709 3573 763 ὄντα
3622 708 3855 762 αίτιατά

2268 809 2679 880 παρεδήλωσεν,
2713 800 2788 859 ὧν
2823 805 2974 858 οὐδὲν
3016 804 3091 867 ὡς
3125 803 3262 875 πρὸς
3325 803 3427 874 τὴν
3479 800 3666 872 πηγὴν
3730 801 3853 870 ἔχει

2269 903 2453 973 σχέσιν
2480 900 2771 967 ἀνάλογον.
2814 899 2878 952 Οί
2910 896 3042 965 γοῦν
3074 898 3191 959 ταῖς
3260 895 3541 958 τοιαύταις
3595 894 3707 945 τῶν
3763 893 3857 946 λέ-

2270 991 2405 1057 ξεων
2460 991 2905 1060 ἐντυγχάνοντες,
2979 989 3332 1053 συνιέτωσαν,
3395 987 3471 1046 ὠς
3525 986 3575 1039 οἱ
3617 983 3859 1039 τοιαῦτά

2266 1101 2387 1137 τινα
2426 1083 2708 1151 εἰρηκότες
2737 1082 2979 1151 θεολόγοι
3011 1080 3249 1152 Πατὲρες
3282 1081 3402 1150 οὐχὶ
3457 1079 3696 1149 διέχειαν
3716 1076 3857 1132 Υἱοῦ

2267 1176 2363 1229 καὶ
2400 1174 2719 1242 Πνεῦματος
2758 1176 3109 1243 παραστῆσαι
3174 1171 3514 1241 βουλόμενοι,
3566 1170 3762 1238 ελεγον
3789 1169 3859 1223 τά

2272 1267 2519 1332 τοιαῦτα,
2551 1266 2690 1319 ἀλλά
2742 1266 2878 1337 πρὸς
2911 1264 3074 1335 μόνον
3101 1264 3161 1317 τὸ
3224 1266 3286 1317 ἐκ
3327 1264 3542 1334 ιιατρδς
3606 1261 3858 1334 ὁρῶντες

2270 1359 2513 1413 αίτιατδν
2548 1358 2690 1412 κατά
2719 1358 2977 1428 διάφορον
3008 1360 3206 1428 χρῆσιν
3231 1357 3339 1410 τῶν
3365 1357 3587 1420 λέξεων,
3642 1357 3705 1408 τὸ
3771 1355 3860 1407 αἶ-

2267 1468 2390 1505 τιον
2425 1453 2519 1504 καὶ
2549 1450 2792 1504 αίτιατδν
2836 1450 3124 1521 σημαίνειν
3187 1450 3526 1520 βουλόμενοι,
3577 1447 3860 1517 διδύμους

2269 1546 2551 1615 ποταμοὺς
2596 1544 2736 1598 αὐτὰ
2765 1546 2829 1597 ὲκ
2861 1545 2991 1613 μιᾶς
3021 1543 3205 1614 πηγῆς
3231 1543 3521 1611 λέγοντες,
3550 1542 3861 1610 θεοφύτονς

2272 1640 2336 1692 ἐκ
2380 1638 2536 1709 ῥίζης
2563 1638 2824 1708 βλαστοὺς
2859 1638 2997 1707 ἄνθη
3031 1637 3124 1690 δύο
3160 1639 3223 1689 ὲκ
3254 1636 3455 1691 κλάδον
3504 1635 3648 1700 ἐνὸς,
3695 1634 3863 1705 φῶτα

2271 1730 2366 1783 δύο
2394 1730 2451 1796 ἐξ
2486 1730 2633 1801 ἡλίου
2665 1730 2806 1792 ἑνός.
2869 1729 2976 1781 Καὶ
3001 1729 3052 1782 οἱ
3106 1731 3229 1799 μὲν,
3263 1730 3425 1798 μόνον
3451 1727 3513 1781 τδ
3582 1728 3847 1781 αίτιατον

593 1827 964 1889 dixerunttct
987 1842 1050 1881 ex
1081 1828 1166 1880 bis
1198 1827 1289 1879 alii
1325 1834 1534 1879 tantum
1558 1824 1811 1879 el'l‘ectum
1843 1824 2171 1891 indicantes,

2282 1796 2564 1892 δηλοῦντεε
2608 1827 2664 1877 ἐν
2698 1823 2977 1894 διαφόροις
3002 1796 3148 1876 οῦτω
3180 1796 3418 1889 λέξεσιν,
3459 1821 3596 1874 αὐτὸ
3624 1820 3867 1892 ὕπῃνίτ·

596 1927 705 1972 tam
737 1921 903 1975 variis
938 1920 1187 1983 vocibus,
1216 1917 1365 1972 illum
1414 1916 1856 1985 subinnucbant;
1921 1916 2013 1971 alii
2045 1932 2172 1972 vero

595 2012 873 2078 quomodo
897 2010 1120 2066 cﬂ'ectus
1152 2012 1292 2064 inter
1323 2024 1380 2064 se
1426 2008 1813 2079 respondeant,
1854 2019 1909 2062 et
1944 2010 2011 2063 ad
2042 2025 2173 2063 cau-

592 2114 712 2154 sam
746 2099 1074 2166 referantur,
1102 2100 1478 2165 ostendentes,
1511 2100 1657 2153 ltunc
1685 2100 1903 2169 quidem
1922 2083 2175 2155 dicebant

599 2191 915 2247 immediate
968 2209 1033 2246 ex
1086 2193 1284 2262 primo,
1338 2191 1491 2245 illum
1548 2206 1676 2246 vero
1725 2207 1823 2262 per
1872 2208 2022 2259 eum,
2077 2195 2172 2264 qui

596 2282 915 2340 immediate
944 2295 1062 2340 erat
1089 2303 1117 2338 a
1150 2285 1348 2355 primo.
1381 2284 1487 2351 Qui
1516 2299 1644 2338 vero
1688 2294 1869 2355 potest
1913 2288 2175 2343 attentius

595 2380 981 2448 cogitationem
1018 2395 1174 2434 suam
1194 2379 1360 2452 {igere
1390 2381 1444 2435 in
1485 2379 1797 2437 dictionenr
1830 2382 1991 2445 lianc,
2026 2399 2044 2433 ι
2082 2397 2177 2448 per

596 2484 748 2535 eum,
773 2471 864 2540 qui
901 2472 1215 2525 immediate
1234 2482 1337 2537 est,
1381 2490 1399 2524 ι
1433 2482 1492 2526 σι’
1538 2487 1752 2542 capere,
1789 2474 2064 2542 quomodo
2108 2487 2176 2526 ex

600 2561 857 2620 Patribus
918 2580 1076 2621 nemo
1136 2582 1375 2636 unquam
1438 2566 1704 2637 Spiritum
1765 2568 2077 2621 immediate
2108 2581 2172 2620 ex

599 2654 762 2709 Patre
792 2657 1049 2721 asseruit,
1089 2656 1181 2711 ille
1220 2668 1272 2711 et
1293 2672 1357 2711 ex
1420 2654 1558 2713 Filio
1610 2655 1876 2728 Spiritum
1931 2656 2095 2722 dicet,
2122 2664 2179 2712 et

597 2760 821 2800 Causam
878 2744 1025 2801 Patri
1073 2748 1424 2803 conservabit
1483 2764 1497 2800 :
1564 2748 2027 2819 quemadmodum
2084 2747 2176 2818 qui

599 2837 733 2890 dicit
771 2837 1010 2892 fructum
1048 2855 1116 2893 ex
1146 2840 1328 2894 radice
1354 2856 1449 2910 per
1479 2856 1712 2907 ramum,
1738 2850 1792 2894 et
1817 2856 1884 2895 ex
1925 2855 2096 2906 ramo,
2122 2849 2177 2894 et

600 2927 827 2983 lluvittm
861 2946 925 2984 ex
959 2932 1120 2985 oculo
1155 2947 1250 3001 per
1282 2932 1507 2998 fontem,
1539 2941 1593 2986 et
1623 2947 1688 2986 ex
1720 2931 1892 2987 fonte.

673 3022 784 3077 ὅδ’.
815 3021 879 3076 Ει
908 3024 977 3078 de
1011 3025 1095 3078 his
1129 3025 1345 3093 quidem
1377 3026 1490 3079 liam
1542 3025 1700 3080 satis.
1758 3025 1839 3077 Ad
1896 3038 1961 3078 ea
2022 3036 2173 3085 vero,

2270 1931 2426 1967 τοντο
2451 1930 2465 1944 ·
2492 1915 2642 1969 ἄλλοι
2696 1914 2751 1967 δὲ
2800 1917 2895 1969 καὶ
2932 1915 3081 1977 ὅπως
3127 1913 3404 1985 ἔχουσιτὰ
3427 1914 3654 1967 αίτιατά
3708 1912 3855 1983 προς

2271 2023 2333 2060 τε
2362 2007 2590 2078 ἄλληλα,
2623 2010 2717 2060 καὶ
2758 2007 2896 2078 πρὸς
2921 2008 2984 2061 τὸ
3020 2008 3197 2061 αῐτιον
3233 2005 3609 2077 ἐμφαίνοντες,
3643 2006 3706 2059 τὸ
3761 2006 3864 2075 μὲν

2272 2099 2457 2163 ἔλεγον
2479 2097 2765 2168 προσεχῶς
2790 2100 2852 2151 ἐκ
2877 2098 2970 2151 τοῦ
2999 2099 3240 2167 πρώτου,
3270 2099 3332 2151 τὸ
3364 2098 3421 2151 δὲ
3443 2098 3535 2151 διά
3552 2096 3648 2151 τοῦ
3682 2111 3863 2166 προσο

2274 2190 2413 2262 εχῶς
2444 2192 2522 2255 ,ἐκ
2560 2182 2943 2262 τοῦξπρώτον.
3012 2192 3118 2245 Καὶ
3151 2194 3179 2245 ὁ
3230 2192 3529 2261 δυνάμενες
3578 2193 3869 2245 ἐπιστατιο

2274 2281 2516 2352 κώτερον
2585 2285 2651 2354 τῇ
2712 2282 2854 2349 λέξει
2916 2283 3092 2353 ταύτῃ
3152 2283 3575 2353 ἑπιὸαλεῖν,τῇ
3629 2284 3721 2337 διὰ
3768 2280 3864 2337 τοῦ

2277 2375 2579 2444 προσεχῶς,
2632 2375 2728 2428 καὶ
2786 2377 2989 2438 συνιεὶς
3040 2377 3189 2439 ὅπως
3251 2376 3372 2430 ούδέ
3419 2393 3501 2438 τις
3546 2377 3659 2428 τῶν
3690 2377 3865 2443 ἁγίων

2277 2469 2469 2539 εἴρηκέ
2532 2484 2633 2521 που
2688 2467 2749 2520 τὸ
2791 2466 3014 2537 Πνεῦμα
3055 2468 3280 2539 ἀμέσως
3326 2471 3390 2524 ὲκ
3452 2467 3548 2522 τοῦ
3604 2467 3862 2539 Πατρὸς,

2276 2563 2481 2624 ἐκεῖνος
2536 2562 2632 2614 καὶ
2671 2561 2736 2614 ὲκ
2784 2560 2877 2614 τοῦ
2910 2561 3041 2615 Υἱοῦ
3104 2562 3164 2614 τὸ
3192 2561 3585 2632 Πνεῦμαζὲρεί,
3617 2563 3716 2615 καὶ
3767 2562 3867 2633 τὴν

2279 2654 2457 2707 αἰτίαν
2489 2653 2565 2724 τῷ
2629 2654 2806 2727 Πατρὶ
2856 2656 3108 2725 τηρήσει,
3148 2654 3283 2721 ώςῤ
3304 2655 3479 2723 λέγων
3512 2654 3607 2706 τὸν
3650 2655 3866 2723 καρπὸν

2277 2746 2342 2798 εκ
2365 2745 2464 2815 τῆς
2494 2745 2652 2817 ῥίζης
2698 2746 2788 2800 διὰ
2836 2745 2932 2798 τοῦ
2977 2746 3197 2810 κλάδον,
3254 2748 3351 2799 καὶ
3390 2747 3457 2800 ὲκ
3506 2746 3601 2800 τοῦ
3634 2744 3862 2812 κλάδον,

2277 2837 2371 2889 καὶ
2401 2836 2490 2892 τδν
2519 2837 2759 2907 ποταμὸν
2792 2839 2854 2890 ὲκ
2908 2835 3003 2891 τοῦ
3043 2837 3326 2909 ὀφθαλμοῦ
3381 2837 3471 2893 διὰ
3516 2838 3620 2908 τῆς
3656 2838 3867 2908 πηγῆς,

2276 2928 2370 2980 καὶ
2400 2926 2463 2979 ἐκ
2493 2926 2592 2995 τῆς
2619 2927 2820 2997 πηγῆς.

2343 3025 2437 3073 νε¹.
2489 3020 2624 3091 Περὶ
2670 3020 2770 3091 μὲν
2808 3017 2901 3074 οὖν
2932 3019 3137 3076 τούτων
3188 3019 3451 3077 τοσαῦτα.
3492 3023 3638 3094 Πρδς
3679 3022 3742 3076 δὲ
3793 3022 3863 3077 τά

602 3132 726 3188 qua:
788 3130 1222 3189 consequuntur,
1258 3119 1626 3174 Metltoncnsis
1653 3119 1818 3185 dicta,
1866 3134 1986 3171 cum
2034 3117 2178 3171 nulla

2283 3107 2481 3178 ἐφεξῆς
2522 3109 2627 3162 τῶν
2664 3110 2758 3164 τοῦ
2806 3110 3072 3183 Μεθώνης
3109 3112 3323 3183 ῥητῶν,
3368 3114 3493 3168 ἐπεὶ
3544 3115 3625 3185 μὴ
3672 3117 3872 3184 καινήν

604 3211 710 3264 alia
743 3226 880 3264 nova
912 3213 1176 3265 sententia
1228 3213 1607 3276 concludatur,
1649 3212 1741 3265 sed
1768 3210 1979 3274 eadem,
2012 3224 2174 3279 quam

601 3311 657 3354 et
686 3301 777 3353 alii
812 3303 1180 3364 insinuarnnt,
1223 3312 1276 3357 et
1326 3303 1416 3357 cui
1484 3318 1581 3357 nos
1630 3319 1791 3371 supra
1843 3302 1955 3372 jam
1987 3302 2179 3356 'dictis

604 3395 1012 3463 respondimus,
1046 3396 1180 3450 nihil
1213 3397 1470 3461 dicimus,
1503 3396 1936 3464 intempestivam
1988 3409 2180 3464 respu-

605 3493 762 3538 entcs
814 3486 1221 3553 loquacitatem.
1249 3484 1447 3540 Eadem
1478 3486 1623 3539 enim
1658 3485 1856 3554 saepius
1882 3484 2178 3549 inculcare,

604 3585 1049 3646 pertractareque
1079 3568 1499 3631 cumdclirante
1560 3574 1818 3629 futilitatc
1872 3575 2179 3629 satietatem

604 3667 761 3723 καίει-ι
801 3684 815 3722 ι
849 3669 1032 3737 quam
1064 3678 1209 3734 sunt,
1235 3684 1357 3738 qua:
1386 3668 1438 3721 in
1471 3681 1763 3737 progressu
1793 3666 2053 3720 orationis
2071 3665 2186 3737 agi-

607 3769 813 3821 tantur,
850 3762 917 3814 de
950 3774 1059 3813 uno
1087 3760 1393 3829 principatu
1438 3759 1744 3828 tlteoIOgite,
1771 3762 1839 3812 de
1890 3757 2185 3826 singulari-

611 3858 722 3905 tate
748 3852 1113 3921 generationis
1137 3861 1191 3905 ct
1220 3849 1609 3920 processionis,
1646 3848 2185 3904 deimmutabllitate

606 3941 887 3996 liliationis
913 3942 967 3996 in
1021 3942 1426 4012 patet-nitatem,
1454 3950 1507 3994 et
1547 3940 1889 4009 paternitatis
1936 3940 1991 3992 in
2044 3939 2187 3994 lilia.

609 4032 837 4097 tionem,
873 4033 940 4088 de
975 4031 1292 4087 indivisibili
1336 4031 1603 4085 relatione
1631 4030 1697 4085 ad
1745 4030 1853 4084 duo
1892 4031 2185 4101 principia,

606 4125 676 4180 de
737 4125 1151 4180 absolutissima
1208 4122 1544 4194 perfectione
1606 4122 1945 4193 singularum
2022 4124 2185 4178 trium

606 4219 996 4288 personarum,
1049 4217 1116 4270 de
1144 4215 1462 4269 discrimine
1487 4214 1764 4270 missionis
1790 4222 1856 4270 et
1881 4215 2189 4286 processio-

606 4310 714 4374 nis,
735 4310 919 4378 in’qua
938 4306 1420 4375 dill'ereritia"etiattt
1446 4306 1759 4360 admiranda
1778 4305 1862 4359 illa
1881 4307 2187 4377 complicat,

615 4418 635 4452 ‹
664 4403 961 4470 procedere
995 4398 1303 4474 Galn‘ielem
1359 4413 1389 4452 a
1418 4395 1599 4463 Patre,
1658 4397 1822 4452 veluti
1867 4400 2097 4454 missum
2156 4416 2186 4454 a

2287 3217 2407 3253 τινα
2445 3200 2659 3271 ἔχουσιν
2680 3201 2891 3257 ἔννοιαν
2930 3205 3083 3275 παρά
3106 3206 3206 3277 τὴν
3235 3206 3303 3277 ἢν
3353 3203 3511 3260 εἶπον
3559 3208 3658 3261 καὶ
3694 3208 3867 3274 ἄλλοι,

2289 3292 2426 3361 πρὸς
2465 3292 2534 3364 ῆν
2571 3293 2665 3346 καὶ
2699 3294 3097 3366 ἀπηντήσαμεν
3137 3297 3198 3349 ἐν
3246 3299 3359 3360 τοῖς
3401 3280 3691 3371 ἀνωτέρω,
3719 3300 3874 3355 οὐδὲν

2287 3383 2519 3455 λέγομεν
2557 3385 2654 3457 τὴν
2703 3385 2933 3457 ἄκαιρον
2968 3388 3395 3460 παραιτούμενοι
3422 3394 3871 3464 περιττολογίαν.

2289 3477 2371 3532 Τὰ
2423 3479 2532 3551 γὰρ
2597 3479 2736 3533 αὐτὰ
2798 3480 3055 3545 πολλάκις
3120 3482 3601 3555 μεταχειρίζεσθαι
3651 3486 3875 3551 πάντως

2290 3570 2598 3640 προσκορὲς
2637 3572 2732 3624 καὶ
2769 3572 3079 3644 ἀδόλεσχον.
3126 3569 3229 3629 Οἷα
3269 3579 3380 3647 γὰρ
3409 3577 3480 3631 τά
3506 3580 3566 3631 ὲν
3599 3582 3719 3642 τοῖς
3749 3579 3877 3649 ἑξῆς

2288 3661 2399 3714 τῶν
2428 3661 2601 3728 λόγων
2642 3662 2806 3716 αὑτοῦ
2843 3666 2969 3734 περί
3009 3664 3101 3719 τοῦ
3128 3667 3334 3721 ἑνιαίαν
3362 3669 3461 3740 τῆς
3487 3670 3732 3741 ἀρχαίας
3761 3672 3877 3725 θεο-

2290 3751 2478 3821 λογίας
2508 3755 2643 3823 φησὶ
2687 3759 2815 3827 περί
2842 3754 2935 3808 τοῦ
2963 3758 3253 3828 μοναδικοῦ
3286 3762 3386 3831 τῆς
3422 3764 3746 3834 γεννήσεως
3785 3764 3878 3817 καὶ

2289 3845 2390 3913 τῆς
2421 3846 2817 3916 ἑκπορεύσεως,
2852 3851 2979 3920 περὶ
3018 3851 3113 3905 τοῦ
3166 3854 3575 3926 ἀμετακινήτου
3622 3856 3733 3927 τῆς
3765 3856 3870 3910 υῑόο

2291 3951 2453 4007 τητος
2482 3936 2561 3999 είς
2585 3937 2922 4009 πατρὸτητα,
2938 3940 3033 3994 καὶ
3048 3942 3146 4012 τῆς
3168 3944 3508 4015 πατρότητος
3530 3946 3612 4008 είς
3625 3948 3877 4017 νεότητα,

2294 4027 2423 4097 περὶ
2459 4026 2551 4081 τοῦ
2588 4031 2727 4111 πρὶς
2753 4029 2933 4095 διττάς
2957 4035 3133 4105 ἀρχὰς
3158 4037 3459 4107 ἀμερίστου
3478 4038 3590 4092 τῶν
3606 4041 3877 4111 σχέσεων,

2294 4120 2424 4188 περὶ
2453 4119 2546 4172 τοῦ
2581 4122 3011 4176 παντελεστὰτου
3062 4128 3159 4179 καὶ
3204 4127 3587 4200 πληρεστάτον
3638 4133 3879 4188 ἑκάστου

2294 4211 2404 4264 τῶν
2432 4213 2601 4282 τριῶν
2641 4213 2974 4281 προσώπων,
3014 4217 3145 4287 περὶ
3166 4217 3434 4291 δισνψορᾶς
3468 4222 3788 4294 ἀποστολῆς
3821 4238 3878 4276 τε

2295 4301 2390 4355 καὶ
2426 4304 2829 4372 ὲκπορεύσεως,
2884 4306 2968 4375 ἐφ’
3001 4302 3147 4381 ᾗτινι
3185 4309 3422 4384 διαφορᾷ
3468 4314 3567 4367 καὶ
3596 4316 3792 4370 ἐκεῖνα
3815 4317 3880 4368 τὰ

2300 4395 2579 4465 θαυμάσια
2626 4398 3049 4469 ὲπισνμπλὲκει,
3082 4419 3102 4454 ε
3140 4406 3201 4455 τι
3228 4405 3636 4475 ἐκπορεύεσθαι
3656 4412 3757 4463 τὸν
3780 4409 3881 4464 fac

609 4490 722 4546 Deo
747 4490 988 4555 l‘atre,et
1016 4488 1256 4561 Moysem
1306 4505 1525 4560 quoque
1553 4490 1626 4543 uti
1677 4491 1905 4546 missum
1934 4508 1965 4545 a
1987 4491 2118 4547 Deo.
2164 4510 2179 4543 ι

2295 4487 2458 4559 ὅριὴλ
2503 4489 2653 4561 παρὰ
2692 4491 2943 4562 Πατρὸς,
2979 4493 3055 4557 ώς
3103 4497 3523 4567 ἀπεσταλμένον
3577 4504 3741 4572 ποιρά
3788 4499 3880 4554 τοῦ

611 4584 737 4640 "me
766 4585 951 4653 itaque
982 4600 1108 4637 cum
1149 4582 1494 4652 subsequens
1532 4583 1677 4638 illius
1710 4586 1883 4638 oratio
1931 4594 2189 4654 exponat,

611 4680 705 4747 qui
745 4687 1000 4729 accurate
1020 4685 1176 4728 antea
1213 4676 1264 4726 in
1292 4675 1395 4726 lioc
1427 4686 1615 4728 nostro
1647 4674 2050 4730 Commentario
2070 4692 2192 4746 per-

613 4780 843 4823 tractata
878 4767 1183 4838 perlegerit,
1214 4767 1282 4819 ad
1319 4767 1409 4820 illa
1432 4768 1744 4828 evertenda,
1764 4767 1885 4823 aliis
1911 4784 2018 4822 non
2050 4770 2196 4823 indi-

611 4862 781 4932 gebit.
810 4858 1213 4928 Proptereaque
1242 4873 1343 4911 nos
1371 4873 1831 4928 supervacaneum
1859 4857 2196 4928 intempesti-

616 4968 855 5022 uinique
886 4967 1007 5006 esse
1042 4952 1320 5016 duximus,
1351 4950 1547 5004 iterum
1576 4965 1638 5004 ex
1674 4950 1779 5004 illis
1808 4948 2084 5019 quidpiam
2110 4964 2195 5002 re-

612 5059 794 5117 petere

714 5235 773 5291 7.
819 5233 1031 5287 Partem
1058 5244 1220 5301 porro
1250 5229 1394 5285 illam
1426 5227 1860 5283 Methoncnsium
1900 5226 2194 5290 dictorum,

614 5329 670 5385 itt
714 5343 820 5394 qua
856 5326 1007 5386 illud,
1032 5348 1050 5376 ι
1078 5325 1152 5378 Ex
1186 5330 1305 5378 meo
1338 5324 1620 5393 accipiet,»
1648 5335 1913 5385 enarrans
1941 5319 2029 5373 ilia
2056 5320 2199 5373 allir—

612 5430 750 5483 mat,
776 5436 793 5470 ι
835 5418 1059 5471 nihilex
1092 5417 1193 5472 hoc
1219 5417 1366 5470 dicto
1406 5417 1716 5485 CVallgcllCt)
1765 5410 2092 5482 signiﬁcari,
2131 5426 2196 5464 ex

615 5511 758 5567 Filio
786 5509 1053 5579 Spiritum
1091 5508 1355 5578 accipere,
1392 5522 1574 5561 verum
1594 5521 1658 5559 ex
1697 5503 1878 5568 Patre,
1921 5520 1941 5555 ι
2001 5505 2126 5572 quis
2165 5518 2196 5557 a

612 5610 845 5656 veritate
885 5600 1143 5653 aberrare
1182 5613 1290 5651 non
1349 5595 1815 5657 determinaverit,
1852 5605 1978 5645 cum
2041 5590 2107 5643 de
2134 5604 2203 5642 eo

612 5693 836 5750 Patrum
881 5691 1256 5762 expositiones
1317 5690 1668 5759 percurrerit,
1728 5699 1963 5757 quarum
2010 5695 2115 5737 una
2145 5682 2197 5735 in

612 5786 890 5842 Ancorato
923 5782 1101 5857 magni
1150 5782 1429 5855 I‘Ipipliattil
1467 5783 1633 5854 jacet,
1665 5794 1830 5851 quam
1887 5774 1966 5830 Vel
2001 5774 2197 5843 solam,

2291 4580 2429 4634 Θεοῦ
2454 4582 2686 4650 Πατρδς,
2719 4587 2812 4637 καὶ
2836 4585 2927 4637 τὸν
2964 4587 3208 4659 Μωῦιτῆν
3235 4588 3313 4655 δὲ,
3348 4590 3425 4654 ώς
3457 4591 3881 4663 ἀπεσταλμένον

2294 4675 2448 4746 παρά
2502 4673 2666 4731 Θεοῦ.
2698 4694 2718 4727 ›
2749 4676 2885 4746 Περὶ
2935 4679 3195 4732 τοιούτων
3253 4680 3385 4749 γοῦν
3426 4680 3599 4753 οῦσης
3643 4688 3751 4754 τῆς
3780 4683 3883 4737 τῶν

2292 4764 2495 4834 ἑφεξῆς
2538 4765 2712 4833 λόγων
2743 4767 3033 4832 ἐκθέσεως,
3068 4771 3098 4822 ὁ
3143 4771 3421 4842 ἐπιμελῶς
3454 4775 3524 4828 τὰ
3562 4775 3882 4846 προδιειλη-

2298 4857 2439 4927 μένα
2478 4856 2558 4926 τῷ
2594 4855 2736 4928 λόγῳ
2769 4859 2925 4928 ἡμῶν
2958 4859 3202 4913 ἐπελθὼν
3233 4863 3333 4933 οὐχ
3372 4864 3580 4936 ἑτέρων
3625 4866 3881 4938 δεήσεται

2297 4946 2438 5019 πρὸς
2472 4949 2817 5019 ἀντίρρησιν.
2849 4951 2960 5004 Καὶ
2992 4950 3082 5004 διὰ
3104 4952 3278 5007 ταῦτα
3317 4958 3578 5028 περιττὸν
3603 4960 3769 5028 ἡμεῖς
3793 4956 3883 5012 καὶ

2295 5041 2529 5111 ἄκαιρον
2602 5040 2934 5111 ἡγησάμεθα
2998 5046 3177 5098 εἰπεῖν
3241 5063 3298 5100 τι
3359 5048 3458 5100 καὶ
3512 5048 3680 5104 πάλιν
3753 5049 3905 5120 περὶ.

2296 5145 2499 5183 αντων.

2371 5227 2464 5284 νςο.
2499 5219 2611 5291 Τὴν
2640 5219 2698 5272 δὲ
2742 5222 3051 5295 περικοπὴν
3080 5227 3299 5299 ἐκείνην
3327 5228 3438 5284 τῶν
3472 5230 3569 5285 τοῦ
3612 5232 3879 5302 Μεθώνης

2299 5314 2500 5386 ῥητῶν,
2537 5308 2647 5388 ὲνῇ
2669 5314 2752 5381 τὸ,
2789 5334 2809 5367 ι
2833 5315 2928 5369 Ἐκ
2949 5318 3043 5370 τοῦ
3075 5319 3211 5390 ἐμοῦ
3236 5321 3490 5393 λήψεται,
3521 5342 3544 5376 ι
3579 5324 3879 5399 ὲξηγούμευ

2300 5422 2387 5468 νος
2404 5402 2582 5469 οὗτος,
2606 5423 2622 5455 t
2651 5405 2819 5475 μηδὲν
2855 5406 3050 5476 δηλοῦν
3072 5409 3221 5479 λέγει
3246 5413 3306 5465 τὸ
3336 5414 3703 5484 εὐαγγελιλῦν
3729 5433 3881 5476 coco

2301 5487 2485 5569 ῤηῖιν,
2514 5497 2576 5550 τὸ
2601 5497 2665 5549 εκ
2690 5496 2784 5551 τοῦ
2824 5497 2956 5552 Υίοῦ
2978 5499 3040 5553 τὸ
3059 5500 3287 5573 Πνεῦμα
3315 5505 3645 5576 λαμϐάνειν,
3678 5510 3796 5564 ἀλλ’
3818 5512 3877 5562 ἐκ

2300 5589 2394 5677 τοῦ
2420 5589 2653 5660 Πατρδς,
2689 5606 2709 5642 ι
2759 5589 2842 5654 τίς
2897 5590 2963 5645 ἂν
2991 5594 3052 5645 οῦ
3084 5592 3330 5663 διαγνοίη
3360 5599 3765 5673 διαμαρτάνειν
3787 5604 3879 5673 τῆς

2299 5678 2579 5751 ἀληθείας,
2609 5680 2846 5749 ὁπηνίκα
2881 5685 2996 5746 ταῖς
3028 5685 3159 5757 περὶ
3189 5688 3282 5740 τοῦ
3306 5691 3479 5761 ῥητοῦ
3521 5696 3721 5750 τούτου
3758 5694 3878 5760 ἑξη-

2301 5776 2495 5847 γήσισι
2541 5771 2651 5827 τῶν
2700 5772 2963 5845 Πατέρων
3010 5776 3230 5850 ἐντύχῃ.
3256 5771 3331 5834 ὧν
3373 5783 3478 5851 μία
3524 5785 3619 5837 καὶ
3656 5788 3691 5858 ὴ
3734 5780 3880 5853 inti:
