4070 6606
500 379 599 444 li'i

1514 376 1723 437 JOAN’.
1762 373 1975 435 VECCI
2017 372 2125 431 CP.
2168 368 2678 434 PATRIARCHE

3630 371 3732 437 iii

570 497 654 556 65.
686 495 1156 564 Quemadmodum
1214 500 1270 548 et
1318 492 1412 561 qui
1472 499 1592 560 post
1641 491 1740 542 bos
1791 485 2056 556 sequitur,

2165 489 2194 556 ι
2236 485 2330 552 ξδ’.
2361 483 2459 540 Οία
2489 487 2546 540 δὲ
2586 490 2678 541 καὶ
2699 488 2727 540 6
2751 487 2871 558 μετ’
2903 489 3121 552 αὐτοὺς,
3164 471 3258 542 καί
3303 489 3331 541 6
3368 489 3536 558 ἔγγὺς
3567 490 3732 544 αὑτοῦ

497 594 730 659 buicque
765 587 1049 659 proximus
1099 585 1242 639 alius
1281 581 1653 654 syllogismus.
1703 579 1866 634 ambo
1893 575 2060 632 simul

493 680 740 735 eamdem
783 667 1058 732 habebunt
1091 672 1527 743 responsionem.
1575 668 1751 724 Unam
1793 667 2059 738 siquidem

494 769 925 840 propositionum
960 766 1064 818 vim
1121 773 1346 833 uterque
1382 761 1749 833 possidentes,
1781 774 1907 813 cum
1966 772 2064 812 vo-

490 869 618 916 eant
650 879 668 910 ι
703 859 918 913 Patrem
973 870 1195 910 causam
1223 870 1436 921 eorum,
1471 869 1595 924 quae
1644 868 1712 908 ex
1749 853 1867 922 ipso
1913 861 2061 916 sunt,

494 953 702 1006 ratione
747 947 1052 1019 hypostasis
1100 955 1154 1001 et
1197 961 1309 1001 non
1363 946 1575 1001 ratione
1619 957 1829 1000 natura:
1858 984 1873 1009 ,
1915 963 1934 996 ι
1977 943 2064 998 hic

489 1043 709 1113 quidem
759 1040 929 1105 aliud,
980 1039 1068 1094 ille
1124 1038 1271 1094 aliud
1325 1038 1628 1094 absurdum
1682 1036 2060 1106 comprobant;

488 1139 616 1190 dum
644 1135 759 1206 ipse
792 1134 1030 1204 ignoras,
1065 1132 1159 1202 qui
1197 1146 1293 1187 eos
1321 1129 1683 1194 concinnasti,
1722 1128 1933 1182 nullum
1963 1143 2064 1181 un-

487 1242 650 1298 quam
694 1241 759 1280 ex
791 1224 1000 1280 sanctis
1042 1223 1268 1289 dixisse,
1307 1221 1522 1276 Patrem
1565 1235 1788 1274 causam
1817 1233 1940 1275 esse
1969 1232 2062 1272 eo-

488 1335 630 1386 rum,
665 1332 786 1388 qua:
813 1333 878 1370 ex
912 1316 1032 1388 ipso
1071 1325 1221 1380 sunt,
1254 1314 1465 1369 ratione
1496 1312 1829 1384 hypostasis,
1860 1320 1917 1367 et
1948 1325 2058 1366 non

486 1411 695 1466 ratione
731 1417 959 1464 naturw.
987 1405 1116 1461 Mihi
1145 1407 1329 1477 plane,
1355 1407 1451 1477 qui
1479 1405 1593 1462 fere
1621 1420 1812 1461 omnes
1842 1401 2058 1459 theolo-

483 1503 634 1571 giras
683 1501 1012 1570 scriptiones
1063 1499 1252 1554 sedulo
1298 1497 1549 1570 indagavi
1615 1497 2057 1566 examinavique,

483 1595 692 1650 similes
746 1592 1129 1647 distinctiones
1161 1591 1400 1661 reperire
1456 1604 1728 1660 nusquam
1779 1587 2058 1657 contigit:

485 1700 721 1756 namque
763 1683 809 1739 si
859 1682 1054 1738 similis
1094 1682 1374 1737 distinctio
1424 1682 1566 1751 apud
1619 1694 1840 1735 nostros
1869 1679 2061 1735 Patres

485 1778 772 1849 theologos
827 1777 1161 1847 reperiretur
1208 1777 1462 1830 essantiae
1516 1784 1569 1830 ct
1628 1774 1943 1845 hypostasis
2001 1775 2054 1827 in

481 1886 648 1928 causa
707 1885 896 1926 earum
951 1883 1334 1940 personarum,
1391 1884 1513 1938 quae
1563 1883 1625 1923 ex
1694 1867 1854 1922 Patre
1905 1877 2054 1931 sunt,

484 1979 765 2035 nunquam
797 1963 1100 2018 secundum
1141 1971 1211 2026 te,
1241 1961 1335 2030 qui
1370 1975 1535 2014 vocas
1575 1975 1801 2015 causam
1837 1958 2055 2014 Patrcm

483 2073 696 2122 eorum,
733 2071 850 2126 qua:
889 2071 954 2110 ex
981 2069 1046 2110 eo
1080 2064 1229 2119 sunt,
1264 2053 1477 2108 ratione
1511 2053 1845 2124 hypostasis,
1867 2062 1922 2107 et
1949 2069 2056 2107 non

487 2149 695 2203 ratione
730 2157 958 2213 naturae,
1003 2146 1187 2202 dictus
1219 2144 1413 2201 fuisset
1463 2143 1628 2200 Pater
1657 2159 1924 2215 generans
1959 2161 2059 2200 na—

489 2239 752 2294 turaliter.
814 2237 1011 2293 Verum
1060 2252 1208 2293 nunc
1240 2237 1534 2308 aliquando
1574 2252 1640 2292 ex
1683 2237 1864 2304 Patre,
1907 2238 2055 2307 quod

483 2330 725 2398 ejusdem
770 2330 1106 2401 liypostasim
1147 2329 1400 2393 denotat,
1441 2329 1736 2400 aliquando
1776 2343 1839 2384 ex
1873 2345 2058 2384 essen-

487 2425 556 2478 tia
586 2423 763 2478 Patris
795 2423 1043 2493 generari
1071 2421 1272 2476 Filium
1301 2424 1586 2492 scripturae
1622 2433 1892 2478 statuunt.
1927 2423 2062 2490 Qui-

485 2518 588 2570 bus
633 2514 924 2569 manifesto
953 2524 1178 2583 apparet
1213 2523 1419 2568 temere
1444 2515 1543 2568 has
1576 2515 1960 2570 distinctiones
1990 2517 2058 2570 ab

483 2622 670 2661 earum
710 2609 1027 2661 auctoribus
1058 2609 1318 2662 conlictas
1354 2607 1544 2661 fuisse.
1580 2607 1692 2664 Nec
1718 2610 1821 2663 erit
1855 2617 2050 2678 praeter

487 2715 598 2752 rem
621 2700 823 2768 scripto
859 2699 1054 2753 tradita
1083 2699 1394 2754 testimonia
1422 2700 1510 2754 hic
1549 2716 1852 2767 recensere,
1886 2699 2056 2755 Deum

483 2793 808 2848 naturaliter
835 2806 1115 2862 generare,
1151 2805 1203 2848 et
1238 2792 1402 2846 fetum
1441 2795 1522 2847 vel
1565 2795 1769 2864 prolem
1805 2795 2060 2850 essentia:

480 2892 536 2939 et
589 2894 801 2939 natura:
857 2885 948 2938 Dei
999 2883 1197 2938 Filium
1246 2883 1389 2947 dici,
1439 2895 1499 2938 ut
1572 2886 1749 2939 modis
1798 2887 2058 2943 omnibus

482 2977 705 3032 vesania
763 2977 1125 3047 redarguatur
1173 2976 1343 3040 illius,
1403 2978 1495 3046 qui
1557 2993 1806 3034 asserere
1871 2979 2058 3044 audet,

483 3068 700 3125 Patrem
747 3083 971 3123 causam
1007 3083 1130 3124 esse
1169 3083 1382 3133 eorum,
1428 3087 1550 3140 quae
1581 3085 1644 3125 ex
1674 3085 1740 3126 co
1783 3081 1931 3139 sunt,
1964 3089 2058 3128 ra-

2166 580 2329 634 πάλιν
2360 580 2745 653 συλλογισμὸς,
2772 584 2822 636 οἱ
2844 582 2938 636 δύο
2957 582 3072 652 ἅμα
3097 581 3547 651 διαλαμϐάνουσι.
3584 584 3733 638 Μίαν

2164 668 2270 740 γὰρ
2298 663 2442 724 οὗτοι
2495 671 2724 742 δύναμιν
2791 671 2902 726 τῶν
2929 670 3250 742 προτάσεων
3285 671 3378 723 καὶ
3428 670 3732 738 ἀμφότεροι

2163 757 2400 828 ἔχοντες.
2425 761 2485 814 τὸ
2507 761 2690 830 λέγειν
2717 761 2920 833 δηλαδὴ
2957 781 2974 814 ι
3023 760 3116 814 τὸν
3159 761 3379 830 Πατέρα
3409 760 3582 814 αἴτιον
3625 761 3736 812 τῶν

2164 853 2222 919 ἐξ
2248 852 2417 906 αὐτοῦ
2438 854 2516 924 τῷ
2543 854 2687 926 λόγῳ
2711 856 2809 926 τῆς
2838 855 3207 919 ὑποστάσεως,
3235 856 3326 908 καὶ
3353 855 3475 925 οὐχὶ
3502 853 3574 923 τῷ
3593 853 3738 921 λόγῳ

2162 945 2260 1013 τῆς
2284 947 2521 1013 φύσεως,
2565 965 2587 999 ι
2616 949 2644 999 6
2679 947 2776 1015 μὲν
2807 947 2956 1011 ἄλλο,
2989 949 3016 1000 6
3036 948 3092 1002 δὲ
3130 947 3259 1002 ἄλλο
3288 944 3734 1007 κατασκευάζου-

2165 1049 2248 1086 σιν
2271 1034 2468 1098 ἄτοπα,
2511 1038 2570 1091 ἐν
2594 1037 2671 1106 τῷ
2703 1038 2920 1106 ἀγνοεῖν
2973 1055 3033 1091 σε
3068 1039 3156 1092 τὸν
3189 1039 3388 1098 αὐτοὺς
3417 1035 3740 1104 συντιθέμεο

2164 1141 2253 1176 νον
2281 1124 2358 1188 ὡς
2389 1125 2566 1190 οὐδείς
2617 1144 2719 1180 που
2773 1127 2964 1198 εἴρηκε
2995 1129 3104 1182 τῶν
3140 1128 3335 1196 ἁγίων,
3369 1128 3452 1182 ὅτι
3482 1127 3511 1179 6
3546 1128 3740 1196 Πατὴρ

2162 1217 2336 1278 αἴτιός
2361 1219 2478 1271 ἐστι
2513 1219 2622 1272 τῶν
2641 1220 2700 1286 ἐξ
2733 1221 2900 1274 αὑτοῦ
2950 1219 3030 1291 τῷ
3057 1220 3204 1292 λόγῳ
3230 1221 3331 1292 τῆς
3357 1220 3738 1281 ὑποστάσεως,

2162 1308 2255 1361 καὶ
2284 1309 2406 1379 οὐκὶ
2435 1307 2514 1380 τῷ
2547 1310 2692 1383 λόγῳ
2713 1313 2814 1382 τῆς
2845 1311 3081 1381 φύσεως.
3121 1312 3352 1382 Ἔμοιγε
3375 1313 3532 1376 τέως,
3558 1311 3740 1372 πάσας

2163 1399 2350 1470 σχεδὸν
2377 1399 2696 1469 θεολογικάς
2733 1402 3118 1474 ὲξηρευνηκότι
3155 1403 3396 1474 γραφὰς,
3437 1403 3742 1472 διαιρέσεσι

2159 1491 2438 1555 τοιαύταις
2477 1495 2722 1565 ἐντυχεῖν
2748 1498 2848 1548 οὐκ
2878 1498 3116 1564 ἐγένετο.
3175 1496 3236 1549 Ei
3265 1495 3370 1564 γάρ
3405 1495 3627 1563 ἐλέγετό
3655 1510 3741 1556 τις

2161 1583 2313 1654 παρὰ
2339 1587 2450 1648 τοῖς
2484 1585 2760 1655 θεολόγοις
2793 1588 3076 1658 Πατράσιν
3113 1588 3274 1659 ἡμῶν
3315 1590 3542 1656 τοιαύτη
3598 1586 3744 1639 διαί-

2164 1691 2312 1744 ρεσις
2363 1677 2556 1742 οὐσίας
2622 1681 2717 1732 καὶ
2752 1679 3111 1745 ὑποστάσεως
3154 1682 3215 1733 ὲν
3244 1685 3308 1754 τῇ
3353 1681 3502 1752 αἰτία
3532 1678 3642 1733 τῶν
3678 1681 3744 1730 ἐκ

2165 1767 2375 1838 [Ἰατρὸς
2403 1769 2664 1823 αἱτιατῶν
2693 1772 3022 1842 προσώπων,
3079 1774 3181 1827 οὐκ
3228 1774 3294 1829 ἄν
3319 1788 3450 1827 ποτε
3502 1774 3646 1826 κατὰ
3683 1772 3743 1824 es

2160 1859 2251 1912 τὸν
2275 1860 2504 1928 λέγοντα
2537 1861 2714 1916 αῐτιον
2754 1863 2843 1916 τὸν
2897 1864 3118 1935 Πατέρα
3175 1864 3285 1918 τῶν
3341 1863 3399 1930 ἐξ
3446 1861 3617 1916 αὑτοῦ
3661 1860 3742 1931 τῷ

2159 1951 2303 2024 λόγῳ
2335 1955 2434 2022 τῆς
2472 1955 2852 2021 ὑποστάσεως,
2887 1959 2984 2011 καὶ
3017 1958 3138 2028 οὐχὶ
3183 1956 3262 2028 τῷ
3320 1957 3463 2027 λόγῳ
3490 1956 3589 2027 τῆς
3633 1956 3743 2023 φύς

2162 2061 2322 2109 σεως,
2348 2046 2550 2118 ιρρέθη
2572 2049 2598 2100 6
2627 2049 2817 2118 Πατὴρ
2845 2048 3051 2117 γεννῶν
3074 2048 3345 2119 φυσικῶς.
3373 2049 3490 2103 Νῦν
3516 2050 3572 2102 δὲ
3604 2048 3746 2102 ἀλλὰ

2162 2138 2239 2208 πῆ
2264 2137 2364 2208 μὲν
2385 2140 2448 2192 ὲκ
2477 2138 2573 2192 τοῦ
2594 2141 2835 2211 Πατρὸς,
2868 2142 3007 2211 ὅπερ
3034 2141 3152 2195 ἐστὶ
3180 2142 3279 2212 τῆς
3317 2141 3482 2195 αὑτοῦ
3510 2142 3743 2214 δηλωτι-

2161 2230 2256 2285 κὸν
2309 2231 2682 2297 ὑποστάσεως,
2723 2231 2799 2302 πῆ
2853 2233 2907 2286 δὲ
2939 2237 3002 2287 ὲκ
3059 2238 3158 2306 τῆς
3185 2234 3372 2297 οὐσίας
3399 2234 3493 2288 τοῦ
3527 2236 3743 2306 [ἰατρὸς

2159 2323 2452 2391 γεννᾶσθαι
2479 2324 2569 2377 τὸν
2604 2325 2734 2378 Υίὸν
2775 2326 3196 2397 δογματίζουσιν
3227 2328 3283 2381 αἱ
3315 2329 3546 2396 γραφαί.
3576 2328 3747 2381 Ὀπί-

2161 2415 2252 2469 θεν
2279 2416 2566 2488 προδήὶως
2601 2420 2696 2470 καὶ
2726 2419 3105 2487 ἀναφαίνεται,
3139 2421 3315 2491 μάτην
3345 2423 3441 2484 τὰς
3481 2419 3746 2482 τοιαύτας

2158 2507 2450 2577 διαιρέσεις
2484 2509 2908 2564 ἀναπεπλάσθαι
2931 2514 3043 2576 τοῖς
3074 2513 3245 2576 αὑτάς
3285 2512 3742 2566 ἀναπλάττουσιν.

2161 2603 2275 2655 Οὐκ
2299 2601 2408 2655 ἀπὸ
2425 2602 2480 2655 δὲ
2513 2601 2674 2671 λόγου
2703 2606 2798 2658 καὶ
2825 2605 3103 2676 γραφικὰς
3153 2607 3392 2662 ἐνταῦθα
3423 2605 3743 2677 μαρτυρίας

2161 2697 2527 2764 παραγαγεῖν,
2559 2694 2652 2748 τοῦ
2685 2697 2881 2766 γεννᾷν
2917 2696 3006 2749 τὸν
3042 2696 3176 2750 Θεὸν
3205 2699 3476 2767 φυσικῶς,
3511 2700 3607 2752 καὶ
3645 2697 3745 2749 αἱ·

2157 2785 2256 2840 τοῦ
2291 2790 2538 2859 γέννημα
2601 2788 2698 2857 τῆς
2733 2789 2923 2852 οὐσίας
2969 2792 3065 2844 καὶ
3109 2791 3209 2861 τῆς
3237 2790 3454 2860 φύσεως
3485 2791 3578 2845 τοῦ
3603 2789 3743 2844 Θεοῦ

2160 2878 2420 2946 λέγεσθαι
2444 2879 2537 2934 τὸν
2565 2881 2714 2943 Υίον,
2744 2881 2895 2944 ὅπως
2953 2880 3022 2935 ἂν
3053 2882 3113 2934 τὸ
3141 2883 3336 2952 ἄλογον
3367 2886 3509 2938 κατὰ
3539 2885 3744 2953 κράτος

2159 2954 2525 3044 άπελεγχθείη
2571 2974 2666 3027 τοῦ
2719 2974 2900 3043 λέγειν
2955 2975 3372 3045 ἀποτολμῶντος
3409 2976 3499 3029 τὸν
3523 2975 3748 3043 Πατέρα

2162 3064 2336 3118 αἴτιον
2366 3061 2505 3118 εἶναι
2536 3065 2644 3120 τῶν
2669 3066 2728 3133 ἐξ
2755 3067 2922 3121 αὑτοῦ
2957 3066 3034 3137 τῷ
3066 3069 3208 3138 λόγῳ
3233 3067 3329 3137 τῆς
3358 3067 3743 3130 ὑποστάσεως,

481 3161 633 3216 tione
682 3159 1013 3232 liypostasis,
1049 3168 1104 3214 et
1147 3175 1256 3215 non
1304 3162 1519 3217 ratione
1555 3171 1783 3218 natura.
1823 3163 1888 3219 Et
1928 3175 2055 3221 ante

2162 3158 2256 3210 καὶ
2290 3157 2415 3227 οὐχὶ
2439 3158 2516 3228 τῷ
2543 3159 2690 3228 λόγῳ
2721 3158 2822 3229 τῆς
2856 3162 3092 3229 φύσεως.
3126 3162 3336 3214 Αὐτίκα
3367 3160 3476 3230 γὰρ
3509 3161 3538 3212 6
3567 3163 3746 3230 μέγας

481 3251 619 3307 alios
647 3266 881 3322 magnus
907 3250 1242 3308 Athanasius
1271 3251 1326 3306 in
1355 3254 1637 3323 colloquio
1669 3270 1795 3309 cum
1832 3257 1964 3312 Ario
1995 3257 2052 3312 in

478 3343 690 3413 synodo
723 3339 944 3397 Nicmna
973 3342 1181 3408 habitu,
1224 3344 1380 3414 cujus
1413 3346 1766 3415 principium,
1801 3367 1821 3399 ι
1854 3348 2048 3406 Divina

479 3433 826 3502 providentia
885 3449 1010 3488 cum
1061 3435 1416 3490 amicissimis
1462 3438 1601 3493 meis
1634 3438 1914 3507 fratribus,
1965 3457 2057 3499 ac-

477 3525 616 3579 cessi
646 3523 714 3578 ad
743 3522 1080 3578 desideratus
1109 3538 1140 3578 a
1187 3539 1273 3578 me
1301 3523 1506 3580 Christi
1538 3541 1752 3594 servos,
1779 3546 1798 3579 ι
1837 3530 2005 3586 tradit
2036 3545 2053 3586 :

485 3635 503 3668 ε
538 3616 725 3686 Itaque
788 3612 936 3671 Deus
994 3605 1183 3672 dicéns
1233 3618 1299 3671 ad
1357 3619 1638 3688 proprium
1695 3619 1896 3686 Filium
1960 3639 2056 3692 per

477 3713 826 3780 prophetam,
860 3726 878 3760 ι
906 3708 980 3763 Ex
1011 3717 1165 3765 utero
1190 3722 1314 3764 ante
1338 3708 1654 3766 Luciferum
1679 3715 1840 3784 genui
1870 3725 1922 3771 te
1939 3717 2008 3781 ",
2030 3735 2050 3770 ι

479 3815 547 3853 ex
581 3807 807 3868 paterna
843 3799 1082 3854 essentia
1115 3802 1524 3870 generationem
1556 3803 1680 3857 Filii
1714 3813 1865 3860 notat
1894 3824 1908 3861 :
1945 3824 1964 3859 ι
2003 3817 2059 3862 et

479 3891 674 3961 paucis
722 3891 1026 3961 interjectis
1057 3888 1084 3946 ε’
1111 3913 1128 3943 ι
1167 3890 1324 3946 Nulla
1368 3893 1473 3946 alia
1506 3895 1572 3948 de
1620 3910 1784 3951 causa
1837 3907 2055 3954 uterum

479 3983 746 4045 nominat.
778 3983 882 4038 nisi
924 3993 981 4038 ut
1007 3986 1279 4050 ostendat,
1319 3987 1496 4054 ipsum
1536 3985 1736 4042 Filium
1780 4003 1848 4044 ex
1877 3987 2057 4048 Patris

477 4075 716 4130 essentia
742 4077 984 4148 genitum
1029 4075 1218 4132 fuisse.
1261 4097 1280 4130 ι
1317 4077 1381 4133 Et
1410 4079 1608 4133 iterum
1646 4097 1661 4134 :
1694 4099 1713 4132 ι
1749 4080 1947 4136 Filium
1987 4099 2054 4137 ex

477 4165 717 4220 essentia
769 4165 866 4222 Dei
931 4176 991 4223 et.
1039 4165 1218 4224 Patris
1270 4180 1590 4238 generatum
1656 4173 1992 4242 accepimus.
2027 4194 2047 4228 ι

479 4255 626 4312 idem
675 4258 948 4326 oratione,
991 4260 1151 4329 cujus
1185 4260 1518 4330 principium
1562 4300 1576 4324 .
1615 4279 1633 4313 ι
1667 4260 1834 4320 Recte
1877 4264 2056 4322 fecisti

480 4351 616 4406 mihi
670 4351 988 4423 signiﬁcans
1045 4351 1252 4406 factum
1305 4367 1336 4407 a
1396 4360 1449 4407 te
1489 4355 1807 4424 quaesitum,
1850 4375 1869 4410 ι
1941 4357 2058 4414 hac

479 4441 643 4496 habet
675 4460 688 4496 :
725 4460 744 4493 ι
782 4440 900 4496 Non
934 4443 1040 4496 erit
1089 4441 1232 4496 idem
1275 4439 1446 4497 Filius
1490 4451 1544 4497 et
1577 4453 1843 4511 creatum,
1882 4460 1952 4501 ne
1987 4461 2054 4502 ex

2179 3249 2495 3314 ’Δθανάσιος
2524 3253 2582 3304 ἐν
2612 3256 2677 3323 τῇ
2736 3253 2872 3323 πρὸς
2921 3255 3141 3328 Ἀρειον
3186 3254 3457 3325 διαλέκτῳ
3490 3256 3559 3326 τῇ
3584 3269 3744 3322 γενο-

2166 3342 2305 3414 μένῃ
2331 3343 2390 3395 ὲν
2419 3345 2489 3414 τῇ
2527 3345 2672 3397 κατά
2694 3344 2928 3399 Νίκαιαν
2965 3345 3193 3416 συνόδῳ,
3222 3341 3290 3418 ἧς
3320 3346 3348 3417 ἡ
3379 3347 3524 3416 ἀρχή
3545 3362 3561 3378 ·
3597 3363 3619 3398 ε
3665 3345 3744 3414 Τῇ

2163 3431 2257 3485 τοῦ
2293 3431 2431 3485 Θεοῦ
2479 3433 2708 3504 προνοίᾳ
2745 3433 2948 3504 άπειην
2980 3435 3401 3509 προσεληλυθὼς
3453 3438 3552 3491 σὺν
3627 3439 3744 3500 τοῖς

2163 3523 2442 3593 φιλτάτοις
2468 3541 2572 3594 μου
2595 3525 2844 3595 ἀδελφοῖς
2866 3531 2998 3600 πρὸ,
3035 3533 3159 3594 τοὺς
3189 3531 3314 3598 ἐμοὶ
3365 3530 3532 3583 ποθου
3544 3529 3744 3599 μένους

2163 3614 2259 3668 τοῦ
2289 3615 2526 3686 Χριστοῦ
2582 3616 2825 3683 δούλους,
2869 3639 2888 3673 ο
2953 3622 3154 3692 φησὶνο
3219 3639 3238 3673 ε
3279 3621 3490 3675 Οὐκοῦν
3538 3624 3566 3676 6
3608 3621 3747 3682 Θεὸς

2163 3705 2338 3775 λέγων
2376 3706 2510 3779 πρὸς
2543 3708 2634 3762 τὸν
2666 3709 2797 3764 ἴδιον
2823 3709 2952 3764 Υξὺν
2981 3713 3067 3766 διὰ
3095 3713 3192 3766 τοῦ
3239 3716 3545 3785 προφήτου,
3591 3732 3613 3766 ε
3645 3714 3748 3784 Ἐκ

2142 3797 2402 3876 ,γαστρὸς
2443 3797 2550 3868 πρὸ
2576 3801 2858 3871 ἑωσφόρον
2891 3803 3162 3873 ἐγέννησά
3188 3821 3273 3868 σε,
3305 3822 3324 3856 ι
3361 3805 3619 3875 σημαίνει
3646 3804 3746 3874 τὴν

2163 3891 2230 3944 ὲκ
2247 3890 2349 3960 τῆς
2387 3893 2664 3961 ιΙατρικῆς
2695 3894 2884 3959 ούσίας
2931 3897 3188 3968 γέννησιν
3223 3899 3320 3950 τοῦ
3358 3897 3512 3952 Υίοῦ.
3552 3916 3573 3950 ι
3632 3897 3746 3952 Καὶ

2167 3983 2285 4055 μετ’
2306 3985 2497 4053 ὀλίγα⁶
2519 3983 2557 4037 ἰ
2599 3986 2677 4040 Δι’
2709 3987 2860 4041 οὐδὲν
2881 3989 3070 4057 ἕτερον
3091 3989 3336 4063 γαστέρα
3369 3991 3654 4060 ὀνομάζει,
3709 3988 3740 4060 ἢ

2165 4075 2252 4129 ῐνα
2280 4079 2614 4150 παραστήσῃ
2643 4080 2808 4134 αὐτὸν
2848 4083 2941 4134 τὸν
2979 4081 3108 4135 Υίὸν
3158 4085 3224 4137 ὲκ
3252 4085 3350 4154 τῆς
3382 4085 3478 4138 τοῦ
3525 4085 3746 4154 Πατρὶς

2163 4167 2350 4231 ούσίας
2381 4170 2761 4240 γεγεννῆσθαι.
2815 4191 2834 4223 ι
2880 4173 2988 4226 Καὶ
3043 4177 3161 4244 μετ’
3183 4175 3376 4244 ὀλίγα·
3423 4196 3441 4229 ι
3476 4177 3580 4230 Τὸν
3611 4178 3746 4232 Υἰὸν

2164 4261 2230 4313 ὲκ
2257 4261 2352 4330 τῆς
2376 4263 2568 4326 ούσίας
2596 4263 2689 4316 τοῦ
2722 4263 2856 4317 Θεοῦ
2884 4267 2976 4318 καὶ
3003 4267 3214 4338 Πατρὸς
3245 4269 3576 4339 γεννηθέντα
3601 4287 3747 4340 μαν-

2166 4347 2420 4420 θάνομεν.
2458 4371 2478 4404 ι
2517 4353 2578 4406 ὐ
2612 4353 2774 4418 αὐτὸς
2805 4355 2861 4408 έν
2880 4355 2960 4427 τῷ
2989 4357 3132 4429 λόγῳ
3177 4351 3238 4412 οὗ
3271 4361 3474 4433 ἡάρχὴ
3497 4375 3512 4393 ·
3558 4380 3578 4415 ι
3621 4365 3750 4417 Κα-

2166 4437 2275 4503 λῶς
2308 4441 2571 4513 ἐποίησας
2600 4443 2848 4515 δηλώσας
2878 4465 2968 4529 μοι
2990 4449 3090 4520 τὴν
3120 4451 3422 4522 γενομένην
3460 4455 3613 4524 παρὰ
3650 4453 3748 4508 σοῦ

481 4533 595 4592 Deo
622 4544 676 4592 et
719 4547 871 4592 extra
899 4535 1094 4599 Deum,
1129 4535 1368 4590 essentia
1414 4535 1562 4591 illius
1590 4547 1894 4606 reputetnr.
1935 4556 1956 4591 ι
1994 4536 2056 4594 Et

2165 4531 2416 4604 ζήτησιν,
2450 4553 2470 4587 ι
2502 4533 2646 4590 οὕτω
2676 4539 2879 4610 φησίνο
2921 4561 2939 4595 t
2979 4544 3094 4598 Οὐκ
3129 4546 3196 4600 ἂν
3219 4546 3313 4618 ἐἴη
3340 4549 3368 4602 6
3412 4549 3578 4613 αὐτὸς
3611 4549 3748 4615 Tib;

479 4628 666 4684 multis
711 4626 1014 4696 interiectis
1059 4626 1267 4682 ibidem
1302 4643 1316 4680 :
1360 4645 1380 4678 ι
1416 4623 1536 4682 Νοη
1589 4635 1852 4683 extranea
1884 4636 1968 4683 est
2005 4637 2056 4685 et

2164 4625 2262 4676 καὶ
2287 4625 2518 4696 κτίσμα,
2553 4628 2642 4684 ἵνα
2675 4633 2748 4702 μὴ
2776 4636 2871 4687 καὶ
2897 4634 2961 4688 ἐκ
2989 4635 3084 4690 τοῦ
3105 4636 3267 4704 Θεοῦ,
3298 4643 3392 4693 καὶ
3423 4641 3626 4705 ἔξωθεν
3651 4641 3746 4697 τοῦ

477 4719 774 4774 adinventa
825 4714 948 4772 Filii
997 4717 1263 4783 essentia,
1319 4731 1498 4786 neque
1543 4732 1612 4773 ex
1655 4717 1745 4786 iis,
1776 4732 1902 4789 qua
1948 4735 2058 4777 non

476 4821 626 4879 sunt,
661 4809 996 4878 introducta,
1033 4807 1128 4865 sed
1156 4824 1224 4863 ex
1267 4805 1453 4864 Patris
1503 4809 1746 4866 essentia
1794 4820 1916 4867 orta
1944 4821 2052 4880 est,

475 4901 938 4974 quemadmodum
974 4899 1201 4955 luminis
1225 4899 1508 4969 splendor,
1543 4909 1600 4954 et
1625 4915 1782 4972 aqua:
1808 4917 2000 4972 vapor.
2031 4922 2053 4958 ι

419 5009 425 5013 ·
475 4997 542 5052 Et
576 5009 810 5065 magnus
859 4992 1095 5050 Basilius
1132 4991 1364 5063 epistola
1412 4991 1482 5046 ad
1522 4991 1857 5062 Canonicas,
1898 4995 2057 5066 cujus

475 5087 804 5160 principium
838 5101 854 5140 :
890 5104 910 5139 ι
946 5085 1222 5153 Quantum
1269 5100 1374 5141 nos
1419 5086 1600 5142 tristis
1647 5101 1858 5154 rumor,
1897 5103 2059 5146 aures

473 5189 693 5253 nostras
727 5178 1173 5243 circumsonans,
1212 5195 1232 5230 ι
1271 5177 1469 5233 scribit
1498 5194 1514 5231 :
1550 5195 1569 5229 ι
1601 5176 1738 5234 Cum
1765 5193 1832 5234 ex
1861 5193 2056 5236 essen-

475 5275 548 5328 tia
582 5270 766 5329 Patris
793 5269 992 5326 Filium
1052 5271 1494 5336 essedocemur,
1523 5285 1592 5326 ne
1631 5270 1949 5328 decidamus
1987 5273 2056 5326 ad

473 5379 769 5436 corporeas
810 5363 1131 5434 passionum
1186 5362 1581 5435 intelligentias
1618 5385 1632 5420 :
1664 5377 1845 5435 neque
1905 5363 2053 5418 enim

472 5457 715 5514 essentia
746 5455 921 5511 divisa
962 5465 1046 5511 est
1079 5469 1110 5510 a
1146 5453 1308 5510 Patre
1353 5445 1411 5511 in
1440 5453 1667 5524 Filium,
1704 5472 1884 5527 neque
1925 5471 2053 5512 cum

469 5549 731 5604 tinxisset
761 5546 974 5617 genuit,
1028 5547 1125 5602 sed
1179 5548 1374 5605 modus
1429 5548 1628 5604 divinae
1683 5548 2055 5619 generationis

471 5641 732 5711 explicari
783 5638 1011 5695 minime
1063 5639 1224 5694 valet.
1259 5658 1278 5692 ι
1316 5639 1421 5696 Sed
1459 5651 1512 5698 et
1563 5641 1762 5701 iterum
1822 5655 2054 5710 magnus

544 5799 588 5830 ”
615 5795 759 5854 Psal.
788 5811 898 5865 cu,
936 5797 988 5851 5.

2162 4713 2303 4767 Θεοῦ
2325 4717 2359 4786 ἠ
2387 4719 2541 4772 οὐσία
2570 4722 2732 4774 αὑτοῦ
2765 4725 3077 4796 νομίζηται.
3112 4749 3130 4782 ι
3167 4733 3278 4786 Καὶ
3311 4735 3450 4803 μετὰ
3485 4736 3663 4790 πολλὰ
3687 4738 3746 4789 ἐν

2161 4804 2257 4898 τῷ.
2281 4808 2467 4898 αὐτῷ’
2510 4827 2528 4862 t
2572 4810 2687 4866 οὐκ
2725 4815 2922 4879 ἔξωθέν
2972 4821 3058 4885 τίς
3114 4823 3266 4878 ἐστιν
3313 4827 3742 4898 ὲφευρεθεῖσαὴ

2163 4894 2261 4990 τοῦ
2293 4897 2423 4990 Υἱοῦ
2450 4901 2628 4990 οῦσία,
2659 4904 2782 4958 οὐδὲ
2823 4909 2886 4962 ἐκ
2935 4910 3010 4981 μὴ
3037 4911 3207 4968 ὄντων
3265 4894 3591 4990 ἐπεισηχθη.
3626 4894 3742 4974 ἀλλά

2162 4987 2230 5076 εκ
2257 4986 2356 5076 τῇς
2412 4987 2507 5041 τοῦ
2558 4991 2772 5065 Πατρδς
2814 4997 2998 5064 οὐσίας
3049 4999 3176 5072 ἔφυ,
3229 5004 3304 5067 ὼς
3334 4986 3656 5076 τοῦ-φωτὸς
3684 5009 3744 5060 τὸ

2161 5074 2528 5167 ἀπαύγασμα,
2568 5083 2660 5134 καὶ
2685 5084 2762 5148 ὡς
2797 5083 2990 5152 ὓδατος
3019 5092 3207 5160 ἀτμίς.
3235 5095 3347 5148 Καὶ
3375 5098 3403 5149 6
3431 5074 3608 5167 μέγας
3637 5099 3747 5153 Bat-

2165 5163 2365 5259 σίλειος
2388 5167 2447 5220 ἐν
2481 5171 2547 5240 τῇ
2578 5171 2712 5240 πρὸς
2759 5177 2859 5238 τὰς
2931 5184 3223 5248 κανονικὰς
3275 5163 3562 5258 latericii},
3604 5184 3673 5259 ἧς
3710 5191 3744 5259 ἡ

2163 5257 2340 5329 ἀρχήο
2367 5277 2386 5308 t
2425 5260 2594 5315 Ὅσον
2626 5263 2850 5331 ἠνίασεν
2873 5269 3023 5337 ἡμᾶς
3051 5273 3321 5345 πρότερον
3337 5277 3498 5346 φήμη
3522 5257 3744 5348 λυπηρά

2160 5349 2263 5407 τὰς
2296 5348 2468 5411 ἀκοὰς
2501 5350 2657 5420 ἡμῶν
2684 5359 3086 5429 περιηχήσασα,
3127 5382 3147 5414 ι
3192 5365 3359 5434 φησίν
3380 5381 3394 5395 ·
3431 5384 3453 5416 ε
3487 5366 3661 5420 Ὅταν
3688 5368 3743 5419 δὲ

2160 5440 2227 5492 ἐκ
2251 5437 2349 5510 τῆς
2385 5439 2574 5506 οὐσίας
2628 5445 2722 5498 τοῦ
2759 5450 2971 5522 Πατρδς
3019 5455 3112 5508 τὸν
3158 5457 3287 5510 Υιδν
3321 5454 3460 5514 εἶναι
3486 5459 3738 5515 διδασκό-

2164 5528 2328 5610 μεθα,
2365 5529 2440 5600 μὴ
2474 5535 2908 5609 καταπίπτωμεν
2945 5545 3036 5597 ἐπὶ
3090 5552 3189 5611 τας
3245 5552 3567 5620 σωματικὰς
3632 5553 3740 5602 τῶν

2162 5621 2350 5675 παθῶν
2387 5625 2620 5689 ἐννοίας.
2664 5627 2743 5684 Οὐ
2775 5632 2884 5703 γὰρ
2915 5636 2948 5705 ὴ
2989 5637 3146 5691 οὐσία
3182 5643 3449 5715 ἐμερίσθη
3500 5645 3609 5697 ἀπὸ
3646 5642 3738 5700 τοῦ
