4070 6582
387 480 485 548 llS

1484 481 1581 540 De.
1623 478 1915 542 UNIONE
1955 479 2364 540 ECCLESIAB
2380 482 2506 543 ΗΜ.

3527 470 3627 534 1.6

375 592 592 663 Πατρὺς
617 591 700 655 είς
731 591 880 657 Υίδν,
913 591 1034 648 οὐδὲ
1062 593 1253 664 ῥυεῖσα
1283 591 1604 664 ἐγέννησεν,
1625 595 1742 649 ἀλλ’
1774 594 1952 666 ἄρρη-

2071 591 2390 648 Atbanasius
2417 592 2649 662 epistola
2690 608 2756 646 ex
2792 591 3003 644 svnodo
3037 586 3532 658 llierosolymitanzt
3560 587 3627 640 ad

372 701 470 748 τος
521 685 620 754 τῆς
673 685 826 748 θείας
880 685 1194 756 γεννήσεως
1228 687 1256 739 ό
1286 686 1512 758 τρόπος.
1549 705 1569 740 ι
1644 685 1808 742 una
1856 686 1953 740 καὶ

374 777 545 830 πάλιν
572 778 600 828 ό
631 776 807 846 μέγας
859 777 1178 842 ’Δθανάσιος
1202 780 1261 832 ὲν
1309 781 1375 850 τῇ
1432 780 1691 850 ἐπιστολῇ
1742 781 1809 851 τῇ
1845 779 1955 832 ἀπὸ

375 867 478 934 τῆς
533 865 755 919 συνόδου
785 867 918 929 feci;
965 868 1026 922 ὲν
1102 866 1513 938 Ἱεροσολύμοις,
1565 869 1704 939 πρὸς
1745 870 1848 938 τὴν
1896 868 1956 922 ὲν

388 957 774 1030 Ἀλεξανδρείᾳ
807 959 1159 1029 Ἐκκλησίαν,
1194 955 1263 1042 ἧς
1305 962 1337 1031 ή
1380 963 1523 1033 ἀρχή
1547 977 1563 994 ο
1620 981 1640 1016 ι
1678 963 1819 1016 Πᾶσι
1857 962 1956 1031 μὲν

381 1051 538 1121 ἡμῶν
566 1053 683 1116 τοῖς
711 1053 804 1106 ἐπὶ
824 1051 886 1106 τὸ
908 1052 1038 1108 αὐτὸ
1070 1054 1417 1109 συνελθοῦσιν
1448 1056 1506 1122 ἐξ
1533 1056 1818 1128 ἐπαρχιῶν
1841 1056 1958 1112 δια-

379 1145 586 1213 φόρων,
618 1162 637 1195 ι
680 1142 878 1213 φησίν·
947 1162 967 1197 ι
1011 1146 1075 1198 Οί
1110 1145 1220 1217 γὰρ
1249 1146 1348 1219 τὴν
1414 1149 1700 1219 ’Δρειανὴν
1742 1148 1958 1218 αἵρεσιν

378 1237 912 1304 ἁναθεματίσαντες,
935 1239 1300 1307 γινώσκοντες
1331 1239 1437 1294 είσι
1475 1240 1550 1312 μὴ
1586 1241 1814 1311 κτίσμα,
1841 1241 1958 1296 ἀλλ’

380 1328 448 1381 ὲκ
477 1328 576 1396 τῆς
611 1327 803 1392 οὐσίας
837 1328 1085 1400 γέννημα
1107 1325 1247 1385 εἶναι
1274 1330 1368 1384 τὸν
1388 1331 1584 1400 Λόγον,
1615 1331 1710 1386 καὶ
1739 1330 1836 1403 τὴν
1863 1330 1959 1384 οὐ-

386 1420 512 1473 σίαν
535 1419 630 1472 τοῦ
666 1420 880 1490 Πατρός
907 1420 1084 1492 ἀρχὴν
1130 1421 1222 1474 καὶ
1251 1421 1408 1488 ῥίζαν
1435 1423 1532 1476 καὶ
1583 1422 1766 1495 πηγὴν
1821 1419 1959 1477 εἶναι

379 1510 477 1564 τοῦ
503 1509 662 1568 Υίοῦ.
701 1530 722 1565 ι
778 1505 929 1582 Ἀρά
959 1530 1023 1581 γε
1055 1513 1372 1585 ἀρκούντως
1426 1513 1569 1584 ἔχειν
1595 1532 1679 1570 σοι
1713 1517 1960 1583 δόξουσιν

375 1599 460 1670 τῷ
475 1603 591 1663 τοῖς
616 1599 883 1673 παροῦσιν
905 1604 936 1667 ἡ
945 1603 1064 1673 μῶν
1089 1602 1268 1672 λόγοις
1291 1604 1661 1676 ἑντευξομένῳ
1679 1606 1736 1660 αἱ
1765 1604 1961 1660 τοσαῦ-

376 1711 472 1746 ται
499 1695 776 1763 γραφικαὶ
804 1693 1106 1767 μαρτυρίαι
1144 1695 1226 1760 είς
1266 1695 1490 1766 ἔλεγχον
1539 1697 1636 1752 τοῦ
1673 1699 1749 1769 μὴ
1780 1697 1962 1762 καλῶς

379 1787 474 1836 τὸν
497 1784 766 1856 Μεθώνης
789 1787 988 1853 είπεῖν,
1025 1805 1044 1838 ι
1077 1785 1172 1840 τὸν
1213 1787 1434 1860 Πατέρα
1467 1787 1640 1845 αῐτιον
1680 1785 1823 1845 εἶναι
1850 1791 1963 1845 τῶν

375 1875 445 1940 ἐξ
474 1875 644 1930 αὐτοῦ
678 1875 755 1946 τῷ
801 1875 947 1948 λόγῳ
997 1875 1099 1946 τῆς
1154 1877 1532 1944 ὑποστάσεως,
1577 1880 1674 1934 καὶ
1733 1881 1855 1951 οὐχὶ
1882 1878 1963 1950 τῷ

381 1966 530 2036 λόγῳ
562 1966 661 2036 τῆς
685 1966 941 2035 φύσεως;
980 1987 1000 2022 ι
1033 1968 1095 2022 Ei
1126 1969 1236 2040 γὰρ
1265 1970 1298 2038 ἡ
1337 1971 1495 2024 οὐσία
1515 1971 1609 2025 τοῦ
1633 1972 1770 2026 Θεοῦ
1803 1971 1956 2040 λέγε·

383 2074 501 2123 ται,
525 2058 622 2110 καὶ
649 2056 680 2110 ό
712 2057 843 2122 Υίὺς
877 2059 978 2128 τῆς
1007 2059 1200 2124 οὐσίας
1233 2061 1328 2116 τοῦ
1361 2061 1577 2133 Πατρδς
1630 2062 1962 2134 ὀνομάζεται

376 2146 654 2219 γέννημα,
685 2149 762 2212 ὡς
787 2153 843 2203 at!
870 2151 1146 2222 παροῦσαι
1179 2154 1478 2225 μαρτυρίαι
1512 2157 1786 2227 γραφικαὶ
1816 2173 1964 2229 παρ-

383 2238 604 2305 ιστῶσι,
639 2238 724 2304 τίς
751 2240 784 2296 ό
812 2241 974 2310 λόγος
993 2244 1222 2316 διαιρεῖν
1251 2246 1342 2301 τὸν
1361 2246 1628 2319 Μεθώνης
1649 2247 1747 2320 τὴν
1773 2248 1964 2304 οὐσίαν

382 2330 479 2385 τοῦ
506 2329 721 2403 Πατρδς
766 2333 860 2386 καὶ
899 2332 1000 2406 τὴν
1059 2334 1359 2392 ὑπόστασιν
1407 2338 1504 2394 τοῦ
1531 2338 1749 2410 Πατρὸς
1805 2341 1864 2394 εν
1894 2345 1960 2413 τῇ

376 2421 539 2494 αίτίᾳ
567 2422 679 2477 τῶν
705 2421 766 2488 ἐξ
797 2424 987 2493 αὐτοῦς
1039 2425 1097 2482 '0
1120 2429 1232 2500 γὰρ
1261 2429 1433 2485 είπὼν
1481 2431 1546 2485 ὲκ
1581 2433 1794 2502 [ἰατρὸς
1823 2429 1963 2488 εἶναι

379 2517 480 2567 τὶν
505 2513 710 2586 Υίὸν,ἣ
743 2516 805 2571 rb
833 2517 1078 2590 Πνεῦμα,
1113 2521 1305 2576 οὐσίαν
1346 2523 1586 2596 ἐδήλωσε
1617 2526 1714 2580 τοῦ
1750 2527 1964 2598 [ἰατρὸς

387 2605 791 2660 ἐνυπόστατονο
826 2610 923 2663 καὶ
953 2613 981 2665 ὁ
1008 2610 1178 2664 είπὼν
1206 2614 1276 2667 ἐκ
1304 2615 1402 2682 τῆς
1424 2614 1615 2679 οὐσίας
1630 2615 1724 2670 τοῦ
1749 2616 1966 2688 Πατρδς

347 2753 352 2755 _
381 2692 528 2751 εἶναι
557 2696 652 2752 τὸν
676 2699 825 2767 Υἱὺν,
853 2701 887 2770 ἢ
921 2702 982 2756 τὸ
1004 2703 1251 2775 Πνεῦμα,
1274 2705 1395 2760 ὅλον
1419 2707 1511 2761 τὸν
1548 2707 1766 2780 Πατέρα
1793 2707 1962 2778 δηλοῖ

385 2793 503 2847 Καὶ
529 2793 558 2845 ό
598 2795 662 2847 ὲκ
692 2796 789 2865 τῆς
824 2795 1014 2861 οὐσίας
1067 2797 1166 2852 τοῦ
1194 2797 1327 2854 Υίοῦ
1379 2798 1441 2853 τὺ
1496 2799 1720 2870 Πνεῦμα
1771 2801 1963 2864 εἰπὼν,

379 2887 511 2939 ὅλον
546 2886 640 2940 τδν
673 2888 802 2942 Υίδν
831 2888 978 2955 λέγει
1035 2890 1278 2944 ὲνούσιον
1330 2892 1424 2944 καὶ
1478 2892 1861 2949 ένυπόστατον.
1901 2893 1964 2946 Ei

387 2978 446 3031 δέ
466 2995 550 3043 τις
581 2979 661 3049 τῷ
681 2978 826 3052 λόγῳ
853 2981 954 3051 τῆς
977 2981 1349 3048 ὑποστάσεως,
1397 2987 1493 3039 καὶ
1537 2983 1660 3054 οὐχὶ
1689 2979 1792 3054 ’τῷ
1820 2983 1966 3054 λόγῳ

391 3063 492 3138 τῆς
518 3069 736 3138 φύσεως
763 3072 946 3142 λέγειν
981 3073 1155 3128 ἐθέλει
1183 3074 1276 3128 τδν
1329 3076 1558 3145 Πατέρα
1613 3077 1786 3130 αἴτιον
1823 3073 1966 3131 εἶναι

391 3162 503 3216 τῶν
532 3164 592 3231 ἐξ
639 3165 829 3231 αὐτοῦ,
873 3167 970 3221 καὶ
1028 3170 1094 3238 τῇ
1127 3170 1353 3240 περιττῇ
1409 3169 1502 3223 καὶ
1535 3169 1753 3240 ἀκαίρῳ
1793 3170 1964 3243 ταύτῃ

391 3347 571 3414 λεται,
599 3348 727 3402 ὅταν
758 3349 968 3421 ἀκούσῃ
995 3350 1058 3405 τὸ
1095 3351 1162 3405 ἐκ
1180 3353 1280 3422 τῆς
1301 3352 1490 3417 οὐσίας
1522 3351 1616 3407 τοῦ
1643 3354 1886 3425 Πατρὸς,
1911 3355 1971 3408 τὸ

395 3437 502 3507 μὲν
528 3439 594 3492 ὲκ
617 3439 714 3492 τοῦ
745 3440 962 3512 Πατρὸς
985 3443 1065 3504 είς
1093 3441 1194 3514 τὴν
1222 3442 1323 3512 τῆς
1359 3443 1710 3508 ὑποστάσεως
1734 3445 1970 3515 δήλωσιν

390 3530 782 3601 ἐκλαμϐάνων,
805 3533 868 3586 τὸ
890 3533 946 3586 δὲ
978 3533 1041 3586 ἐκ
1063 3533 1161 3603 τῆς
1196 3533 1387 3597 οὐσίας
1411 3532 1511 3590 τοῦ
1542 3537 1756 3606 Πατρός
1776 3539 1856 3601 είς
1872 3539 1972 3610 δή·

393 3624 566 3677 λωσιν
602 3622 969 3694 διοριζόμενος
1017 3625 1193 3696 ίδικῆς
1247 3625 1475 3693 ἑννοίας,
1519 3626 1585 3679 ἵν’
1623 3627 1875 3684 ἐντεῦθεν
1894 3629 1972 3694 ὡς

395 3715 700 3783 ἀναγκαῖόν
731 3732 786 3770 τι
833 3715 1180 3789 ἀκολουθήσῃ
1210 3715 1271 3770 τὸ
1315 3715 1390 3788 μὴ
1434 3717 1674 3778 νοεῖσθαι
1708 3719 1973 3792 ὑπάρχειν

395 3807 462 3860 τὸ
495 3806 718 3878 Πνεῦμα
745 3804 806 3873 ιξ
827 3806 982 3872 Υίοῦ,
1013 3809 1142 3862 ὅταν
1171 3808 1237 3862 ὲκ
1264 3807 1368 3880 τῆς
1396 3809 1581 3873 οὐσίας
1620 3809 1715 3864 τοῦ
1750 3811 1880 3866 Υίοῦ
1914 3814 1976 3867 τὸ

399 3899 629 3970 Πνεῦμα
653 3900 883 3968 λέγωσιν
935 3901 1002 3954 αἱ.
1032 3901 1264 3972 γραφαὶ,
1298 3901 1416 3956 ἀλλ’
1468 3895 1628 3966 οὗτος
1677 3906 1970 3969 σκοπείτω,

397 3993 523 4046 ὅποι
542 3992 772 4055 ἀτοπίας
811 3993 843 4062 ἠ
880 3992 1111 4063 ἄκαιρος
1146 3991 1286 4064 αῦτη
1333 3993 1655 4064 λεπτολογία
1687 3996 1974 4074 συνωθήσῃ

401 4082 586 4139 αὐτόν.
619 4083 809 4147 Ὅστις
831 4083 938 4155 γάρ
965 4083 1032 4137 ἂν
1061 4081 1157 4137 καὶ
1177 4082 1264 4154 εἴη
1293 4085 1322 4138 ό
1373 4084 1548 4140 ταῦτα
1595 4085 1792 4156 λέγων,
1823 4086 1974 4158 λέγει

399 4176 591 4242 ἕτερον
634 4177 734 4246 μέν
763 4174 1097 4242 τινοείσθαι,
1121 4174 1251 4230 ὅταν
1283 4177 1347 4229 ἐκ
1377 4179 1476 4246 τῆς
1507 4177 1696 4242 οὐσίας
1722 4179 1820 4233 τοῦ
1843 4179 1973 4232 Υίοῦ

397 4270 464 4324 τὸ
491 4268 716 4339 Πνεῦμα
749 4269 980 4337 λέγωσιν
1010 4268 1069 4323 al
1122 4269 1356 4338 Γραφαὶ,
1424 4269 1610 4341 ἕτερον
1657 4271 1715 4325 δὲ
1753 4273 1882 4326 ὅταν
1912 4276 1978 4328 ὲκ

399 4362 498 4418 τοῦ
527 4363 661 4416 Υίοῦ
687 4362 956 4433 ὑπάρχειν
1004 4360 1330 4430 θεολογῶσιν
1381 4363 1533 4419 αὐτό.
1576 4364 1717 4434 Ἐγὼ
1764 4366 1821 4421 δὲ
1850 4365 1975 4422 οὐτε

399 4459 503 4532 τὴν
529 4458 830 4512 ὑπόστασιν
859 4455 957 4512 τοῦ
988 4455 1122 4512 Υξοῦ
1151 4456 1212 4511 εν
1260 4458 1399 4528 ίδικῇ
1448 4459 1712 4530 διαιρέσει
1739 4461 1977 4515 νοεῖσθαι

403 4568 568 4623 φημι,
599 4551 728 4605 ὅταν
756 4549 819 4603 τὸ
848 4548 1075 4618 Πνεῦμα
1096 4549 1160 4603 ἐκ
1185 4547 1284 4618 τῆς
1307 4549 1498 4612 οὐσίας
1524 4551 1690 4604 αὐτοῦ
1719 4551 1974 4624 λέγηται,

2057 683 2478 740 Alexandrinam
2511 685 2828 744 Ecclesiam,
2863 683 3020 751 cujus
3048 683 3396 750 principium,
3437 699 3452 728 ι
3490 687 3622 736 Unt-

2063 776 2227 830 nibus
2259 775 2481 846 quidem
2513 776 2690 838 nobis,
2723 777 2822 843 qui
2856 777 2910 830 in
2946 791 3114 830 unum
3163 773 3521 828 convenimus
3553 789 3617 825 es

2058 867 2291 924 diversis
2342 868 2694 933 ditecesibus,
2745 885 2764 918 ι
2815 867 2888 922 ait
2925 880 2940 920 :
2979 884 2999 920 t
3029 865 3132 934 Qui
3187 863 3332 919 enim
3367 863 3623 918 Arianam

2058 959 2312 1016 haeresim
2345 959 2896 1020 anathematizarunt,
2924 963 3230 1027 agnoscunt
3267 969 3378 1010 non
3409 963 3632 1010 creatu-

2058 1066 2210 1118 ram,
2255 1049 2352 1107 sed
2400 1063 2469 1105 ex
2541 1049 2778 1104 essentia
2837 1047 3004 1104 fetum
3057 1060 3182 1104 esse
3244 1044 3522 1110 Verbum,
3579 1055 3636 1102 et

2058 1139 2352 1199 essentiam
2388 1137 2566 1196 Patris
2595 1139 2922 1210 principium
2971 1149 3026 1195 et
3074 1139 3316 1196 radicem
3346 1145 3402 1194 et
3423 1137 3630 1194 fontem

2057 1248 2184 1292 esse
2215 1231 2358 1290 Filii.
2391 1251 2412 1286 ι
2457 1235 2538 1288 An
2575 1233 2711 1288 satis
2751 1247 2874 1288 esse
2914 1224 3246 1288 videbuntur
3286 1231 3405 1288 haec
3446 1238 3634 1286 nostra

2061 1327 2264 1396 scripta
2322 1325 2519 1397 legenti
2565 1335 2646 1382 tot
2685 1327 2892 1396 scripto
2935 1316 3137 1382 tradita‘
3187 1326 3532 1392 testimonia,
3564 1324 3634 1380 ad

2064 1418 2498 1487 redarguendum
2543 1416 2978 1483 Mellionensem,
3030 1433 3137 1472 non
3174 1419 3339 1489 probe
3379 1418 3623 1480 dixisse,

2065 1528 2087 1561 ε
2125 1508 2343 1564 Patrem
2377 1525 2600 1566 causam
2632 1524 2754 1566 esse
2784 1525 2974 1565 eorum
3007 1525 3128 1580 quae
3157 1525 3223 1566 ex
3256 1525 3324 1566 eo
3364 1521 3512 1576 sunt,
3546 1525 3636 1565 ra-

2063 1603 2210 1657 tione
2242 1602 2570 1674 hypostasis,
2601 1613 2656 1658 et
2688 1617 2797 1658 non
2829 1602 3044 1657 ratione
3065 1601 3310 1658 naturae?
3343 1621 3362 1654 ιι
3388 1601 3634 1671 Namque

2063 1692 2111 1750 si
2157 1692 2396 1748 essentia
2452 1692 2546 1747 Dei
2589 1691 2810 1757 dicitur,
2859 1702 2916 1747 et
2946 1691 3117 1748 Filius
3161 1693 3415 1750 essentia:
3459 1693 3637 1748 Patris

2064 1783 2210 1842 fetus
2244 1785 2586 1850 nominatur,
2622 1784 3086 1855 quemadmodum
3119 1785 3350 1840 adducta
3386 1788 3639 1842 testimo-

2066 1877 2157 1932 nia
2188 1876 2394 1946 scripto
2437 1873 2621 1930 dedita
2659 1874 3048 1942 comprobant,
3081 1875 3211 1946 quid
3240 1877 3390 1947 cogit
3428 1874 3640 1932 Metho-

2065 1982 2318 2033 nensem,
2360 1965 2606 2025 dividere
2650 1966 2944 2021 essentiam
2981 1966 3163 2023 Patris
3197 1976 3251 2022 ct
3298 1966 3638 2038 liypostasim

2066 2057 2245 2116 Patris
2274 2059 2330 2113 in
2351 2073 2519 2115 causa
2550 2073 2766 2120 eorum.
2799 2073 2924 2128 quat
2953 2074 3019 2114 ex
3051 2073 3118 2113 eo
3154 2059 3323 2114 sunt?
3356 2057 3460 2125 Qui
3489 2059 3636 2113 enim

2067 2149 2230 2213 dicit,
2263 2163 2326 2204 ex
2373 2147 2538 2204 Patre
2569 2164 2693 2205 esse
2741 2147 2940 2203 Filium
2987 2157 3082 2204 aut
3121 2146 3412 2220 Spiritum,
3449 2163 3642 2205 essen-

2069 2237 2203 2292 tiam
2251 2231 2430 2291 Patris
2475 2234 2530 2290 in
2577 2235 2856 2307 bypostasi
2905 2235 3082 2306 palam
3117 2238 3384 2308 pretulit;
3431 2247 3487 2294 et
3539 2238 3634 2308 qui

2069 2325 2203 2384 dicit
2252 2341 2320 2384 ex
2366 2325 2604 2384 essentia
2655 2326 2836 2384 Patris
2879 2342 3002 2384 esse
3049 2326 3274 2394 Filium,
3313 2337 3410 2384 aut
3460 2328 3636 2400 Spiri-

2065 2431 2209 2483 tum.
2263 2431 2438 2477 totnm
2483 2422 2698 2477 Patrem
2735 2421 2996 2490 evulgat:
3031 2431 3086 2478 et
3136 2423 3232 2494 qui
3283 2438 3347 2479 ex
3398 2421 3639 2480 essentia

2073 2511 2194 2569 Filii
2226 2512 2492 2584 Spiritum
2539 2513 2692 2578 dicit,
2728 2521 2902 2568 totum
2944 2509 3142 2570 Filium
3178 2502 3408 2585 profert,
3447 2517 3500 2571 iu
3538 2530 3638 2572 sua

2069 2605 2309 2662 essentia
2334 2613 2390 2661 et
2413 2605 2713 2677 bypostasi.
2739 2606 2894 2672 Quod
2921 2606 2965 2660 si
2988 2607 3113 2677 quis
3144 2608 3357 2664 ratione
3383 2608 3643 2679 byposta-

2071 2696 2171 2761 sis,
2239 2703 2293 2753 et
2344 2712 2453 2750 non
2523 2696 2736 2754 ratione
2787 2707 2996 2754 natura:
3045 2699 3368 2765 contendet,
3423 2699 3639 2757 Patrem

2042 2803 2294 2843 ~causam
2328 2803 2453 2844 esse
2485 2805 2705 2856 eorum,
2729 2804 2853 2858 quas
2895 2803 2962 2844 ex
3001 2789 3119 2860 ipso
3161 2800 3309 2855 sunt,
3360 2802 3414 2846 et
3454 2807 3646 2862 super-

2071 2895 2309 2936 vacanea
2362 2879 2463 2935 hac
2517 2889 2573 2935 et
2627 2881 3011 2951 intempestiva
3057 2881 3126 2938 de
3182 2884 3346 2939 rebus
3404 2884 3644 2940 minimis

2071 2970 2472 3041 disceptatione
2507 2970 2558 3026 in
2587 2971 2749 3026 aliam
2779 2973 3114 3028 sententiam
3145 2974 3364 3030 trahere
3391 2985 3643 3042 conatur,

2069 3074 2196 3117 cum
2235 3058 2389 3114 audit
2437 3075 2502 3114 ex
2537 3061 2773 3116 essentia
2819 3060 3018 3124 Patris.
3075 3063 3320 3127 illud,“
3356 3064 3534 3130 Patre,
3576 3065 3643 3120 ad

2076 3149 2533 3205 manifestandam
2567 3149 2902 3220 liypostasim
2928 3152 3221 3222 arripiens,
3252 3153 3384 3207 illud
3421 3169 3548 3207 vero
3577 3170 3642 3210 ex

391 3254 719 3328 λεπτολογίᾳ
747 3260 830 3322 είς
868 3257 1036 3330 ἄλλην
1071 3258 1171 3330 μὲν
1217 3260 1427 3315 ἔννοιαν
1455 3260 1816 3331 ἐκλαμϐάνειν
1840 3240 1967 3333 βούλ

2075 3241 2312 3298 essentia
2349 3240 2529 3297 Patris
2555 3242 2623 3296 ad
2669 3240 3126 3299 manifestandam
3157 3244 3449 3312 specialem
3488 3246 3646 3300 intel-

2079 3333 2354 3402 ligentiam
2388 3332 2783 3397 determinatus,
2831 3345 2887 3389 ut
2921 3333 3047 3388 inde
3085 3344 3339 3406 tauquam
3396 3352 3649 3391 neat-saa-

2075 3430 2217 3484 rium
2260 3427 2482 3498 aliquod
2533 3439 2925 3498 consequatur,
2976 3445 3082 3483 non
3117 3431 3343 3500 intelligi
3377 3432 3642 3500 Spiritum

2075 3535 2140 3573 ea
2187 3516 2349 3583 Filio,
2405 3533 2530 3573 cum
2579 3534 2644 3580 ex
2694 3520 2933 3574 essentia
2976 3519 3097 3576 Filii
3154 3521 3416 3591 Spiritum
3459 3524 3648 3577 dicunt

2075 3609 2401 3679 scriptum,
2452 3609 2498 3666 is
2557 3609 2838 3668 enimvero
2887 3613 3206 3683 perpendat,
3259 3613 3327 3670 ad
3385 3630 3505 3684 qum
3556 3617 3652 3670 ab—

2076 3712 2242 3767 surda
2286 3711 2666 3784 intempestiva
2717 3712 2911 3770 isthmc
2961 3714 3028 3770 de
3083 3714 3292 3773 frivolis
3345 3717 3647 3787 disputatio

2077 3806 2256 3875 ipsum
2313 3805 2626 3874 compellet,
2681 3805 2998 3876 quicunque
3058 3806 3244 3871 fuerit,
3293 3808 3386 3878 qni
3449 3810 3648 3866 similia

2075 3897 2316 3966 evulgat,
2358 3897 2504 3953 aliud
2560 3897 2790 3969 intelligi
2826 3913 2952 3952 eum
2989 3913 3052 3953 ex
3093 3901 3333 3956 essentia
3364 3899 3488 3956 Filii
3530 3902 3651 3972 Spi-

2078 3998 2243 4045 ritum
2287 3989 2568 4060 scripturae
2637 3990 2880 4056 tradunt,
2931 3999 2986 4045 et
3041 3991 3188 4046 aliud
3241 4008 3366 4049 cum
3420 4010 3450 4050 e
3508 3995 3648 4051 Filio

2074 4098 2202 4139 eum
2247 4097 2368 4138 esse
2399 4082 2726 4138 decernunt.
2767 4082 2879 4154 Ego
2921 4097 3054 4139 vero
3087 4099 3268 4155 neque
3304 4087 3644 4158 bypostasiui

2079 4175 2204 4231 Filii
2257 4175 2313 4230 in
2365 4175 2589 4245 speciali
2645 4174 2915 4231 divisione
2963 4175 3194 4248 intelligi
3259 4193 3474 4246 assero,
3522 4196 3648 4236 cum

2079 4264 2316 4334 Spiritus
2343 4278 2408 4319 ex
2439 4261 2677 4319 essentia
2706 4262 2854 4319 illius
2880 4263 3104 4329 dicitur,
3144 4279 3322 4335 neque
3354 4269 3648 4323 essentiam

2078 4357 2228 4413 illius
2271 4355 2340 4412 ab
2388 4354 2673 4427 hypostasi
2731 4355 3000 4425 separari,
3051 4370 3181 4411 cum
3217 4369 3283 4411 ex
3318 4355 3459 4413 Filio
3506 4358 3649 4415 idem

2077 4449 2285 4506 dicitur;
2309 4444 2550 4518 Spiritus
2586 4444 2725 4502 :sed
2773 4451 2951 4500 totum
2997 4442 3206 4500 afﬁrmo
3258 4449 3649 4516 comprehendi

2078 4555 2300 4619 Filium,
2343 4565 2470 4608 cum
2508 4561 2563 4607 et
2595 4566 2662 4606 ex
2694 4550 2858 4616 Filio,
2895 4557 2952 4606 et
2991 4565 3058 4606 ex
3083 4551 3318 4607 essentia
3354 4551 3476 4607 Filii
3507 4553 3654 4610 dice-

395 4643 529 4699 οὔτε
566 4644 666 4712 τὴν
693 4642 881 4698 οὐσίαν
911 4643 1078 4696 αὐτοῦ
1102 4641 1538 4714 ἁποδιαιρεῖσθαι
1581 4645 1682 4716 τῆς
1734 4645 1969 4701 ὑποστά-

2083 4659 2175 4704 tur
2225 4647 2468 4718 Spiritus
2500 4659 2648 4701 esse.
2689 4643 2949 4712 Quinimo
2984 4643 3118 4699 illud
3159 4643 3324 4703 etiam
3364 4647 3488 4701 addi
3539 4657 3652 4703 sta-

401 4754 564 4802 σεως,
582 4737 712 4791 ὅταν
741 4739 806 4791 ὲκ
824 4735 920 4790 τοῦ
957 4734 1086 4789 Υίοῦ
1110 4735 1170 4788 τὸ
1197 4736 1328 4789 αὐτὸ
1342 4734 1569 4804 λέγηται
1597 4737 1840 4807 Πνεῦμα,
1863 4737 1981 4791 ἀλλ’

402 4833 527 4885 ὅλον
555 4831 701 4900 φημὶ
745 4826 1268 4899 παραλαμϐάνεσθαι
1323 4828 1412 4881 τὸν
1445 4829 1594 4891 Υἱὸν,
1624 4830 1750 4884 ὅταν
1777 4831 1870 4884 καὶ
1917 4832 1982 4888 ὲκ

406 4922 505 4978 τοῦ
531 4921 664 4976 Υἰσῦ
686 4923 783 4975 καὶ
817 4922 881 4974 ἐκ
903 4922 1003 4991 τῆς
1032 4921 1219 4984 οὐσίας
1247 4921 1342 4975 τοῦ
1373 4921 1506 4976 Υίοῠ
1557 4921 1769 4988 λέγοιτο
1799 4923 1980 4994 ὐπάρ·

407 5033 528 5087 χειν
557 5015 619 5070 τὸ
657 5013 902 5081 Πνεῦμα.
942 5011 1168 5066 Μᾶλλον
1219 5012 1317 5084 μὲν
1349 5011 1443 5066 οὖν
1477 5015 1570 5068 καὶ
1599 5016 1858 5069 ὲπιπλέον
1887 5033 1983 5086 ση-

416 5108 707 5181 μαίνεσθαι
733 5105 1078 5174 διαγινώσκω
1106 5108 1166 5160 τὸ
1199 5107 1473 5170 οὐσιωδῶς
1521 5109 1584 5160 ὲκ
1615 5107 1710 5163 τοῦ
1745 5109 1872 5164 Υίοῦ
1918 5111 1980 5165 τὸ

411 5199 636 5269 Πνεῦμα
664 5197 953 5269 ὑπάρχειν,
980 5193 1214 5264 ὁπηνίκα
1248 5199 1313 5250 ὲκ
1341 5199 1440 5268 τῆς
1492 5197 1680 5260 οὐσίας
1707 5197 1803 5252 τοῦ
1848 5198 1983 5253 Υίοῦ,

409 5318 428 5346 ι
446 5295 661 5364 έγηται,
691 5292 778 5346 διὰ
803 5290 865 5344 τὸ
887 5289 982 5344 καὶ
1007 5290 1078 5344 τὰ
1099 5289 1449 5360 λειτουργικὰ
1475 5290 1764 5362 πνεύματα
1796 5293 1858 5346 ὲκ
1883 5293 1978 5347 τοῦ

406 5386 542 5440 Υίοῦ
584 5385 686 5456 μὶν
717 5379 880 5449 εἶναι,
910 5382 1027 5437 ἀλλ’
1085 5381 1162 5445 ὼς
1198 5383 1366 5436 αὐτοῦ
1425 5385 1707 5452 ποιήματα
1760 5383 1856 5437 καὶ
1889 5385 1984 5453 δην

412 5479 820 5551 μιουργήματα,
869 5474 929 5530 τὺ
977 5475 1035 5528 δὲ
1099 5475 1255 5544 διγιον
1295 5474 1522 5544 Πνεῦμα
1578 5474 1638 5542 ἐξ
1687 5476 1851 5530 αὐτοῦ
1884 5480 1981 5546 μὲν

409 5571 574 5636 εἶναι,
610 5570 728 5624 ἀλλ’
759 5571 825 5623 ὲκ
849 5569 948 5639 τῆς
996 5567 1186 5632 οὐσίας
1216 5567 1409 5634 αὐτοῦ,
1437 5567 1514 5631 ὡς
1536 5567 1811 5631 οὐσιωδῶς
1845 5570 1980 5624 ὑπο-

408 5662 604 5717 στατόν
631 5659 692 5726 ἐξ
720 5659 908 5724 αὐτοῦ,
942 5659 1057 5714 ἀλλ’
1079 5659 1180 5730 οὐχ
1201 5657 1277 5723 ὡς
1303 5657 1364 5712 ἓν
1386 5659 1495 5714 τῶν
1547 5659 1607 5723 εξ
1653 5660 1820 5714 αὐτοῦ
1877 5661 1984 5715 λει-

407 5755 720 5827 τουργικῶν
770 5754 1099 5825 πνευμάτων
1154 5753 1266 5808 τῶν
1318 5754 1560 5824 ποιητῶν
1605 5755 1702 5808 καὶ
1724 5755 1980 5810 κτιστῶν.

424 5846 571 5919 Ἐγὼ
599 5848 697 5918 μὲν
719 5841 834 5914 οῦν,
861 5846 1045 5911 καθὼς
1069 5845 1228 5918 ῑφην,
1253 5848 1384 5903 ὅταν
1417 5848 1484 5901 ἐκ
1515 5845 1618 5916 τῆς
1661 5846 1854 5910 οὐσίας
1885 5847 1980 5900 τοῦ

419 5938 551 5993 Titi
575 5939 840 6009 ὑπάρχειν
867 5937 1052 5994 ἀκούω
1077 5938 1136 5993 τὸ
1188 5938 1432 6010 Πνεῦμα,
1485 5937 1576 5993 καὶ
1611 5939 1738 5994 ὅταν
1776 5940 1839 5994 ὲκ
1891 5939 1981 5993 τοῦ

2081 4750 2196 4807 ιυο,
2232 4737 2598 4794 essentialiter
2645 4752 2711 4792 ex
2741 4735 2884 4792 Filio
2919 4736 3187 4806 Spiritum
3231 4753 3376 4803 esse,
3411 4753 3536 4795 cum
3583 4757 3648 4796 ex

2079 4830 2323 4886 essentia
2353 4828 2478 4884 Filii
2522 4828 2749 4894 dicitur,
2799 4828 2947 4898 quod
2979 4837 3035 4884 et
3065 4829 3444 4886 ministratorii
3479 4831 3653 4902 Spiri-

2083 4929 2173 4977 tus
2206 4937 2272 4976 ex
2314 4915 2456 4977 Filio
2500 4920 2719 4989 quidem
2768 4929 2917 4983 sunt,
2958 4920 3052 4976 sed
3100 4928 3161 4975 ut
3208 4921 3353 4975 illius
3387 4933 3650 4977 creatur-te

2079 5023 2136 5070 et
2176 5013 2433 5083 Opiﬁcia:
2468 5012 2706 5082 Spiritus
2755 5027 2888 5066 vero
2942 5020 3169 5068 sanctus
3229 5028 3291 5066 ex
3330 5013 3450 5083 ipso
3491 5014 3650 5082 plane

2079 5113 2186 5170 est,
2221 5105 2319 5161 sed
2345 5120 2420 5161 ex
2447 5106 2686 5160 essentia
2723 5105 2920 5174 ipsius,
2958 5114 3218 5176 tanquam
3247 5105 3341 5175 qui
3388 5115 3654 5160 (‘SSPlllla-

2082 5199 2206 5253 liter
2235 5213 2302 5254 ex
2335 5198 2456 5267 ipso
2487 5197 2765 5264 subsistit,
2797 5199 2890 5260 sed
2941 5213 3050 5251 non
3094 5206 3354 5265 tanquam
3402 5213 3543 5250 unus
3585 5215 3648 5250 et

2083 5290 2232 5346 illius
2277 5289 2760 5345 administratoriis
2808 5290 3095 5359 spiritibus
3127 5293 3325 5346 creatis
3379 5299 3432 5344 et
3469 5291 3650 5346 factis.

2080 5381 2196 5453 Ego
2238 5384 2445 5452 itaque,
2495 5389 2556 5436 ut
2603 5381 2716 5451 jam
2768 5382 2904 5444 dixi.
2964 5397 3087 5436 cum
3141 5398 3206 5435 ex
3257 5384 3493 5436 essentia
3529 5381 3650 5436 Filii

2082 5476 2247 5531 audio
2300 5473 2562 5544 Spiritum
2618 5489 2761 5539 esse,
2811 5483 2866 5530 et
2917 5491 3044 5531 eum
3097 5477 3350 5530 eumdem
3403 5490 3468 5528 ex
3516 5473 3655 5531 Filio

2082 5566 2370 5636 concipio.
2413 5581 2480 5621 ex
2531 5566 2671 5622 Filio
2721 5581 2918 5638 nempe
2967 5565 3339 5622 essentialitrr
3388 5565 3654 5637 Spiritum

2082 5676 2205 5718 esse
2268 5660 2525 5731 coniicio.
2579 5660 2734 5727 Quod
2784 5661 2832 5716 si
2892 5661 3018 5730 quis
3075 5659 3434 5730 inopinabiles
3491 5671 3656 5730 atque

2086 5756 2482 5825 inopportunas
2515 5754 2817 5810 divisiones
2863 5755 3148 5824 conﬁngit.
3195 5765 3250 5808 et
3292 5754 3420 5808 dum
3457 5769 3523 5809 ex
3569 5771 3657 5810 es-

2086 5848 2259 5904 sentia
2311 5847 2430 5902 Filii
2484 5846 2724 5918 Spiritus
2771 5847 2996 5915 dicitur,
3043 5861 3149 5903 non
3191 5846 3340 5902 illum
3399 5861 3466 5902 ex
3516 5844 3662 5902 Filio

2087 5937 2455 5995 essentiatitcr
2510 5952 2628 5995 esse
2680 5922 2969 6009 intelligit,
3011 5939 3105 5995 sed
3164 5937 3440 6008 exposcit,
3473 5934 3654 6002 Quare
