4070 6586
265 435 367 500 161

1292 419 1389 485 DE
1430 412 1947 482 PROCESSIONE
1985 411 2040 470 S.
2088 403 2473 468 SPIRITUS.

3411 391 3510 452 162

260 563 318 598 τι
352 546 472 611 ταῖς
498 539 703 614 βίϐλοις
738 542 915 613 ἡμῶν,
950 540 1060 601 τοῖς
1091 537 1385 602 ἀντιδίκοις
1407 536 1503 606 τὴν
1536 531 1656 586 καθ’
1683 531 1838 600 ἡμῶν
1869 554 1882 596 λ

1988 518 2252 577 iimicitiai
2279 521 2628 581 exercentur,
2657 522 2968 567 nostrorum
3008 509 3265 564 librorum
3310 508 3522 560 exse-ri-

267 633 426 703 ἰσχὺν
468 631 884 704 παρεχόμενον;
949 630 1011 682 ΕΞ
1055 627 1112 680 δὲ
1163 628 1268 700 πρὸ
1320 626 1420 695 τῆς
1483 621 1839 684 διαστάσεως,

264 726 395 777 τίνα
426 722 494 778 ἀν
526 725 636 792 ἔχοι
668 722 827 789 λόγον
853 721 948 782 τὰς
978 718 1194 789 βίϐλους
1242 715 1556 770 νοθεύεσοαι
1587 711 1673 765 ἐπ’
1697 708 1842 764 ὲκεί-

263 831 388 876 νθις
419 816 532 874 τοῖς
564 813 740 881 λόγοις
777 813 864 865 καὶ
897 811 1155 880 δόγμασι,
1185 809 1310 880 περὶ
1338 802 1414 859 ὧν
1443 805 1594 858 οὐδὲν
1624 802 1846 873 ζήτημα

262 899 360 972 ἦν,
409 902 478 956 δι’
508 905 694 956 ὁποῖόν
721 921 772 956 τι
805 904 950 955 ἐστιν
994 905 1083 956 ὅτε
1117 904 1210 955 καὶ
1250 894 1662 969 παραφέρονταί
1702 909 1848 954 τινες

268 995 414 1065 πρὸς
449 995 785 1065 κακουργίαν
838 995 1088 1058 τοιάνεες
1122 992 1258 1046 Οὔτε
1294 994 1424 1059 γοῦν
1468 992 1497 1043 6
1530 988 1633 1058 τῆς
1670 987 1849 1057 μάχης

269 1088 492 1156 χρόνος,
521 1085 645 1139 οὗτε
677 1088 704 1137 6
725 1087 822 1156 τῆς
859 1089 1080 1157 εἰρήνης
1104 1086 1375 1154 συγχωρεί
1416 1078 1847 1153 παραδέξασθαι,

271 1183 376 1245 τὰς
406 1183 503 1252 τὴν
524 1183 683 1252 ῥῆσιν
705 1182 932 1253 ἐχούσας
964 1182 1179 1254 βίὁιους
1214 1179 1532 1250 νοθευθῆναι
1556 1180 1634 1238 είς
1668 1192 1848 1246 προσ·

276 1275 454 1344 θήκην
501 1275 956 1344 παρέγγραπτον,
1008 1275 1104 1336 τὰς
1129 1273 1184 1326 δὲ
1223 1273 1297 1342 μὴ
1323 1269 1552 1342 ἐχούσας
1581 1270 1676 1323 καὶ
1708 1267 1854 1340 μάλα

281 1358 537 1432 βεϐαίως,
572 1366 600 1416 6
650 1366 868 1428 συνετὸς
926 1363 1289 1431 διαγνώσεται
1359 1361 1423 1415 τδ
1467 1359 1854 1428 νενοθευμένον

279 1455 426 1525 ἔχειν
456 1456 552 1508 καὶ
599 1455 878 1525 κίϐδηλον,
923 1445 1078 1508 Ἐπεὶ
1135 1457 1241 1525 γὰρ
1297 1455 1325 1507 6
1379 1453 1478 1522 τῆς
1521 1452 1858 1512 διαστάσεως

281 1547 473 1616 χρόνος
526 1547 606 1609 είς
657 1547 1016 1610 ἑκατοντάδας
1049 1547 1178 1610 ὅλας
1219 1547 1359 1600 ἑτῶν
1408 1542 1718 1616 ὲξηπλώθη,
1761 1541 1858 1595 καὶ

281 1643 384 1696 οὐκ
422 1642 596 1711 ὀλίγοι
621 1645 970 1715 ἀνεφάνησαν
999 1643 1087 1698 διὰ
1139 1643 1306 1715 μέσον
1355 1641 1687 1706 ἱνστατικῶς
1755 1639 1859 1693 πά-

283 1749 344 1783 νυ
413 1732 552 1802 πρὸς
601 1732 826 1800 λογικὰς
880 1731 1146 1796 διαλέξεις
1197 1734 1338 1786 κατὰ
1388 1731 1497 1785 τῶν
1570 1730 1860 1800 Ῥωμαίων

285 1822 732 1892 ἀποδυσάμενοι,
779 1822 888 1875 τῶν
949 1823 1094 1892 μάλα
1150 1825 1375 1878 εἰκότων
1428 1823 1692 1890 λογιεῖταί
1747 1835 1856 1884 τις,

1950 627 2132 686 ptorcs
2180 611 2466 675 omisisse,
2527 615 2624 662 aut
2685 603 3005 676 apposuisse
3058 599 3262 669 aliquid
3319 601 3524 653 nostris

1951 704 2346 768 voluminibus,
2383 701 2528 771 quod
2563 699 2728 754 robur
2755 695 3082 752 adversariis
3111 691 3315 747 nostris
3339 693 3528 746 adrer-

1952 818 2075 860 sum
2124 815 2227 856 nos
2299 793 2669 853 conciliaret?
2738 793 2794 846 Si
2850 800 2978 846 ante
3026 787 3348 850 dissidium,
3409 799 3529 852 qua:

1953 913 2118 956 causa
2148 893 2354 958 fuerit,
2403 893 2572 948 libros
2625 888 2963 944 adulterandi
2996 885 3050 940 in
3086 883 3429 939 sermonibus
3462 881 3529 932 iis

1955 999 2119 1060 atque
2150 983 2502 1056 dogmatibus
2529 1023 2544 1048 ,
2574 982 2641 1036 de
2673 981 2873 1053 quibus
2907 977 3058 1032 nulla
3103 974 3333 1045 quastio
3382 980 3528 1024 mota

1957 1092 2095 1148 erat,
2127 1089 2347 1152 propter
2373 1091 2538 1148 quam
2571 1073 2867 1146 aliquando
2911 1072 2978 1126 ad
3023 1069 3224 1126 similia
3263 1066 3532 1121 malelivia

1959 1190 2068 1232 non
2099 1187 2261 1228 nemo
2299 1168 2577 1241 adigitur?
2604 1167 2793 1237 Neque
2838 1164 3024 1234 itaque
3073 1174 3268 1232 pugna:
3294 1169 3509 1220 tempus

1959 1281 2133 1337 neque
2174 1262 2326 1336 pacis
2373 1261 2672 1333 permittit,
2751 1268 2810 1313 ut
2862 1257 3213 1310 admittamus
3257 1249 3533 1304 volumina.

1962 1360 2164 1414 dictum
2209 1353 2545 1410 continentia
2603 1350 2878 1405 auditione
2956 1347 3159 1400 inserta
3229 1343 3535 1396 adulterata

1963 1448 2155 1511 fuisse,
2189 1453 2244 1500 at
2266 1443 2384 1509 illa,
2426 1457 2547 1512 quae
2578 1455 2687 1495 non
2715 1440 2999 1493 continent
3032 1434 3272 1504 prudens
3308 1430 3538 1501 qusltlnt

1963 1550 2018 1597 et
2063 1553 2224 1610 quam
2281 1533 2591 1591 certissime
2665 1531 2912 1601 spurium
2975 1529 3028 1582 in
3085 1542 3142 1582 se
3189 1525 3429 1586 habere,
3484 1531 3539 1575 et

1964 1630 2282 1688 ementitum
2314 1633 2596 1698 agnoscet.
2658 1623 2870 1678 Etenim
2911 1637 3036 1677 cum
3079 1619 3289 1674 dissidii
3326 1624 3540 1684 tempus

1967 1724 2033 1779 ad
2076 1736 2346 1776 annorum
2405 1730 2665 1774 centenas
2703 1716 2973 1786 [periodos
3038 1727 3241 1782 easque
3304 1709 3540 1778 integras

1969 1825 2253 1872 extensum
2281 1813 2509 1878 fuisset,
2534 1821 2589 1865 et
2624 1810 2840 1865 interim
2867 1822 2972 1862 non
3003 1805 3163 1876 pauci
3199 1803 3543 1860 contentiosa

285 1912 454 1966 τινῶν
495 1912 694 1984 βίϐλων
729 1905 1102 1984 διαγραφῆναι
1139 1916 1295 1984 ῥῆσιν
1323 1913 1561 1982 ἐκείνην,
1593 1911 1650 1975 ἐξ
1675 1906 1740 1982 ἧς
1761 1908 1862 1962 οῦκ

1986 1906 2257 1962 ιόηιοὰυιιι
2281 1903 2582 1958 dialecticis
2618 1898 3075 1970 disputationibus
3101 1895 3378 1950 Romanos
3407 1893 3542 1948 ado-

290 2003 528 2075 ἀγεννὴς
577 2007 606 2057 ὁ
651 2003 875 2074 ἔλεγχος
924 2006 1279 2076 ἀναφαίνεται
1312 2005 1420 2058 τῶν
1447 2003 1546 2074 τὴν
1579 2003 1861 2056 διάστασιν

290 2094 402 2148 τῶν
428 2094 770 2168 Ἐκκλησιῶν
816 2095 1253 2150 ἐπισπευδόντων
1274 2095 1464 2165 ὥσπερ
1496 2093 1591 2147 καὶ
1637 2096 1867 2161 ἐπισυγ-

293 2187 661 2258 κροτοὺντων.
701 2187 801 2240 Διά
849 2186 979 2256 γοῦν
1027 2185 1201 2240 ταῦτα
1266 2189 1293 2239 6
1339 2189 1458 2248 ταῖς
1508 2184 1714 2255 βίϐλοις
1768 2187 1867 2252 τὴν

293 2274 661 2346 παραφθορὰν
713 2276 1158 2348 ἐπιγραφόμενος
1206 2275 1370 2344 λόγος
1409 2277 1529 2336 ταῖς
1568 2274 1665 2343 τὴν
1711 2273 1869 2344 ρἧιν

294 2365 585 2435 ἀκούσαις,
652 2369 860 2429 κοιναῖς
921 2365 1184 2435 ἄντικρυς
1242 2364 1472 2425 ἐννοίαις
1560 2362 1869 2432 μαχόμενος

295 2455 574 2524 ςαίνεται,
599 2455 673 2519 ὡς
696 2457 724 2510 6
752 2457 844 2508 τὸν
878 2456 1032 2526 ἣλιον
1061 2453 1505 2508 διαϐεϐαιοῦσθαι
1529 2452 1871 2523 πειρώμενος

296 2549 527 2611 σκότους
555 2542 693 2601 εἶναι
739 2547 1148 2619 ποιητικὸν,,τά
1171 2547 1313 2618 ὑπὲρ
1341 2547 1444 2616 γῆν
1487 2543 1868 2604 διιππεύοντα,

300 2643 400 2696 καὶ
452 2641 701 2712 πληροῦν
755 2640 920 2695 πάλιν
969 2640 1148 2709 φωτὸς
1177 2639 1247 2691 τὰ
1274 2638 1544 2708 ἡμέτερα,
1577 2638 1636 2688 ὲν
1676 2633 1755 2705 τῷ
1782 2635 1874 2686 τὸν

299 2732 523 2785 δυτικὸν
551 2733 878 2802 ὑποτρέχειν
911 2731 1188 2802 ὁρίζοντα.
1217 2730 1328 2785 Καὶ
1357 2732 1406 2782 εί
1431 2727 1611 2792 τοῦτο,
1637 2743 1876 2782 συναπο-

297 2825 567 2894 δεδεῐχθαι
625 2825 774 2878 δοκεί
823 2841 915 2896 μοι
962 2824 1064 2879 καὶ
1098 2824 1161 2877 τὸ
1188 2824 1312 2886 τοὺς
1345 2822 1729 2890 ἀντιλέγοντας
1757 2822 1879 2884 ταῖς

303 2917 586 2980 τοιαύταις
622 2916 828 2987 βίϐλοις
855 2915 932 2987 τῷ
985 2915 1211 2986 μεγάλῳ
1245 2913 1515 2983 Βασιλείῳ
1549 2911 1875 2980 ἀντιλέγειν.

307 3009 472 3062 Ἐστι
532 3008 629 3078 μὲν
679 3006 775 3060 οῦν
835 3007 1060 3078 μηδενὸς
1115 3003 1278 3060 ἄλλον
1303 2987 1603 3078 ῖπροσδείν,
1634 3003 1771 3058 ἀλλὰ
1801 3005 1870 3074 τῇ

304 3101 573 3170 γεγονυίᾳ
604 3099 707 3171 ήδη
743 3099 1018 3166 ἀποδείξει
1061 3099 1372 3170 ἀρκεῖσθαι,
1403 3098 1495 3151 ἐπὶ
1520 3095 1598 3167 τῷ
1626 3096 1881 3166 διαγινώ-

1966 1997 2240 2059 rirentur,
2274 1992 2749 2048 verosnmillimum
2815 1989 3082 2060 quispiam
3127 1984 3544 2049 existimaverit,

1964 2090 2168 2144 dictmn
2245 2088 2378 2142 illud
2431 2085 2705 2156 aliquibus
2782 2081 3158 2136 voluminibus
3233 2080 3547 2147 ademptum

1968 2184 2161 2246 fuisse,
2193 2195 2302 2250 quo
2335 2178 2508 2234 valida
2558 2178 2692 2233 satis
2739 2176 2995 2231 refutatio
3021 2189 3210 2230 eorum
3244 2171 3546 2235 enascitur,

1969 2275 2060 2344 qui
2092 2271 2462 2326 Ecclesiarum
2507 2268 2793 2323 dissidium
2837 2266 3081 2321 studiose
3122 2272 3450 2335 procurant,
3496 2269 3551 2314 et

1970 2365 2319 2422 constabilire
2358 2371 2648 2419 conantur.
2681 2358 3024 2430 Quapropter
3055 2358 3150 2428 qui
3179 2356 3549 2412 voluminibus

1973 2456 2175 2514 dictum
2217 2455 2586 2512 referentibus
2621 2453 3036 2523 corruptionem
3085 2449 3313 2507 ascribit
3345 2459 3549 2514 sermo,

1973 2553 2152 2622 palam
2183 2559 2478 2620 aperteque
2513 2547 2900 2604 communibus
2943 2545 3260 2600 notionibus
3299 2543 3556 2597 adversa-

1977 2655 2106 2710 tur,
2143 2643 2598 2714 quemadmodum
2643 2639 2735 2710 qui
2788 2639 2959 2695 solem
3037 2637 3387 2693 tenebrarum
3431 2648 3558 2690 esse
3663 2656 3680 2671 ο

1975 2747 2255 2792 auctorem
2304 2733 2630 2790 conﬁrmare
2669 2733 2895 2799 nititur,
2953 2745 3078 2786 cum
3121 2744 3286 2800 super
3333 2738 3552 2784 terrena

1975 2829 2203 2900 equitat,
2251 2835 2306 2883 et
2348 2837 2535 2883 nostra
2585 2825 2775 2880 istliaie
2810 2823 2996 2880 omnia
3049 2822 3258 2878 lumine
3296 2823 3510 2892 replere
3535 2859 3556 2888 ,

1980 2939 2104 2979 cum
2150 2921 2438 2979 occiduum
2487 2919 2766 2975 llnientem
2818 2918 2985 2973 subit.
3039 2915 3207 2988 quue
3245 2916 3292 2971 si
3325 2915 3404 2970 ita
3448 2923 3556 2980 est,

1981 3015 2144 3073 simul
2180 3013 2614 3069 demonstratum
2663 3023 2883 3082 quoque
2916 3008 3162 3075 videtur,
3199 3007 3362 3063 dictis
3400 3007 3562 3062 volu-

1983 3109 2223 3164 minibus
2258 3105 2718 3172 contradicentes,
2762 3118 2960 3176 magno
2989 3101 3174 3158 itidem
3203 3101 3403 3160 Basilio
3433 3117 3562 3157 cou-

305 3210 467 3247 σκειν
507 3191 604 3246 τοῦ
651 3193 890 3264 μεγάλου
926 3191 1210 3246 Βασιλείου
1260 3184 1532 3260 εἶναιτὴν
1564 3189 1744 3260 ῥῆσιν,
1787 3189 1882 3242 καὶ

1986 3199 2274 3255 tradicere.
2334 3195 2516 3267 Neque
2555 3195 2660 3250 alia
2721 3195 2830 3250 ulla
2886 3209 3026 3264 opus
3085 3193 3270 3261 fuerit,
3313 3193 3409 3249 sed
3446 3193 3564 3266 jam

306 3287 437 3356 οὐχὶ
461 3285 616 3340 νόθον
649 3301 702 3338 τι
732 3287 878 3356 ἔχειν
899 3285 998 3348 τὰς
1029 3282 1200 3356 αὐτὴν
1232 3283 1468 3354 ἐχούσας
1499 3281 1737 3353 βίϐλους,
1759 3280 1884 3335 οὐδὲ

309 3378 769 3449 παρέγγραπτον.

390 3661 452 3714 6'.
488 3659 638 3713 Ἐπεὶ
665 3657 721 3712 δὲ
747 3658 844 3712 καὶ
873 3656 982 3711 ἀπὸ
1009 3655 1183 3712 ἀλλων
1215 3658 1425 3728 ῥήσεων
1461 3653 1746 3728 γραφικῶν
1772 3655 1891 3710 ἔστι

310 3752 378 3805 τὸ
423 3749 620 3820 ἀληθὲς
652 3749 751 3818 τῆς
779 3751 989 3820 ρήσεως
1026 3747 1230 3819 ταύτης
1278 3749 1564 3819 συστῆσαι,
1598 3747 1627 3799 6
1669 3746 1892 3815 Νύσσης

315 3843 622 3915 Ῑῖρηγόριος
648 3840 784 3911 πρὸς
815 3838 1074 3911 σύναρσιν
1108 3839 1297 3911 ὥσπερ
1347 3839 1440 3893 τοῦ
1471 3840 1709 3911 μεγάλου
1741 3840 1893 3892 διαν-

311 3935 615 4002 ιστάμενος
663 3931 979 3996 Βασιλείου,
1011 3929 1315 4000 ἀπαντήσει
1368 3930 1508 3982 κατά
1571 3928 1744 3998 στόμα
1785 3929 1895 3991 τοῖς

311 4027 697 4080 διαπιστοῦσιν
749 4024 898 4096 αὑτῷ
945 4024 1177 4093 λέγοντι,
1215 4041 1234 4076 ι
1269 4023 1331 4076 τὸ
1378 4019 1603 4091 Πνεῦμα
1626 4019 1780 4092 παρά
1801 4019 1895 4073 τοῦ

313 4115 461 4170 Υἱοῦ
497 4117 638 4187 ἔχειν
687 4115 749 4170 τδ
801 4111 964 4170 εἶναι.
1011 4133 1030 4166 ι
1066 4107 1235 4177 Οὗτος
1258 4113 1353 4165 καὶ
1382 4110 1491 4182 γὰρ
1524 4112 1582 4162 ὲν
1629 4109 1698 4178 τῇ
1727 4106 1806 4170 εἰς
1833 4105 1897 4160 τδ

317 4208 533 4277 Πατὴρ
557 4207 728 4278 ἡμῶν
757 4205 942 4278 ὁμιλίᾳ
979 4204 1164 4270 αὐτοῦ,
1182 4198 1250 4276 ἦς
1277 4205 1313 4273 ἡ
1340 4202 1506 4275 ἀρχὴ,
1535 4203 1696 4255 (Ὅτε
1721 4215 1897 4271 προσ-

315 4302 512 4372 ῆγενό
560 4303 730 4372 μέγας
759 4299 999 4370 Μωῦσῆς
1049 4300 1115 4369 τῇ
1144 4296 1285 4350 κατά
1311 4295 1372 4349 τὸ
1391 4295 1516 4366 ὄρος
1540 4290 1900 4366 μυσταγωγία

319 4390 774 4463 τδνἸσραηλίτην
797 4389 948 4456 λαὸν,
987 4408 1006 4442 ι
1031 4387 1176 4441 οὕτω
1208 4385 1370 4458 φησίν
1389 4400 1404 4418 ο
1434 4385 1504 4438 ’Ὀ
1545 4400 1606 4437 τε
1635 4383 1743 4455 γὰρ
1772 4381 1901 4447 Υίδς

323 4485 403 4538 ιχ
424 4483 516 4535 τοῦ
547 4481 760 4552 Πατρός
784 4481 997 4550 ἐξῆλθε,
1031 4478 1215 4542 καθώς
1241 4493 1406 4548 φησιν
1431 4477 1464 4548 ἡ
1487 4475 1703 4547 Γραφὴ,
1728 4475 1820 4528 καὶ
1842 4473 1902 4527 τὸ

1987 3295 2194 3345 asserta
2216 3285 2612 3343 demonstratio
2635 3284 2852 3341 abunde
2874 3283 3122 3350 subiciet,
3149 3285 3216 3339 ad
3241 3285 3567 3354 dignoscen-

1987 3380 2116 3436 dum
2145 3379 2353 3436 dictum
2386 3379 2568 3450 magni
2614 3377 2803 3434 Basilii
2825 3391 2972 3441 esse,
3007 3386 3060 3434 et
3096 3377 3230 3434 illud
3268 3376 3566 3433 referentes

1989 3471 2160 3527 libros
2192 3471 2533 3529 adulteratos
2566 3485 2674 3527 non
2719 3486 2863 3539 esse,
2898 3486 3078 3544 neque
3114 3485 3267 3526 nova:
3311 3471 3569 3540 scriptio-

1991 3567 2078 3619 nis
2120 3563 2394 3619 additione
2419 3564 2670 3621 foedatos.

2062 3659 2117 3715 4.
2142 3655 2344 3712 Verum
2369 3657 2513 3711 enim
2535 3670 2664 3713 vero
2681 3672 2804 3713 cum
2827 3663 2880 3713 et
2905 3656 3027 3713 aliis
3045 3655 3206 3713 etiam
3228 3655 3432 3724 scripto
3460 3664 3572 3710 tra-

1993 3747 2127 3805 ditis
2159 3747 2582 3802 auctoritatibus
2613 3747 2811 3802 rerilas
2841 3746 2969 3802 dicti
2998 3746 3432 3802 constabilienda
3462 3751 3568 3812 est,

1993 3837 2273 3912 Nysseuus
2303 3837 2599 3909 Gregorius
2643 3839 2708 3894 ad
2757 3853 2916 3910 opem
2964 3839 3338 3909 auxiliumque
3386 3837 3572 3908 magni

1997 3932 2184 3988 Basilii
2220 3940 2530 3998 concurret,
2554 3940 2607 3986 et
2631 3947 2694 3986 os
2720 3931 3041 4001 comprimet
3094 3946 3202 3987 non
3231 3931 3568 3987 credentium

1997 4028 2077 4084 illi
2107 4025 2333 4094 dicenti,
2382 4043 2400 4076 ι
2445 4025 2706 4096 Spiritum
2747 4040 2777 4080 a
2821 4024 2959 4079 Filio
2994 4025 3194 4082 habere
3234 4039 3378 4081 esse.
3417 4020 3574 4082 »Ἦίο

2000 4119 2233 4175 llomilia
2289 4117 2341 4173 in
2377 4117 2687 4172 Orationem
2731 4115 3108 4182 Dominicam,
3168 4118 3328 4187 cujus
3368 4117 3574 4187 princi-

2000 4214 2150 4282 pium
2175 4220 2278 4276 est,
2314 4229 2332 4262 ι
2367 4209 2504 4263 Cum
2541 4209 2827 4264 adduceret
2861 4226 3088 4280 magnus
3119 4209 3333 4287 Moyses
3374 4222 3578 4282 mysta.
3627 4245 3632 4250 -

2002 4304 2182 4374 gogia,
2235 4317 2358 4373 quae
2426 4303 2476 4356 in
2556 4309 2741 4356 monte
2805 4301 2990 4356 habita
3046 4311 3151 4366 est,
3221 4301 3576 4358 lsraelitieum

2002 4392 2289 4465 papulum,
2321 4409 2340 4444 ι
2380 4391 2494 4446 iure
2526 4390 2686 4446 liabet
2717 4407 2731 4444 :
2775 4409 2793 4442 ι
2853 4391 3099 4462 Namque
3123 4391 3289 4448 Filius
3319 4409 3386 4447 ex
3419 4393 3580 4451 Patre

2005 4485 2208 4550 exivit,
2260 4492 2319 4538 ut
2367 4499 2538 4538 sacrae
2566 4481 2782 4539 Littera:
2841 4484 3091 4550 tradunt,
3139 4493 3196 4539 et
3234 4482 3470 4555 Spiritus
3510 4503 3577 4544 cx

329 4576 564 4645 Πνεῦμα
590 4579 654 4628 ἐκ
681 4574 770 4628 τοῦ
802 4573 960 4638 Θεοῦ,
995 4573 1088 4625 καὶ
1123 4570 1275 4642 παρά
1325 4569 1417 4622 τοῦ
1471 4569 1681 4638 Πατρὸς
1735 4569 1882 4622 ἐκποι

2007 4578 2116 4634 Deo
2173 4585 2227 4633 et
2276 4575 2440 4631 Patre
2486 4575 2750 4646 procedit.
2791 4593 2810 4628 ι
2848 4575 2911 4628 Et
2975 4576 3163 4646 paucis
3211 4578 3513 4649 interiectis
3563 4603 3580 4640 ;

330 4667 579 4741 ρεύεται.
611 4687 629 4719 ι
661 4666 775 4722 Καὶ
812 4665 926 4736 μετ’
965 4664 1120 4732 ὀλίγα
1141 4679 1155 4695 ο
1184 4683 1204 4716 ι
1226 4663 1285 4716 ὐ
1318 4664 1427 4730 γὰρ
1451 4659 1745 4732 μονογενὴς
1773 4659 1902 4723 Tib;

328 4763 406 4814 hc
431 4759 524 4813 τοῦ
567 4759 776 4829 [ἰατρὸς
808 4755 958 4827 παρὰ
985 4756 1081 4827 τῆς
1106 4755 1270 4822 ἁγίας
1304 4753 1524 4824 Γραφῆς
1559 4751 1905 4823 ὀνομάζεται,

349 4853 438 4906 εα⁸ι
475 4853 635 4923 μέχρι
668 4850 857 4904 τούτου
895 4849 924 4901 6
953 4848 1124 4916 Λόγος
1165 4847 1378 4916 ίστησιν
1417 4844 1567 4916 αὐτῷ
1597 4845 1658 4898 τὸ
1690 4844 1906 4914 ἰδίωμα.

349 4948 420 5001 1'6
461 4947 516 4999 δὲ
549 4948 702 5011 ἆγιον
735 4941 958 5012 Πνεῦμα
1004 4942 1098 4992 καὶ
1129 4942 1190 4992 ἐκ
1217 4937 1309 4991 τοῦ
1340 4939 1548 5007 Πατρὸς
1569 4938 1787 5006 λέγεται
1817 4937 1911 4990 καὶ

340 5041 412 5094 ὲκ
446 5038 537 5090 τοῦ
567 5035 697 5089 Υίοῦ
740 5032 879 5087 εἶναι
913 5034 1434 5102 προσμαρτυρείται.
1495 5049 1512 5080 ι
1554 5029 1618 5080 Τί
1649 5027 1778 5097 γοῦν
1809 5030 1914 5096 φή-

345 5147 533 5184 αουσιν
549 5131 599 5182 οί
631 5128 936 5196 ἀντιλέγειν
955 5127 1131 5180 πάντα
1159 5123 1494 5195 βουλόμενοι,
1512 5126 1610 5196 τὴν
1631 5122 1914 5192 θεολογοῦ-

341 5242 450 5278 σαν
477 5222 657 5293 ῥῆσιν.
679 5221 740 5274 τὸ
767 5219 994 5292 Πνεῦμα
1024 5218 1085 5273 τὺ
1117 5218 1274 5288 ἀγιον
1309 5217 1462 5289 παρά
1488 5217 1582 5271 τοῦ
1625 5215 1757 5271 Υίοῦ
1793 5216 1915 5287 ἔχον

342 5316 409 5368 τὸ
444 5311 604 5379 εἶναι,
634 5311 973 5378 διαϐαλοῦσι,
1005 5311 1082 5383 μὴ
1113 5311 1243 5382 παρ’
1292 5309 1457 5365 αὐτοῦ
1496 5309 1706 5362 ἐκείνου
1738 5307 1919 5363 θεολοο

343 5405 563 5474 γεῑσθαι
599 5403 695 5458 τοῦ
729 5403 938 5474 Πατρδς
963 5403 1121 5473 ἡμῶν
1153 5401 1474 5462 Βασιλείου;
1516 5399 1662 5455 Ἀλλ’
1686 5401 1795 5454 ίδοὺ
1822 5401 1918 5454 καὶ

345 5504 378 5550 ὁ
410 5495 631 5567 Νύσσης
681 5499 744 5548 ὲκ
794 5495 888 5547 τοῦ
939 5493 1070 5548 Υίοῦ
1104 5489 1246 5548 εῖναι
1277 5492 1827 5564 προσμαρτυρείσθαι
1860 5493 1922 5546 τδ

353 5589 578 5657 ῐίνεῦμά
603 5605 757 5658 φησι.
788 5589 894 5641 Καὶ
919 5588 947 5642 6
970 5589 1145 5659 μέγας
1173 5587 1230 5641 δὲ
1258 5587 1546 5656 Κύριλλος,
1581 5583 1699 5656 μετ’
1720 5583 1922 5649 αὐτοὺς

345 5682 430 5753 τῷ
478 5683 652 5752 χρόνῳ
702 5681 1069 5752 Θεολογὴσας,
1110 5682 1174 5735 ὲκ
1225 5681 1318 5734 τοῦ
1378 5680 1505 5733 Υἰοῦ
1557 5679 1824 5750 ὑπάρχειν
1863 5680 1923 5734 τὸ

357 5773 581 5844 Πνεῦμα
612 5777 670 5828 ἐν
715 5774 931 5838 πολλοῖς
968 5773 1077 5828 τῶν
1109 5773 1436 5842 θεολογικῶν
1467 5774 1923 5844 συγγραμμάτων

350 5865 521 5921 αὐτοῦ
550 5867 934 5934 διετράνωσεν.
969 5866 1031 5921 Ei
1059 5865 1160 5940 μὲν
1184 5861 1279 5919 οὖν
1303 5867 1350 5918 οι
1391 5865 1565 5919 πάντα
1599 5865 1821 5937 ῥᾳδίως,
1848 5865 1924 5930 ὡς

2015 4691 2034 4724 ι
2073 4667 2208 4724 Nam
2244 4666 2563 4738 unigenitus
2586 4663 2758 4720 Filius
2790 4681 2855 4720 ex
2887 4663 3045 4720 Patre
3075 4667 3129 4720 in
3159 4667 3332 4724 sacris
3363 4666 3585 4726 Litteris

2007 4759 2228 4825 dicitur,
2260 4766 2314 4812 et
2342 4756 2410 4812 ad
2445 4754 2551 4812 hoc
2593 4770 2767 4826 usque
2809 4752 3044 4811 Verbum
3094 4770 3249 4813 suam
3285 4761 3586 4830 proprieta-

2011 4859 2119 4910 tem
2159 4850 2325 4908 sistit.
2362 4848 2601 4921 Spiritus
2625 4857 2806 4903 autem
2835 4857 3058 4905 sanctus
3082 4864 3148 4906 ex
3179 4851 3339 4908 Patre
3383 4853 3587 4908 dicitur

2011 4955 2067 5002 et
2097 4959 2164 5000 ex
2203 4942 2343 4998 Filio
2376 4957 2498 4998 esse
2545 4942 2826 4997 astruitur.
2867 4959 2886 4994 ι
2945 4941 3084 5010 Quid
3129 4943 3216 5000 hic
3255 4945 3458 5011 dicent,
3489 4947 3583 5016 qui

2012 5034 2266 5090 omnibus
2302 5031 2674 5089 contradicere
2719 5033 3033 5088 conantur?
3083 5033 3348 5090 Asserens
3377 5037 3585 5091 dictum

2016 5127 2280 5199 Spiritum
2313 5136 2564 5182 sanctum
2597 5139 2629 5180 a
2657 5123 2800 5181 Filio
2829 5165 2844 5191 ,
2881 5125 3028 5196 quod
3057 5126 3146 5192 sit,
3187 5127 3421 5194 habere,
3453 5130 3588 5184 insi-

2017 5219 2342 5285 mulabunt,
2380 5233 2489 5274 non
2535 5234 2656 5275 esse
2690 5220 2760 5275 ab
2813 5219 3004 5276 eodem
3058 5219 3148 5275 illo
3198 5219 3357 5275 Patre
3400 5234 3589 5277 nostro

2019 5310 2220 5368 Basilio
2256 5312 2560 5367 dictatum?
2590 5311 2695 5367 Sed
2727 5326 2795 5367 en
2829 5321 2884 5367 et
2911 5312 3215 5384 Nyssenus,
3270 5333 3287 5365 ι
3339 5313 3418 5368 Ex
3449 5312 3588 5366 Filio

2019 5416 2140 5457 esse
2183 5399 2421 5471 Spiritus
2457 5403 2744 5469 astruitur,
2787 5421 2805 5456 ι
2844 5401 3041 5474 inquit.
3091 5403 3318 5475 Magnus
3370 5419 3589 5472 quoque

2019 5493 2253 5566 Cyrillus
2305 5503 2429 5564 post
2471 5493 2636 5550 hosce
2679 5510 2768 5551 res
2810 5495 3024 5552 divinas
3065 5497 3471 5566 interpretans,
3522 5514 3590 5549 «ιι

2024 5584 2161 5641 Filio
2190 5585 2456 5643 exsistere
2501 5587 2764 5656 Spiritum
2810 5588 2862 5642 in
2896 5589 3079 5644 multis
3117 5591 3233 5644 suis
3271 5590 3594 5660 theologiris

2026 5677 2347 5734 tractatibus
2388 5689 2572 5749 aperte
2613 5679 2804 5734 edixit.
2855 5679 2911 5733 Si
2953 5683 3135 5750 itaque
3175 5681 3269 5750 qui
3311 5685 3492 5740 omnia
3523 5701 3589 5738 ex

2028 5771 2194 5838 facili,
2237 5781 2297 5827 ut
2329 5759 2642 5836 allubescit,
2679 5773 2992 5838 immutant,
3033 5775 3269 5845 aliquam
3313 5790 3592 5846 assignare

2031 5864 2390 5922 diﬂerentiam
2436 5875 2712 5935 poterunt,
2755 5865 2914 5933 inter,
2950 5885 2968 5920 ι
3010 5865 3292 5937 Spiritum,
3326 5886 3344 5921 ι
3388 5871 3444 5924 ut
3487 5879 3595 5923 tra-
