3978 6598
461 350 567 417 ἆῦἾ

1488 341 1694 402 mm.
1741 317 1953 400 verior
1991 337 2103 396 cr.
2147 333 2665 396 PA'i‘iiIARCHIE

3615 329 3718 392 168

457 487 603 542 quor
625 469 970 524 inmundum
1005 467 1077 532 ";
1120 462 1398 534 [Spiritus
1429 475 1556 515 vero
1579 474 1641 512 ex
1665 453 2048 524 Filioaccipit:

2162 451 2246 505 τὸν
2299 451 2426 506 Υίὸν
2459 466 2474 483 ο
2511 469 2528 502 ι
2583 449 2820 513 Ἐκεῖνος
2878 449 3012 518 γὰρ,
3048 445 3234 518 φησὶν,
3284 446 3382 517 ὲμδ
3429 444 3659 511 δοξάζει.
3693 462 3715 494 ι

467 541 493 612 «⁷
513 560 586 614 Ex
611 573 729 612 meo
750 557 892 611 enim
925 555 1171 624 accipiet,
1190 553 1288 614 ait,
1305 561 1358 604 et
1386 543 1727 600 annuntiabit
1754 541 1904 596 vobis
1925 542 1993 594 ".
2021 559 2040 591 ι

463 652 531 706 Et
581 647 749 705 Filius
807 646 1024 718 quidem
1084 648 1137 699 in
1199 642 1415 697 nomine
1463 636 1635 693 Patris
1671 635 1849 688 venit:
1877 650 1893 684 t
1924 630 2048 702 Spi-

468 743 604 797 ritus
631 743 1016 803 verosahctus,
1041 750 1201 806 quem
1236 737 1412 786 mittet
1431 730 1612 784 Pater.
1643 727 1840 796 inquit,
1869 724 1926 778 in
1945 737 2046 778 uo-

469 830 616 887 mine
651 847 772 884 meo
796 832 864 882 ".
889 847 908 881 ι
929 827 1086 881 Hunc
1109 826 1290 894 itaque
1307 821 1548 878 ordinem
1576 829 1628 872 et
1655 827 1904 872 naturam
1923 828 2048 884 erga

465 921 671 978 Filium
703 918 1016 991 possidente
1051 914 1277 986 Spiritu,
1305 927 1472 986 quam
1500 921 1555 968 et
1585 908 1760 964 Filius
1813 908 2050 979 possidet

467 1028 595 1084 erga
631 1013 871 1077 Patrem,
923 1024 1032 1081 qua
1095 1007 1308 1063 ratione
1328 1005 1422 1077 qui
1453 1003 1606 1060 hunc
1630 1009 1937 1056 creaturam
1961 1013 2052 1053 as-

466 1105 628 1176 serit,
645 1093 752 1159 non
791 1103 942 1157 idem
967 1109 1022 1158 et
1053 1102 1120 1156 de
1147 1098 1287 1154 Filio
1307 1096 1624 1154 necessario
1649 1091 2006 1165 excogitabit?
2025 1110 2045 1144 ι

459 1191 573 1260 Qui
614 1193 732 1247 haec
757 1191 1067 1263 theologica
1097 1189 1240 1246 dicta
1270 1195 1522 1243 accurate
1551 1186 1863 1256 perpendet,
1898 1196 2053 1253 aequo

471 1285 654 1338 animo
713 1297 941 1352 prorsus
1009 1295 1298 1338 assensum
1351 1277 1629 1349 praebebit,
1672 1275 2050 1332 concordabit-

463 1387 575 1444 que
610 1388 738 1428 cum
795 1373 1214 1438 afﬁrmantibus,
1274 1371 1366 1427 illa
1404 1367 1772 1438 fsolummodo
1835 1367 2048 1421 ratione

471 1463 734 1533 Spiritum
783 1465 890 1521 dici
947 1463 1250 1521 secundum
1281 1477 1310 1518 a
1340 1459 1507 1525 Filio,
1544 1475 1648 1531 qua
1701 1469 1755 1514 et
1783 1455 1959 1512 Filius
2016 1470 2047 1509 a

467 1553 633 1611 Patre
663 1571 784 1611 esse
809 1557 1084 1612 secundus
1115 1555 1404 1610 astruitur.
1437 1551 1593 1618 Quod
1620 1550 1664 1606 si
1686 1550 1736 1605 id
1758 1564 1865 1604 non
1887 1556 2051 1615 esset,

471 1643 751 1717 nunquam
794 1647 935 1702 idem
974 1661 1204 1716 magnus
1231 1644 1463 1699 Basilius
1491 1642 1705 1699 decimo
1734 1641 1963 1708 septimo
1986 1639 2054 1693 ad

471 1737 916 1808 Amphilochium
984 1739 1162 1805 capite
1203 1733 1514 1802 scripsisset
1561 1749 1578 1787 :
1624 1751 1642 1784 ι
1694 1729 2054 1798 Quemadmo-

2150 545 2258 596 Καὶ
2303 547 2330 598 6
2381 545 2480 613 μὲν
2525 543 2646 607 Υἱός
2679 557 2864 612 φησιν,
2902 559 2918 592 ι
2963 540 3031 594 *Α
3058 540 3264 611 ηκουσα
3303 536 3453 608 παρὰ
3482 535 3578 589 τοῦ
3612 535 3720 587 Πα-

2147 636 2293 707 τρδς,
2344 636 2522 690 ταῦτα
2569 635 2664 688 xati.
2708 633 2855 687 λαλῶ
2901 633 2982 697 εἰς
3041 629 3130 684 τὸν
3185 629 3412 699 κόσμον.
3450 643 3469 678 ι
3534 615 3608 679 T6
3640 625 3721 684 ,εδ

2150 729 2374 801 Πνεῦμα
2402 732 2466 783 ὲκ
2489 728 2584 782 τοῦ
2619 725 2750 782 Υίοῦ
2781 725 3083 796 λαμϐάνει·
3125 740 3146 776 ι
3190 723 3287 776 Ἐκ
3319 720 3414 774 τοῦ
3447 718 3582 790 ἐμοῦ
3613 719 3726 788 γὰρ

2147 823 2399 894 λήψεται,
2443 822 2598 892 φησὶ,
2653 820 2748 875 καὶ
2803 816 3096 886 ἀναγγελεῖ
3135 816 3289 887 ἡμῖν.
3330 832 3350 866 ι
3387 813 3499 867 Καὶ
3541 813 3570 864 6
3626 810 3726 879 μὲν

2149 913 2276 977 Υἱὸς
2313 914 2369 965 ἑν
2415 911 2493 981 τῷ
2541 908 2766 981 ὀνόματι
2814 906 2909 961 τοῦ
2953 903 3165 974 Πατρδς
3214 898 3389 974 ἦλθεο
3452 916 3470 951 ι
3529 895 3603 950 τὸ
3666 894 3725 946 δὲ

2150 1004 2374 1074 Πνεῦμα
2402 1001 2466 1058 τὸ
2494 1002 2670 1070 ἅγιον,
2701 1000 2886 1070 φησὶν,
2913 997 2942 1051 6
2972 996 3182 1066 πέμψει
3235 997 3264 1049 6
3305 990 3494 1062 Πατὴρ
3544 989 3603 1042 ὲν
3646 984 3725 1054 τῷ

2149 1097 2378 1168 ὀνόματί
2407 1112 2533 1168 μου.
2569 1112 2590 1147 ο
2622 1092 2892 1162 Τοιαύτην
2917 1089 2976 1144 δὲ
3003 1089 3158 1155 τάξιν
3188 1088 3284 1142 καὶ
3315 1084 3480 1155 φύσιν
3508 1081 3726 1150 ἔχοντος

2149 1191 2244 1245 τοῦ
2292 1190 2611 1261 Πνεύματος
2664 1186 2804 1258 πρὸς
2850 1184 2943 1238 τὸν
2994 1183 3146 1245 Υἱὸν,
3184 1179 3306 1233 οἷαν
3353 1179 3384 1231 6
3431 1175 3561 1237 Υίδς
3610 1172 3725 1239 East

2151 1282 2288 1353 πρὸς
2316 1281 2408 1335 τὸν
2447 1279 2693 1350 Πατέρα,
2721 1277 2841 1342 πῶς
2872 1280 2901 1331 6
2948 1276 3111 1329 τοῦτο
3137 1273 3343 1341 κτίσμα
3376 1269 3552 1335 λέγων
3576 1265 3639 1317 οὐ
3666 1262 3729 1316 τὸ

2151 1375 2284 1428 αὒτδ
2333 1372 2428 1427 καὶ
2472 1373 2606 1443 περὶ
2641 1369 2734 1425 τοῦ
2774 1367 2906 1422 Υίοῦ
2955 1367 3016 1432 ἐξ
3061 1365 3310 1434 ἀνάγκης
3366 1357 3659 1430 φρονήσει;
3699 1372 3719 1404 ι

2163 1465 2224 1521 Ὀ
2249 1465 2317 1521 τὰ
2343 1463 2630 1533 θεολογικά
2658 1461 2832 1517 ταῦτα
2881 1459 3020 1532 ῥητά
3048 1455 3324 1527 ὶπιμελῶς
3353 1449 3725 1520 ἐπερχόμενος

2152 1557 2514 1626 εὐγνωμόνως
2548 1553 2722 1625 πάντη
2760 1553 3084 1624 συνθήσεται
3113 1551 3227 1612 τοῖς
3270 1543 3728 1612 διαγινώσκουσιν

2153 1649 2276 1702 κατ’
2313 1647 2504 1700 οὐδένα
2551 1647 2740 1717 ἓτερον
2785 1645 2944 1712 λόγον
2977 1643 3036 1697 τὸ
3079 1641 3306 1710 Πνεῦμα
3353 1631 3726 1702 θεολογείσθαι

2153 1738 2408 1810 δεύτερον
2457 1736 2550 1791 τοῦ
2594 1737 2750 1803 Υίοῦ,
2786 1735 2902 1790 ἀλλ’
2932 1735 2966 1806 ἢ
3018 1733 3160 1787 κατὰ
3197 1732 3356 1802 μόνον
3381 1726 3562 1790 αὐτὸν,
3600 1719 3729 1776 καθ’

471 1828 599 1884 duin
633 1827 819 1898 itaque
859 1842 918 1883 se
949 1828 1108 1882 habet
1133 1825 1308 1881 Filius
1332 1826 1396 1880 ad
1424 1825 1663 1888 Patrem,
1719 1824 1792 1877 ita
1821 1831 1877 1877 et
1933 1835 2050 1874 sese

2162 1830 2208 1883 iv
2236 1829 2334 1883 καὶ
2359 1830 2388 1881 6
2420 1828 2547 1892 Υἱὸς
2579 1827 2671 1881 τοῦ
2701 1826 2913 1898 Πατρός
2947 1827 3065 1878 toti.
3085 1822 3371 1890 δεύτερος.
3408 1817 3472 1870 Εἰ
3505 1816 3610 1884 γὰρ
3648 1811 3726 1883 μὴ

474 1917 712 1987 Spiritus
741 1918 806 1971 ad
849 1917 1230 1987 Filiumjuxta
1287 1915 1534 1969 ordinem
1588 1914 1647 1968 in
1694 1911 1965 1980 baptismo
2016 1923 2045 1963 a

473 2005 649 2063 Verbo
702 2010 985 2063 traditum.
1008 2007 1163 2073 Quod
1197 2005 1241 2061 si
1275 2006 1516 2076 Spiritus
1545 2018 1667 2059 cum
1692 2001 1830 2056 Filio
1855 2001 2046 2057 eodem

469 2097 664 2151 ordine
713 2097 903 2160 enitet,
933 2105 986 2151 et
1015 2094 1191 2152 Filius
1229 2111 1351 2150 cum
1384 2094 1563 2159 Patre,
1590 2093 1762 2163 liquet
1793 2101 1846 2147 et
1871 2091 2047 2161 Spiri-

467 2195 584 2244 tum
606 2191 794 2244 eodem
818 2188 1008 2244 ordine
1032 2189 1268 2243 emicare
1294 2199 1424 2243 cum
1447 2186 1626 2240 Patre.
1659 2201 1679 2236 ο

2152 1921 2334 1986 τοῦτο,
2363 1921 2462 1974 οὐκ
2494 1919 2560 1974 ἂν
2593 1919 2621 1970 6
2651 1920 2814 1982 αὐτὸς
2847 1918 3019 1988 μέγας
3052 1915 3331 1975 Βασίλειος
3357 1914 3413 1964 ὲν
3447 1908 3526 1978 τῷ
3557 1908 3730 1959 ἐπτα-

2152 2011 2458 2082 καιδεκάτῳ
2483 2011 2590 2064 τῶν
2626 2011 2763 2083 πρὸς
2813 2008 3164 2080 Ἀμφιλόχιον
3196 2005 3320 2076 ἔφη·
3363 2021 3382 2054 ι
3424 2001 3512 2062 Ὧς
3542 1998 3725 2050 τοίνυν

2153 2102 2266 2173 ἔχει
2316 2103 2346 2154 6
2400 2102 2527 2166 Υίὸς
2576 2102 2712 2172 πρὸς
2742 2101 2834 2154 τδν
2865 2099 3108 2169 Πατέρα,
3150 2096 3295 2149 οὕτω
3343 2092 3438 2147 καὶ
3469 2089 3604 2161 πρὸς
3636 2087 3730 2141 τὸν

2154 2190 2285 2244 Υίὺν
2331 2191 2392 2244 τδ
2442 2191 2670 2262 Πνεῦμα
2693 2190 2834 2244 κατὰ
2859 2189 2956 2261 τὴν
2986 2191 3042 2242 ὲν
3068 2187 3147 2258 τῷ
3178 2186 3517 2256 βαπτίσματι
3550 2195 3730 2248 παρα-

466 2282 758 2353 δεδομένην
779 2281 874 2335 τοῦ
907 2281 1082 2350 Λόγον
1115 2280 1388 2346 σύνταξιν.
1419 2279 1482 2333 Ei
1505 2279 1562 2332 δὲ
1596 2281 1658 2332 τὸ
1689 2277 1917 2350 Πνεῦμα
1954 2277 2031 2350 τῷ
2076 2280 2193 2356 Υίῷ
2218 2286 2605 2352 συντέτακται,
2651 2286 2686 2339 6
2708 2282 2765 2338 δὲ
2792 2281 2922 2346 Υἱὸς
2979 2280 3058 2351 τῷ
3087 2280 3285 2349 Πατρὶ,
3308 2276 3481 2330 καὶτὸ
3504 2272 3731 2342 Πνεῦμα

467 2377 545 2446 τῷ
575 2374 752 2444 nam
781 2374 1051 2445 δηλονότι.
1087 2394 1106 2428 ι

539 2471 592 2525 7.
627 2471 733 2524 Sed
784 2485 817 2526 ο
867 2471 1298 2542 improbitatem!
1330 2485 1364 2525 o
1417 2469 1701 2525 victoriam
1729 2469 2049 2540 pessimam,

467 2578 637 2631 quam
665 2563 917 2633 plerique
959 2562 1220 2631 consequi
1259 2559 1625 2626 contendunt,
1660 2559 1789 2614 dum
1825 2561 1888 2614 de
1933 2573 2054 2614 om-

472 2653 640 2708 nibus
668 2655 942 2717 hacsitant,
1004 2663 1057 2707 et
1114 2652 1299 2707 omnia
1349 2653 1402 2706 in
1443 2651 1669 2706 dubium
1704 2660 1916 2706 vertere
1959 2665 2052 2706 oo-

469 2747 714 2799 nautur!
747 2743 986 2807 Etenim,
1013 2743 1060 2798 si
1099 2745 1288 2799 eadem
1323 2745 1554 2811 ratione,
1589 2743 1866 2812 inquiunt,
1890 2751 2054 2813 atque

466 2835 644 2892 Filius
674 2853 706 2891 a
732 2836 889 2891 Patre
910 2838 1188 2892 secundus
1223 2843 1306 2891 est
1343 2834 1579 2907 Spiritus
1599 2851 1630 2890 a
1666 2833 1821 2899 Filio,
1846 2835 1930 2890 vel
1952 2834 2057 2891 erit

467 2949 534 2986 ex
574 2925 734 2996 Filio,
762 2930 930 2984 veluti
961 2946 1025 2984 ex
1045 2931 1218 3000 prima
1247 2945 1410 2984 causa
1439 2939 1491 2984 et
1534 2930 1712 3000 primo
1740 2928 2008 2999 principio
2037 2950 2052 2986 :

485 3022 587 3085 vel,
625 3022 670 3076 si
714 3024 817 3075 hoc
853 3037 958 3074 non
993 3032 1096 3083 est,
1151 3021 1316 3074 veluti
1349 3036 1412 3074 ex
1447 3019 1658 3074 duobus
1686 3021 1876 3074 saltem
1907 3020 2054 3089 ejus-

2230 2468 2299 2533 C'.
2349 2467 2512 2535 Ἀλλ⁹,
2545 2467 2590 2521 ὣ
2623 2469 2719 2540 τῆς
2753 2467 3017 2538 ἐπηρείας
3045 2466 3058 2521 l
3087 2464 3134 2518 ὣ
3167 2465 3266 2534 τῆς
3309 2461 3490 2530 κακῆς
3535 2458 3728 2531 νίκηςί

2157 2558 2226 2629 ἣν
2268 2560 2316 2612 oi
2364 2558 2550 2611 ’πολλώ⁸
2583 2559 2740 2628 νικᾷν
2777 2556 3058 2627 βούλονται
3089 2557 3153 2608 ὲκ
3182 2553 3276 2606 τοῦ
3307 2553 3483 2607 πάντα
3533 2550 3730 2604 ὁιαποε

2161 2647 2293 2720 ρεϊν.
2326 2647 2388 2700 Εἰ
2417 2649 2525 2718 γὰρ
2559 2647 2702 2701 κατὰ
2730 2647 2822 2700 τὸν
2853 2647 3038 2711 αὐτὸν,
3072 2644 3226 2714 φασὶ,
3261 2643 3420 2711 λόγον
3474 2641 3731 2712 δεύτερον

2156 2738 2251 2794 τοῦ
2302 2737 2434 2792 Υίοῦ
2468 2738 2529 2792 τὸ
2557 2737 2802 2806 Πνεῦμα,
2835 2737 2909 2801 ὡς
2939 2739 3004 2792 ὲκ
3038 2735 3262 2809 πρώτης
3294 2735 3474 2798 αἰτίας
3504 2734 3598 2787 καὶ
3628 2737 3738 2804 ἁρ-

2157 2831 2260 2905 χῆς
2292 2832 2385 2886 τοῦ
2419 2831 2550 2884 Υἱοῦ
2575 2848 2590 2864 ⁸
2617 2829 2650 2901 ἢ
2681 2831 2729 2883 εξ
2759 2831 2836 2902 μὴ
2870 2832 3047 2894 τοῦτο,
3077 2829 3152 2894 ώς
3181 2830 3246 2880 ὲκ
3276 2827 3369 2881 δύο
3391 2829 3530 2889 τέως
3563 2825 3732 2878 ίσοτί-

2165 2942 2279 2995 μων
2321 2923 2526 2993 ἀρχῶν,
2560 2924 2653 2976 τοῦ
2679 2921 2895 2994 Πατρός
2920 2939 2979 2975 τε
3017 2924 3114 2975 καὶ
3141 2919 3232 2974 τοῦ
3266 2917 3396 2973 Υίοῦ
3424 2935 3436 2948 ·
3467 2919 3500 2989 ἢ
3529 2918 3645 2972 ἀλλ’
3681 2917 3733 2972 εί

2164 3016 2302 3087 μηδὲ
2332 3017 2511 3080 τοῦτο,
2544 3015 2618 3078 ὡς
2651 3016 2710 3080 ἐξ
2739 3017 2977 3086 ἁνάρχου
3015 3015 3114 3083 μὲν
3145 3013 3242 3066 καὶ
3297 3010 3522 3084 πρώτης
3549 3011 3734 3074 αίτίας

479 3113 604 3165 dem
639 3109 924 3180 digiiitatis
973 3108 1278 3178 principiis,
1317 3109 1480 3163 Patre
1535 3117 1592 3162 et
1619 3106 1759 3162 Filio
1793 3125 1807 3160 :
1846 3109 1952 3173 vel,
2014 3108 2058 3161 si

2162 3107 2256 3161 τοῦ
2302 3108 2538 3179 Πατρδς,
2586 3107 2646 3172 ἐξ
2690 3107 2922 3178 ἐνάρχου
2952 3106 3008 3159 δὲ
3036 3106 3127 3159 καὶ
3154 3104 3412 3176 δευτέρας
3443 3105 3536 3157 τοῦ
3573 3103 3732 3162 Υίοῦ.

469 3190 580 3257 hoc
610 3198 832 3271 quoque
871 3201 980 3254 non
1033 3199 1219 3264 fuerit,
1245 3201 1411 3254 veluti
1460 3215 1523 3254 ex
1560 3201 1732 3269 prima
1765 3213 1817 3253 et
1855 3201 2060 3270 absque

482 3294 757 3364 principio
779 3308 946 3349 causa
978 3291 1157 3357 Patre,
1189 3308 1253 3348 ex
1294 3293 1618 3362 principium
1656 3307 1783 3347 vero
1809 3293 2058 3358 habente,

472 3397 532 3442 et
557 3386 794 3441 secunda
828 3383 990 3440 Filio.
1033 3379 1113 3438 Ad
1144 3385 1259 3439 haec
1283 3385 1468 3455 igitur,
1502 3383 1627 3437 licet
1657 3396 1832 3453 pugna
1857 3383 1958 3438 ista
1994 3382 2061 3437 ad

485 3492 588 3531 nos
611 3476 838 3530 minime
863 3475 1156 3545 pertineat,
1189 3479 1281 3530 sed
1307 3476 1377 3528 ad
1415 3475 1589 3536 illum,
1618 3474 1712 3542 qui
1748 3474 1885 3527 dixit
1938 3473 2063 3543 Spi-

484 3570 651 3623 ritum
680 3583 712 3622 a
741 3566 882 3622 Filio
910 3570 1132 3631 habere,
1179 3567 1326 3637 quod
1361 3568 1452 3633 sit,
1498 3576 1553 3620 et
1599 3580 1722 3620 esse
1763 3566 2062 3621 secundum

481 3661 747 3730 dignitate
771 3678 801 3716 a
838 3659 999 3723 Filio,
1035 3659 1496 3730 quemadmodum
1536 3657 1710 3712 Filius
1751 3669 1834 3714 est
1865 3674 2063 3713 secun-

483 3757 588 3807 dus
632 3753 894 3823 dignitate
945 3770 973 3805 a
1032 3754 1212 3817 Patre,
1269 3751 1628 3806 nihilominus
1667 3752 1738 3805 ita
1776 3756 2068 3821 responde-

487 3860 647 3900 mus:
685 3847 796 3898 ιιιεί
833 3855 1130 3900 secundum
1161 3835 1565 3914 esse'dignitate
1591 3859 1620 3898 a
1648 3841 1782 3896 Filio
1805 3841 2065 3911 Spiritum

482 3949 735 3990 sanctum
763 3938 1068 4001 tradiderit,
1099 3945 1362 4006 tauquam
1396 3936 1487 4006 qui
1514 3936 1583 3990 ab
1615 3952 1680 3990 eo
1703 3937 1884 4002 habet,
1921 3940 2064 4005 «iuod

480 4030 574 4094 sit,
599 4038 652 4082 ot
699 4032 972 4084 sei-undas
1010 4027 1133 4082 Filii
1182 4037 1365 4098 partes
1396 4029 1464 4083 ad
1521 4027 1738 4081 Patrem
1769 4029 1834 4081 ad
1882 4044 2083 4094 σοι-τοο,

485 4121 795 4175 boraudum
829 4122 1150 4191 assumpsit,
1183 4123 1391 4175 dictum
1430 4121 1532 4174 hoc
1571 4121 1784 4190 pietatis
1814 4136 1933 4174 esse
1956 4130 2067 4174 tra-

479 4214 742 4268 ditionem
771 4229 784 4266 :
809 4223 865 4267 at
901 4230 1008 4267 non
1038 4224 1320 4284 propterea
1353 4213 1589 4283 Spiritus
1637 4223 1732 4267 aut
1787 4214 1948 4266 veluti
1998 4229 2062 4267 ex

486 4310 661 4377 prima
685 4309 969 4378 etabsque
1007 4311 1274 4380 principio
1327 4325 1491 4364 causa
1522 4311 1626 4364 erit
1673 4325 1736 4364 ex
1766 4309 1920 4372 Filio,
1973 4321 2069 4367 aut

2166 3204 2306 3274 Πρὸς
2357 3200 2486 3270 γοῦν
2510 3199 2706 3266 ταῦτα,
2735 3201 2838 3255 κᾶν
2879 3201 2954 3272 μὴ
2985 3201 3121 3272 πρὸς
3149 3200 3297 3270 ἡμᾶς
3323 3200 3356 3270 ή
3391 3200 3561 3270 μάχη.
3593 3197 3736 3267 πρὸς

2162 3296 2270 3366 γὰρ
2302 3294 2392 3346 τὸν
2445 3293 2726 3365 εἰρηκότα,
2753 3293 2814 3346 τὸ
2847 3291 3074 3361 Πνεῦμα
3121 3294 3276 3364 παρὰ
3315 3291 3408 3345 τοῦ
3438 3291 3566 3344 Υίοῦ
3608 3290 3738 3362 ελον

2161 3387 2223 3440 τὸ
2272 3381 2438 3450 εἶναι,
2485 3386 2580 3440 καὶ
2626 3385 2876 3455 δεύτερον
2924 3382 3198 3456 ἀξιώματι
3243 3383 3338 3437 τοῦ
3387 3381 3542 3446 Υἱοῦ,
3580 3381 3657 3445 ὼς
3706 3383 3739 3435 6

2168 3482 2292 3546 Υἱός
2321 3484 2436 3534 ἐστι
2459 3480 2710 3550 δεύτερος
2745 3477 3017 3548 ἀξιώματι
3045 3477 3140 3534 τοῦ
3168 3475 3407 3550 Πατρδς,
3439 3474 3553 3528 ἀλλ’
3574 3477 3738 3548 ἡμεῖς

2163 3573 2306 3626 οὕτω
2342 3571 2520 3642 φαμέν
2546 3587 2559 3602 °
2598 3569 2660 3623 El
2695 3569 2790 3624 καὶ
2815 3568 3153 3639 δευτερεὺειν
3179 3567 3452 3637 ἀξιώματι
3479 3566 3576 3620 τοῦ
3603 3565 3746 3619 Υίοῧ

2161 3669 2222 3720 τὸ
2279 3665 2503 3735 Πνεῦμα
2555 3667 2582 3716 6
2639 3664 2795 3733 ἅγιος
2842 3660 2973 3733 ἔφη,
3015 3661 3091 3725 ὡς
3123 3661 3257 3733 παρ’
3289 3659 3459 3714 αὐτοῦ
3489 3661 3550 3714 τὸ
3589 3655 3736 3714 sive:

2165 3756 2306 3827 ἕχον,
2338 3759 2432 3808 καὶ
2462 3755 2523 3807 τὸ
2554 3754 2691 3824 πρὸς
2716 3753 2806 3806 τὸν
2839 3753 3057 3823 Πατέρα
3108 3753 3416 3823 δευτερεῖον
3447 3747 3540 3806 τοῦ
3573 3751 3734 3820 Υίοῦ,

2165 3851 2244 3910 εἰς
2267 3846 2613 3915 κατασκευὴν
2645 3845 2804 3898 ἔλασε
2832 3844 2926 3897 τοῦ
2948 3844 3249 3916 παράδοσιν
3275 3844 3560 3907 εὐσεϐείας
3588 3839 3737 3898 εἶναι

2165 3940 2224 3990 τὸ
2275 3939 2449 4009 ῥῆμα,
2489 3936 2606 3990 ἀλλ’
2634 3939 2696 3988 οὐ
2745 3936 2836 3989 διὰ
2869 3935 3044 3989 ταῦτα
3090 3937 3152 3990 τὸ
3204 3935 3431 4007 Πνεῦμα
3479 3935 3514 4007 ἢ
3564 3936 3640 4001 ώς
3673 3935 3738 4002 ἐξ

2165 4031 2405 4098 ἀνάρχου
2450 4028 2606 4082 ἔσται
2655 4029 2750 4082 καὶ
2785 4027 3007 4100 πρώτης
3056 4029 3240 4092 αίτίας
3269 4028 3363 4083 τοῦ
3393 4027 3544 4094 Υίοῦ,
3585 4029 3618 4100 ἢ
3660 4029 3739 4092 ὡς

2165 4125 2228 4176 ὲκ
2273 4123 2367 4176 δύο
2406 4124 2668 4193 ίσοτίμων
2700 4122 2886 4194 ἀρχῶν
2923 4123 3018 4178 τοῦ
3053 4123 3269 4194 Πατρὸς
3301 4124 3399 4179 καὶ⁸
3435 4121 3528 4177 τοῦ
3579 4121 3740 4189 Υίοῦ,

2165 4216 2200 4289 ἢ
2251 4215 2328 4280 ὡς
2372 4216 2431 4282 ἐξ
2475 4216 2712 4286 ἀνάρχου
2746 4215 2849 4285 μὲν
2873 4215 3056 4279 αίτίας
3087 4215 3183 4270 τοῦ
3215 4215 3454 4284 Πατρδς,
3493 4215 3740 4285 ἀνάρχου

2165 4310 2223 4363 δὲ
2246 4308 2340 4363 τοῦ
2371 4307 2524 4364 Υίοῦ.
2547 4310 2785 4377 Ἀπαγε,
2815 4307 3168 4379 βλασφημίας
3193 4307 3356 4378 γέμει
3385 4310 3455 4361 τὰ
3487 4307 3740 4379 ῥήματα,

489 4400 650 4453 veluti
676 4415 739 4451 ex
770 4401 981 4454 duobus
1008 4401 1234 4470 aequalis
1260 4399 1540 4471 dignitatis
1575 4400 1860 4471 principiis
1896 4400 2057 4456 Patre

2170 4404 2352 4456 πᾶσαν
2383 4399 2735 4472 βλασφημίαν
2763 4401 3168 4473 ὑπερνικώσης.
3204 4401 3312 4456 Καὶ
3343 4401 3372 4456 6
3398 4401 3574 4457 ταῦτα
3618 4401 3749 4455 δια-

484 4501 540 4545 et
577 4491 734 4557 Filio,
771 4502 866 4546 aut
899 4492 1062 4548 veluti
1103 4509 1169 4548 ex
1205 4507 1374 4549 causa
1423 4495 1541 4548 sine
1594 4493 1860 4562 principio
1889 4495 2058 4555 Patre,

2174 4495 2357 4566 πορών
2384 4467 2716 4565 *ἔμπροσθεν
2759 4467 2886 4548 τοῦ⁷
2912 4467 3201 4565 μέλλοντος
3249 4492 3606 4566 δικαστηρίου
3661 4493 3748 4562 τῷ

484 4589 542 4634 et
580 4589 747 4636 causa
795 4598 920 4638 eum
953 4584 1223 4653 principio
1264 4583 1420 4638 Filio.
1447 4585 1651 4654 Apage,
1681 4599 1850 4655 apage
1880 4585 2066 4640 istius-

493 4673 640 4726 modi
670 4675 830 4728 rerba
863 4691 983 4743 qua!
1010 4675 1168 4745 plena
1199 4675 1532 4744 blasphemia
1561 4677 1924 4745 blasphemias
1949 4690 2066 4730 om-

492 4780 590 4820 nes
619 4777 982 4836 exsuperante
1009 4769 1353 4823 sordescunt.
1390 4768 1484 4822 Na:
1516 4768 1604 4822 ille
1635 4771 1730 4838 qui
1762 4770 1875 4823 ba-c
1905 4768 2066 4825 indu»

495 4857 643 4910 bium
672 4858 1052 4930 incertumque
1079 4869 1316 4926 revocat,
1360 4868 1486 4916 ante
1536 4861 1774 4914 tribunal
1803 4862 2064 4917 adversus

494 4966 748 5020 maguum
793 4951 1054 5008 Basilium
1085 4954 1326 5021 sistetur,
1384 4953 1530 5024 quod
1578 4953 1667 5009 ille
1710 4957 2071 5009 comminatus

492 5053 574 5094 ist
595 5059 716 5097 sese
746 5045 1210 5100 calumniantibus
1234 5055 1346 5100 tres
1396 5049 1527 5102 deos
1557 5048 1866 5103 decernere.
1905 5045 2068 5101 Nan:-

493 5152 600 5203 que
622 5152 744 5190 cum
774 5147 958 5192 essent
995 5152 1056 5193 ea
1097 5146 1277 5205 aetate,
1308 5141 1400 5210 qui
1428 5139 1594 5194 multa
1622 5155 1686 5195 ex
1715 5143 1832 5209 ejus
1863 5140 2068 5195 theolo-

425 5228 448 5242 “
497 5228 634 5294 git-is
663 5227 824 5282 dictis
851 5229 1297 5296 criminarentur,
1351 5233 1423 5285 ita
1463 5232 1730 5286 verbatim
1764 5246 1954 5286 eorum
1983 5245 2074 5286 ca-

419 5318 426 5335 ‘
495 5317 758 5373 lumniam
787 5330 1011 5376 sanctus
1030 5323 1232 5392 tragice
1247 5324 1489 5392 deplorat
1519 5341 1534 5377 :
1569 5343 1586 5375 ι
1613 5324 1748 5390 Quis
1772 5325 1956 5394 itaque
1985 5325 2071 5378 fu-

499 5425 590 5462 ror
621 5421 943 5478 esteorum,
977 5412 1070 5483 qui
1101 5424 1289 5469 contra
1339 5417 1616 5470 veritatem
1667 5416 1904 5485 linguam
1946 5430 2075 5470 exa-

497 5505 708 5559 cuunt?
748 5503 866 5560 Non
918 5508 1234 5579 despondeo
1266 5511 1530 5574 animum,
1566 5512 1693 5568 dum
1757 5512 2074 5581 redarguor,

497 5601 591 5648 sed
623 5601 823 5656 Christi
858 5604 1092 5658 tribunal
1115 5617 1387 5677 exspecto.
1422 5605 1493 5661 Ibi
1520 5621 1603 5659 me
1629 5606 1841 5660 adversi
1875 5608 2074 5659 sisten-

2175 4589 2400 4660 μεγάλῳ
2432 4589 2700 4660 Βασιλείῳ
2749 4589 3303 4657 ἀντικαταστήσεται,
3343 4587 3480 4656 ὅπερ
3532 4586 3747 4648 ἐκεῖνος

2171 4681 2432 4752 ἠπείλησε
2477 4683 2586 4744 τοῖς
2619 4679 2781 4733 αὑτὸν
2817 4677 3374 4750 συκοφαντοῦσιν,οώς
3401 4679 3549 4748 τρεῖς
3584 4676 3746 4740 θεοὺς

2172 4774 2416 4841 λέγοντα.
2455 4771 2579 4825 Ὅτι
2629 4772 2738 4845 γὰρ
2786 4767 2927 4843 ἧρξαν
2959 4775 3016 4824 ἐν
3065 4773 3184 4833 ταῖς
3215 4771 3454 4842 ἡμέραις
3485 4769 3656 4823 αὐτοῦ
3689 4769 3744 4823 οἱ

2171 4866 2267 4921 ἐπὶ
2319 4865 2544 4930 πολλαῖς
2577 4865 2686 4918 τῶν
2731 4863 3022 4932 θεολογιῶν
3075 4863 3242 4918 αὑτοῦ
3288 4868 3357 4916 τὰ
3406 4860 3536 4930 παρ’
3572 4861 3744 4915 αὑτοῦ

2173 4957 2569 5027 θεολογούμενα
2609 4955 3031 5022 διασάλλοντες,
3083 4952 3259 5018 οὕτως
3311 4953 3406 5007 ἐπὶ
3459 4952 3660 5017 λέξεων
3719 4955 3750 5006 6

2176 5049 2329 5112 ἅγιος
2354 5048 2451 5119 τὴν
2480 5047 2660 5101 αὐτῶν
2688 5047 2943 5116 διαϐολὴν
2970 5045 3334 5118 διατραγῳδεϊ
3353 5060 3369 5076 ο
3405 5063 3424 5098 ι
3462 5045 3559 5108 Τίς
3585 5041 3680 5099 οὖν
3714 5047 3750 5115 η

2179 5141 2350 5210 μανία
2382 5141 2490 5193 τῶν
2516 5141 2866 5212 ἡιῑονημίνην
2906 5139 3159 5210 γλῶσσαν
3197 5139 3432 5210 ἑχόντων
3467 5137 3610 5192 κατὰ
3644 5137 3753 5208 τῆς

2175 5233 2472 5304 ἀληθείας;
2497 5234 2572 5286 Οῡ
2603 5232 2928 5304 μικροψυχῶ
2958 5232 3095 5302 πρὸς
3125 5231 3217 5284 τὸν
3243 5231 3484 5301 ἔλεγχον,
3503 5231 3621 5284 ἀλλ’
3655 5233 3756 5283 ὲκ-

2175 5327 2404 5396 δέχομαι
2433 5327 2493 5378 τὸ
2521 5323 2615 5378 τοῦ
2642 5323 2880 5396 Χριστοῦ
2924 5323 3300 5394 δικαστήριον.
3349 5321 3496 5375 Ἐκεῖ
3524 5323 3754 5375 ἀντικα-

2173 5417 2534 5490 ταστήσονταί
2571 5434 2664 5486 μοι
2691 5416 2742 5469 οι
2768 5416 2867 5487 τὴν
2891 5417 3156 5487 ιπήρειαν
3179 5414 3386 5486 ταύτην
3421 5413 3752 5486 ράπτοντες.

2176 5507 2298 5564 Οἶδα
2355 5510 2556 5579 Κύριος
2594 5511 2717 5571 τοὺς
2754 5509 2914 5572 ὄντας
2953 5506 3121 5562 αὐτοῦ
3157 5523 3172 5538 °
3201 5507 3298 5562 καὶ
3325 5509 3354 5560 6
3389 5509 3755 5577 συκοφαντῶν

2179 5606 2386 5673 πένητα
2416 5605 2709 5674 παροξύνει
2742 5606 2833 5657 τὸν
2871 5605 3174 5674 ποιήσαντα
3205 5602 3392 5658 αὐτόν.
3425 5601 3488 5654 El
3518 5600 3620 5671 τὴν
3641 5601 3756 5654 τῶν

572 5757 772 5816 “Juau
838 5779 920 5828 xv,
966 5766 1046 5819 15.
1129 5770 1167 5799 ἐ
1199 5765 1358 5822 .loan.
1406 5784 1514 5834 xvi,
1562 5767 1647 5824 Η.
1730 5764 1957 5820 “Joau.
1993 5779 2104 5832 MV,
2143 5765 2233 5822 26.
