3974 6574
337 393 443 458 169

1362 392 1458 452 DE
1500 389 2014 452 PROCESSIONE
2158 389 2541 452 SPllll'l‘US.

3483 380 3584 442 170

332 507 601 576 Πατέρων
632 505 816 559 πίστιν
846 502 1189 575 μεταδιώκω,
1220 503 1295 570 τί,
1337 504 1534 574 παρεὶς
1569 503 1697 567 τοὺς
1729 503 1902 557 Πατὲ-
1932 559 1935 569 η

2036 519 2117 566 ur,
2149 502 2242 571 qui
2274 502 2372 556 lias
2386 500 2604 555 fraudes
2618 506 2912 553 consumit.
2938 493 3100 548 Novit
3128 491 3392 546 Dominus
3417 504 3588 557 suos;

337 616 464 667 ρας,
514 598 644 668 ἐμοὶ
692 597 991 667 πολεμεῖςς
1032 598 1092 650 Εἰ
1142 596 1381 651 πιστεύω
1428 597 1511 661 εἰς
1562 597 1806 666 Πατέρα,
1861 595 1912 648 εί

332 691 589 762 ὁμολογῶ
620 691 770 753 Υἱόν,
801 690 850 743 εἰ
883 689 959 761 μὴ
990 688 1168 742 ἀθετῶ
1196 688 1259 743 τό
1295 687 1542 759 Πνεῦμα,
1577 687 1652 754 τί,
1683 688 1742 741 τό
1781 687 1914 758 ἐμόν

336 786 636 855 πρόσωπον
686 782 1042 848 ὑποθέμενος,
1093 782 1172 850 τῷ
1222 782 1414 853 Κυρίῳ
1463 782 1758 851 πολεμεϊς;
1818 780 1914 843 Τίς

334 877 604 930 κατέλιπε
657 875 943 946 βαπτίζειν
988 876 1066 939 εἰς
1108 876 1280 945 ὄνομα
1317 875 1551 946 Πατρός,
1600 875 1699 928 καὶ
1753 872 1913 937 Υἰοῦ,

338 970 440 1023 καὶ
487 968 647 1036 ἁγίου
681 967 1038 1039 Πνεύματος;
1085 967 1226 1034 Ἐγὼ
1256 967 1288 1037 ἢ
1322 968 1349 1019 ὁ
1382 966 1702 1035 Δεσπότης;
1759 965 1917 1029 Τίνος

336 1059 417 1111 τὰ
446 1060 705 1129 ﬂuam;
736 1058 831 1111 106
859 1058 1176 1128 κήρυκος,ἥ
1207 1058 1299 1110 τοῦ
1333 1056 1794 1124 ἁποστείλαντος;
1828 1056 1918 1123 Τί,

339 1153 406 1205 τό
452 1151 588 1220 ἐμόν
626 1152 915 1222 πρόσωπον
972 1150 1296 1203 εὐεπίϐατον
1348 1150 1469 1212 ταῖς
1526 1146 1918 1218 συκοφαντίαις

342 1243 546 1313 εὑρὼν,
575 1244 642 1297 δι’
676 1241 812 1311 ἐμοῦ
844 1243 1101 1312 πολεμεῖς
1128 1244 1196 1312 τῇ
1219 1240 1449 1311 ἀληθείᾳ
1467 1258 1484 1308 ;
1502 1239 1568 1294 δι’
1598 1238 1733 1311 ἐμοῦ
1758 1256 1921 1293 καταο

343 1338 515 1397 σείεις
557 1334 620 1387 τό
646 1333 911 1405 ὀχύρωμα
934 1335 1036 1403 τῆς
1065 1316 1336 1396 uictam;
1387 1330 1525 1385 Ἀλλ’
1551 1329 1660 1400 ἐγὼ
1690 1331 1790 1401 μέν
1837 1346 1920 1383 σοι

342 1425 643 1491 εὐάλωτος,
675 1428 710 1496 ἠ
732 1426 789 1479 δὲ
818 1423 1000 1487 πίστις
1027 1424 1297 1485 ἄσειστος.
1328 1440 1349 1475 ι

421 1723 456 1777 η
477 1746 495 1762 .
524 1706 636 1760 Καὶ
678 1705 714 1759 ἃ
762 1702 859 1773 μὲν
887 1704 917 1756 ό
953 1702 1128 1773 μέγας
1157 1699 1438 1764 Βασίλειος
1466 1701 1610 1755 κατὰ
1659 1701 1773 1755 τῶν
1804 1700 1922 1754 δια·

2015 603 2069 649 et
2096 593 2189 663 qui
2223 593 2586 648 calumniatur
2618 604 2929 661 pauperem,
2960 587 3104 642 illius
3135 596 3434 640 creatorem
3469 584 3584 636 irri-

2016 694 2113 740 tat.
2141 688 2195 740 Si
2221 683 2441 739 Patrutn
2459 685 2620 738 tidem
2645 697 2866 752 sequor,
2885 681 3035 750 quid,
3052 678 3234 734 Patres
3253 676 3595 747 praeteriens.

2017 776 2148 832 milii
2184 777 2383 832 bellum
2414 775 2690 842 infersrsi
2714 775 2877 830 credo
2907 774 2961 827 in
2990 771 3229 837 Patrem,
3254 771 3299 824 si
3333 770 3599 823 contitcor

2018 869 2238 935 Filium,
2261 871 2309 924 si
2342 884 2450 923 non
2474 867 2665 939 rejicio
2705 866 2989 939 Spiritum,
3024 866 3176 935 quid,
3208 878 3384 917 meam
3415 877 3601 930 poiso-

2020 978 2143 1016 nam
2168 977 2459 1029 assumens
2484 1000 2499 1026 ,
2525 977 2646 1017 cum
2681 960 2911 1015 Domino
2940 962 3141 1014 [orrum
3180 955 3433 1012 confers?
3465 953 3601 1021 Quis

2021 1055 2074 1109 in
2106 1056 2379 1110 mandatis
2410 1056 2582 1122 dedit,
2639 1064 2698 1110 ut
2732 1056 3102 1125 baptizaretur
3135 1052 3187 1105 in
3231 1050 3450 1105 nomine
3486 1048 3604 1102 Pa-

2020 1149 2140 1213 tris,
2170 1157 2223 1202 et
2254 1147 2396 1213 Filii,
2428 1156 2484 1203 et
2513 1148 2750 1219 Spiritus
2797 1146 3011 1202 sancti?
3051 1146 3233 1219 Egone
3290 1162 3358 1199 an
3420 1145 3615 1201 Domi-.

2021 1238 2163 1292 nus?
2204 1238 2373 1309 Cujus
2403 1248 2533 1295 sunt
2591 1238 2803 1295 verba?
2841 1241 3129 1309 praeconis,
3179 1254 3246 1291 an
3302 1236 3450 1292 illius
3508 1236 3603 1304 qui

2024 1331 2210 1386 misit?
2247 1332 2410 1399 Quid,
2454 1339 2852 1401 persona,mca
2888 1333 3179 1386 calumniis
3230 1332 3406 1400 appeti
3461 1330 3604 1384 facili

2024 1432 2324 1491 comperta,
2359 1439 2455 1493 per
2492 1439 2579 1478 me
2636 1424 2844 1478 veritati
2880 1423 3077 1478 bellum
3110 1422 3350 1477 indicis?
3399 1436 3489 1491 per
3518 1438 3604 1475 me

2024 1514 2148 1570 ﬁdei
2176 1515 2408 1571 fulcrum
2437 1517 2720 1572 concutis?
2744 1517 2847 1571 Sed
2889 1518 3003 1584 ipse
3035 1516 3190 1571 facile
3216 1530 3438 1585 possunt
3491 1530 3520 1567 a
3557 1523 3609 1569 te

2025 1609 2167 1678 capi,
2204 1623 2392 1662 verum
2424 1609 2556 1664 ﬁdes
2580 1610 2905 1664 inconcussa
2943 1618 3145 1663 manet.
3184 1627 3204 1662 ι

2095 1700 2149 1755 8.
2184 1699 2249 1754 Et
2267 1700 2382 1755 haec
2401 1699 2620 1770 quidem
2653 1716 2883 1771 magnus
2907 1700 3139 1756 Basilius
3163 1699 3425 1755 adversus
3458 1700 3611 1753 tlieoo

346 1796 659 1851 ϐαλλόντων
676 1796 770 1858 τὰς
803 1795 968 1851 αὑτοῦ
999 1794 1282 1861 θεολογίας
1310 1792 1466 1867 φησὶ,
1495 1792 1695 1849 ταῦτα.
1733 1793 1923 1864 Ἡμεῖς

2036 1790 2183 1860 lcgia:
2221 1790 2553 1848 detractores
2575 1791 2784 1847 eﬂ‘udit.
2822 1791 2892 1846 At
2941 1807 3042 1848 nos
3098 1806 3246 1846 nunc
3277 1805 3374 1860 pro
3397 1804 3462 1843 eo
3512 1805 3609 1859 pa-

344 1890 433 1953 δὲ,
487 1888 625 1958 πρός
672 1888 799 1951 τοὺς
829 1885 1258 1956 ἀνθισταμένους
1308 1860 1384 1939 έν⁷
1412 1884 1493 1956 τῷ
1527 1884 1759 1956 παρόντι
1804 1860 1924 1947 ταῖς

2036 1883 2317 1939 Lroeinium
2351 1886 2734 1956 suscipientes,
2765 1885 2848 1941 vel
2878 1887 3058 1956 potius
3082 1886 3151 1939 ab
3198 1884 3393 1940 eodem
3438 1886 3609 1937 auxi-

346 1980 927 2050 προανατεταγμέναις
953 1977 1288 2046 θεολογικαῖς
1314 1975 1482 2031 αὐτοῦ
1509 1979 1735 2048 ρήσεσιν
1759 1978 1939 2049 ὑπερ-⁸

348 2074 747 2142 αγωνιζόμενοι
777 2071 967 2134 αὐτοῦ,
994 2071 1028 2143 ἢ
1069 2070 1272 2140 μᾶλλον
1299 2069 1757 2140 συμμαχούμενοι
1793 2072 1925 2143 παρ’

353 2163 547 2230 αὐτοῦ,
576 2158 763 2232 ὲφόἷς
793 2163 844 2215 οἱ
897 2161 1019 2215 καθ’
1052 2161 1213 2231 ἡμῶν
1255 2159 1649 2230 ἀγωνιζόμενοι
1695 2160 1784 2214 διὰ
1827 2162 1928 2232 τὴν

352 2256 481 2311 καθ’
510 2255 669 2327 ἡμῶν
723 2254 901 2325 ὁρμὴν
929 2254 1025 2306 καὶ
1054 2252 1229 2324 ῥοπὴν
1270 2252 1366 2306 καὶ
1390 2258 1490 2315 τὰς
1534 2251 1701 2306 αὑτοῦ
1739 2254 1927 2324 ῥήσεις

352 2346 782 2416 συκοφαντοῦσι,
816 2346 1130 2417 πλάσματος
1163 2346 1333 2408 αὑτὰς
1386 2345 1714 2418 γράφοντες,
1744 2346 1927 2415 φαμεν

351 2440 434 2502 ὡς
485 2438 770 2506 οὐδέτερον
820 2437 927 2490 τῶν
974 2434 1450 2506 ἀπηριθμημένων
1496 2438 1560 2489 ἐκ
1606 2435 1707 2505 τῆς
1749 2434 1929 2488 αὐτῶν

354 2529 627 2600 ἐπηρείας
669 2526 889 2580 ἀτόπων
920 2526 1228 2591 ἀκολουθεῖ,
1261 2530 1310 2578 εί
1342 2526 1485 2579 κατὰ
1528 2526 1620 2580 τόν
1651 2524 1816 2580 αὐτόν
1844 2525 1932 2579 λό-

354 2637 457 2689 γον
487 2621 607 2675 ἐστὶ
633 2620 694 2674 τό
723 2618 950 2688 Πνεῦμα
978 2618 1230 2688 δεύτερον
1274 2616 1368 2670 τοῦ
1399 2616 1555 2680 Υὶοῦ,
1590 2616 1712 2670 καθ’
1743 2615 1803 2670 δν
1832 2617 1932 2671 καὶ

356 2717 392 2768 ὁ
419 2714 550 2777 Υἱός
577 2713 675 2766 1.6
723 2711 936 2783 Πατρός
958 2727 974 2742 ο
1006 2708 1132 2764 οὔτε
1159 2710 1268 2779 γὰρ
1293 2709 1369 2773 ὡς
1397 2712 1461 2764 ὲκ
1500 2708 1724 2779 πρώτης
1747 2708 1932 2772 αίτίας

358 2809 459 2857 καὶ
503 2804 678 2875 ἀρχῆς
726 2802 822 2857 τοῦ
870 2802 1001 2856 Υῑοῦ
1049 2802 1205 2855 ἔσται
1235 2802 1297 2854 τό
1332 2799 1578 2872 Πνεῦμα,
1610 2799 1733 2854 οὔτε
1759 2799 1836 2864 ὡς
1865 2801 1934 2854 ὲκ

357 2898 459 2950 δύο
499 2896 756 2966 ἰσοτίμων
799 2893 1006 2965 ἀρχῶν,
1035 2891 1129 2946 τοῦ
1160 2892 1372 2962 Πατρός
1406 2907 1465 2945 τε
1498 2893 1592 2945 καὶ
1636 2890 1728 2944 τοῦ
1759 2890 1890 2945 Υίοῦ
1913 2931 1931 2958 ,

361 2989 495 3043 οὔτε
525 2989 602 3052 ὡς
633 2986 694 3053 ἐξ
719 2986 957 3056 ἁνάρχου
987 2983 1090 3054 μὲν
1117 2985 1213 3038 uel.
1237 2981 1461 3055 πρώτης
1487 2981 1668 3046 αίτίας
1692 2982 1790 3036 τοῦ
1822 2983 1936 3036 Πα-

362 3082 520 3152 τρός,
549 3080 788 3151 ἁνάρχου
814 3078 872 3131 δὲ
897 3078 993 3130 καὶ
1020 3076 1283 3147 δευτέρας
1313 3073 1407 3129 τοῦ
1435 3072 1589 3141 Υίοῦ,
1618 3074 1734 3128 ἀλλ’
1757 3075 1841 3128 ὅτι
1869 3076 1935 3130 ἑκ

2025 1975 2158 2031 lium
2189 1978 2724 2043 obtinentes,contra
2754 1995 2874 2035 sese
2906 1986 3246 2050 opponentes
3285 1978 3444 2033 dictis
3464 1977 3609 2031 illius

2029 2069 2350 2141 theologicis
2402 2087 2569 2144 supra
2604 2073 2908 2143 dispositis,
2950 2073 3003 2128 in
3052 2073 3272 2143 quibus,
3303 2073 3397 2143 qui
3433 2082 3611 2126 certa-

2028 2178 2151 2217 men
2186 2165 2243 2219 in
2272 2180 2371 2221 nos
2403 2167 2661 2230 subeunt,
2692 2177 2912 2237 propter
2939 2169 3198 2238 impetum
3230 2175 3285 2221 et
3331 2167 3609 2220 incursum

2025 2252 2080 2311 in
2111 2270 2233 2318 nos,
2264 2257 2408 2311 dicta
2449 2258 2596 2313 illius
2638 2259 3067 2326 calumniantur,
3103 2269 3359 2329 tanquam
3394 2257 3518 2312 [icta
3548 2273 3612 2311 ca

2028 2345 2432 2414 insimulantes,
2466 2352 2884 2420 respondemus,
2937 2353 3146 2406 nullum
3202 2368 3270 2407 ex
3309 2357 3612 2407 numeratis

2029 2436 2100 2491 ab
2130 2452 2323 2494 eorum
2353 2441 2652 2497 calliditate
2711 2444 2966 2499 absurdis
3022 2445 3308 2514 consequi,
3340 2446 3386 2500 si
3420 2446 3613 2501 eadem

2029 2529 2241 2586 ratione
2268 2530 2501 2602 Spiritus
2551 2543 2636 2591 est
2657 2550 2689 2590 a
2734 2534 2871 2590 Filio
2900 2537 3196 2604 secundus,
3230 2555 3337 2608 qua
3363 2548 3416 2593 et
3438 2537 3616 2593 Filius;

2030 2637 2061 2675 a
2093 2620 2253 2679 Patre
2282 2641 2296 2677 :
2323 2641 2498 2697 neque
2525 2630 2671 2683 enim
2692 2630 2860 2683 veluti
2884 2645 2946 2683 ex
2970 2631 3146 2700 prima
3180 2620 3350 2688 causa
3384 2644 3435 2688 et
3462 2634 3616 2704 prii;-

2030 2712 2177 2784 ciplo
2229 2713 2368 2771 Filio
2421 2719 2529 2772 erit
2559 2718 2796 2789 Spiritus
2830 2740 2844 2774 :
2881 2738 3056 2790 neque
3100 2725 3264 2779 veluti
3298 2742 3363 2781 ex
3396 2728 3615 2783 duobus

2031 2805 2296 2874 dignitate
2322 2810 2618 2879 mqualibus
2648 2813 3123 2883 priiicipiis,:Patre
3142 2826 3197 2873 et
3222 2817 3361 2873 Filio
3386 2836 3400 2873 :
3430 2822 3614 2891 nilqne

2031 2898 2197 2954 veluti
2226 2914 2293 2955 ex
2319 2901 2491 2971 prima
2524 2913 2579 2958 et
2624 2906 2743 2959 sine
2768 2907 3037 2977 principio
3071 2924 3236 2965 causa
3282 2910 3461 2976 Patre,
3487 2929 3613 2969 eum

2032 2988 2302 3059 principio
2331 3007 2462 3047 vero
2482 2995 2831 3067 secundaque
2860 2997 3019 3064 Filio,
3050 3002 3144 3055 sed
3187 3005 3330 3072 quod
3363 3018 3429 3058 ex
3454 3003 3618 3060 Patre

2034 3094 2131 3151 per
2157 3079 2354 3137 Filium
2387 3081 2622 3153 Spiritus
2653 3096 2840 3151 θείνει
2870 3090 3259 3159 sempiternam
3301 3110 3456 3150 suam
3488 3111 3617 3166 pro-

369 3173 584 3243 Πατρός
605 3171 695 3224 διὰ
721 3169 853 3223 Υἰοῦ
880 3168 942 3222 τό
972 3166 1207 3237 Πνεῦμά
1233 3169 1372 3232 ἐστι,
1396 3167 1496 3221 καὶ
1524 3166 1610 3219 ὅτι
1637 3166 1737 3236 τὴν
1765 3165 1933 3220 ἀΐδιον

2041 3173 2346 3227 cessionem
2403 3188 2471 3227 ex
2527 3173 2689 3230 Patre
2719 3192 2828 3231 non
2880 3178 3195 3237 immediate
3237 3191 3294 3239 et
3335 3165 3613 3256 contigue,

366 3264 537 3318 αὐτοῦ
588 3263 919 3334 ἑκπόρευσιν
966 3261 1031 3315 ὲκ
1064 3260 1275 3330 Πατρός
1302 3259 1404 3313 οὐκ
1434 3258 1657 3329 ἁμέσως
1700 3256 1814 3329 ἔχει
1843 3258 1935 3310 καὶ

2044 3265 2506 3335 quemadmodum
2561 3265 2734 3325 Filius
2764 3276 3167 3339 generationem
3189 3275 3374 3343 habet,
3405 3281 3500 3332 sed
3530 3289 3617 3333 est

369 3352 661 3424 πρωεχῶς
710 3351 786 3415 ὼς
833 3350 931 3421 τὴν
987 3350 1241 3419 γέννησιν
1288 3349 1317 3402 ό
1362 3347 1514 3414 Υἱός,
1546 3348 1681 3400 ἀλλὰ
1706 3348 1773 3400 δι’
1806 3345 1937 3400 Υίοῦ

367 3446 521 3497 ἐστιν
542 3442 979 3512 ἐκπορευόμενον
1007 3442 1074 3493 ὲκ
1102 3436 1336 3509 Πατρός·
1369 3437 1459 3491 διὰ
1478 3437 1638 3490 τοῦτο
1665 3438 1760 3491 καὶ⁸
1789 3436 1941 3507 παρὰ

368 3536 468 3589 τοῦ
502 3534 635 3588 Υἰοῦ
665 3537 789 3605 ἕχον
825 3534 887 3587 τό
917 3528 1056 3586 εἶναι
1085 3531 1165 3602 τῷ
1200 3529 1421 3601 μεγάλῳ
1448 3529 1715 3601 Βασιλείῳ
1761 3530 1942 3584 τεθεο-

368 3630 623 3701 λόγηται,
654 3630 749 3682 καὶ
773 3626 1026 3697 δεύτερον
1055 3624 1151 3678 τοῦ
1180 3622 1335 3686 Υίοῦ,
1363 3620 1440 3686 ὡς
1468 3622 1497 3674 ὁ
1528 3620 1658 3686 Υίός
1695 3622 1790 3676 τοῦ
1823 3624 1939 3678 Πα-

369 3724 501 3795 τρός
526 3737 542 3754 ο
577 3723 671 3774 καὶ
698 3719 851 3773 οὐδέν
876 3719 1021 3771 ἐστιν
1054 3716 1258 3771 ἄτοπον
1287 3713 1468 3782 λέγειν
1495 3729 1557 3766 τε
1591 3713 1652 3765 τό
1682 3714 1816 3783 πρός
1847 3715 1941 3768 τόν

372 3815 504 3869 Υῐόν
549 3813 855 3882 δευτερεῖον
900 3809 993 3863 τοῦ
1035 3806 1351 3877 Πνεύματος
1398 3806 1663 3875 ἀνάλογον
1691 3806 1770 3877 τῷ
1804 3806 1940 3875 πρὸς

370 3908 463 3960 τόν
515 3906 737 3976 Πατέρα
769 3902 1059 3974 δευτερείῳ
1087 3899 1185 3953 τοῦ
1215 3897 1371 3963 Υίοῦ,
1402 3899 1498 3952 καὶ
1529 3897 1590 3963 ἐξ
1626 3898 1751 3952 Υίοῦ
1800 3892 1943 3951 εἶναι

371 3997 656 4052 πιστεύειν
702 3996 764 4048 τό
809 3994 896 4047 διὰ
944 3994 1040 4045 τοῦ
1081 3991 1212 4044 Υἱοῦ
1265 3991 1330 4044 ὲκ
1356 3991 1451 4045 τοῦ
1485 3989 1695 4062 Πατρός
1726 3990 1850 4060 ἔχον
1880 3990 1940 4042 τὸ

372 4090 541 4147 εῖναι.
573 4092 637 4144 Ei
680 4090 792 4160 γὰρ
839 4089 915 4158 μὴ
945 4086 1108 4140 τοῦτο
1152 4084 1360 4157 δοθείη,
1391 4084 1491 4138 οὐκ
1528 4084 1594 4138 ἄν
1627 4101 1680 4136 τι
1705 4083 1815 4137 τῶν
1841 4083 1942 4138 ὅσα

371 4187 435 4239 τό
465 4184 689 4253 Πνεῦμα
718 4182 777 4248 ἐξ
806 4180 934 4234 Υίοῦ
962 4179 1179 4248 λέγεται
1209 4178 1355 4249 ἔχειν
1378 4177 1580 4248 ἀληθὲς
1628 4172 1768 4231 εἶναι
1815 4192 1944 4245 συγ-

377 4277 679 4350 χωρηθείη.
711 4274 786 4327 Τό
815 4273 924 4344 γὰρ
954 4271 1200 4341 Πνεῦμα,
1234 4272 1298 4323 ἐκ
1321 4270 1419 4323 τοῦ
1453 4268 1584 4323 Υίοῦ
1614 4268 1941 4337 ἀναϐλύζον,

372 4370 477 4437 οὐχ
502 4367 576 4429 ὡς
605 4366 663 4432 ἐξ
694 4366 827 4426 ιδίας
861 4362 1012 4433 παρὰ
1039 4363 1131 4415 τόν
1163 4362 1378 4430 Πατέρα
1424 4362 1605 4430 πηγῆς
1642 4359 1943 4423 ἁναδλύζον

374 4463 547 4519 ἐστὶν,
598 4458 713 4511 ἀλλ’
738 4459 818 4510 ὅτι
870 4457 935 4510 ὲκ
985 4456 1195 4524 Πατρός
1240 4453 1531 4517 ἀναῦλύςει
1562 4453 1629 4505 δι’
1661 4452 1817 4517 Υίοῦ,
1850 4452 1945 4507 καὶ

2040 3372 2137 3427 per
2175 3356 2374 3414 Filium
2404 3361 2708 3431 procedens
2747 3379 2812 3417 ex
2850 3364 3004 3420 Patre
3059 3384 3075 3421 :
3145 3380 3430 3438 prepterea
3479 3383 3533 3426 et
3584 3389 3619 3430 δ

2042 3449 2181 3505 Filio
2218 3452 2443 3516 habere,
2475 3454 2619 3524 quod
2650 3456 2747 3519 sit,
2794 3472 2823 3510 a
2859 3472 3057 3528 magno
3114 3459 3317 3516 Basilio
3372 3464 3614 3527 decerni.

2041 3552 2097 3597 et
2127 3545 2425 3600 secundum
2456 3564 2485 3601 a
2516 3546 2675 3614 Filio,
2709 3552 2785 3604 uti
2819 3548 2992 3607 Filius
3018 3568 3048 3606 a
3090 3552 3250 3610 Patre
3303 3574 3317 3611 :
3374 3559 3618 3613 nullum-

2000 3664 2001 3667 η
2041 3649 2147 3703 que
2182 3633 2482 3690 absurdum
2513 3640 2797 3709 consequi.
2832 3641 2878 3695 si
2923 3657 3160 3710 asseras,
3192 3649 3464 3703 secundas
3492 3665 3616 3719 par-

2044 3738 2124 3779 tes
2160 3740 2287 3796 erga
2320 3725 2514 3783 Filium
2589 3731 2826 3799 Spiritus
2879 3736 3230 3803 proportione
3284 3742 3618 3810 reSpondese

2043 3817 2297 3870 secundis
2329 3820 2572 3886 partibus
2596 3819 2715 3876 Filii
2752 3838 2877 3894 erga
2916 3826 3133 3880 Patrem
3189 3847 3203 3884 :
3263 3840 3319 3884 et
3367 3846 3431 3885 ex
3480 3831 3618 3887 Filio

2039 3905 2164 3961 ωε
2195 3910 2406 3976 credas,
2445 3916 2589 3981 quod
2620 3930 2716 3984 per
2746 3914 2942 3972 Filium
2971 3934 3036 3972 ex
3065 3919 3224 3977 Patre
3252 3922 3433 3988 habet.
3470 3929 3618 3996 quod

2047 3998 2137 4050 sit.
2163 3999 2372 4054 Etenim
2421 4003 2468 4056 si
2504 4004 2554 4057 id
2592 4006 2896 4076 negabitur,
2961 4010 3170 4065 nullum
3241 4031 3302 4068 ex
3342 4016 3447 4080 bis,
3499 4033 3622 4087 qua:

2045 4091 2276 4159 Spiritus
2323 4109 2391 4149 ex
2422 4093 2560 4152 Filio
2609 4098 2812 4156 habere
2862 4102 3083 4168 dicitur,
3120 4121 3305 4161 verum
3339 4124 3461 4164 esse
3489 4127 3623 4167 eon-

2045 4182 2291 4238 eedetur.
2324 4183 2558 4255 Spiritus
2585 4193 2732 4245 enim
2772 4208 2837 4246 ex
2873 4192 3008 4251 Filio
3037 4212 3320 4266 emanans,
3368 4218 3472 4256 non
3498 4212 3621 4258 tan—

2045 4286 2210 4340 quam
2236 4289 2303 4328 ex
2337 4278 2553 4346 prepria
2586 4290 2738 4335 extra
2772 4282 2986 4339 Patrem
3039 4285 3187 4341 foote
3239 4302 3482 4356 emanat,
3523 4294 3622 4349 st'd

2045 4363 2190 4431 quod
2219 4380 2287 4420 ex
2318 4365 2478 4424 Patre
2525 4386 2622 4439 per
2651 4369 2850 4428 Filium
2886 4387 3130 4443 emanat,
3188 4395 3253 4434 ex
3284 4379 3426 4438 Filio
3473 4399 3625 4441 ema-

2046 4470 2203 4523 nare,
2232 4468 2288 4513 ει
2312 4474 2408 4529 per
2450 4461 2644 4518 Filium
2704 4465 2929 4531 edundi,
2965 4480 3019 4524 et
3044 4487 3107 4526 ex
3142 4472 3281 4529 Filio
3335 4480 3624 4545 provenire

375 4555 440 4620 ἐξ
491 4553 621 4608 Υιοῦ
672 4551 888 4620 λέγεται
941 4548 1285 4613 ἀναϐλύζειν,
1327 4546 1513 4601 κα¹ιδι’
1546 4546 1676 4600 Υίοῦ
1715 4550 1935 4618 προχεό-

2046 4548 2267 4606 dicitur.
2319 4550 2504 4623 Neque
2528 4557 2582 4610 in
2609 4556 2694 4612 bis
2724 4559 3053 4618 dictionibus
3081 4575 3315 4630 tantum,
3347 4585 3469 4640 qua:
3497 4586 3621 4626 eum

379 4664 566 4718 μενον,
608 4647 703 4699 καὶ⁵
746 4646 811 4697 ἐκ
842 4642 937 4696 τοῦ
984 4640 1116 4695 Υίοῦ
1174 4639 1537 4712 προέρχεσθαι
1564 4641 1802 4709 λέγεται.
1834 4641 1945 4694 Καὶ

373 4746 439 4797 οὐ
487 4743 650 4811 μόνον
693 4738 790 4793 ἐπὶ
831 4741 951 4799 ταῖς
1001 4734 1181 4801 λέξεσι
1225 4736 1451 4799 ταύταις
1491 4738 1611 4798 ταῖς
1658 4733 1947 4804 δηλούσαις

376 4834 626 4904 φυσικῶς
658 4832 756 4886 καὶ
800 4830 1076 4894 ούσιωδῶς
1122 4830 1390 4900 ὑπάρχειν
1434 4828 1565 4882 αὐτό
1599 4826 1666 4881 δι’
1702 4825 1832 4881 Υἱοῦ
1884 4830 1947 4878 ὲκ

379 4927 591 4995 Πατρός
636 4926 815 4978 πάντα
860 4923 1080 4991 λέγεται
1130 4917 1271 4975 εἶναι
1317 4922 1412 4973 καὶ
1441 4922 1507 4973 ὲκ
1533 4921 1627 4973 τοῦ
1671 4919 1803 4973 Ti06
1846 4921 1946 4973 ὅσα

375 5018 498 5071 ἐστὶ
541 5016 610 5070 δι’
642 5015 796 5081 Υίοῦ,
842 5013 981 5069 ἀλλὰ
1018 5014 1116 5067 καὶ
1145 5013 1204 5080 ἐξ
1245 5012 1375 5066 Υἱοῦ
1413 5012 1817 5083 χορηγούμενον
1851 5016 1945 5065 καὶ

379 5111 760 5180 πεμπόμενον,
798 5106 887 5160 διὰ
912 5106 975 5161 τό
1003 5109 1068 5158 ὲκ
1097 5106 1309 5175 Πατρός
1366 5103 1436 5158 δι’
1465 5103 1596 5158 Υίοῦ
1628 5106 1946 5176 πέμπεσθαι

380 5200 900 5273 καὶχορηγεῖσθαι,
946 5198 1171 5266 λέγεται
1206 5194 1414 5252 ταῦτα.
1466 5197 1568 5250 Διὰ
1599 5197 1729 5266 γοῦν
1772 5198 1948 5253 ταῦτα

380 5296 563 5358 καλῶς
605 5296 721 5365 ἔχει
767 5297 861 5347 καὶ
911 5291 1172 5362 ἀσφαλῶς
1217 5293 1280 5343 τό
1316 5291 1383 5343 δι’
1414 5290 1546 5345 Υίοῦ
1595 5292 1856 5363 ὑπάρχων
1883 5296 1948 5347 ἐκ

377 5390 475 5444 τοῦ
528 5389 738 5459 Πατρός
786 5386 945 5454 ἅγιον
996 5384 1221 5453 Πνεῦμα
1269 5384 1327 5450 ἐξ
1392 5383 1526 5437 Υξοῦ
1578 5401 1639 5437 τε
1692 5384 1946 5454 λέγεσθαι

377 5483 650 5550 ὑπάρχειν
680 5478 835 5538 αὐτὸ,
868 5477 966 5531 καὶ
992 5476 1070 5546 τῷ
1098 5475 1370 5543 ἀξιώματι
1402 5475 1773 5544 θεολογείσθαι
1823 5477 1946 5529 66.6-

377 5590 539 5643 τερον
588 5571 684 5627 τοῦ
731 5570 885 5625 Υἱοῦ.
926 5570 1051 5624 Ὀτι
1102 5572 1210 5639 γὰρ
1259 5569 1351 5621 διὰ
1399 5568 1494 5623 τοῦ
1531 5568 1684 5633 Υίοῦ,
1735 5571 1800 5623 ὲκ
1852 5569 1946 5622 τοῦ

377 5669 536 5735 Υἱοῦ,
576 5671 672 5722 καὶ
705 5667 804 5737 οὐχ
833 5667 907 5732 ὼς
946 5668 1011 5720 ὲκ
1050 5665 1273 5736 πρώτης
1300 5667 1475 5727 αἰτίας
1505 5667 1598 5719 καὶ
1629 5666 1806 5737 ἀρχῆς
1850 5666 1946 5720 τοῦ

377 5763 534 5826 Υἰοῦ,
568 5764 665 5817 καὶ
692 5763 775 5816 ὃτι
799 5761 890 5815 διὰ
916 5758 1011 5814 τοῦ
1043 5758 1174 5814 Υἰοῦ
1207 5759 1463 5828 δεύτερον
1508 5758 1605 5813 τοῦ
1645 5759 1799 5814 Υίοῦ.
1834 5761 1947 5814 Καὶ

378 5856 725 5925 μαοιυρὴσει
756 5870 846 5921 μοι
873 5853 966 5905 τόν
995 5853 1153 5920 λόγον
1178 5855 1207 5905 ὁ
1231 5851 1687 5920 θεολογικὼτατος
1719 5850 1946 5924 Νύσσης

716 5954 757 6012 Ρ
770 5968 986 6012 ιτιιοιι.
1031 5953 1151 6014 GR.
1193 5947 1398 6013 CXLI.

2049 4644 2377 4699 naturaliter
2404 4657 2459 4701 et
2482 4643 2851 4707 essentialiter
2870 4669 2993 4709 esse
3022 4671 3119 4726 per
3145 4658 3341 4714 Filium
3365 4678 3429 4717 ex
3464 4663 3625 4722 Patre

2047 4733 2308 4804 innuunt,
2339 4740 2523 4796 omnia
2549 4741 2891 4799 aﬂirmantnr
2935 4762 3055 4804 esse
3087 4761 3140 4805 et
3191 4766 3257 4807 ex
3286 4752 3446 4823 Filio,
3501 4775 3625 4828 qua:

2047 4843 2143 4899 per
2172 4828 2367 4887 Filium
2401 4844 2550 4898 sunt,
2586 4836 2680 4891 sed
2728 4853 2795 4893 ex
2825 4837 2964 4894 Filio
3025 4860 3246 4916 quoque
3287 4851 3624 4920 suppeditari

2048 4932 2103 4977 et
2147 4924 2310 4987 mitti,
2355 4927 2500 4995 quod
2548 4943 2613 4981 ex
2652 4927 2812 4984 Patre
2870 4949 2967 5002 per
3023 4934 3218 4992 Filium
3280 4942 3517 4999 mittitur
3569 4958 3626 5000 et

2047 5015 2445 5084 suppeditatur.
2490 5019 2728 5095 Propter
2775 5026 2889 5080 haec
2928 5026 3093 5098 igitur
3144 5031 3279 5086 bene
3320 5049 3378 5089 se
3439 5036 3621 5102 habet,

2049 5117 2275 5179 tutoque
2297 5125 2391 5179 per
2428 5112 2626 5168 Filium
2659 5118 3008 5173 exsistentem
3034 5136 3100 5175 ex
3154 5122 3311 5178 Patre
3360 5126 3622 5194 Spiritum

2047 5213 2298 5258 sanetum
2348 5221 2414 5260 ex
2450 5206 2587 5263 Filio
2615 5224 2738 5263 esse
2766 5224 3133 5280 asseveratur,
3164 5225 3219 5270 et
3247 5217 3510 5288 dignitate
3539 5237 3626 5276 se-

2046 5298 2286 5352 cundum
2314 5317 2435 5356 esse
2489 5318 2520 5358 a
2549 5302 2709 5358 Filio.
2740 5304 2898 5369 Nam,
2927 5309 3052 5379 quia
3102 5325 3207 5379 per
3262 5310 3483 5379 Filium,
3554 5330 3625 5370 ex

2047 5392 2205 5456 Filio,
2239 5403 2428 5450 etnon
2459 5397 2627 5452 veluti
2675 5412 2738 5451 ex
2776 5399 2946 5466 prima
2998 5414 3165 5459 causa
3230 5413 3286 5459 et
3333 5408 3626 5479 principio,

2048 5484 2208 5547 Filio,
2257 5489 2452 5557 etquis
2504 5504 2601 5558 per
2629 5488 2846 5553 Filium,
2911 5495 3184 5550 secundus
3246 5506 3333 5551 est
3385 5513 3415 5551 a
3457 5498 3621 5555 Filio.

2050 5577 2261 5632 Dictum
2293 5594 2472 5634 meum
2493 5595 2592 5636 sua
2626 5586 2950 5639 auctoritate
2989 5587 3043 5640 in
3069 5590 3405 5655 exponendis
3457 5592 3623 5649 rebus

2051 5670 2366 5740 tlieologieis
2425 5674 2658 5729 eximius
2708 5671 2990 5746 Nyssenus
3040 5681 3436 5748 eomprobabit,
3488 5685 3620 5739 dum

2050 5762 2315 5826 decernit,
2348 5781 2367 5814 ι
2403 5761 2749 5834 Prieintelligi
2774 5765 2912 5821 Filio
2932 5768 3144 5823 Patrem
3170 5772 3380 5829 ratione
3406 5789 3620 5846 causae;

2049 5857 2388 5928 praeintelligi
2432 5872 2562 5913 vero
2604 5857 2798 5913 Filium
2844 5864 3139 5918 secundum
3223 5881 3407 5922 causae
3448 5868 3621 5924 ratio-

3212 5965 3245 6025 6
