3974 6570
347 429 448 491 173

1369 420 1464 481 DE
1505 416 2027 480 PRUCESSIONE
2066 417 2127 476 s.
2171 382 2553 474 SPIRt'l‘US.

3494 409 3595 472 ΓΗ

340 535 560 604 Πατέρα
593 533 830 604 σχέσεως
883 531 958 602 μὴ
999 529 1391 599 ἀπειργούσης,
1434 547 1452 580 ι
1499 529 1600 581 οὐκ
1631 527 1808 594 ὀλίγαι
1844 524 1921 594 βέ-

2042 524 2264 578 riaturali
2319 540 2446 587 erga
2502 523 2720 576 Patrem
2757 521 3073 576 habitudine
3133 538 3238 575 non
3283 531 3524 588 arcente,
3574 542 3591 574 ι

341 626 460 678 ἧλοι
503 624 826 694 εὑρέθησαν,
876 621 935 686 ἐξ
973 615 1046 675 ὧν
1081 620 1442 695 διεγεγραπτο
1483 619 1564 682 τὸ,
1603 637 1622 670 ι
1656 618 1717 669 τὸ
1745 617 1802 670 δὲ
1829 616 1917 669 διὰ

338 713 434 766 τοῦ
471 711 754 783 προσεχῶς
783 712 846 762 ὲκ
879 710 972 762 τοῦ
1001 709 1244 780 πρώτου.

415 895 468 952 ι’.
501 897 610 950 Ka‘t
643 897 728 959 τίς
759 895 825 949 ἂν
849 895 909 949 οὐ
964 895 1213 964 διαγνοίη
1257 893 1452 947 Θεόθεν
1503 893 1768 962 ἐσφάλθαι
1793 893 1920 955 τοὺς

341 990 818 1060 διαγραψαμένους
857 989 915 1041 τὸ
949 989 1048 1059 τῆς
1077 987 1384 1059 περικοπῆς
1411 986 1611 1057 ταύτης
1636 987 1920 1056 τεμάχιον,

345 1085 444 1147 τὴν
481 1082 626 1151 ’ὃλην
682 1080 988 1150 περικοπὴν
1032 1081 1403 1150 ἀσυνάρτητον
1451 1081 1643 1150 ἑαυτῇ,
1676 1081 1770 1131 καὶ
1810 1081 1922 1139 τοῖς

346 1176 548 1241 ἑαυτῆς
582 1173 908 1242 ἀσύμφωνον
938 1172 1160 1243 μέρεσιν
1188 1171 1439 1224 ἐντεῦθεν
1469 1171 1778 1237 κατανοῶνς
1813 1170 1925 1225 Καὶ

344 1263 506 1316 τοῦτο
549 1263 614 1333 δὴ
658 1264 751 1316 τοῦ
796 1263 1020 1331 ἐλέγχου
1049 1263 1108 1315 τὸ
1148 1264 1434 1331 πρόδηλον,
1475 1263 1574 1333 τὴν
1605 1263 1866 1333 διαφορὰν
1898 1264 1927 1315 ὁ

345 1354 499 1422 ἅγιος
532 1354 625 1408 τοῦ
655 1355 712 1420 ἐξ
761 1355 940 1416 αἰτίας
983 1354 1135 1416 ὄντος
1165 1356 1243 1418 εἰς
1274 1355 1366 1406 δύο
1389 1353 1560 1407 ταῦτα
1599 1354 1813 1416 διεῖλεν,
1843 1353 1924 1405 ὅτι

343 1448 405 1500 τὸ
465 1447 562 1517 μὲν
612 1448 894 1517 προσεχῶς
939 1449 1002 1500 ὲκ
1053 1447 1144 1499 τοῦ
1204 1447 1441 1518 πρώτου,
1490 1448 1547 1499 ὲν
1579 1445 1684 1499 τίνι
1741 1446 1926 1500 λοιπὸν

342 1541 524 1607 ἀφῆκε
577 1539 675 1606 τὴν
721 1537 983 1608 διαφορὰν
1033 1537 1377 1608 θεωρεῖσθαι.
1416 1538 1522 1590 Καὶ
1580 1537 1702 1590 οὐδὲ
1748 1539 1927 1590 ὲκεῖνο

349 1631 579 1682 συνιδεῖν
613 1631 789 1698 ἔσχεν,
820 1631 891 1692 ὡς
927 1630 955 1681 ὀ
983 1631 1158 1697 λέγων
1191 1630 1251 1682 τὸ
1300 1630 1398 1698 μὲν
1431 1628 1712 1699 προσεχῶς
1739 1630 1802 1682 ὲκ
1833 1627 1926 1681 τοῦ

347 1723 570 1790 πρώτου
596 1723 734 1775 κατὰ
798 1723 979 1776 πᾶσαν
1018 1723 1327 1774 ἀπαιτεῖται
1367 1723 1612 1791 ἀνάγκην
1643 1722 1836 1785 είπεῖν,
1869 1720 1930 1773 τὸ

345 1815 403 1867 δὲ
437 1815 620 1883 ἔτερόν
647 1814 697 1866 τί
723 1816 837 1866 ἐστι
863 1814 1016 1882 παρά
1041 1815 1101 1866 τὸ
1132 1813 1434 1884 προσεχῶς.
1471 1815 1592 1876 Πῶς
1616 1815 1723 1884 γὰρ
1756 1813 1931 1876 ἄλλως

346 1908 447 1960 καὶ
480 1908 754 1978 συνδεθείη
783 1908 812 1959 ὁ
859 1907 1036 1975 λόγος,
1064 1907 1096 1976 ἢ
1141 1906 1256 1969 πῶς
1281 1908 1346 1960 ἂν
1389 1908 1423 1977 ή
1463 1907 1696 1978 διαφορὰ
1727 1907 1932 1978 θεωρη-

349 2000 473 2069 θείη
505 2000 612 2052 τῶν
662 1999 1050 2070 διαφερόντων,
1089 2000 1164 2069 μὴ
1217 1999 1312 2052 τοῦ
1361 1999 1460 2068 μὲν
1509 1999 1700 2062 οὕτως,
1727 1999 1820 2053 τοῦ
1873 2001 1933 2052 δὲ

347 2091 586 2166 ἐκείνως-
608 2091 857 2160 ἕχοντος;
896 2093 1007 2145 Καὶ
1037 2093 1069 2161 ἡ
1095 2091 1187 2144 τοῦ
1221 2091 1349 2144 Υίοῦ
1393 2091 1446 2143 δὲ
1482 2091 1748 2160 μεσιτεία,
1775 2092 1822 2143 εἰ
1859 2093 1933 2161 μὴ

347 2183 418 2235 δι’
449 2184 614 2236 αὑτοῦ
647 2183 731 2252 εἴη
764 2184 824 2236 τὸ
852 2183 1099 2251 Πνεῦμα,
1133 2183 1252 2246 πῶς
1300 2183 1366 2235 ἂν
1395 2183 1560 2252 ἑαυτῇ
1591 2183 1843 2250 φυλάξειε
1875 2183 1936 2236 τὸ

355 2274 666 2342 μονογενὲς,
702 2276 793 2326 καὶ
824 2277 884 2326 τὸ
911 2274 1134 2343 Πνεῦμα
1163 2273 1262 2342 τῆς
1288 2274 1420 2343 πρὸς
1451 2275 1540 2326 τὸν
1575 2275 1793 2343 Πατέρα
1829 2291 1933 2341 φυ-

357 2364 517 2432 σικῆς
558 2365 657 2416 οῦκ
703 2365 985 2431 ἀπείρξειε
1039 2366 1317 2436 σχέσεωςς
1367 2362 1552 2434 ὐρᾷς,
1596 2367 1624 2416 ό
1669 2364 1838 2416 θέλων
1877 2366 1934 2416 ὲν

359 2453 614 2527 εὐθύτητι
650 2457 964 2511 διασκοπεῖν
989 2460 1060 2510 τὰ
1107 2460 1232 2528 περὶ⁵
1265 2451 1339 2510 ὧν
1363 2459 1390 2509 ὁ
1423 2457 1578 2525 λόγος
1604 2458 1756 2528 ἡμῖν,
1783 2457 1934 2520 ὅπως

358 2549 493 2602 αὐτὸ
527 2551 587 2602 τὺ
614 2551 713 2620 τῆς
746 2551 1002 2621 ἀληθείας
1032 2551 1264 2622 ἔσφαλλε
1298 2549 1522 2618 Πνεῦμα
1551 2553 1674 2614 τοὺς
1698 2552 1797 2621 τὴν
1832 2569 1937 2602 πλ-

360 2637 642 2710 ραφθοράν
673 2641 1104 2712 μηχανωμένους
1127 2643 1235 2693 τῶν
1265 2640 1552 2710 γραφικῶν
1586 2628 1802 2710 ῥήσεων
1843 2640 1936 2692 ἐπὶ

359 2737 723 2802 συγκροτήσει
755 2734 848 2787 τοῦ
889 2734 1342 2806 ἐκκλησιαστικοῦ
1375 2733 1673 2804 σχίσματος
1702 2750 1716 2798 ;

436 3023 526 3072 ια’.
564 3018 672 3070 Καὶ
695 3017 758 3086 δὴ
795 3016 986 3071 σκόπει
1013 3017 1250 3080 κάκεῖνο,
1282 3018 1420 3087 ὅπερ
1459 3015 1517 3070 εν
1541 3032 1647 3070 τινι
1675 3015 1784 3069 τῶν
1815 3015 1934 3068 κατ’

360 3111 629 3180 Εἶινομίου
697 3111 1102 3181 ἀντιρῤητικὼν
1164 3109 1476 3178 κεφαλαίων
1530 3107 1626 3162 τοῦ
1699 3109 1935 3180 μεγάλου

2025 634 2131 669 non
2165 633 2336 686 pauca
2368 619 2638 670 volumina
2674 628 2885 686 reperta
2923 627 3070 679 sunt,
3111 632 3178 670 ex
3209 617 3410 685 quibus
3435 617 3592 677 illud.

2029 730 2046 760 ι
2090 710 2174 761 hic
2212 724 2336 761 vero
2373 726 2437 761 ex
2463 725 2549 774 eo,
2574 711 2664 779 qui
2727 722 2808 764 est
2870 708 3181 763 immediate
3212 725 3278 764 ex
3345 710 3541 779 primo,
3577 729 3593 762 ι

2025 801 2300 853 sublatum
2333 809 2472 856 erat.

2110 893 2197 946 lO.
2233 892 2297 946 Et
2321 894 2443 961 quis
2474 908 2580 945 non
2610 893 2963 958 discerneret,
2992 908 3021 947 a
3051 892 3182 958 Deo,
3213 891 3306 963 qui
3339 894 3603 963 segmenti

2029 986 2258 1054 hujusce
2315 985 2636 1054 particulam
2686 986 3048 1052 sustulerunt,
3103 987 3156 1040 in
3208 1002 3450 1039 errorem
3507 987 3606 1038 ab-

2027 1079 2225 1133 ductos
2261 1077 2450 1140 fuisse,
2493 1087 2830 1164 segmentum
2860 1077 3172 1132 universum
3207 1078 3311 1131 sibi
3353 1077 3456 1146 ipsi
3495 1093 3602 1131 non

2027 1172 2331 1233 coluerens,
2361 1179 2415 1223 et
2446 1168 2561 1223 suis
2592 1170 2839 1237 partibus
2865 1168 3088 1222 minime
3111 1173 3452 1224 concordatis
3481 1171 3605 1223 inde

2029 1263 2376 1332 percipiens?
2416 1260 2481 1315 Et
2510 1278 2575 1315 en
2633 1262 3170 1330 manifestissimum2
3209 1261 3608 1331 redargutionis

2029 1364 2209 1425 caput.
2245 1355 2389 1409 Illius
2438 1355 2531 1424 qui
2563 1369 2624 1406 ex
2653 1369 2816 1407 causa
2863 1363 2966 1415 est,
3003 1354 3364 1407 dim-rendam
3403 1356 3452 1407 in
3506 1355 3605 1408 ista

2029 1449 2140 1503 duo
2173 1460 2398 1503 sanctus
2427 1448 2611 1501 divisit
2642 1463 2658 1500 :
2685 1448 2914 1499 alterum
2961 1461 3152 1514 nempe
3185 1448 3499 1500 immediate
3541 1463 3606 1500 ex

2033 1543 2236 1611 primo,
2287 1541 2339 1593 in
2374 1554 2485 1608 quo
2521 1554 2651 1592 vero
2695 1551 2746 1592 et
2802 1539 3096 1592 discrimen
3143 1537 3607 1593 considerandum

2031 1635 2271 1703 reliquit.
2342 1635 2529 1702 Neque
2586 1633 2719 1686 illttd
2785 1632 3250 1701 comprebemlere
3297 1632 3487 1699 potuit,
3524 1631 3609 1684 di-

2033 1727 2266 1790 centem,
2309 1727 2396 1779 hic
2430 1725 2576 1778 eitiru
2605 1725 2919 1778 immediate
2950 1740 3014 1777 ex
3055 1724 3252 1793 prium,
3295 1727 3610 1778 necessario

2037 1821 2154 1888 cogi
2199 1820 2329 1872 illud
2377 1819 2540 1872 etiam
2602 1818 2781 1883 fateri,
2822 1819 3050 1872 alterum
3103 1817 3234 1886 quid
3280 1820 3372 1879 sit.
3415 1817 3612 1873 distin-

2035 1923 2180 1966 ctum
2227 1913 2294 1967 ab
2319 1928 2405 1978 eo,
2443 1911 2587 1981 quod
2637 1913 2949 1965 immediate
2975 1924 3075 1966 est.
3106 1911 3226 1976 Quo
3274 1911 3417 1965 enim
3451 1921 3611 1980 pacto

2034 2004 2188 2057 aliter
2215 2002 2391 2056 oratio
2437 2001 2824 2071 colligabitur?
2860 2002 2940 2054 vel
2995 2003 3272 2072 quomodo
3313 2003 3610 2057 discrimen

2038 2097 2172 2148 inter
2199 2110 2260 2149 se
2293 2093 2662 2148 diiTct'enlittttt
2698 2094 3052 2164 intelligetur,
3094 2096 3196 2149 nisi
3241 2097 3329 2148 hic
3387 2098 3608 2164 quidem

2037 2187 2162 2250 hoc,
2218 2186 2358 2240 alius
2420 2185 2511 2238 illo
2544 2185 2704 2238 modo
2765 2200 2823 2239 se
2880 2186 3102 2238 habeat?
3141 2183 3206 2238 Et
3239 2185 3358 2238 Filii
3392 2202 3610 2254 quoque

2038 2278 2330 2341 mediatio,
2382 2277 2427 2331 si
2482 2293 2575 2347 per
2608 2293 2731 2330 eum
2773 2276 3012 2346 Spiritus
3054 2293 3160 2332 non
3213 2289 3314 2340 est,
3337 2280 3613 2347 quomodo

2035 2370 2137 2424 sibi
2164 2370 2506 2438 unigenitum
2547 2370 2916 2433 conservabit,
2937 2379 2988 2422 et
3030 2368 3291 2438 Spiritum
3317 2383 3347 2422 a
3379 2372 3615 2424 naturali

2036 2461 2101 2514 ad
2128 2460 2338 2513 Patrem
2381 2461 2700 2515 habitudine
2729 2478 2832 2514 non
2867 2462 3105 2515 arcebit?
3131 2460 3310 2527 Vides,
3345 2462 3436 2531 qui
3468 2473 3616 2518 ret-ta

2037 2561 2220 2606 mente
2253 2552 2390 2614 haec,
2417 2553 2482 2605 de
2511 2553 2710 2621 quibus
2743 2553 2904 2606 nobis
2943 2567 3124 2605 sermo
3144 2561 3247 2614 est,
3272 2555 3615 2617 consideras,

2037 2644 2299 2717 aSitiritu
2348 2647 2595 2699 veritatis
2642 2644 2698 2699 in
2748 2660 2993 2700 errorem
3044 2645 3308 2700 abductos
3362 2662 3479 2709 eos,
3521 2663 3616 2716 qut

2038 2733 2308 2786 dictorum
2341 2734 2546 2800 scripto
2577 2735 2904 2786 traditarum
2942 2735 3354 2802 corruptionem
3404 2738 3616 2791 maelii-

2041 2833 2260 2886 nantur,
2312 2823 2378 2877 ad
2409 2824 2902 2878 constabiliendum
2976 2824 3410 2880 ecclesiasticum
3466 2829 3615 2882 schi-

2043 2932 2160 2970 sma
2187 2913 2210 2968 ?

2114 3005 2200 3057 ll.
2235 3005 2371 3058 lllud
2408 3006 2532 3059 item
2560 3006 2850 3074 perpende,
2875 3008 3020 3077 quod
3071 3010 3123 3064 in
3159 3027 3268 3066 uno
3315 3029 3381 3067 ex
3428 3013 3615 3066 Antir-

2041 3095 2262 3152 rheticis
2290 3098 2555 3153 adversus
2589 3099 2918 3156 Eunomium
2963 3104 3228 3172 rapitibns
3255 3108 3437 3176 magni
3463 3106 3618 3161 Basi-

360 3204 588 3273 εὓρηται
618 3203 920 3266 Βασιλείου,
949 3204 1006 3256 ἐν
1029 3195 1072 3272 ᾧ
1095 3205 1122 3256 ό
1156 3203 1255 3275 μὲν
1285 3202 1440 3271 ἅγιος
1473 3203 1624 3275 παρὰ
1651 3202 1760 3255 τῶν
1789 3204 1935 3256 ἀντι-

2042 3187 2095 3242 lii
2120 3191 2415 3258 reperitur,
2449 3194 2499 3246 in
2536 3210 2646 3263 quo
2704 3212 2825 3248 cum
2863 3207 3087 3250 sanctus
3116 3198 3387 3267 ohjectum
3420 3200 3520 3255 sibi
3551 3203 3619 3255 ab

361 3295 629 3362 λ;γ6ντων
664 3294 812 3364 αύτῷ
861 3295 1238 3365 διαπορηθεὶς,
1278 3314 1295 3345 ι
1333 3296 1430 3347 Διὰ
1478 3293 1530 3346 τί
1586 3294 1660 3364 μὴ
1723 3295 1938 3362 λέγεται

363 3391 459 3440 καὶ
491 3389 551 3440 τὸ
588 3386 812 3457 Πνεῦμα
846 3386 973 3451 Υἱὸς
1016 3388 1107 3441 τοῦ
1133 3387 1298 3452 Υἱοῦς
1339 3405 1356 3438 ι
1393 3387 1664 3456 ἀπεκρίθη
1693 3389 1773 3439 ὅτι
1807 3405 1824 3438 ι
1865 3388 1936 3441 Οὐ

361 3481 451 3533 διὰ
484 3483 544 3532 τὸ
576 3480 652 3550 μὴ
681 3477 820 3533 εἶναι
853 3481 918 3532 ἐκ
963 3481 1098 3533 Θεοῦ
1127 3479 1192 3532 δι’
1223 3479 1375 3544 Υἱοῦ,
1415 3479 1551 3531 ἀλλά
1588 3480 1673 3532 ἵνα
1701 3481 1734 3548 ἡ
1773 3480 1940 3547 Τριὰς

364 3573 440 3640 μὴ
470 3571 701 3640 κομισθῇ
752 3570 952 3639 πλῆθος
981 3569 1231 3639 ἄπειρον,
1267 3568 1427 3630 Υἱοῦς
1459 3567 1517 3633 ἐξ
1551 3567 1713 3630 Υἱῶν,
1745 3567 1819 3629 ὡς
1849 3569 1942 3620 καὶ

363 3663 422 3712 ἐν
461 3662 773 3730 ἀνθρώποις
803 3662 948 3730 ἔχειν
991 3659 1412 3714 ὑποπτευθεῖσα.
1455 3677 1472 3710 ι
1523 3659 1588 3711 Ἢ
1633 3658 1692 3710 δὲ
1734 3658 1942 3710 ἀντίθε-

361 3772 456 3818 τος
483 3759 645 3826 μοῖρα
675 3755 784 3808 τῶν
812 3756 879 3808 δι’
913 3756 1042 3808 Υἰοῦ
1075 3755 1341 3823 λεγόντων
1372 3748 1511 3808 εἶναι
1541 3755 1602 3806 τὸ
1632 3752 1854 3821 Πνεῦμα
1884 3752 1942 3804 ἕν

364 3863 472 3901 τισι
491 3846 694 3917 βίϐλοις
724 3849 804 3912 τὸ,
835 3849 939 3902 «οὺ
968 3849 1054 3902 διὰ
1075 3850 1134 3900 τὸ
1159 3849 1232 3920 μὴ
1251 3846 1390 3901 εἶναι
1416 3851 1480 3902 ὲκ
1499 3847 1632 3900 Θεοῦ
1659 3847 1726 3902 δι’
1751 3847 1932 3911 Υίοῦ,ι

367 3940 445 4012 μὴ
471 3939 891 4009 διαγράψαντες,
938 3939 1201 4010 ἔγραψαν.
1233 3940 1296 3992 Τί
1331 3941 1440 4010 γὰρ
1479 3941 1786 4010 συμϐάλλον
1839 3942 1939 3994 αὺ-

363 4036 476 4094 τοῖς
527 4028 593 4102 ἦν
630 4033 710 4095 είς
766 4034 1115 4102 κατασκευὴν
1161 4032 1488 4096 ἀποδείξεως
1539 4033 1676 4103 τάχα
1715 4031 1809 4084 τοῦ
1865 4033 1940 4103 μὴ

363 4120 506 4178 εἶναι
537 4123 600 4176 τὸ
633 4123 857 4194 Πνεῦμα
885 4123 972 4176 διὰ
997 4123 1092 4176 τοῦ
1123 4121 1275 4187 Υίοῦ,
1302 4123 1397 4176 ἐὰν
1423 4127 1452 4176 ὁ
1473 4125 1626 4194 ἅγιος
1657 4125 1942 4193 διαπορούι-

369 4229 554 4284 μενος,
587 4213 737 4266 Διατί
771 4213 846 4284 μὴ
891 4215 986 4268 καὶ
1021 4215 1081 4268 τὸ
1111 4214 1330 4284 Πνεῦμα
1359 4215 1483 4278 Υἱὸς
1513 4215 1604 4268 τοῦ
1639 4217 1803 4282 Υίοῦς
1836 4218 1940 4288 ἔφη

364 4308 448 4360 ὅτι
479 4307 553 4359 Οὐ
582 4305 674 4358 διὰ
693 4306 754 4360 τὸ
781 4302 918 4360 εἶναι
945 4308 1009 4360 ὲκ
1030 4305 1163 4360 Θεοῦ
1185 4308 1251 4360 δι’
1281 4306 1431 4373 Υἱοῦ,
1455 4307 1565 4361 ἀλλ³
1598 4310 1682 4361 ἶνα
1705 4311 1738 4379 ἡ
1772 4309 1941 4379 Τριάς

367 4399 448 4468 μὴ
480 4398 712 4468 νομισθῇ
747 4398 950 4468 πλῆθος
993 4397 1237 4470 ἄπειρον.
1287 4417 1305 4449 ι
1345 4399 1570 4469 Στῆσον,
1613 4401 1940 4470 παρακαλῶ,

365 4490 518 4552 ὅστις
542 4489 610 4543 ἀν
656 4489 794 4558 εἴης,
821 4490 850 4542 ὁ
881 4490 1016 4559 πρὸς
1060 4488 1156 4559 τὴν
1187 4489 1475 4556 διάγνωσιν
1505 4491 1612 4542 τῶν
1658 4491 1940 4562 παρόντων

2043 3284 2372 3337 adversariis
2400 3283 2637 3347 dilucns,
2679 3305 2697 3337 ι
2727 3286 2908 3352 Quare
2931 3304 3039 3341 non
3072 3289 3269 3343 dieitur
3295 3301 3346 3344 et
3379 3290 3620 3361 Spiritus

2045 3373 2212 3428 Filius
2257 3375 2415 3429 Filii?
2449 3395 2466 3426 ι
2503 3380 2777 3444 respondit
2821 3397 2834 3433 z
2878 3398 2894 3429 (
2938 3378 3225 3451 Nonquod
3259 3399 3366 3437 non
3430 3385 3500 3438 sit
3549 3402 3616 3441 ex

2043 3467 2153 3521 Deo
2184 3485 2280 3538 per
2305 3467 2524 3532 Filium,
2575 3472 2670 3524 sed
2729 3487 2795 3525 ne
2832 3470 3073 3525 Trinitas
3124 3475 3416 3529 multitudo
3454 3477 3618 3530 innu-

2046 3575 2193 3613 mera
2237 3571 2596 3630 l‘t'plllal'Cllll‘,
2630 3562 2780 3618 Filiis
2821 3581 2884 3616 ex
2932 3564 3103 3628 Filiis,
3153 3569 3615 3635 quemadmodum

2044 3661 2098 3706 et
2125 3653 2178 3705 in
2215 3654 2526 3708 hominibus
2553 3671 2650 3708 usu
2690 3657 2855 3721 venit,
2890 3657 3221 3726 cogitatione
3249 3662 3616 3729 comproben-

2045 3745 2140 3799 sis.
2174 3763 2192 3795 ι
2242 3743 2440 3800 Verum
2501 3763 2627 3815 pars
2672 3747 2775 3801 illis
2830 3749 3076 3812 adversa,
3123 3751 3218 3819 qui
3277 3768 3370 3820 per
3419 3753 3616 3808 Filium

2044 3848 2299 3894 asserunt
2358 3856 2479 3895 esse
2543 3840 2834 3910 Spiritum,
2871 3842 2924 3896 in
2983 3844 3262 3899 nonnullis
3307 3847 3614 3912 codicibus,

2049 3947 2068 3979 ι
2104 3929 2218 3984 Non
2245 3931 2385 4000 quod
2409 3948 2516 3986 non
2542 3935 2611 3986 sit
2635 3949 2699 3987 ex
2724 3932 2834 3988 Deo
2859 3934 3192 4010 pet‘Filium,
3232 3957 3250 3989 ι
3281 3941 3616 4005 amittentes,

2044 4023 2250 4092 reliqua
2282 4023 2704 4093 tiescripserunt.
2737 4026 2839 4079 Sed
2869 4027 2999 4096 quid
3055 4030 3272 4084 tandem
3327 4032 3460 4100 ipsis
3488 4050 3620 4086 con-

2043 4117 2245 4170 ducere
2279 4128 2466 4184 posset
2523 4117 2592 4172 ad
2635 4119 3148 4186 demonstrandum,
3197 4123 3461 4192 Spiritum
3511 4142 3617 4179 non

2042 4225 2163 4262 esse
2187 4224 2280 4277 per
2307 4208 2526 4272 Filium,
2555 4210 2600 4264 si
2639 4221 2861 4267 sanctus
2891 4211 3116 4267 dubium
3153 4216 3393 4281 solvens,
3422 4233 3620 4286 «quare

2044 4316 2152 4356 non
2181 4313 2234 4355 et
2267 4301 2502 4370 Spiritus
2524 4301 2691 4356 Filius
2718 4303 2838 4356 Filii
2867 4304 3108 4358 dicitur?
3153 4324 3172 4356 ι
3207 4307 3366 4373 dixit,
3413 4324 3432 4358 ι
3500 4307 3617 4362 Non

2043 4393 2188 4462 quod
2231 4408 2340 4448 non
2380 4393 2450 4448 sit
2484 4409 2550 4447 ex
2581 4392 2692 4448 Deo
2741 4411 2837 4464 per
2879 4393 3098 4458 Filium.
3129 4399 3225 4451 sed
3258 4415 3325 4452 ne
3375 4397 3618 4455 Trinitas

2046 4485 2337 4540 multitudo
2395 4487 2680 4540 innumera
2752 4496 3120 4555 reputaretur.
3159 4507 3178 4540 ι
3261 4488 3616 4560 Suspendito,

366 4583 541 4644 διδοὺς
585 4581 802 4644 ἑαυτὸν,
855 4581 1076 4652 ἀρρεπῆ
1116 4581 1214 4651 τῆς
1271 4581 1612 4648 διαγνώσεως
1667 4586 1734 4634 τα
1774 4583 1935 4650 ζυγὰ,

2045 4593 2256 4646 precor,
2285 4577 2596 4647 quicunque
2621 4595 2700 4641 es,
2731 4588 2821 4648 qui
2877 4579 2940 4632 ad
2995 4595 3174 4634 rerum
3213 4581 3406 4636 harum
3430 4584 3618 4654 cogni.

369 4674 463 4726 καὶ
491 4671 750 4740 διάγνωθι
795 4669 953 4724 ποίαν
997 4669 1110 4739 ἔχει
1157 4670 1256 4739 τὴν
1309 4669 1632 4723 ἀκολουθίαν
1672 4672 1807 4741 πρὸς
1841 4673 1942 4741 τὴν

367 4765 639 4834 ἐρώτησιν
667 4765 702 4834 ἡ
755 4762 1065 4834 ἀπόκρισις.
1112 4762 1173 4814 Εί
1221 4762 1296 4830 μὴ
1337 4757 1405 4832 ἦν
1451 4760 1941 4832 δεδογματισμένον

367 4858 458 4911 διὰ
485 4857 579 4910 τοῦ
633 4855 786 4920 Υίοῦ,
828 4856 922 4907 καὶ
965 4858 1029 4907 ὲκ
1081 4853 1172 4906 τοῦ
1205 4853 1334 4906 Υἰοῦ
1387 4850 1525 4906 εἶναι
1571 4854 1632 4906 τὸ
1690 4854 1938 4923 Πνεῦμα,

370 4952 490 5012 πῶς
545 4949 611 5004 ἂν
643 4949 672 5001 ὁ
719 4949 1000 5017 ἀπορήσας
1047 4946 1318 5016 ἠπόρησε,
1351 4963 1370 4996 ι
1417 4945 1568 4998 Διατί
1603 4945 1682 5016 μὴ
1731 4946 1825 4997 καὶ
1881 4947 1943 5000 τὸ

372 5042 603 5112 Πνεῦμα
647 5039 774 5102 Υἱὸς
802 5040 902 5093 τοῦ
944 5036 1109 5105 Υίοῦ;
1151 5056 1169 5089 ι
1201 5040 1266 5090 Ai
1308 5037 1406 5106 τῆς
1452 5038 1686 5106 ἀπορίας
1741 5038 1944 5108 ταύτης

369 5137 620 5208 ἀφορμαὶ
668 5133 838 5186 πόθεν
883 5132 1171 5202 γεγόνασιν
1217 5131 1455 5198 ἄλλοθεν,
1490 5134 1571 5183 ὅτι
1623 5131 1704 5201 μὴ
1731 5133 1796 5184 ὲκ
1847 5131 1941 5184 τοῦ

366 5226 749 5298 ὁμολογεῖσθαι
771 5225 860 5278 διὰ
877 5225 972 5278 τοῦ
1000 5223 1134 5277 Υίοῦ
1165 5219 1306 5277 εἶναι
1333 5224 1392 5277 τὸ
1415 5224 1637 5294 Πνεῦμα
1661 5223 1722 5275 τὸ
1752 5224 1940 5292 ἂγιον;

369 5318 436 5372 Εἰ
462 5319 576 5388 γὰρ
608 5316 686 5388 μὴ
712 5317 802 5369 διὰ
832 5315 928 5368 τοῦ
960 5313 1091 5368 Υἱοῦ
1139 5309 1209 5385 ἦν
1246 5313 1674 5384 διαπορούμενος
1711 5315 1739 5366 ό
1765 5315 1942 5381 ἅγιος.

375 5428 395 5462 ι
426 5411 576 5462 Διατί
619 5411 696 5479 μὴ
724 5411 818 5462 καὶ
843 5408 902 5460 τὸ
931 5405 1156 5475 Πνεῦμα
1189 5407 1312 5468 Υἱὸς
1334 5405 1425 5459 τοῦ
1458 5405 1621 5469 Υίςῦς
1664 5425 1682 5457 ι
1712 5407 1944 5476 ἑτοίμως

364 5506 435 5558 ἂν
466 5504 557 5557 καὶ
606 5501 758 5574 μάλα
799 5499 1014 5571 γοργῶς
1065 5501 1166 5566 τὴν
1218 5498 1451 5568 ἀπορίαν
1497 5498 1945 5567 ἀποκρούσασθαι

367 5594 535 5664 εἶχεν.
565 5595 1076 5662 ἀπολογησάμενος,
1106 5591 1196 5644 διὰ
1240 5591 1302 5643 τὸ
1339 5589 1414 5660 μὴ
1445 5585 1583 5642 εἶναι
1615 5589 1684 5641 δι’
1722 5588 1876 5651 Υίοῦ,
1909 5591 1944 5661 ἢ

365 5688 430 5753 εξ
459 5689 614 5742 Υιοῦ.
649 5687 710 5740 ’0
755 5688 811 5740 δὲ
858 5688 920 5740 τὸ
955 5687 1054 5758 μὲν
1084 5687 1151 5740 δι’
1194 5685 1324 5739 Υἰοῦ
1376 5683 1602 5739 εἶναιτὸ
1631 5685 1852 5754 Πνεῦμα
1879 5687 1943 5738 ὲκ

365 5782 468 5850 τῆς
493 5779 758 5852 λεγούσης
789 5781 922 5834 αὐτὸ
953 5780 1174 5852 Πνεῦμα
1203 5778 1334 5833 Υίοῦ
1367 5779 1730 5847 ἀποστολικῆς
1758 5777 1943 5846 φωνῆς

368 5872 654 5944 σαφηνίζει
705 5871 1076 5938 συνίστασθαι,
1135 5877 1266 5943 πρλς
1322 5871 1378 5923 δὲ
1429 5871 1527 5939 τὴν
1584 5871 1704 5932 Υἱὸς
1763 5869 1944 5939 φωνὴν

2049 4671 2252 4723 tionem
2283 4671 2525 4724 animum
2553 4670 3014 4736 advertis,justas
3049 4674 3376 4742 c03iiitionis
3409 4675 3617 4742 lances,

2045 4761 2455 4830 discernitoque
2496 4762 2773 4830 quomodo
2825 4763 3146 4832 adaequatur
3204 4763 3618 4836 interrogationi

2043 4855 2352 4921 responsio.
2391 4851 2508 4906 Nisi
2554 4853 2834 4908 decretum
2894 4865 3060 4918 esset,
3103 4863 3158 4909 et
3197 4857 3353 4924 plane
3398 4858 3450 4910 in
3489 4874 3621 4913 cono

2046 4944 2232 5010 fessis,
2258 4960 2352 5014 per
2392 4943 2590 4998 Filium
2642 4953 2697 4999 et
2724 4961 2786 4998 ex
2816 4944 2954 5000 Filio
3005 4963 3127 5000 esse
3177 4946 3462 5015 Spiritum,
3510 4965 3618 5018 qua

2047 5037 2256 5091 ratione
2285 5038 2608 5101 dubitasset,
2640 5039 2733 5106 qui
2765 5037 2993 5092 dubtum
3022 5039 3208 5104 movit,
3240 5058 3260 5091 ι
3296 5038 3477 5104 Quare
3510 5057 3619 5097 non

2046 5140 2098 5184 ct
2128 5131 2362 5198 Spiritus
2423 5130 2545 5184 Filii
2597 5131 2820 5185 Filius?
2864 5149 2882 5183 ι
2945 5130 3350 5188 Dubitationem
3392 5133 3623 5204 hujusce

2046 5238 2226 5278 Causae
2255 5223 2504 5276 undenan
2538 5223 2645 5277 alio
2669 5233 2875 5277 exortae
2903 5233 3054 5286 sunt,
3081 5241 3247 5294 quam
3281 5241 3345 5280 ex
3377 5242 3444 5280 eo
3475 5228 3631 5296 quod

2049 5317 2416 5371 indubitatum
2447 5326 2592 5379 erat,
2644 5332 2739 5385 per
2773 5315 2973 5371 Filium
3025 5333 3148 5372 esse
3179 5317 3445 5388 Spiritum
3498 5335 3626 5374 san-

2047 5408 2234 5462 ctum?
2262 5407 2502 5476 Namque
2543 5408 2588 5460 si
2615 5423 2680 5462 ex
2714 5407 2854 5461 Filio
2902 5423 3012 5462 non
3056 5419 3196 5481 emt,
3251 5410 3622 5478 interrogatus

2048 5511 2291 5563 sanctus,
2331 5519 2348 5552 ι
2391 5483 2571 5566 Quare
2612 5517 2724 5555 non
2775 5511 2829 5554 cl.
2875 5499 3118 5571 Spiritus
3163 5501 3288 5556 Filii
3333 5498 3552 5557 Filius?
3596 5519 3614 5550 ι

2049 5605 2297 5665 prompte
2323 5597 2565 5664 quidem.
2615 5606 2670 5648 et
2698 5596 2995 5648 admodum
3031 5596 3233 5649 acriter
3266 5595 3496 5649 dubium
3532 5609 3622 5648 re-

2045 5687 2290 5754 iecisset,
2318 5687 2722 5754 respondendo,
2749 5685 2896 5754 quod
2933 5702 3040 5738 non
3071 5694 3222 5740 esset
3261 5700 3356 5755 per
3394 5682 3620 5750 Filium,

2049 5789 2147 5831 aut
2172 5795 2234 5834 ex
2267 5779 2423 5832 Filio.
2461 5777 2568 5834 Sed
2620 5779 2710 5833 ille
2772 5779 3040 5848 Spiritum
3109 5779 3332 5849 quidem
3371 5791 3494 5833 esse
3524 5791 3622 5847 per

2051 5869 2246 5926 Filium
2273 5912 2286 5934 ,
2322 5870 2623 5925 aﬂirmante
2673 5871 2824 5926 illum
2881 5871 3142 5943 Spiritum
3172 5871 3293 5927 Filii
3317 5871 3615 5943 apostolica
