3974 6594
441 402 548 469 Πδ
1470 408 1683 472 JOAN.
1722 408 1940 472 VECCI
1978 408 2089 469 cr.
2129 409 2641 472 mmmam
3586 413 3686 475 176
3736 502 3747 505 _

434 529 601 590 Voce,
643 522 984 594 apertissime
1017 524 1358 595 comprobat,
1404 526 1499 579 sed
1558 526 1625 580 de
1651 540 1791 580 voce
1831 522 2001 580 Filius

2110 527 2590 598 διαγωνιζόμενος,
2614 529 2705 582 καὶ
2735 528 2893 597 λόγον
2922 529 3119 593 διδοὺς,
3156 528 3299 584 διατί
3326 529 3403 602 μὴ
3436 529 3564 596 Υἱὸς
3595 534 3683 585 τοῦ

435 616 744 679 decertans,
767 625 820 670 et
851 616 1123 670 rationem
1162 616 1413 679 reddens,
1473 630 1642 687 quare
1674 631 1787 671 non
1835 614 2001 673 Filius

2113 617 2250 671 Υἱοῦ
2274 618 2335 671 τὸ
2363 618 2453 672 διὰ
2480 618 2574 672 τοῦ
2612 619 2740 673 Υῑοῦ
2782 619 3027 690 ὑπάρχον
3053 620 3271 687 λέγεται
3305 620 3557 691 Πνεῦμα;
3594 623 3686 675 οῦ-

436 702 583 767 Filii,
615 705 708 774 qui
748 721 844 774 per
871 704 1068 758 Filium
1097 715 1198 769 est,
1233 704 1467 774 Spiritus
1517 720 1625 760 non
1659 705 1898 760 dicitur?
1931 706 2001 762 sic

2109 728 2217 775 τως
2248 711 2375 782 ἔφη’
2418 712 2667 783 Λέγομεν
2699 710 2793 768 οὖν
2827 715 2909 767 δτι
2967 714 3027 768 τὸ
3070 715 3245 767 εἰπεῖν
3295 712 3426 766 Υῐδν
3453 714 3512 778 ἐξ
3558 712 3686 767 Υἱοῦ

437 798 759 866 respondit:
799 797 1040 852 Dicimus
1099 797 1304 867 itaque,
1381 813 1627 853 asserere
1698 797 1894 852 Filium
1942 814 2008 854 ex

436 890 598 957 Filio,
631 889 954 946 Trinitatem
986 892 1203 946 deitatis
1241 892 1607 947 multitudinis
1645 892 2007 960 suspicionem

435 982 682 1052 ingerere
706 982 1040 1047 hominibus,
1081 983 1174 1053 qui
1208 983 1321 1037 ltzrc
1342 984 1589 1037 audiunt.
1637 983 1693 1036 In
1758 994 2009 1054 promptu

434 1076 577 1129 enim
610 1085 725 1129 erat
753 1074 1066 1144 concipere,
1133 1076 1179 1129 si
1218 1074 1390 1131 Filius
1452 1092 1515 1130 ex
1568 1075 1706 1131 Filio
1748 1077 2006 1144 nascitur,

434 1177 487 1222 et
514 1183 580 1221 ex
609 1168 708 1221 ltoc
726 1182 917 1221 rursus
941 1167 1082 1221 alius
1132 1182 1443 1237 generatur,
1476 1169 1712 1239 itemque
1750 1169 1889 1223 alius
1912 1210 1927 1236 ,
1955 1175 2011 1224 et

434 1260 514 1313 sic
569 1258 851 1327 deinceps,
878 1259 1111 1311 tiliorum
1158 1275 1420 1314 numerus
1456 1261 1838 1330 adaugeretnr.
1903 1261 2008 1315 Sed

434 1350 864 1420 unumquodque
895 1351 949 1402 in
1001 1350 1200 1405 Triade
1234 1366 1401 1404 unum
1438 1360 1646 1405 tantum
1705 1368 2009 1419 agnoscen-

432 1442 561 1497 dum
592 1451 675 1496 est
710 1460 725 1496 :
759 1456 995 1510 namque
1053 1457 1192 1495 unus
1227 1442 1411 1510 Pater,
1456 1458 1596 1498 unus
1643 1442 1834 1508 Filius,
1866 1459 2008 1499 unus

434 1532 672 1604 Spiritus
690 1543 933 1589 sanctus.
969 1534 1034 1588 Et
1070 1535 1181 1589 haec
1221 1536 1438 1606 quidem
1488 1536 1542 1589 in
1581 1537 1747 1592 rebus
1803 1537 2007 1591 divinis

430 1628 664 1681 eximius
688 1626 945 1690 Basilius,
980 1644 1102 1697 quae
1127 1628 1260 1682 satis
1326 1644 1601 1698 superque
1624 1669 1640 1693 ,
1671 1642 1726 1683 nt
1780 1631 2003 1699 opinor,

424 1720 539 1788 jam
580 1718 741 1771 dicta:
812 1719 1095 1772 sententiae
1165 1721 1572 1788 corruptionem
1646 1721 2004 1791 redarguunt.

503 1808 593 1863 l2.
618 1807 786 1864 Nobis
813 1824 977 1879 porro
1002 1818 1055 1864 et
1100 1811 1325 1865 alterius
1359 1828 1575 1882 quoque
1619 1814 1754 1868 dicti
1809 1816 2001 1884 scripti

2110 800 2206 873 τὴν
2243 803 2449 874 Τριάδα
2476 804 2570 874 τῆς
2593 804 2840 875 θεότητος
2870 806 2950 868 εις
2981 804 3217 875 πλήθους
3246 804 3481 872 ὑποψίαν
3514 822 3686 873 προσο

2111 894 2244 963 ῆγεν
2297 895 2611 965 ἀνθρώποις
2653 895 2979 949 ἀκούσασιν.
3017 895 3273 964 Ἔτοιμον
3304 894 3413 965 γὰρ
3457 891 3525 964 ἦν
3562 896 3688 948 ὑπο-

2109 985 2293 1039 λαόεἶν
2325 988 2420 1051 ὡς,
2474 987 2631 1061 εἴπερ
2674 988 2799 1051 Υἱὸς
2847 988 2905 1053 ἐξ
2932 987 3064 1041 Υἱοῦ
3097 991 3438 1058 γεγέννηται,
3488 989 3583 1040 καί
3626 989 3688 1041 ἐκ

2108 1078 2301 1132 τούτου
2334 1080 2499 1133 πάλιν
2527 1081 2711 1148 ἔτερος
2741 1080 2807 1135 ἂν
2831 1082 2917 1152 εἴη
2949 1081 3368 1149 γεγεννημένος,
3412 1081 3506 1133 καὶ
3531 1080 3687 1132 πάλιν

2109 1170 2289 1237 ἄλλος,
2324 1172 2419 1224 καὶ
2454 1173 2549 1224 ἐπὶ
2579 1172 2786 1242 πλῆθος
2832 1172 2980 1243 ἑξῆς.
3018 1172 3159 1224 Ἀλλ’
3190 1172 3422 1224 ’ἑκαστον
3466 1172 3563 1223 ἐπὶ
3592 1172 3688 1239 τῆς

2110 1258 2340 1328 Τριάδος
2372 1258 2433 1311 ἓν
2467 1254 2925 1327 ὲπιγινὼσκεσθαι
2958 1260 3066 1313 δεῖο
3117 1255 3197 1323 εἷς
3229 1260 3338 1330 γὰρ
3372 1259 3591 1336 Πατὴρι
3609 1256 3688 1321 εἷς

2109 1348 2259 1414 Υἱὸς,
2296 1349 2353 1401 ἒν
2399 1351 2624 1421 Πνεῦμα
2657 1351 2835 1419 ἅγιον.
2871 1353 2982 1405 Kal
3011 1351 3186 1406 ταῦτα
3218 1352 3320 1423 μὲν
3361 1352 3393 1404 ό
3422 1352 3589 1414 πολὺς
3620 1352 3687 1404 τὰ

2110 1441 2227 1495 θεῖα
2260 1443 2558 1505 Βασίλειος,
2583 1444 2724 1513 ἆπερ
2755 1445 2846 1496 καὶ
2877 1443 3212 1513 ἀρκούντως,
3248 1437 3430 1514 οἶμαι,
3454 1441 3555 1515 τὴν
3582 1461 3685 1496 πα-

2110 1533 2392 1604 ραφθορὰν
2423 1536 2519 1605 τῆς
2551 1534 2885 1605 δηλωθείσης
2912 1534 3280 1604 ἁπελέγχουσι
3310 1521 3547 1606 ῥήσεως.

2182 1813 2268 1886 ιβ’.
2308 1816 2471 1887 Ἡμῖν
2496 1814 2552 1868 δὲ
2598 1814 2993 1886 διασκοπητέον
3030 1812 3226 1882 ἑτέρας
3258 1809 3544 1882 γραφικῆς
3582 1826 3681 1863 πα-

431 1902 711 1970 corruptio
744 1902 1142 1956 Consideranda
1184 1913 1289 1969 est,
1334 1905 1811 1975 corroptionisque
1854 1906 2001 1961 refu-

2108 1881 2393 1980 painopav
2446 1908 2679 1978 ῥήσεως,
2709 1907 2804 1959 καὶ
2823 1881 2914 1958 τδν
2937 1903 3037 1974 τῆς
3057 1881 3418 1973 παραφθορᾶς
3440 1900 3680 1969 ἔλεγχον.

434 1996 567 2046 latio
612 1997 953 2062 apponenda.
1043 1995 1101 2048 ltt
1154 1995 1294 2049 libro
1333 1995 1693 2066 Dei-cognitio
1740 1999 2004 2069 inscripto

432 2085 724 2154 Gregorius
751 2083 1138 2155 Nyssaensium
1170 2088 1397 2142 antistes
1426 2088 1605 2154 docet,
1663 2091 1747 2144 his
1777 2071 2000 2147 verbis:

437 2198 452 2227 ι
492 2178 725 2248 Spiritus
744 2194 807 2231 ex
839 2188 1061 2248 paterna
1096 2180 1374 2250 ltypostasi
1409 2182 1732 2249 procedens,
1763 2194 2007 2252 propter-

437 2282 612 2336 eaque
648 2266 910 2337 Spiritum
937 2269 1080 2334 oris,
1110 2284 1219 2322 non
1241 2278 1423 2323 autem
1448 2270 1675 2324 verbum
1699 2273 1814 2326 oris
1837 2272 2004 2326 David

430 2361 588 2425 dixit,
612 2362 1057 2430 utprocessivam
1095 2363 1482 2430 proprietatem
1532 2350 1759 2432 Spiritui
1793 2364 1893 2418 soli
1920 2365 2007 2419 in-

434 2456 727 2507 haerentem
764 2455 1133 2508 conﬁrmaret.
1172 2472 1192 2505 υ
1234 2455 1339 2520 Qui
1376 2470 1472 2525 per
1508 2454 1705 2510 Filium
1744 2456 2005 2527 Spiritum

435 2555 685 2599 sanctum
713 2545 1025 2613 procedere,
1050 2560 1158 2598 non
1184 2555 1489 2616 acceptant,
1510 2562 1633 2600 cunt
1657 2563 1762 2602 non
1784 2560 2006 2617 possent

427 2638 535 2693 hoc
581 2637 862 2705 stabilire,
898 2636 1298 2708 ἐκπορεύεσθαι
1346 2640 1622 2706 procedere
1680 2639 2004 2697 formatione

426 2729 648 2798 passiva
673 2729 979 2794 enuntiari,
1020 2731 1114 2785 sed
1142 2731 1250 2783 vim
1275 2733 1506 2786 activam
1540 2733 1816 2797 denotare,
1847 2749 2004 2804 agere

425 2828 572 2877 enim
616 2831 672 2877 et
712 2838 819 2876 non
858 2823 968 2893 pati
993 2831 1100 2887 est,
1131 2823 1192 2875 τὺ
1225 2824 1552 2895 πορεύεσθαι
1585 2827 1679 2879 καὶ
1707 2825 2004 2898 ἐκπορεύεο

434 2914 587 2981 σθαι,
626 2914 863 2969 incedere
906 2923 957 2969 et
1000 2915 1301 2984 procedere,
1334 2918 1528 2988 dogma
1558 2933 1710 2983 vero,
1744 2919 1889 2989 quod
1927 2918 2003 2973 illi

430 3026 497 3067 ex
516 3020 707 3068 ventre
724 3021 1065 3078 eructaruut,
1094 3016 1313 3068 tirmare
1329 3015 1584 3080 nitentes,
1613 3016 1875 3085 Spiritum
1903 3020 2010 3073 sci-

429 3102 556 3156 licet
584 3116 650 3156 ex
681 3102 800 3157 solo
834 3100 995 3157 Patre
1045 3106 1360 3174 procedere,
1403 3104 1494 3158 πνξ
1537 3105 1769 3173 Spiritui
1813 3110 2007 3164 dietio-

2118 2001 2206 2053 Ἐν
2235 2000 2405 2071 βίϐλῳ
2446 2001 2512 2070 τῇ
2562 1997 2900 2067 Gerart-mala
2953 1997 3254 2066 Γρηγόριος
3287 1993 3532 2046 διδάσκει
3576 1988 3682 2044 τῶν

2106 2091 2402 2145 Νυσσαέων
2434 2091 2463 2142 ό
2494 2089 2754 2159 πρόεδρος
2789 2088 2961 2155 λέγων
2984 2104 2998 2119 ο
3034 2105 3053 2137 ι
3094 2084 3319 2155 Πνεῦμα
3360 2084 3422 2137 τδ
3446 2084 3551 2153 τῆς
3577 2098 3680 2136 πα-

2105 2181 2297 2252 τρικῆς
2347 2181 2783 2250 ἐκπορευόμενον
2829 2177 3221 2237 ὑποστάσεως·
3277 2173 3373 2226 τοῦ
3425 2174 3473 2227 δ’
3522 2172 3681 2227 ἕνεκα

2107 2275 2214 2342 γὰρ
2247 2275 2340 2325 καὶ
2372 2270 2594 2333 Πνεῦμα
2628 2270 2914 2338 στόματος,
2938 2266 3055 2320 ἀλλ’
3080 2267 3203 2337 ούχὶ
3243 2265 3339 2319 καὶ
3370 2264 3533 2332 λόγον
3566 2263 3682 2317 στό-

2110 2382 2279 2435 ματος
2307 2364 2526 2434 εἴρηκεν
2565 2361 2594 2412 ό
2621 2360 2803 2426 Δαυῒδ,
2838 2360 2925 2411 ἵνα
2955 2358 3054 2428 τὴν
3104 2356 3509 2427 ὲκπορευτικὴν
3559 2354 3683 2409 ἰδιό-

2106 2475 2243 2529 τητα
2276 2456 2353 2527 τῷ
2378 2455 2655 2523 Πνεύματι
2688 2455 2830 2524 μόνῳ
2890 2451 3204 2522 προσοῦσαν
3252 2450 3617 2517 πιστώσηται.
3658 2467 3675 2496 ι

2108 2552 2172 2603 Οἱ
2206 2550 2262 2601 δὲ
2287 2550 2345 2601 τδ
2370 2548 2436 2600 δι’
2468 2548 2598 2600 Υἱοῦ
2632 2548 2693 2598 τὸ
2739 2547 2961 2613 Πνεῦμα
2985 2543 3045 2595 τὸ
3086 2544 3240 2609 ἅγιον
3281 2541 3679 2611 ἐκπορεύεσθαι

2112 2642 2187 2714 μὴ
2223 2640 2527 2712 δεχόμενοι,
2571 2639 2731 2691 τοῦτο
2763 2637 2863 2707 μὲν
2890 2635 3185 2703 ἐπιστῆσαι
3216 2632 3290 2703 μὴ
3337 2632 3674 2701 δυνηθέντες,

2107 2734 2181 2796 ὡς
2218 2734 2277 2785 τὸ
2304 2731 2735 2798 ἐκπορεύεσθαι
2777 2726 3092 2797 παθητικῶς
3153 2725 3251 2794 μὲν
3292 2724 3677 2793 ὲσχημάτισαι,

2109 2826 2261 2895 φέρει
2288 2823 2344 2876 δὲ
2374 2823 2608 2895 δῆλωσιν
2658 2821 3019 2891 ὲνερτητικήν
3045 2832 3059 2848 '
3105 2818 3517 2890 tvspysivqip,
3568 2814 3681 2868 ἀλλ’

2109 2919 2230 2988 οὐχὶ
2260 2918 2490 2987 πάσχειν
2525 2917 2641 2968 ἐστὶ
2677 2914 2739 2967 τὸ
2771 2911 3105 2978 πορεύεσθαί
3126 2927 3139 2939 ·
3164 2909 3324 2963 τοῦτο
3361 2908 3418 2961 δὲ
3460 2909 3560 2962 καὶ
3593 2924 3680 2959 συ-

2111 3010 2307 3079 στῆσαι
2331 3006 2667 3078 βουλόμενοι,
2686 3006 2825 3075 ὅπερ
2847 3004 3002 3057 αὐτοὶ
3022 3001 3130 3055 ἀπὸ
3150 3000 3356 3061 κοιλίας
3379 2998 3682 3069 ὴρεύξαντο

2110 3102 2311 3172 δόγμα.
2352 3100 2416 3152 τὸ
2456 3100 2517 3153 τδ
2547 3098 2776 3167 Πνεῦμα
2799 3098 2864 3148 ἐκ
2892 3095 3056 3166 μόνου
3091 3093 3294 3164 δηλαδὴ
3327 3089 3423 3144 τοῦ
3470 3089 3681 3160 Πατρός

428 3204 557 3244 nem
594 3188 772 3243 tribus
798 3189 994 3244 litteris
1006 3206 1131 3244 cum
1157 3191 1490 3261 reperissent
1514 3194 1731 3247 exarari
1753 3194 2001 3260 concise,

2112 3192 2533 3264 ἐκπορεύεσθαι,
2566 3192 2665 3262 τὴν
2699 3206 2795 3244 πνι
2824 3189 2969 3253 λέξιν
3005 3189 3153 3258 τρισὶ
3186 3186 3471 3255 στοιχείοις
3501 3184 3683 3282 stipo:-

438 3295 546 3335 nec
581 3289 775 3334 nonet
828 3281 996 3335 simili
1049 3281 1262 3337 ratione
1301 3283 1401 3355 πρὶ
1462 3282 1616 3337 Patri
1688 3286 2005 3351 dictionem,

434 3370 613 3425 media
637 3372 815 3427 littera
843 3372 1133 3427 immutata
1157 3385 1319 3445 atque
1345 3389 1637 3444 corrupta:
1663 3375 1839 3433 facilis
1858 3380 2003 3434 enim

428 3474 513 3518 est
537 3480 601 3517 av
619 3465 686 3519 ad
713 3481 743 3536 ρ
767 3467 1037 3531 transitio,
1061 3482 1157 3521 eos
1175 3467 1266 3537 qui
1284 3482 1392 3522 non
1414 3467 1777 3535 considerate,
1800 3474 1893 3525 sed
1911 3486 2006 3540 per

429 3564 799 3612 transversum
850 3561 1240 3612 eonnneutaria
1281 3571 1631 3628 percurrunt,
1675 3560 2002 3625 fefellerunt,

427 3650 572 3719 quod
610 3658 726 3703 erat
756 3648 994 3718 Spiritus
1024 3654 1330 3720 proprium,
1366 3650 1517 3706 Patri
1561 3653 1887 3708 tribuentes.
1938 3654 2005 3707 Et

412 3726 503 3795 ‘ut
523 3742 892 3811 corruptionis
940 3742 1093 3797 fraus
1159 3743 1212 3796 in
1254 3753 1501 3813 apertum
1563 3745 1767 3811 veniat,
1823 3761 2003 3801 sermo

428 3831 503 3885 ita
550 3832 870 3900 disponatur
906 3846 936 3884 a
969 3832 1149 3896 nobis,
1184 3841 1244 3887 ut
1272 3833 1379 3903 ipsi
1419 3832 1672 3903 digerunt
1709 3850 1724 3888 :
1754 3851 1781 3886 ι(
1830 3834 2005 3905 Hujus

426 3922 601 3992 gratia
633 3923 868 3991 Spiritus
898 3923 1035 3987 Oris,
1067 3938 1174 3977 non
1216 3938 1347 3977 vero
1403 3927 1632 3979 verbum
1680 3926 1793 3982 oris
1830 3926 2001 3983 David

425 4015 582 4079 dim,
617 4022 672 4066 ut
717 4013 1087 4081 processionis
1143 4015 1529 4083 proprietatem
1560 4016 1661 4071 soli
1700 4015 1857 4073 ‘Patri
1912 4019 1999 4072 in-

428 4108 724 4160 haerentem
772 4114 1066 4160 astrueret.
1106 4122 1123 4154 i
1190 4103 1428 4160 Ditis-set
1486 4107 1672 4177 utique
1732 4108 1899 4164 David
1947 4120 2002 4165 et

424 4196 649 4250 verbum
682 4197 795 4249 oris
829 4195 1087 4262 Verbum,
1130 4196 1590 4265 quemadmodum
1647 4208 1702 4254 et
1749 4202 1999 4269 spirttunt

424 4288 539 4342 oris
568 4288 707 4342 dixit
735 4286 1125 4356 Spiritum,,an
1153 4300 1442 4359 propterea
1484 4292 1735 4346 ’similem
1776 4308 1999 4362 proces-

424 4381 596 4434 sionis
617 4381 1006 4450 preprietatem
1068 4390 1124 4434 et
1154 4382 1315 4435 alteri
1363 4385 1601 4453 cuipiam
1656 4400 1782 4439 cum
1844 4385 2001 4441 Patre

423 4474 927 4528 communicaturus
950 4472 1200 4528 eratllﬁt
1253 4490 1376 4544 quae
1415 4477 1529 4530 haec
1581 4480 1853 4533 sermonis
1900 4494 1991 4534 ne-

2106 3301 2197 3348 τες
2238 3283 2741 3356 διαχαραττομὲνην
2778 3278 3183 3348 συγκοπτικῶς,
3229 3279 3371 3329 κατὰ
3416 3275 3593 3328 ταῦτα
3624 3272 3683 3326 δὲ

2108 3377 2203 3430 καὶ
2226 3375 2327 3445 τὴν
2360 3376 2460 3446 πρὶ
2484 3374 2647 3440 λέξιν,
2678 3374 2738 3426 τὸ
2770 3373 2937 3443 μέσον
2969 3371 3233 3438 στοιχεῖον
3276 3367 3656 3438 μεταποιήσαν

2103 3466 2195 3531 τές
2221 3483 2305 3533 τε,
2343 3465 2440 3519 καὶ
2482 3463 2982 3534 παραφθείραντες,
3023 3464 3116 3513 καὶ
3161 3463 3272 3530 γὰρ
3304 3472 3337 3529 η
3368 3456 3462 3513 τοῦ
3490 3475 3520 3511 ν
3551 3456 3679 3525 πρὸς

2102 3560 2165 3611 τὸ
2200 3575 2234 3630 ρ
2268 3557 2625 3628 μεταποίησις
2661 3554 2913 3624 εὐχερὴς,
2941 3556 3066 3616 τοὺς
3113 3551 3190 3623 μὴ
3227 3549 3676 3618 ὲπεσκεμμὲνως,

2104 3649 2243 3704 ἀλλὰ
2274 3648 2583 3720 παροδικῶς
2609 3647 2709 3709 τὰς
2740 3646 2963 3717 Γραφὰς
2995 3643 3248 3706 ἐπιόντας
3278 3644 3590 3713 ἠπάτησαν,
3620 3639 3677 3691 τὸ

2102 3743 2195 3797 τοῦ
2225 3743 2362 3797 Πνεύ
2371 3758 2538 3812 ματος
2562 3740 2697 3794 (διον
2721 3740 2800 3809 τῷ
2827 3739 3003 3808 Πατρὶ
3027 3737 3542 3807 προσαρμόσαντες.
3569 3732 3677 3786 Καὶ

2108 3834 2196 3886 ῐνα
2224 3834 2254 3886 δ
2278 3832 2377 3903 τῆς
2408 3830 2769 3901 παραφθορᾶς
2795 3828 3017 3897 ἐλεγχος
3042 3826 3431 3897 διασαφηθείη,
3463 3828 3494 3879 ό
3520 3825 3674 3890 λόγος

2101 3925 2244 3979 οὕτω
2295 3924 2620 3993 προαγέσθω
2676 3923 2826 3991 ἡμῖν,
2863 3920 2940 3983 ὡς
2992 3914 3135 3973 οὗτοι
3170 3935 3360 3987 φασιν.
3410 3936 3432 3969 t
3468 3917 3671 3970 Τούτου

2102 4021 2262 4088 χάριν
2291 4015 2515 4083 Πνεῦμα
2550 4014 2840 4083 στόματος,
2869 4009 2987 4065 ἀλλ’
3017 4010 3138 4080 οὐχὶ
3169 4013 3263 4062 καὶ
3287 4008 3442 4076 λόγον
3470 4008 3671 4078 στόμα-

2100 4125 2188 4170 τος
2222 4108 2441 4177 εἴρηκεν
2470 4110 2496 4158 ό
2522 4104 2706 4170 Δαυῖδ,
2741 4104 2829 4157 ἵνα
2862 4105 2961 4172 τὴν
2986 4098 3387 4170 ὲκπορευτικὴν
3435 4099 3668 4169 ἰδιότητα

2100 4198 2177 4268 τῷ
2231 4198 2405 4267 lla-cpi.
2463 4197 2606 4265 μόνῳ
2666 4194 2980 4263 προσοῦσαν
3030 4191 3393 4263 πιστώσηται.
3435 4207 3456 4241 ι
3496 4191 3671 4243 Ἔστω

2099 4290 2230 4358 γοῦν
2258 4292 2433 4341 εἰπεῖν
2453 4291 2543 4340 τὸν
2573 4286 2734 4340 Δαυῖδ
2761 4288 2855 4339 καὶ
2882 4287 2972 4337 τὸν
2998 4286 3171 4352 Λόγον
3201 4284 3468 4353 στόματος
3494 4282 3671 4349 λόγον,

2100 4380 2289 4451 ὥσπερ
2314 4377 2405 4433 οὖν
2435 4382 2529 4432 καὶ
2554 4379 2613 4431 τὺ
2644 4378 2869 4447 Πνεῦμα
2894 4376 3164 4447 στόματος
3189 4375 3382 4446 εἴρηκε
3417 4376 3666 4446 πνεῦμα·

2102 4469 2191 4542 ἆρ’
2226 4472 2426 4548 ⁴ἔμελλε
2471 4472 2558 4523 διὰ
2607 4470 2767 4522 τοῦτο
2815 4470 2913 4538 τὴν
2958 4468 3217 4538 τοιαύτην
3267 4469 3667 4538 ὲκπορευτικὴν

425 4568 650 4620 t-eSsitas
674 4567 853 4634 cogit?
893 4568 997 4620 Sed
1044 4568 1091 4621 si
1133 4569 1363 4623 dixisset
1435 4573 1660 4624 verbum
1710 4574 1824 4627 oris
1879 4588 1999 4627 esse

2108 4566 2345 4634 ἰδιότητα
2381 4564 2473 4616 καί
2507 4579 2613 4615 τινι
2650 4562 2791 4632 μετὰ
2826 4561 2920 4613 τοῦ
2953 4562 3165 4632 Πατρός
3197 4563 3370 4631 ἑτέρῳ
3408 4562 3671 4613 κοινώσα-

426 4659 686 4720 Nerbum,
747 4658 822 4710 uti
867 4668 920 4710 et
972 4658 1234 4727 Spirituttt
1278 4675 1390 4714 oris
1448 4663 1658 4715 dixerat
1710 4662 1996 4731 Spiritum,

427 4763 654 4816 prorsus
725 4751 1090 4818 proccssionis
1157 4762 1540 4821 proprietatem
1607 4765 1659 4807 et
1719 4754 1897 4810 Verbo
1946 4763 1999 4810 et

429 4844 653 4912 Spiritui
721 4832 1064 4896 communem
1138 4843 1372 4897 fecisset.
1431 4844 1565 4897 Cum
1619 4846 1763 4912 enim
1835 4849 1997 4901 verba

421 4940 537 4990 oris
588 4940 928 5004 procedentia
979 4938 1259 4999 dicantur,
1307 4955 1325 4987 ι
1362 4937 1494 5001 Quae
1546 4939 1881 5008 procedunt,
1916 4941 1997 4993 in-

421 5029 577 5097 quit,
623 5029 691 5082 de
739 5027 897 5081 labiis
950 5030 1125 5091 meis,
1177 5042 1284 5080 non
1343 5030 1493 5082 irrita
1543 5033 1737 5085 iaciam
1774 5032 1842 5094 ",
1881 5048 1899 5081 ι
1946 5032 1993 5084 si

421 5119 684 5189 Spiritum
721 5120 833 5193 oris
882 5120 1172 5188 spiritum,
1214 5124 1269 5173 'et
1317 5117 1547 5175 Verbum
1602 5123 1716 5178 oris
1769 5126 1991 5178 verbum

412 5209 597 5264 .David
652 5208 899 5274 dixisset,
962 5209 1278 5262 necessario
1335 5225 1562 5279 prorsus
1614 5214 1990 5282 processionis

383 5300 725 5381 “proprietas
759 5297 1006 5366 utrisque
1072 5299 1598 5354 communicaretur.
1666 5298 1780 5353 ﬂoc
1825 5302 1990 5369 igitur

417 5399 641 5444 sanctus
694 5389 1004 5453 destructis,
1070 5398 1128 5441 ut
1169 5390 1566 5443 demonstraret
1618 5393 1990 5460 processiouis

420 5484 812 5550 proprietatem
853 5482 1232 5535 tantummodo
1268 5481 1449 5539 inesse
1478 5483 1747 5551 Spiritui,
1778 5497 1994 5535 assum-

419 5574 552 5643 psit,
584 5586 694 5627 nou
723 5573 933 5627 dixisse
962 5575 1216 5628 Davidem
1251 5586 1303 5628 et
1341 5573 1580 5629 Verbum
1608 5577 1720 5628 oris
1749 5576 1991 5628 verbum.

2106 4659 2258 4721 σθαι;
2297 4659 2405 4710 Kal
2441 4655 2597 4709 ποίαν
2648 4655 2760 4724 ἔχει
2787 4655 2886 4724 τὴν
2928 4656 3171 4723 ανάγκην
3208 4656 3238 4708 ό
3288 4655 3480 4722 λόγοςς
3536 4648 3671 4705 Ἀλλ’

2105 4753 2199 4801 ὲαν
2231 4746 2353 4800 εἷπε
2385 4751 2540 4815 λόγον
2576 4749 2838 4814 στόματος
2859 4743 2998 4797 εἶναι
3021 4747 3112 4797 τὸν
3137 4747 3334 4813 Λόγον,
3365 4745 3557 4813 ὥσπερ
3577 4739 3669 4796 οὖν

2105 4843 2197 4892 καὶ
2228 4839 2444 4905 πνεῦμα
2488 4839 2751 4904 στόματος
2782 4840 2903 4888 εἰπε
2934 4838 2994 4888 το
3031 4835 3279 4904 Πνεῦμα,
3311 4839 3529 4896 παντως
3576 4836 3668 4903 τὴν

2105 4928 2498 4999 ὲκπορευτικὴν
2539 4928 2800 4997 ἰδιότητα,
2832 4926 2927 4979 καὶ
2952 4924 3031 4995 τῷ
3075 4926 3220 4995 λόγῳ
3265 4924 3361 4977 καὶ
3387 4926 3465 4993 τῷ
3504 4922 3670 4976 Ilvati-

2108 5037 2237 5091 ματι
2265 5019 2628 5073 κοινώσασθαι
2660 5018 2873 5088 ἔμελλε.
2903 5018 3011 5070 Kal
3038 5018 3147 5088 γὰρ
3171 5017 3295 5070 ἐπεὶ
3322 5020 3393 5069 τὰ
3421 5014 3518 5068 τοῦ
3551 5015 3669 5066 στό-

2107 5129 2273 5183 ματος
2333 5113 2551 5181 ῥήματα
2605 5109 3015 5179 ἐκπορευόμενα
3063 5110 3280 5177 λέγεται
3308 5124 3323 5139 ’
3363 5125 3384 5160 ι
3437 5106 3519 5162 Τὰ
3561 5111 3667 5175 γὰρ

2101 5205 2531 5273 ἐκπορευόμενα,
2560 5219 2584 5255 ο
2614 5206 2770 5273 φησι,
2813 5220 2832 5252 ι
2864 5202 2952 5255 διὰ
2977 5202 3084 5254 τῶν
3120 5200 3343 5271 χειλέων
3374 5216 3477 5269 μου
3502 5200 3562 5252 οὐ
3590 5198 3666 5268 μὴ

2098 5295 2371 5363 ἀθετήσω,
2414 5312 2432 5345 ι
2475 5286 2568 5348 ἐὰν
2599 5297 2659 5347 τὸ
2704 5293 2928 5363 Πνεῦμα
2978 5297 3246 5363 στόματος
3298 5289 3540 5360 πνεῦμα,
3569 5292 3664 5343 καὶ

2099 5389 2190 5441 τὸν
2222 5390 2395 5456 Λόγων
2453 5389 2721 5459 στόματος
2766 5387 2928 5455 λόγον
2972 5388 3195 5458 εἴρηκεν
3224 5389 3252 5439 ό
3295 5385 3483 5452 Δαυῒδ,
3527 5386 3664 5438 κατὰ

2105 5480 2283 5533 πᾶσαν
2313 5482 2380 5532 ἂν
2408 5481 2505 5550 τὴν
2539 5482 2783 5550 ἀνάγκην
2822 5482 2856 5547 ἡ
2880 5481 3244 5548 ὲκπορευτικὴ
3275 5479 3476 5547 ἰδιότης
3508 5476 3662 5545 ἐμελ-

2103 5576 2192 5628 λεν
2221 5578 2554 5645 ἀμφοτέροις
2578 5574 2909 5628 κοινοῦσθαι.
2933 5574 3106 5629 Τοῦτο
3122 5572 3254 5641 γοῦν
3277 5574 3306 5624 ὁ
3334 5575 3488 5641 ἅγιος
3513 5573 3660 5624 ἀναι-

418 5666 553 5738 ρῶν,
582 5666 664 5730 εἰς
711 5666 985 5732 ἀπόδειξιν
1020 5666 1114 5719 τοῦ
1158 5669 1256 5739 τὴν
1304 5669 1705 5738 ὲκπορευτικὴν
1753 5668 1993 5738 ἰδιότητα
2034 5669 2180 5740 μόνῳ
2230 5673 2514 5740 προσεῖναι
2577 5668 2657 5740 τῷ
2698 5667 3001 5738 Πνεύματι,
3073 5667 3345 5737 παρέλαϐε
3376 5669 3435 5719 τὸ
3469 5665 3543 5735 μὴ
3583 5665 3660 5716 ει-

415 5761 538 5811 πεῖν
569 5760 662 5812 τὸν
688 5756 849 5811 Δαυϊδ
889 5762 979 5812 καὶ
1010 5759 1101 5812 τὸν
1133 5761 1304 5828 Λόγον
1338 5762 1604 5826 σεόαατος
1635 5761 1810 5831 λόγον.

489 5878 537 5911 ’³
562 5879 703 5935 Psal.
734 5895 995 5945 Lxxxvnt,
1029 5879 1121 5933 55.
