3974 6624
379 426 481 488 177

1400 434 1497 493 DE
1540 431 2052 491 PliOCESSlOXE
2096 435 2152 494 Ξ.
2201 431 2578 492 SPllllTUS.

3512 418 3613 483 178

449 536 536 599 ιγ’.
586 536 712 590 Ἐὰν
732 536 790 590 δὲ
819 539 868 591 οἱ
898 537 965 591 δι’
996 540 1266 605 ἐναντίας,
1299 540 1357 594 τὸ
1375 543 1708 611 ὲκπορευτὸν
1741 542 1834 595 καὶ
1858 544 1944 595 ὲκ-

2116 542 2205 597 t3.
2239 541 2391 609 Quod
2425 541 2469 596 si
2502 536 2863 593 adversariiid
2887 551 2951 591 ex
2980 524 3088 605 quo
3120 533 3447 604 proceditur,
3475 543 3528 587 et
3558 532 3614 586 id

375 626 705 696 πορευτικδν
761 627 1122 700 διαιροῦντες,
1168 631 1319 685 οὐδὲν
1368 632 1636 703 ἁρμόζειν
1688 636 1831 702 φασι
1870 634 1949 705 τῷ

374 710 658 784 Πνεὺματι
686 716 746 768 τὸ
775 718 1190 789 ἑκπορευτικὸν,
1239 721 1375 776 ἀλλὰ
1405 723 1485 793 τῷ
1526 706 1717 796 [turpi
1746 725 1949 794 μᾶλλον

372 796 463 857 διὰ
489 806 552 858 τὸ
572 807 675 877 τὴν
713 812 994 880 προφορὰν
1022 813 1121 881 τῆς
1159 812 1357 878 λέξεως
1382 817 1749 888 ὲνεργητικὴν
1780 816 1944 870 εἶναι·

373 896 512 949 ἀλλὰ
536 898 631 950 καὶ
662 899 912 954 ἐντεῦθεν
940 904 968 954 6
993 903 1093 973 τῆς
1131 906 1258 976 παρ’
1315 905 1495 960 αὐτῶν
1519 908 1819 978 γενομένης
1848 927 1950 962 πα‹

375 987 661 1058 ραφθορᾶς
712 996 1214 1066 συγκροτηθήσεται
1244 999 1484 1069 ἔλεγχος.
1524 1002 1585 1053 Εἰ
1617 1003 1726 1073 γάρ
1779 1001 1951 1054 καθα-

375 1075 559 1143 ρεύειν
589 1076 783 1148 ἠθελον
805 1082 905 1151 τὴν
928 1085 1255 1156 συνείδησιν,
1276 1089 1377 1140 οὑκ
1407 1088 1474 1142 ἂν
1502 1091 1743 1154 ἐκείνους
1774 1091 1950 1144 διέλα-

372 1163 504 1230 θεν,
556 1167 692 1240 ὅπερ
737 1171 767 1224 6
815 1169 971 1239 ἁγιος
1021 1176 1219 1248 ἐφεξῆς
1274 1179 1374 1249 τῆς
1432 1182 1691 1252 ῥηθείσης
1754 1182 1949 1250 ἐπάγει

373 1257 705 1328 περικοπῆς,
741 1260 914 1330 λέγων
945 1263 1118 1329 οὑτως
1137 1283 1152 1299 ο
1200 1286 1219 1319 ι
1253 1268 1369 1323 Ἵνα
1399 1271 1486 1324 διὰ
1519 1272 1617 1340 μὲν
1644 1271 1740 1325 τοῦ
1771 1272 1945 1339 Λόγου

371 1346 552 1400 εἰπεῖν
580 1349 679 1421 τὴν
712 1350 786 1414 ὡς
813 1355 877 1406 ἐκ
908 1355 1026 1420 νοῦ,
1048 1358 1142 1410 τοῦ
1177 1359 1312 1413 Θεοῦ
1349 1363 1442 1415 καὶ
1478 1362 1712 1431 Πατρὺς,
1740 1362 1950 1417 ἀπαθε-

375 1435 580 1504 στὰτην
607 1442 702 1493 καὶ
730 1441 973 1513 ἄρρητον
997 1446 1090 1499 τοῦ
1116 1447 1246 1501 Υίοῦ
1278 1451 1713 1520 παραδεξώμεθα
1751 1455 1949 1522 γέννηά

373 1542 483 1618 σιν,
528 1526 617 1582 διὰ
669 1530 727 1585 δὲ
772 1533 866 1588 τοῦ
907 1537 1184 1608 εἰρηκέναι.
1231 1541 1476 1613 Πνεῦμα,
1534 1545 1799 1615 στόματος
1849 1546 1949 1618 τὴν

373 1613 708 1706 ᾇγιαστικὴν
738 1626 834 1677 καλ⁸
862 1626 1094 1699 οὑσιὼδη
1119 1629 1374 1700 δύναμιν,
1403 1634 1496 1687 καὶ
1520 1613 1832 1706 ζωαρχικὴν
1852 1613 1945 1689 τοῦ

374 1705 694 1779 Ilva-tincto;
746 1715 1043 1772 ὑπόστασιν
1091 1721 1477 1793 ὑπολάϐωμεν,
1515 1705 1729 1796 τῷ
1777 1705 1946 1781 ἔκπο-

377 1803 638 1871 ρευτικῆς
694 1806 956 1878 ἰδιότητος
984 1811 1211 1880 ὀνόματι
1244 1814 1487 1884 δηλονότι
1543 1819 1945 1889 χαρακτηριζο-

375 1889 572 1962 μένην.
597 1896 736 1948 »Καὶ
756 1900 784 1950 ὁ
812 1900 870 1951 ἐν
896 1900 1070 1968 ἁγίοις
1087 1902 1143 1957 δὲ
1167 1905 1358 1976 Πατὴρ
1386 1908 1732 1974 Ἀναστάσιος
1757 1910 1951 1982 ἰδίωμα

372 1982 817 2075 τοῦνΠνεὺματος
844 1991 1105 2058 γινώσκει
1131 1994 1193 2048 τὸ
1232 1998 1651 2069 ὲκπορευτικόν.
1714 2002 1802 2054 Ἐν
1842 2004 1950 2075 γὰρ

372 2072 589 2164 ὁεκάτῳ
629 2081 721 2131 καὶ
775 2080 921 2151 ἕκτῳ
951 2085 1230 2157 κεφαλαίῳ
1259 2088 1361 2159 τῆς
1394 2089 1565 2144 αὑτοῦ
1613 2091 1797 2162 βίϐλου
1852 2072 1951 2164 τῆς

389 2161 624 2235 Ὀδηγοῦ
692 2170 1041 2244 κεκλῃμένης
1093 2175 1239 2231 οὑτω
1293 2181 1501 2250 φησίν·
1541 2201 1561 2234 ι
1600 2183 1675 2237 Οὑ
1728 2184 1837 2256 γὰρ
1892 2161 1953 2238 τὸ

375 2256 676 2330 ἀγέννητον
722 2264 815 2315 τοῦ
853 2265 1065 2330 Πατρὸς
1118 2269 1409 2338 πρόσωπον
1457 2274 1775 2346 ὲσαρκώθη,
1827 2276 1950 2331 οὗτε

379 2350 492 2418 μὴν
533 2352 565 2421 ὴ
616 2354 985 2428 ἐκπορευτικὴ
1014 2360 1110 2414 τοῦ
1155 2363 1311 2431 ἁγίου
1348 2366 1667 2436 Πνεὺματος
1710 2369 1952 2424 ὑπόστα-

376 2459 487 2503 σις.
527 2460 547 2494 ι
593 2438 753 2498 Ἀλλὰ
787 2449 881 2501 καὶ
919 2450 1149 2523 Κλήμης
1176 2456 1204 2508 6
1227 2456 1590 2527 Στρωματεὺς
1621 2459 1678 2512 ὲν
1708 2455 1789 2524 οἷς
1829 2477 1952 2514 συν-

373 2529 533 2584 έθετο
605 2534 888 2605 διαφόροις
971 2540 1156 2610 ὅροις,
1225 2543 1367 2598 ὥστε
1422 2547 1624 2611 παντὸς
1692 2550 1952 2616 εὐσεϐοῦς

373 2622 646 2695 δόγματος
680 2635 1044 2699 προηγεῖσθαι
1079 2635 1282 2700 αὑτοὺς
1305 2635 1383 2706 τῷ
1425 2638 1733 2711 βουλομένῳ
1774 2642 1954 2698 θεολο-

377 2716 507 2782 γίαν
543 2721 804 2788 μετιέναι,
846 2724 1183 2794 ὁριζόμενος,
1225 2746 1244 2780 ι
1285 2728 1350 2781 Τί
1383 2729 1654 2797 Πνεῦμα,
1679 2733 1776 2786 καὶ
1811 2736 1950 2790 κατὰ

378 2810 434 2861 τί
479 2811 735 2883 Πνεῦμας
770 2816 867 2869 καὶ
910 2816 1128 2887 ὁσαχῶς
1161 2819 1378 2888 λέγεται
1418 2821 1680 2893 Πνεῦμας
1720 2842 1739 2876 ι
1772 2827 1906 2895 φησὶ
1931 2843 1948 2859 ·

383 2917 405 2949 α
451 2903 675 2972 Πνεῦμα
721 2905 821 2975 μέν
846 2906 964 2960 ἐστι
994 2906 1192 2981 λεπτὴ.
1220 2912 1316 2965 καὶ
1348 2911 1536 2978 ἁῦλος,
1576 2914 1669 2968 καὶ
1699 2915 1951 2987 ἀσχημά-

376 3008 563 3059 τιστος
589 2998 954 3070 ὲκπορευτικὴ
991 3000 1243 3072 ὑπαρξις.
1275 3021 1295 3056 ι

454 3086 532 3141 ιδ’.
571 3081 695 3140 Οἷον
725 3086 784 3141 δὲ
806 3089 1048 3152 κάκεῖνο.
1072 3092 1210 3162 ὅπερ
1248 3095 1297 3146 οἱ
1327 3097 1563 3150 τοιοῦτοι
1604 3096 1951 3154 ἐσπούδασαν

2049 635 2192 702 quod
2227 632 2468 702 procedit
2500 630 2915 697 distinguentes.
2950 641 3057 681 non
3104 637 3400 693 congruere
3431 622 3617 675 dicant

2051 721 2278 791 Spiritui
2314 722 2373 775 τὸ
2432 719 2843 791 ὲκπορευτικδν,
2886 718 2941 772 id
2989 733 3054 772 ex
3085 732 3185 786 quo
3234 713 3485 782 procedit,
3520 712 3613 765 sed

2049 817 2194 872 Patri
2223 817 2422 885 potius,
2442 816 2509 869 ob
2527 812 2955 866 enuntiationem
2982 806 3258 872 dictionis,
3291 806 3400 858 vim
3422 803 3611 874 agendi

2050 908 2394 975 possidentis,
2423 922 2486 959 ex
2523 905 2608 959 his
2639 919 2863 973 quoque
2887 898 3250 969 corruptionis
3279 913 3373 968 per
3394 895 3611 949 eosdem

2048 998 2201 1053 libris
2251 998 2411 1052 illatae
2463 994 2909 1065 comprobabitur
2962 998 3364 1062 argumentum.
3403 987 3610 1040 Etenim

2049 1092 2096 1147 si
2127 1089 2293 1144 animi
2326 1086 2661 1143 conscientia
2714 1086 2849 1139 bene
2896 1080 3069 1136 curati
3106 1078 3614 1136 exstimularcntur,

2052 1197 2161 1236 non
2195 1194 2290 1236 eos
2328 1179 2598 1243 latuisset,
2632 1177 2777 1245 quod
2813 1185 3037 1230 sanctus
3070 1180 3194 1243 post
3244 1172 3448 1225 dictmn
3493 1183 3619 1221 ora-

2049 1273 2211 1327 tionis
2244 1279 2578 1341 segmentum
2604 1268 2863 1337 suggerit.
2896 1267 2967 1320 ita
2999 1264 3243 1319 scribens
3275 1279 3290 1316 :
3335 1279 3354 1313 t
3389 1257 3458 1314 Ut
3492 1272 3616 1310 cum

2050 1363 2284 1417 Verbum
2337 1361 2565 1422 diceret,
2598 1359 2759 1412 veluti
2806 1373 2870 1410 ex
2928 1364 3128 1418 mente,
3166 1353 3276 1406 Deo
3331 1359 3384 1405 et
3435 1349 3617 1412 Patre,

2052 1453 2226 1508 nullis
2256 1451 2601 1519 passionibus
2631 1449 2944 1509 obnoxiam,
2967 1457 3019 1499 et
3038 1462 3158 1515 quae
3180 1444 3360 1498 verbis
3388 1442 3619 1511 exprimi

2047 1559 2154 1599 non
2195 1550 2390 1612 potest,
2426 1542 2761 1596 nativitatem
2808 1539 3269 1608 intelligeremus;
3320 1550 3442 1590 cum
3488 1548 3617 1586 vero

2050 1632 2334 1703 Spiritum,
2352 1631 2464 1686 oris
2494 1631 2599 1684 vim
2625 1628 3052 1686 sanctilicantem
3074 1634 3128 1681 et
3155 1624 3523 1687 essentialetn,
3545 1624 3620 1675 vi-

2049 1732 2222 1795 tasque
2240 1724 2539 1795 principem
2566 1722 2802 1791 Spiritus
2825 1719 3156 1792 Iiypostasim
3178 1717 3616 1787 conciperemus.

2050 1816 2375 1887 processivaa
2402 1794 2744 1885 proprietatis
2777 1812 2997 1867 nomine
3019 1816 3392 1866 connotatam.
3421 1826 3440 1860 ι
3475 1808 3617 1859 San~

2052 1919 2173 1963 etus
2194 1921 2414 1978 quoque
2431 1902 2596 1960 Pater
2623 1905 2948 1960 Anastasius
2975 1902 3360 1973 proprietatem
3385 1900 3622 1967 Spiritus

2050 1999 2419 2072 processivam
2447 1999 2717 2073 agnoscit.
2750 1996 2998 2066 Namque
3019 1995 3234 2050 decimo
3257 2000 3414 2047 sexto
3444 1990 3620 2059 capite

2052 2091 2199 2157 libri,
2227 2089 2432 2160 llodegi
2465 2090 2780 2157 nuncupati,
2840 2088 2955 2142 haec
2987 2086 3149 2141 habet
3182 2102 3194 2137 :
3238 2104 3256 2136 ι
3307 2081 3424 2137 Non
3474 2085 3618 2136 enim

2054 2181 2291 2252 ingenita
2319 2179 2494 2256 Patris
2538 2195 2769 2248 persona
2824 2193 3043 2233 carnem
3089 2176 3409 2244 assumpsit,
3442 2189 3620 2240 neque

2052 2273 2370 2342 processiva
2427 2270 2601 2327 sancti
2653 2269 2888 2339 Spiritus
2944 2266 3292 2339 hypostasis?
3366 2263 3622 2331 Quinimo

2051 2364 2302 2419 Clemens
2361 2360 2706 2416 Stromatens
2763 2360 2816 2412 in
2875 2356 3313 2416 Deﬁnitioniims.
3368 2369 3504 2421 quas
3536 2353 3624 2405 ille

2052 2454 2420 2517 concinnavit,
2444 2463 2503 2508 ut
2535 2455 2845 2522 dogmatum
2870 2451 3081 2520 piorum
3111 2448 3456 2502 traditionem
3486 2461 3623 2515 pra:-

2051 2549 2309 2603 cederent
2355 2545 2737 2617 praeirentque,
2790 2554 3079 2611 antequam
3116 2540 3277 2596 rebus
3304 2537 3621 2608 tbeoIOgicis

2052 2639 2292 2695 studium
2326 2637 2746 2708 impenderetur,
2776 2634 3064 2698 definiens,
3099 2651 3117 2683 t
3157 2631 3298 2699 Quid
3342 2629 3619 2700 Spiritus?

2051 2741 2103 2787 et
2133 2733 2429 2786 secundum
2466 2728 2595 2798 quid
2641 2726 2917 2797 Spiritus?
2947 2733 3001 2780 et
3050 2733 3186 2795 quot
3234 2724 3410 2779 modis
3446 2721 3623 2792 Spiri-

2055 2824 2180 2879 tus?
2216 2842 2235 2876 ι
2281 2821 2448 2877 tradit
2485 2837 2498 2873 :
2554 2839 2573 2872 ι
2612 2821 2851 2890 Spiritus
2876 2827 2960 2874 est
2985 2816 3225 2878 subtilis.
3262 2823 3317 2871 et
3364 2817 3621 2870 immate-

2053 2915 2223 2981 rialis,
2260 2921 2315 2969 ei
2369 2928 2530 2985 supra
2565 2926 2777 2967 omnem
2813 2910 3065 2983 ﬁguram,
3115 2907 3436 2964 exsistentia
3493 2922 3625 2976 pro-

2052 3010 2288 3067 cessiva.
2324 3028 2363 3069 ι.

2124 3102 2213 3157 Η.
2242 3096 2412 3169 Quale
2443 3112 2608 3169 porro
2639 3107 2722 3154 est
2747 3096 2902 3160 illud,
2933 3093 3082 3166 quod
3114 3093 3205 3150 isti
3231 3093 3286 3148 in
3320 3091 3427 3147 line
3462 3090 3623 3161 primi

378 3177 511 3275 περὶ
533 3177 610 3275 τὸΔ
626 3178 779 3242 τέλος
809 3179 904 3234 τοῦ
938 3181 1153 3253 πρῶτον
1193 3183 1354 3253 λόγου
1380 3187 1491 3241 τῶν
1521 3190 1643 3242 κατ’
1673 3190 1943 3262 Εὐνομίαν

2053 3192 2308 3247 adversus
2326 3189 2654 3245 Eunomium
2683 3186 3167 3242 Antirrbeticorum
3206 3184 3330 3240 libri
3380 3182 3623 3254 ejusdem

390 3266 825 3339 ’Δντιρῤητικῶν
858 3270 954 3324 τοῦ
1000 3272 1169 3327 αὑτοῦ
1214 3270 1431 3346 Πατρὸς
1481 3279 1659 3348 ἡμῶν,
1696 3281 1791 3335 τοῦ
1841 3282 1952 3337 τῶν

380 3362 679 3416 Νυσσαέων
725 3365 1023 3436 προέδρους
1078 3369 1288 3422 Ἐκεῖσε
1332 3370 1444 3441 γὰρ
1485 3373 1514 3425 6
1559 3372 1716 3441 ἆγιος
1769 3376 1825 3427 ὲν
1873 3375 1954 3444 τῷ

380 3454 504 3507 κατ’
554 3456 821 3526 Εὑνομίου
862 3459 994 3530 περὶ
1048 3463 1149 3530 τῆς
1175 3461 1277 3514 ’τοῦ
1309 3462 1444 3515 Υίοῦ
1498 3466 1593 3517 καὶ
1635 3465 1953 3536 Πνεὺματος

383 3546 659 3616 μάχεσθαι
694 3550 785 3602 τὸν
824 3551 924 3620 τῆς
969 3552 1151 3614 αἰτίας
1188 3553 1282 3606 τοῦ
1327 3554 1453 3607 Υἰοῦ
1485 3558 1579 3609 καὶ
1635 3557 1953 3628 Πνεὺματος

380 3640 567 3706 λόγον,
596 3642 662 3710 τῇ
705 3638 953 3712 οεολογίᾳ
979 3643 1429 3712 προσεπιπλέκει,
1460 3645 1554 3698 καί
1588 3662 1756 3715 φησιν
1777 3646 1949 3699 obno-

387 3751 407 3782 ι
444 3733 506 3786 Ei
541 3731 640 3801 μέν
665 3750 788 3786 τινα
820 3735 1078 3803 χρονικὴν
1108 3735 1347 3805 ἔμφασιν
1389 3737 1701 3808 ὑπερετίθει
1730 3740 1828 3805 τῆς
1859 3737 1951 3793 τοῦ

378 3825 721 3892 Μονογενοῦς
746 3825 1102 3891 ὑποστάσεως
1125 3827 1153 3881 ὁ
1179 3828 1271 3881 τὸν
1297 3830 1515 3900 Πατέρα
1529 3830 1623 3884 τοῦ
1649 3831 1778 3884 Υίοῦ
1808 3832 1954 3901 μόνῳ

379 3918 461 3984 τῷ
488 3918 586 3986 τῆς
634 3919 811 3983 αἰτίας
856 3920 999 3991 λόγῳ
1033 3921 1386 3993 προθεωρῶν,
1416 3926 1642 3989 εἰκότως
1687 3925 1753 3979 ἂν
1781 3928 1808 3979 ὁ
1852 3929 1953 3997 τῆς

376 4011 684 4078 ἀῖδιότητος
714 4014 847 4082 ήμῖν
877 4015 1007 4084 περὶ
1043 4014 1139 4067 τοῦ
1180 4015 1312 4068 Υἱοῦ
1346 4016 1503 4083 λόγος
1540 4017 1951 4071 ὲκινὸυνεὺετω

378 4102 500 4156 νυνὶ
524 4102 580 4156 6's
607 4104 736 4157 ποτὲ
767 4105 843 4174 μὴ
873 4103 1094 4159 ἔσεσθαι
1115 4108 1209 4160 ἐπὶ
1231 4108 1332 4175 τῆς
1362 4109 1690 4178 προαιωνίου
1711 4108 1948 4176 φύσεως,

382 4195 515 4259 ίσως
544 4197 639 4248 καὶ
685 4197 889 4266 ὁμοίως
924 4198 1015 4251 ἐπί
1044 4214 1103 4250 τε
1141 4201 1240 4269 τῆς
1273 4199 1367 4252 τοῦ
1403 4200 1614 4270 Πατρὸς
1656 4202 1823 4273 ζωῆς.
1858 4205 1952 4257 καὶ

379 4283 483 4350 τῆς
507 4283 603 4337 τοῦ
634 4284 994 4352 Μονογενοΰς,
1021 4285 1158 4338 ἀλλὰ
1192 4287 1288 4340 καὶ
1325 4289 1423 4357 τῆς
1451 4286 1546 4341 τοῦ
1586 4289 1744 4356 ἁγίου
1779 4288 1951 4342 Πνεὺ-

382 4392 559 4441 ματος
594 4375 887 4444 ὁμολογίας
920 4377 983 4429 οὑ
1024 4377 1239 4445 δέχεται
1262 4394 1275 4407 ·
1305 4377 1435 4432 ἔνθα
1476 4378 1582 4449 γὰρ
1616 4381 1807 4448 χρόνος
1850 4380 1950 4433 οὑκ

378 4465 519 4526 ἔστι.
552 4467 647 4520 καὶ
694 4466 755 4519 τὸ
780 4467 927 4521 ποτὲ
962 4467 1353 4538 συνανῄρηται,
1390 4488 1408 4520 ι
1460 4471 1554 4522 καὶ
1603 4471 1720 4538 μετ’
1760 4470 1945 4539 ὀλίγα·

2052 3283 2229 3339 Patris
2258 3281 2428 3338 nostri
2477 3280 2861 3352 Nyssaensinm
2919 3277 3183 3334 antistitis
3231 3278 3411 3333 conati
3464 3275 3626 3330 sunt?

2054 3374 2130 3428 lbi
2162 3374 2304 3427 enim
2336 3379 2560 3427 sanctus
2611 3373 2874 3426 adversus
2912 3369 3237 3423 Eunominm
3281 3368 3348 3422 de
3397 3366 3515 3421 Filii
3572 3374 3626 3419 et

2057 3466 2294 3536 Spiritus
2363 3464 2668 3520 aeternitate
2716 3462 3072 3524 contendens,
3127 3459 3396 3514 rationem
3446 3472 3626 3510 causa:

2054 3559 2174 3614 Filii
2196 3570 2242 3612 et
2272 3557 2509 3628 Spiritus
2540 3558 2680 3610 inter
2700 3554 2835 3609 alias
2865 3569 2951 3607 res
2991 3553 3326 3619 theologicas
3353 3551 3626 3604 immiscet

2057 3650 2204 3705 bisce
2237 3649 2348 3703 fere
2376 3648 2559 3702 verbis
2603 3663 2617 3700 :
2651 3664 2672 3699 t
2722 3646 2780 3699 Si
2813 3645 3163 3713 temporalem
3213 3642 3506 3712 quamdam
3544 3642 3622 3695 inc

2055 3739 2460 3808 tercapedinem
2500 3736 2799 3806 bypostasi,
2849 3749 2944 3790 seu
2978 3732 3345 3788 subsistentiae
3376 3730 3495 3785 Filii
3528 3748 3625 3786 an-

2056 3839 2360 3900 teponeret,
2403 3829 2497 3899 qui
2533 3828 2744 3883 Patrem
2781 3827 2895 3882 sola
2941 3825 3193 3895 principii
3230 3826 3443 3880 ratione
3470 3826 3624 3893 prius

2056 3921 2194 3976 Filio
2225 3921 2485 3992 concipit,
2518 3920 2643 3990 jure
2671 3918 2881 3973 censeri
2915 3927 3098 3986 posset
3128 3917 3374 3970 doctrina
3400 3914 3467 3969 de
3497 3913 3620 3968 Filii

2055 4015 2351 4068 :eternitate
2384 4013 2438 4065 in
2466 4012 2767 4081 periculum
2800 4018 3011 4062 vocata.
3045 4006 3199 4061 Nune
3239 4009 3351 4076 pari
3397 4022 3623 4076 prorsus

2055 4105 2235 4167 modo,
2269 4103 2561 4172 aliquando
2584 4118 2690 4156 non
2727 4101 2969 4155 futurum
3010 4115 3150 4166 esse,
3183 4117 3213 4153 a
3255 4100 3412 4152 Patre
3447 4109 3500 4152 et
3530 4097 3622 4152 Fi-

2052 4198 2297 4266 lto,quin
2325 4208 2378 4251 et
2406 4213 2434 4249 a
2468 4196 2671 4264 Spiritu
2711 4195 2896 4249 exulat
2929 4212 2943 4246 :
2978 4209 3101 4247 nam
3136 4193 3223 4247 ubi
3257 4192 3461 4245 nullum
3486 4198 3624 4245 tem-

2054 4306 2176 4359 pus.
2210 4289 2283 4343 ibi
2338 4289 2497 4344 etiam
2526 4289 2812 4357 aliquando
2843 4286 3118 4341 sublatum
3150 4294 3253 4339 est.
3290 4304 3307 4335 ι
3347 4286 3413 4338 Et
3436 4285 3624 4353 paucis

2052 4382 2348 4449 interiectis
2381 4399 2395 4435 :
2430 4379 2661 4434 tliadem
2701 4388 2785 4432 est.
2819 4388 3003 4434 nostra
3027 4387 3082 4432 et
3105 4378 3171 4431 de
3198 4377 3401 4445 Spiritu
3432 4383 3623 4430 sancto

2052 4474 2348 4537 sententia,
2387 4474 2437 4526 in
2465 4471 2583 4526 solo
2617 4472 2808 4525 ordine
2844 4469 2991 4524 illius
3021 4468 3382 4523 dill‘erentiam
3416 4470 3623 4521 consti-

383 4575 405 4608 ι
458 4556 518 4610 Ὅ
550 4557 606 4610 δὲ
652 4557 816 4621 αὑτὸς
849 4558 983 4628 ἡμῖν
1024 4560 1117 4612 καὶ
1149 4559 1392 4630 περὶτοῦ
1426 4561 1581 4625 ἁγίου
1630 4560 1948 4632 Πνεῦματος

2056 4564 2155 4618 tui.
2187 4562 2656 4629 Quemadmodum
2700 4561 2845 4615 enim
2886 4560 3031 4613 Patri
3057 4560 3223 4613 Filius
3249 4557 3622 4626 conjungitur,

374 4650 537 4717 λόγος
561 4653 619 4702 ὲν
653 4651 789 4722 μόνῃ
814 4654 878 4720 τῇ
908 4650 1058 4716 τάξει
1099 4653 1199 4720 τὴν
1222 4653 1486 4722 διαφορὰν
1522 4655 1680 4725 ἔχων.
1726 4656 1813 4719 Ὠς
1838 4658 1947 4728 γὰρ

376 4744 717 4797 συνάπτεται
747 4745 826 4813 τῷ
860 4746 1037 4815 Πατρὶ
1061 4748 1088 4797 6
1121 4746 1268 4809 Υἱὸς,
1295 4751 1388 4800 καὶ
1423 4748 1481 4801 τὸ
1520 4748 1579 4812 ἐξ
1609 4749 1777 4802 αὑτοῦ
1806 4747 1947 4804 εἶναι

374 4836 520 4903 ἔχων
541 4834 641 4903 οὐχ
675 4835 945 4904 ὑστερίζει
983 4836 1130 4889 κατὰ
1161 4838 1261 4906 τὴν
1292 4837 1529 4907 ὕπαρξιν
1549 4856 1563 4872 ·
1609 4838 1750 4894 οὕτω
1782 4842 1946 4897 πάλιν

373 4928 474 4979 καὶ
522 4925 620 4978 τοῦ
659 4927 1000 4994 Μονογενοῦς
1052 4928 1238 4999 ἔχεται
1285 4930 1344 4983 τὸ
1394 4932 1617 5002 Πνεῦμα
1665 4934 1727 4987 τὸ
1769 4935 1945 5002 ἅγιον,

373 5017 591 5088 ἐπινοίᾳ
629 5017 763 5088 μόνῃ
817 5019 958 5072 κατὰ
1000 5019 1092 5072 τὸν
1138 5024 1238 5090 τῆς
1276 5022 1453 5085 αἰτίας
1508 5020 1666 5092 λόγον
1699 5025 1944 5095 προθεω-

377 5108 645 5177 ρουμὲνου
698 5110 793 5177 τῆς
838 5109 933 5162 τοῦ
989 5110 1298 5181 Πνεὺματος
1352 5114 1737 5178 ὑποστάσεως·
1778 5117 1831 5168 αί
1889 5115 1944 5168 δὲ

373 5202 624 5269 χρονικαὶ
656 5202 991 5272 παρατάσεις
1030 5203 1123 5255 ἐπὶ
1154 5206 1252 5273 τῆς
1303 5207 1630 5276 προαιωνίου
1672 5206 1816 5275 ζωῆς
1840 5206 1947 5275 χώ-

377 5307 479 5358 ραν
504 5283 604 5344 οὑκ
633 5290 882 5362 ἔχουσιν·
917 5291 1058 5346 ὥστε
1085 5292 1177 5346 τοῦ
1217 5294 1374 5361 λόγου
1407 5296 1503 5365 τῆς
1534 5295 1709 5357 αἰτίας
1746 5296 1947 5367 ὑπεξῃ-

373 5384 639 5471 ρημένξυ,
690 5387 747 5438 ὲν
797 5387 985 5455 μηδενὶ
1012 5385 1110 5457 τὴν
1148 5387 1308 5453 ἁγίαν
1337 5387 1544 5457 Τριάδα
1574 5387 1708 5456 πρὸς
1743 5389 1943 5457 ἑαυτὴν

370 5476 720 5544 ἀσυμφώνως
746 5478 911 5547 ἔχειν.
957 5479 1065 5531 Καὶ
1099 5480 1127 5532 ὁ
1167 5479 1264 5548 μὲν
1298 5478 1451 5547 ἅγιος
1493 5478 1636 5532 οὕτω
1682 5481 1822 5532 κατὰ
1855 5481 1943 5533 τὸν

368 5571 472 5632 τῆς
507 5569 687 5631 αἰτίας
732 5569 887 5636 λόγον
914 5570 1348 5641 προϐεωρεῐσθαι
1400 5571 1492 5624 τοῦ
1542 5571 1673 5624 Υίοῦ
1712 5574 1802 5624 τὸν
1833 5574 1943 5624 Πα-

366 5658 506 5724 τέρα
543 5658 802 5727 θεολογετ,
838 5666 1023 5729 σαφῶς
1062 5663 1341 5730 παριστῶν
1376 5664 1439 5714 ὲκ
1465 5662 1560 5715 τοῦ
1602 5664 1812 5734 Πατρὸς
1848 5665 1943 5733 μό-

366 5765 464 5799 νου
491 5750 774 5817 προσεχῶς
822 5752 913 5803 καὶ
942 5751 1162 5820 ἁμέσως
1208 5752 1447 5805 αἰτιατὸν
1484 5752 1574 5805 τὸν
1617 5753 1744 5805 Tim
1782 5749 1939 5820 εἶναι,

363 5839 462 5890 καὶ
488 5839 581 5891 τὸν
618 5841 745 5892 Υιὸν
782 5840 934 5905 αὖθις
965 5844 1105 5895 κατὰ
1152 5842 1242 5896 τὸν
1272 5843 1369 5914 τῆς
1401 5844 1579 5908 αἰτίας
1614 5844 1771 5914 λόγον
1808 5864 1940 5916 προ-

2056 4667 2109 4708 et
2138 4671 2260 4710 cum
2289 4671 2355 4709 ex
2390 4655 2481 4708 illo
2525 4654 2788 4723 originem
2838 4654 3021 4714 ducat.
3073 4653 3389 4707 exsistentia
3441 4661 3619 4704 tamen

2051 4750 2319 4817 posterior
2352 4764 2458 4802 non
2510 4756 2593 4801 est
2626 4747 2757 4823 :lsic
2787 4748 2948 4802 etiam
3000 4744 3236 4815 Spiritus
3284 4754 3507 4799 sanctus
3553 4744 3619 4796 ad

2052 4837 2247 4893 Filium
2283 4855 2343 4893 se
2374 4839 2556 4906 liabet,
2597 4839 2933 4907 cogitatione
2964 4836 3078 4890 sola
3110 4834 3412 4889 secundum
3447 4848 3622 4887 causa!

2052 4931 2314 4984 rationem
2345 4930 2514 4984 Filitts
2542 4930 2691 4999 prius
2714 4972 2726 4990 ,
2771 4945 2932 5000 quant
2968 4928 3199 4999 Spiritus
3236 4925 3409 4981 sancti
3448 4925 3619 4994 hypo-

2052 5023 2213 5078 stasis
2247 5024 2554 5093 concipitur
2589 5041 2604 5080 :
2642 5025 2969 5093 temporales
3019 5031 3200 5076 autem
3250 5019 3620 5075 dimensiOnes

2052 5116 2104 5170 in
2140 5117 2228 5171 illa
2256 5133 2418 5171 omne
2450 5117 2706 5172 szeculum
2757 5127 3069 5187 antegressa
3128 5117 3233 5169 vita
3287 5116 3464 5169 locum
3509 5130 3615 5167 non

2053 5207 2288 5273 habent;
2326 5209 2397 5262 ita
2431 5217 2487 5262 ut
2536 5217 2763 5277 excepta
2823 5223 3000 5262 eausa:
3031 5209 3246 5261 ratione
3275 5205 3614 5261 sanctissinm

2051 5297 2291 5354 Trinitas
2319 5300 2373 5354 in
2413 5300 2562 5355 nullo
2593 5300 2888 5365 discordet,
2917 5299 3084 5370 probe
3101 5299 3202 5353 sibi
3232 5312 3557 5353 consonans.
3592 5315 3610 5346 ι

2047 5390 2116 5445 Et
2173 5401 2392 5445 sanctus
2418 5393 2539 5463 χΙιοιι
2583 5401 2740 5462 pacto
2786 5392 3084 5447 secundum
3142 5393 3403 5445 tationem
3438 5404 3617 5444 causa

2048 5484 2383 5554 prmintelligi
2413 5482 2607 5538 Filium
2645 5483 2806 5538 Patre
2847 5484 3112 5546 decernit,
3165 5483 3338 5551 palam
3370 5482 3610 5547 edicens,

2048 5592 2114 5629 ex
2148 5575 2261 5630 solo
2294 5574 2452 5630 Patre
2484 5577 2736 5646 contigue
2783 5587 2836 5631 et
2887 5575 3198 5629 immediate
3247 5572 3470 5643 produci
3525 5570 3613 5626 Fiv

2047 5666 2179 5719 lium
2220 5682 2232 5717 :
2262 5677 2313 5720 et
2341 5666 2541 5721 Filium
2576 5682 2767 5722 rursus
2798 5665 3094 5720 secundum
3132 5680 3311 5718 causa:
3341 5669 3606 5717 rationi-nt

2052 5760 2390 5830 prteintelligi
2458 5760 2738 5830 ltypostasi
2795 5758 3057 5829 Spiritus.
3108 5769 3291 5830 aperte
3346 5766 3612 5819 statuens,

2050 5871 2143 5921 per
2192 5850 2387 5910 Filium
2442 5871 2506 5911 ex
2558 5854 2715 5910 Patre
2744 5853 2970 5924 produci
3007 5851 3292 5925 Spiritum.
3335 5853 3438 5920 Qui
3485 5868 3613 5908 vero
