3974 6644
385 366 486 429 ιὸἳ
1405 372 1617 436 JOAN.
1654 374 1875 438 VECCI
1914 376 1976 441 Cl

2079 380 2508 446 PATRIARCH
2522 381 2580 445 Ε
3542 392 3647 458 εει

387 485 531 546 tatis,
566 492 621 537 et
644 480 776 538 nulli
829 483 1250 539 contradictioni
1284 483 1562 552 obnoxiis,
1593 487 1723 543 illud
1761 489 1952 555 tradit,

2079 490 2116 546 τὸ
2151 494 2324 566 ῥῆμα,
2358 497 2391 569 ἢ
2422 499 2582 569 τήνδε
2616 499 2718 570 τὴν
2755 500 3038 567 σύνταξιν.
3071 505 3467 575 παραχωρήσει
3500 508 3647 571 ἴσως

386 575 590 645 absque
616 574 763 631 illius
789 575 1021 645 fortasse
1051 576 1328 633 additione
1369 578 1604 650 scriptor
1640 581 1961 651 pronuntia-

387 668 521 722 verit
563 681 580 721 :
611 682 737 722 cum
765 684 895 723 vero
925 684 1048 738 quae
1084 670 1396 726 contexitur
1421 672 1598 727 oratio
1631 672 1862 744 fortasse
1884 691 1962 728 re-

386 760 572 829 quirit,
604 760 698 829 qui
755 762 1021 832 scriptum
1081 763 1353 828 enncleat,
1401 765 1688 835 aptissime
1738 765 1958 833 dixerit,

386 853 531 909 hanc
561 855 915 919 sententiam,
979 856 1066 911 vcl
1115 857 1217 911 hoc
1248 858 1498 920 verbum.
1534 860 1615 915 vel
1651 859 1793 915 hanc
1830 875 1964 916 con-

384 948 766 1017 structionem,
793 950 1069 1019 permittet
1086 950 1320 1009 fortasse
1341 952 1542 1015 oratio.
1569 952 1654 1008 vel
1677 954 1957 1018 concedet.

383 1042 467 1097 vel
503 1043 781 1109 praebebit,
823 1043 907 1099 vel
929 1044 1059 1113 quid
1101 1045 1280 1101 simile
1315 1062 1379 1102 ex
1408 1048 1497 1109 iis,
1546 1063 1669 1117 quae
1694 1047 1876 1104 verbis
1909 1058 1963 1105 et

384 1133 658 1189 adverbiis
681 1134 865 1190 dubiis
886 1146 1311 1192 connectuntur.
1335 1136 1529 1195 Nullus
1563 1138 1747 1206 itaque
1779 1154 1965 1195 rema-

385 1236 478 1281 net
510 1226 681 1293 locus,
722 1244 897 1298 neque
926 1229 1178 1299 fortasse,
1204 1245 1404 1300 neque,
1430 1245 1487 1287 ιιι
1507 1232 1565 1286 id
1590 1248 1796 1302 quoque
1834 1249 1964 1287 con-

383 1320 655 1385 cedamus,
679 1322 956 1391 cogitandi
1005 1338 1035 1376 a
1072 1338 1273 1392 magno
1312 1322 1514 1379 Basilio
1567 1325 1621 1378 in
1648 1327 1759 1393 jam
1800 1323 1963 1379 dictis

384 1414 713 1484 theologicis
743 1417 989 1486 apposita
1045 1414 1240 1482 fuisse,
1294 1424 1349 1471 et
1388 1415 1490 1471 hac
1518 1417 1732 1472 ratione
1767 1432 1963 1471 conse-

2061 587 2091 640 ὁ
2138 587 2297 656 λόγος
2345 588 2379 660 ἢ
2433 591 2780 663 συγχωρήσει
2836 593 2987 656 ἴσως,
3036 595 3069 665 ἢ
3121 597 3426 667 ὲκχωρήσει
3479 597 3646 660 ἴσως,

2064 682 2100 747 ἦ
2139 698 2190 733 τι
2242 680 2373 746 τῶν,
2419 683 2520 737 ὅσα
2569 686 2685 747 τοῖς
2735 684 3106 751 διστακτικοῖς
3156 688 3649 757 ἐπισυμπλέκεται

2066 775 2277 847 ρἦασί
2306 792 2365 829 τε
2400 778 2494 830 καὶ
2539 778 2942 849 ἐπιρρήμασιν.
2998 782 3113 834 υΰκ
3161 780 3277 852 ἔχει
3330 783 3463 850 γοῦν
3514 802 3649 838 τινα

2063 868 2251 939 χώραν
2280 869 2339 922 τὺ
2363 871 2532 937 ισως,
2566 867 2661 923 Ὠιι
2684 872 2746 923 τὸ
2772 871 2851 925 ιγ’
2880 873 3037 939 ὅλως
3082 875 3180 929 καί
3229 875 3649 946 συγχωρήσω·

2062 978 2200 1030 μεν.
2233 960 2439 1015 οῐεσθαι
2471 963 2622 1032 παρὰ
2653 961 2748 1016 τοῦ
2797 962 3032 1034 μεγάλου
3090 964 3376 1019 Βασιλείου
3420 966 3652 1019 brae-86-

2065 1053 2186 1106 σθαι
2214 1053 2306 1105 ἐπὶ
2336 1052 2439 1123 τῆς
2466 1053 2771 1124 εἰρημένης
2801 1054 3103 1123 θεολογίας.
3136 1056 3250 1110 Καὶ
3271 1054 3415 1110 οὕτω
3441 1057 3651 1109 λοιπδν

2060 1144 2201 1198 κατὰ
2230 1144 2289 1196 τὸ
2328 1144 2506 1215 πάντη
2534 1144 2752 1215 βέϐαιον
2796 1146 3163 1215 ἀναφαίνεται
3193 1146 3289 1200 ἀπ’
3321 1148 3497 1217 αὐτῆς
3545 1150 3654 1216 τῆς

2060 1233 2205 1288 κατὰ
2235 1234 2415 1287 πᾶσαν
2436 1234 2684 1305 ἀνάγκην
2708 1235 2943 1290 νοεῖσθαι
2967 1238 3203 1291 άπαιτου
3212 1239 3385 1309 μένης
3419 1237 3653 1301 ἑννοίας

2062 1324 2389 1394 προσθήκην
2431 1321 2571 1379 εἶναι
2619 1327 2711 1394 τὸ,
2761 1326 2930 1394 ῑσως,
2963 1329 3060 1382 καὶ
3108 1330 3172 1381 τὸ
3221 1326 3302 1382 ιγ’
3352 1327 3517 1395 ὅλως
3544 1330 3651 1382 καὶ

2062 1415 2577 1487 συγχωρήσωμεν.

385 1519 617 1576 quenter
662 1518 921 1580 tanquam
966 1510 1333 1565 certissimum
1382 1520 1684 1582 comparet,
1742 1525 1806 1565 ex
1840 1510 1957 1580 ipsa
1997 1525 2119 1580 qua:
2145 1511 2457 1565 necessario
2488 1519 2543 1566 et
2568 1510 2746 1568 modis
2776 1512 3034 1568 omnibus
3094 1514 3364 1569 sententia
3388 1512 3648 1571 elicitur.

385 1602 636 1672 fortasse,
689 1610 765 1664 et,
796 1612 854 1655 ut
885 1601 940 1656 id
967 1618 1170 1672 quoque
1210 1604 1583 1671 concedamus,
1620 1603 1958 1658 additionem
1988 1618 2133 1658 esse.
2636 1588 2644 1594 ’

456 1694 668 1753 5.1llud
706 1711 867 1766 porro
898 1697 1175 1768 quomodo
1218 1697 1684 1768 comprehendere
1717 1713 1822 1752 non
1859 1712 1959 1767 po-

2135 1704 2206 1768 γ’.
2248 1699 2459 1753 Ἐκεῖνο
2485 1699 2542 1753 δὲ
2562 1699 2679 1763 πῶς
2703 1700 2767 1754 οὐ
2790 1700 3023 1755 συνιδεῖν
3051 1699 3232 1770 ἔσχον,
3269 1699 3406 1767 ὅπερ
3440 1698 3470 1769 η
3502 1699 3652 1753 tata—

389 1798 630 1856 tuerunt,
648 1789 795 1861 quod
825 1791 1080 1846 universa
1102 1791 1343 1846 inductio
1366 1791 1712 1862 apertissime
1732 1790 1964 1847 astruit?

2079 1789 2224 1859 τωγὴ
2257 1791 2409 1843 πᾶσα
2434 1789 2769 1861 παρίστησιν
2794 1791 3075 1862 ἐναργῶςς
3107 1792 3167 1845 Εἰ
3196 1792 3308 1863 γάρ
3327 1790 3650 1861 δυσχερῶς.

389 1882 600 1938 Etenim
637 1882 682 1937 si
726 1882 1037 1946 diﬂiculter,
1075 1890 1134 1936 ut
1172 1882 1274 1952 ipsi
1303 1881 1481 1949 aiunt,
1516 1892 1571 1938 et
1595 1882 1880 1946 violenter,
1907 1892 1961 1938 et

389 1988 450 2032 ut
470 1976 740 2047 quispiam
782 1974 990 2031 diceret
1013 1976 1272 2039 invitum.
1295 1983 1351 2033 et
1377 1987 1569 2032 coacta
1602 1974 1705 2031 sibi
1738 1976 1965 2045 permit-

388 2075 591 2123 tentem
647 2082 677 2122 a
730 2081 791 2122 se
844 2067 963 2136 ipso
1014 2076 1260 2122 sanctum
1322 2068 1623 2122 extorsisse
1648 2066 1810 2122 verba
1846 2065 1961 2129 illa,

390 2160 654 2230 Spiritum
709 2176 834 2216 esse
869 2160 1173 2215 secundum
1226 2174 1255 2213 a
1317 2159 1460 2216 Filio
1520 2158 1809 2229 dignitate,
1854 2174 1962 2229 qua

388 2256 603 2310 ratione
644 2254 972 2310 sententiam
1013 2254 1173 2309 istam
1233 2254 1649 2314 constabiliens,
1703 2261 1781 2308 tot
1811 2252 1965 2306 deiu-

389 2361 519 2416 ceps
549 2345 617 2401 de
647 2344 905 2401 secundis
933 2344 1212 2414 dignitatis
1243 2344 1484 2413 partibus
1531 2344 1694 2400 verba
1724 2344 1964 2408 infervit.

391 2447 451 2493 ut
508 2453 616 2492 non
651 2446 860 2492 tantum
920 2438 1191 2492 secundas
1236 2435 1357 2490 Filii
1416 2444 1596 2505 partes
1634 2451 1664 2491 a
1706 2434 1864 2490 Patre
1897 2436 1964 2489 ad

390 2531 749 2585 dicendorum
786 2529 1165 2601 probationem
1215 2538 1547 2593 assumeret,
1606 2531 1698 2584 sed
1732 2529 1964 2584 similem

390 2625 713 2696 angelorum
774 2632 1029 2680 naturam
1075 2625 1304 2695 insuper
1350 2623 1594 2689 adderet,
1623 2633 1678 2678 et
1710 2624 1970 2694 pleraque

391 2717 460 2773 de
488 2732 680 2772 eorum
712 2717 1070 2788 dignitatibus
1101 2717 1312 2787 scripto
1341 2716 1712 2793 consignaret,
1767 2731 1971 2786 quous-

392 2825 501 2882 que
529 2808 741 2865 tandem
761 2817 818 2863 et
840 2808 971 2882 illud
998 2812 1398 2879 pronuntiaret,
1421 2827 1442 2861 ι
1469 2807 1590 2861 Non
1614 2821 1797 2873 omne,
1824 2808 1969 2877 quod

390 2876 588 2961 ordine
618 2914 671 2960 et
699 2876 961 2976 dignitate
988 2876 1289 2988 secundum
1318 2911 1415 2958 aut
1434 2902 1657 2958 tertium
1690 2907 1797 2967 est,
1825 2876 1969 2956 idem

318 3047 330 3056 .
394 3018 451 3064 et
479 3007 750 3063 diversam
789 3014 1039 3063 naturam
1103 3007 1312 3063 habet?
1351 3025 1369 3056 ι
1405 3004 1463 3061 Si
1510 3015 1703 3062 coacte
1744 3014 1973 3062 sanctus

395 3094 652 3159 dixisset,
683 3090 947 3163 Spiritum
977 3090 1280 3147 secundum
1308 3105 1431 3146 esse
1471 3104 1501 3144 a
1528 3090 1667 3144 Filio
1687 3090 1971 3161 dignitate,

399 3187 633 3243 fortasse
659 3184 823 3240 etiam
878 3182 1084 3239 cursim
1141 3181 1273 3235 illud
1333 3180 1705 3251 prateriisset,
1754 3164 2040 3234 utenmC

398 3293 636 3349 quoque,
660 3277 753 3348 qui
786 3290 896 3330 non
928 3275 999 3330 ita
1023 3283 1229 3330 attente
1260 3288 1371 3327 rem
1395 3273 1781 3333 examinasset.
1818 3270 1971 3326 falle-

370 3377 505 3451 πει.
543 3365 933 3423 Verumtamen
993 3366 1083 3422 ille
1126 3365 1180 3421 in
1220 3364 1608 3421 dissertatione
1660 3364 1728 3419 de
1775 3379 1842 3419 eo
1899 3363 1973 3418 ita

399 3461 681 3527 perdurat.
709 3466 769 3515 ut
799 3474 909 3515 non
941 3466 1179 3524 tantum,
1214 3466 1502 3529 postquam
1558 3456 1728 3512 multa
1793 3455 1861 3512 de
1898 3455 1977 3511 di-

401 3551 707 3621 gnitatibus
730 3550 1045 3621 angelorum
1072 3551 1429 3620 disputasset,
1469 3549 1771 3612 induceret,
1795 3569 1816 3603 ι
1852 3545 1973 3602 Νοη

400 3645 646 3706 amitino.
677 3645 723 3700 si
776 3646 907 3715 quid
932 3654 1019 3699 est
1057 3644 1250 3700 ordine
1281 3654 1337 3697 et
1368 3643 1634 3713 dignitate
1672 3641 1974 3696 secundum

402 3748 496 3794 aut
528 3739 774 3801 tertium,
807 3737 1029 3792 habebit
1079 3746 1136 3792 et
1185 3744 1439 3791 naturam
1491 3735 1792 3798 diversam,
1831 3752 1850 3785 ι
1879 3733 1975 3788 sed

400 3854 457 3897 et
511 3845 701 3913 paucis
744 3828 1047 3912 interiectis
1096 3841 1364 3903 adderet,
1428 3857 1446 3891 ε
1501 3838 1976 3905 Quemadmodum

405 3936 590 3990 multa:
617 3935 933 3989 mansiones
974 3934 1115 4003 apud
1152 3931 1394 3993 Patrem,
1424 3930 1751 4002 dignitatum
1785 3944 1980 3999 nempe

404 4029 773 4084 diversitates.
811 4028 1014 4082 Natura
1052 4042 1180 4081 vero
1209 4026 1406 4081 similis
1437 4039 1652 4086 eorum,
1687 4024 1776 4094 qui
1807 4022 1977 4094 glori-

346 4114 351 4119 ’
408 4123 659 4178 ﬁcantur.
691 4120 783 4175 Sic
813 4118 1055 4189 profecto
1082 4126 1137 4173 et
1172 4115 1411 4187 Spiritus
1446 4128 1671 4173 sanctus
1718 4116 1982 4187 dignitate

406 4214 627 4283 quidem
652 4220 707 4267 et
723 4212 915 4267 ordine
943 4212 1134 4266 tertius
1152 4218 1256 4266 est.
1280 4208 1607 4279 Accepimus
1629 4209 1774 4264 enim
1804 4210 1978 4278 ipsum

409 4306 630 4379 tertium
662 4319 691 4359 a
722 4302 881 4359 Patre
909 4314 963 4359 et
1000 4303 1140 4358 Filio
1175 4309 1545 4367 numeratum,
1580 4317 1704 4356 cum
1734 4301 1848 4369 ipse
1877 4299 1983 4355 Do—

408 4414 594 4467 minus
623 4411 677 4466 in
708 4410 1000 4465 traditione
1051 4408 1309 4464 salutaris
1339 4406 1685 4478 baptismatis
1730 4406 1981 4461 ordinem

2064 1883 2142 1947 ὼς
2171 1883 2326 1937 αὐτοί
2366 1900 2521 1953 φασι.
2553 1884 2647 1938 καὶ
2683 1884 2781 1936 σὺν
2827 1883 2936 1954 βίᾳ,
2973 1884 3089 1950 καὶ,
3149 1883 3226 1949 ὡς
3265 1885 3333 1941 ἄν
3371 1901 3462 1948 τις
3500 1886 3652 1955 ἐρεῖ,

2064 1975 2206 2030 κατά
2226 1993 2348 2030 τινα
2396 1975 2657 2030 ἀκούσιον
2710 1976 3107 2048 παραχώρησιν
3138 1976 3359 2042 ὶδέξατο
3400 1980 3428 2032 ὁ
3481 1978 3653 2046 ἅγιος

2065 2069 2241 2123 εἰπεῖν
2298 2068 2360 2123 τδ
2420 2067 2644 2139 Πνεῦμα
2691 2068 2945 2139 δεύτερον
2991 2068 3087 2123 τοῦ
3145 2069 3276 2123 Υίοῦ
3334 2069 3651 2140 ἀξιώματι.

2066 2161 2184 2225 πῶς
2212 2160 2304 2214 διὰ
2354 2161 2456 2229 τὴν
2494 2161 2594 2231 τῆς
2642 2161 2855 2224 ἐννοίας
2895 2161 3101 2234 ταύτης
3142 2162 3501 2231 κατασκευὴν
3561 2178 3655 2214 τιο

2075 2254 2267 2309 σοῦτον
2298 2254 2498 2326 ἐφεξῆς
2535 2255 2650 2317 τοῖς
2681 2259 2813 2324 περὶ
2843 2253 2940 2307 τοῦ
2977 2256 3035 2309 ἐν
3058 2254 3135 2325 τῷ
3158 2254 3451 2326 δευτερεξῳ
3479 2253 3657 2319 άξῖώ-

2070 2363 2236 2418 ματος
2274 2345 2678 2417 ἔμπλατῦνεται
2725 2346 2926 2416 λόγοις,
2976 2348 3049 2411 ὡς
3084 2348 3159 2416 μὴ
3198 2346 3360 2416 μόνον
3412 2347 3476 2400 τὸ
3506 2348 3655 2416 πρὸς

2066 2441 2160 2495 τὸν
2179 2441 2399 2511 Πατέρα
2436 2441 2743 2512 δευτερεῖον
2771 2439 2867 2493 τοῦ
2895 2441 3025 2494 Υίοῦ
3054 2441 3131 2502 είς
3162 2441 3537 2510 κατασκευὴν.
3570 2434 3648 2493 ὧν

2071 2534 2255 2603 λέγειν
2278 2533 2562 2604 ἠϐούλετο,
2599 2533 2955 2604 παραλαϐεῖν,
2984 2532 3123 2587 ἀλλὰ
3163 2532 3258 2587 καὶ
3302 2533 3363 2587 τδ
3403 2533 3660 2602 ὁμοφυὲς

2068 2626 2180 2681 τῶν
2206 2627 2460 2697 ἀγγέλων
2490 2628 2839 2698 προσθεῖναι,
2883 2626 2978 2681 καὶ
3023 2624 3195 2680 πολλὰ
3245 2626 3379 2696 περὶ
3427 2624 3546 2677 τῶν
3595 2625 3659 2676 ὲν

2070 2719 2259 2785 αὐτοῖς
2287 2719 2621 2789 ἀξιωμάτων
2666 2719 3108 2790 λογογραφῆσαι,
3142 2717 3312 2789 μέχρι
3363 2714 3458 2770 τοῦ
3513 2719 3660 2771 ὲπα·

2070 2815 2286 2883 γαγεῖν,
2332 2830 2353 2864 ι
2390 2812 2466 2866 Οὐ
2499 2812 2634 2873 πᾶν.
2666 2808 2724 2864 ετ
2761 2827 2815 2865 τι
2843 2811 2910 2882 τῇ
2938 2807 3092 2874 τάξει
3121 2808 3219 2863 καὶ
3258 2807 3336 2879 τῷ
3367 2805 3656 2877 ἀξιώματι

2070 2906 2325 2976 δεύτερόν
2347 2907 2463 2958 ἐστι
2494 2903 2590 2958 καὶ
2617 2902 2821 2975 τρίτον,
2851 2901 3013 2956 τοῦτο
3053 2902 3148 2957 καὶ
3170 2900 3272 2973 τὴν
3316 2900 3481 2970 φύσιν
3534 2900 3658 2954 ἑτέ-

2075 3018 2177 3073 ραν
2222 2998 2380 3069 ζχεις
2438 2997 2504 3051 El
2562 2993 2976 3067 περιστατικῶς
3025 2994 3245 3065 εἰρήκει
3282 2993 3311 3046 ὁ
3367 2991 3532 3061 ἅγιος
3592 2992 3656 3044 τὸ

2067 3092 2304 3163 ⁴Πνεῦμα
2351 3090 2607 3162 δεύτερον
2658 3089 2757 3144 τοῦ
2800 3087 2935 3143 Υίοῦ
2990 3087 3069 3159 τῷ
3092 3086 3390 3158 ἀξιώματι,
3423 3086 3551 3157 τάχ’
3583 3083 3652 3140 ἂν

2073 3186 2168 3239 καὶ
2199 3184 2322 3237 κατ’
2349 3181 2653 3255 ἐπιδρομὴν
2681 3180 2964 3251 παρῆλθεν
2991 3178 3144 3243 αὐτὸ,
3178 3178 3257 3241 ὡς
3301 3179 3397 3232 καί⁸
3445 3166 3662 3233 λανθά-

2074 3297 2201 3332 νειν
2218 3278 2405 3349 σχεδὸν
2429 3278 2540 3333 τῶν
2565 3276 2641 3348 μὴ
2668 3278 2848 3345 πάντη
2871 3272 3306 3345 ἔπεσκεμμένως
3333 3272 3466 3327 αὐτὸ
3489 3274 3660 3343 ιπερ-

2074 3374 2329 3443 χόμενον.
2376 3370 2437 3425 Ὀ
2463 3369 2522 3424 δὲ
2554 3369 2670 3424 ἀλλ’
2708 3367 2853 3422 οὕτω
2882 3366 3135 3437 ἐπιμένει
3168 3367 3291 3430 ταῖς
3318 3366 3449 3435 περὶ
3481 3364 3657 3419 αὐτοῦ

2078 3467 2327 3537 ῥήσεσιν,
2358 3465 2434 3526 ὡς
2471 3465 2546 3535 μὴ
2572 3463 2734 3534 μόνον
2759 3461 2898 3533 μετά
2921 3461 2983 3515 τὸ
3011 3458 3185 3514 πολλὰ
3228 3460 3658 3529 λογογραφῆσαι

2084 3560 2214 3627 περὶ
2244 3556 2355 3609 τῶν
2401 3556 2459 3608 ἐν
2486 3554 2739 3622 ἀγγέλοις
2779 3552 3106 3617 ἀξιωμάτων
3147 3552 3474 3619 ἐπαγαγεῖν,
3519 3569 3540 3602 ι
3574 3550 3653 3603 Οὐ

2080 3651 2300 3711 πάντως
2334 3649 2387 3701 εί
2409 3665 2462 3700 τι
2502 3649 2567 3717 τῇ
2612 3645 2767 3710 τάξει
2810 3645 2901 3698 καὶ
2947 3643 3026 3713 τῷ
3073 3641 3350 3712 ἀξιώματι
3393 3640 3661 3708 δεύτερόν

2078 3744 2194 3796 ιστι
2227 3743 2321 3795 καὶ
2350 3740 2533 3812 τρίτον
2556 3739 2736 3804 τοῦτο,
2767 3737 2862 3791 καὶ
2888 3736 2987 3806 τὴν
3014 3736 3181 3804 φύσιν
3214 3734 3407 3806 ἑτέραν
3443 3733 3596 3802 εχει.
3631 3752 3649 3783 s

2090 3833 2254 3889 Ἀλλά
2294 3834 2389 3887 xa‘t
2431 3829 2590 3895 αὖθις
2632 3832 2754 3901 μετ’
2793 3830 2952 3897 ὀλίγα
2997 3827 3339 3899 προσθεῖναι,
3393 3844 3412 3877 ι
3441 3827 3661 3892 Ὥσπερ

2081 3926 2276 3981 πολλαὶ
2310 3927 2472 3995 μοναὶ
2510 3925 2659 3995 παρὰ
2689 3922 2768 3993 τῷ
2791 3923 2991 3993 Πατρὶ,
3019 3920 3304 3974 τουτέστιν
3325 3917 3662 3988 ἀξιωμάτων

2078 4018 2334 4089 διαφοραί
2362 4035 2377 4051 ·
2415 4017 2579 4085 φύσις
2603 4016 2658 4070 δὲ
2684 4015 2848 4084 ὁμοία
2899 4013 3011 4067 τῶν
3051 4012 3428 4081 δοξαζομένων
3460 4027 3474 4040 ·
3514 4007 3662 4062 οὕτω

2079 4113 2322 4185 δηλονότι
2374 4111 2472 4165 καὶ
2520 4110 2581 4163 τὸ
2635 4106 2860 4175 Πνεῦμα
2899 4106 2959 4159 τὸ
3013 4106 3173 4173 ἅγιον
3216 4104 3495 4174 ἀξιώματι
3560 4100 3660 4172 μὲν

2082 4205 2393 4274 ὑποϐέϐηκε
2441 4205 2537 4256 καὶ
2604 4201 2798 4265 τάξειε
2869 4200 3291 4270 παρειλήφαμεν
3357 4198 3468 4268 γάρ
3526 4195 3663 4249 αὐτὸ

2081 4299 2264 4370 τρίτον
2291 4298 2399 4352 άπδ
2450 4296 2667 4367 Πατρδς
2702 4295 2795 4348 καὶ
2827 4292 2958 4346 Υἱοῦ
3008 4292 3439 4361 ἀριθμούμενον,
3490 4286 3659 4343 αὐτοῦ

2083 4391 2181 4445 τοῦ
2211 4390 2425 4462 Κυρίου
2456 4391 2515 4441 ὲν
2543 4390 2609 4457 τῇ
2637 4386 2939 4457 παραδόσει
2988 4383 3084 4438 τοῦ
3126 4383 3402 4454 σωτηρίου
3459 4380 3664 4453 βαπτί-

408 4502 717 4559 tradiderit.
764 4499 820 4555 ln
869 4509 1121 4555 naturam
1175 4509 1359 4553 autem
1416 4498 1631 4552 tertiam
1668 4511 1697 4549 a
1730 4495 1870 4550 Filio
1927 4503 1976 4550 el

2088 4498 2294 4552 σματος
2333 4479 2780 4550 παραδεδωκότος
2820 4478 2919 4547 τὴν
2970 4474 3126 4541 τάξιν
3146 4478 3226 4536 είς
3256 4476 3423 4543 φύσιν
3446 4471 3504 4525 δέ
3539 4488 3663 4525 τινα

2164 4574 2175 4584 ι
2316 4574 2327 4584 ι
2388 4573 2401 4584 ι
2441 4571 2503 4584 ‘n-
2544 4569 2568 4580 ο
2674 4570 2687 4584 ι
2725 4572 2770 4584 r-
2885 4569 2899 4584 ι
2966 4568 2979 4584 1
3033 4566 3063 4584 ρ
3103 4566 3193 4584 καί
3255 4583 3263 4584 κ
3314 4583 3323 4584 κ
3432 4563 3550 4584 -99“
3585 4562 3662 4584 .-9

408 4596 573 4652 Patre
619 4594 891 4662 deiectum
947 4592 1213 4662 Spiritum
1270 4606 1539 4657 nusquam
1590 4588 1921 4642 audivimus.
1958 4606 1976 4639 ι

2085 4574 2278 4644 τρίτην
2305 4573 2415 4626 ἀπὸ
2441 4569 2570 4623 Υίοῦ
2605 4570 2696 4623 καὶ
2725 4569 2941 4638 Πατρδς
2963 4566 3366 4635 ἐκϐαλλόμενον
3423 4563 3664 4634 οὐδαμοῦ

410 4684 641 4741 Huncne
683 4685 739 4739 in
783 4683 1030 4745 modum,
1062 4682 1157 4752 qui
1186 4680 1445 4750 dogmata
1479 4681 1724 4742 tradunt,
1763 4679 1817 4733 in
1862 4694 1986 4732 ser-

411 4793 602 4833 mones
658 4774 1037 4836 eli‘undnntur,
1106 4788 1231 4827 cum
1282 4772 1551 4827 violenter
1594 4780 1756 4840 atque
1798 4779 1987 4825 coacto

412 4874 478 4927 de
523 4870 634 4925 illis
678 4868 807 4939 sibi]
836 4880 1145 4923 sermonem
1200 4865 1425 4920 concedi
1459 4862 1840 4933 cognoscunt?
1869 4859 1986 4915 Non

411 4972 499 5019 est
526 4963 650 5025 hoc,
674 4976 807 5016 non.
845 4959 1085 5014 Facilius
1111 4958 1257 5011 enim
1285 4971 1405 5011 sese
1448 4963 1675 5010 sanctus
1715 4953 1990 5023 expediis-

413 5066 518 5120 set,
541 5056 928 5109 demonstrans
965 5051 1096 5105 falsa
1133 5064 1381 5105 asserere
1409 5063 1555 5109 eum,
1592 5047 1684 5115 qni
1723 5046 1988 5116 Spiritum

414 5146 719 5201 secundum
754 5160 783 5198 a
829 5141 971 5198 Filio
1007 5142 1202 5196 ordine
1236 5148 1292 5194 et
1333 5140 1598 5209 dignitate
1635 5138 1988 5206 afﬂirmabat,

413 5255 580 5311 quam
615 5239 658 5292 si
682 5237 978 5292 admittens
1006 5235 1246 5304 Spiritus
1267 5249 1298 5287 a
1321 5231 1460 5287 Filio
1484 5241 1666 5303 partes
1692 5234 1988 5295 secundas,

416 5346 767 5401 summopere
793 5330 1121 5391 elaboraret,
1156 5328 1221 5381 ad
1255 5326 1383 5381 illud
1418 5325 1987 5387 commonstraudum,

414 5440 657 5498 quanam
690 5423 905 5477 ratione
936 5421 1078 5489 quod
1110 5431 1194 5475 est
1222 5420 1412 5474 ordine
1435 5418 1771 5486 etdignitate
1797 5432 1993 5471 secun-

417 5522 573 5582 dum,
607 5532 712 5571 non
744 5515 883 5570 idem
916 5524 1061 5569 esset
1088 5526 1141 5567 ct
1172 5522 1363 5567 natura
1390 5512 1712 5566 secundum.

488 5612 543 5666 ὁ.
580 5610 679 5665 His
728 5610 910 5678 itaque
962 5600 1301 5661 mendacium
1348 5612 1534 5673 aperte
1570 5599 1997 5670 deprehenditur

421 5706 788 5758 asserentintn
820 5717 850 5754 a
885 5708 1074 5755 sancto
1108 5696 1427 5752 adverbium
1466 5695 1694 5764 fortasse
1718 5691 1862 5760 quod
1888 5691 1997 5743 Ine-

423 5794 736 5848 sitatinnem
761 5792 1062 5859 ingenerat,
1081 5790 1390 5857 appositum
1412 5783 1602 5839 fuisse.
1628 5779 1822 5834 Totum
1849 5780 1994 5832 enim

428 5889 515 5944 ille
558 5867 801 5941 studium
844 5881 1161 5939 conferebat
1211 5893 1396 5941 suum,
1437 5875 1504 5930 ad
1543 5873 1675 5928 illud
1729 5867 1997 5924 amolien-
2043 5936 2046 5940 Α

2093 4664 2521 4737 μεμαθήκαμεν.
2561 4681 2580 4714 ι
2637 4659 2795 4715 Οὕτω
2842 4662 2967 4722 ταῖς
3013 4660 3244 4730 ρήσεσιν
3292 4658 3343 4709 οἱ
3399 4655 3666 4726 δογματί-

2091 4758 2274 4823 ζοντες
2301 4754 2767 4826 ἑμπλατύνονται,
2808 4745 2897 4815 αἷς
2929 4753 2963 4821 ἡ
3012 4750 3154 4804 κατὰ
3191 4749 3255 4802 τὸ
3304 4749 3484 4817 βίαιον
3534 4764 3669 4814 συγ-

2090 4845 2337 4918 χώρησις
2358 4844 2569 4898 ἔνεστιν
2596 4861 2610 4906 ;
2643 4843 2757 4895 Οὐκ
2784 4841 2902 4893 ἔστι
2935 4840 3118 4901 τοῦτο,
3155 4840 3257 4892 οὐκ
3301 4840 3438 4892 ἐστι.
3502 4838 3662 4909 Ῥᾷον

2090 4940 2201 5009 γάρ
2224 4938 2291 4993 ἂν
2314 4933 2384 5006 ἦν
2413 4934 2490 5005 τῷ
2515 4935 2658 5004 ἁγίῳ
2705 4932 2799 4985 τὸν
2832 4931 3020 4999 ἀγῶνα
3059 4931 3239 4984 πάντα
3293 4930 3661 4996 ἐνδείξασθαι,

2091 5033 2231 5105 πρὸς
2255 5032 2318 5086 τὸ
2345 5028 2627 5092 ἀποδεῖξαι
2650 5025 2985 5095 ψευδόμενον
3033 5024 3127 5077 τὸν
3174 5023 3235 5076 to
3278 5023 3506 5093 Πνεῦμα
3538 5022 3661 5077 Esti-

2092 5142 2252 5197 τερον
2285 5121 2382 5177 τοῦ
2415 5119 2548 5175 Υίοῦ
2600 5120 2755 5185 τάξει
2807 5134 2868 5170 τε
2923 5113 3353 5185 καὶὶάξιώματι
3408 5115 3659 5181 λέγοντα.

2092 5220 2126 5290 ἢ
2152 5215 2434 5287 δεξαμένῳ
2466 5213 2528 5267 τὸ
2558 5211 2696 5283 πρὸς
2723 5210 2814 5264 τὸν
2836 5208 2970 5263 Υίδν
3011 5209 3315 5277 δευτερεῖον
3362 5206 3457 5260 τοῦ
3486 5204 3655 5259 Πνεύ-

2098 5326 2291 5381 ματος,
2328 5308 2520 5360 ἔπειτα
2572 5301 2817 5375 μεγάλην
2868 5298 3153 5354 ποιεῖσθαι
3212 5296 3475 5367 σπουδὴν,
3547 5294 3663 5355 πῶς

2096 5402 2164 5456 ἂν
2195 5398 2541 5470 ἀποδειχθείη
2595 5396 2658 5450 τὸ
2688 5398 2755 5466 τῇ
2785 5394 2939 5460 τάξει
2970 5395 3067 5446 καὶ
3091 5391 3170 5461 τῷ
3220 5390 3501 5462 ἀξιώματι
3537 5387 3661 5443 sed»

2094 5509 2256 5563 τερον
2290 5492 2363 5563 μὴ
2394 5492 2489 5544 καὶ
2510 5492 2577 5560 τῇ
2614 5489 2778 5557 φύσει
2813 5486 3073 5552 δεύτερον
3097 5479 3263 5537 εἶναι.

2168 5584 2234 5638 δ’.
2264 5586 2364 5635 Διὰ
2390 5581 2521 5649 γοῦν
2575 5579 2748 5634 ταῦτα
2807 5578 2867 5631 τὸ
2904 5576 3097 5646 ψεῦδος
3146 5573 3420 5643 πρόδηλον
3464 5567 3665 5635 ἀπελή-

2097 5678 2330 5745 λεγκται
2360 5674 2469 5726 τῶν
2509 5673 2779 5739 λεγόντων
2825 5669 2979 5737 παρὰ
3031 5666 3125 5719 τοῦ
3177 5665 3332 5733 ἁγίου
3388 5660 3659 5733 είρῆσθαε.

2098 5772 2159 5823 τὸ
2197 5766 2567 5824 δισταδιτικὸν,
2602 5764 2771 5828 ἴσως,
2803 5762 3112 5830 ἐπίρρημα.
3170 5760 3329 5811 Πᾶσα
3352 5756 3490 5825 .γὰρ
3520 5747 3662 5813 αὐτῷ

2100 5867 2135 5932 ἡ
2166 5860 2369 5937 σπευδὴ
2402 5859 2538 5928 πρδρς
2563 5855 2620 5907 τὸ
2652 5871 2722 5907 πα
2736 5856 2802 5922 ρὰ
2837 5852 2929 5905 τοῦ
2974 5851 3446 5920 Πνευματομάχου
3503 5847 3664 5898 Εὐνο-
