  <div class='ocr_page' id='page_1' title='image "/cluster/home/n/w/nwhite01/storage/ocr_20150623/141/hvd.32044019208313/100.png"; bbox 0 0 3974 6572; ppageno 0'>
   <div class='ocr_carea' id='block_1_1' title="bbox 289 365 476 446">
    <p class='ocr_par' dir='ltr' id='par_1_1' title="bbox 289 365 476 446">
     <span class='ocr_line' id='line_1_1' title="bbox 289 365 476 446; baseline 0.016 -2"><span class='ocrx_word' id='word_1_1' title='bbox 289 382 395 446; x_wconf 72' lang='lat'><strong>185</strong></span> <span class='ocrx_word' id='word_1_2' title='bbox 465 365 476 379; x_wconf 87' lang='grc'><strong>’</strong></span> 
     </span>
    </p>
   </div>
   <div class='ocr_carea' id='block_1_2' title="bbox 1323 399 2505 465">
    <p class='ocr_par' dir='ltr' id='par_1_2' title="bbox 1323 399 2505 465">
     <span class='ocr_line' id='line_1_2' title="bbox 1323 399 2505 465; baseline 0.004 -5"><span class='ocrx_word' id='word_1_3' title='bbox 1323 399 1421 460; x_wconf 87' lang='lat' dir='ltr'><strong>DE</strong></span> <span class='ocrx_word' id='word_1_4' title='bbox 1460 399 1980 461; x_wconf 78' lang='lat' dir='ltr'><strong>PBOCESSIONE</strong></span> <span class='ocrx_word' id='word_1_5' title='bbox 2022 402 2078 460; x_wconf 89' lang='lat' dir='ltr'><strong>S.</strong></span> <span class='ocrx_word' id='word_1_6' title='bbox 2127 402 2505 465; x_wconf 74' lang='lat' dir='ltr'><strong>SPllllTUS.</strong></span> 
     </span>
    </p>
   </div>
   <div class='ocr_carea' id='block_1_3' title="bbox 3442 406 3539 470">
    <p class='ocr_par' dir='ltr' id='par_1_3' title="bbox 3442 406 3539 470">
     <span class='ocr_line' id='line_1_3' title="bbox 3442 406 3539 470; baseline 0 -2"><span class='ocrx_word' id='word_1_7' title='bbox 3442 406 3539 470; x_wconf 78' lang='lat' dir='ltr'><strong>lB‘i</strong></span> 
     </span>
    </p>
   </div>
   <div class='ocr_carea' id='block_1_4' title="bbox 291 500 1866 590">
    <p class='ocr_par' dir='ltr' id='par_1_4' title="bbox 291 500 1866 590">
     <span class='ocr_line' id='line_1_4' title="bbox 291 500 1866 590; baseline 0.007 -39"><span class='ocrx_word' id='word_1_8' title='bbox 291 500 422 590; x_wconf 76' lang='grc' dir='ltr'><strong>μξου</strong></span> <span class='ocrx_word' id='word_1_9' title='bbox 457 501 518 552; x_wconf 72' lang='grc' dir='ltr'><strong>ὲν</strong></span> <span class='ocrx_word' id='word_1_10' title='bbox 539 500 954 590; x_wconf 60' lang='grc' dir='ltr'><strong>συλλογιστικῷ</strong></span> <span class='ocrx_word' id='word_1_11' title='bbox 991 508 1421 580; x_wconf 82' lang='grc' dir='ltr'><strong>συμπεράσματι</strong></span> <span class='ocrx_word' id='word_1_12' title='bbox 1471 512 1866 582; x_wconf 74' lang='grc' dir='ltr'><strong>ἐπιφερόμενον</strong></span> 
     </span>
    </p>
   </div>
   <div class='ocr_carea' id='block_1_5' title="bbox 1974 500 3540 590">
    <p class='ocr_par' dir='ltr' id='par_1_5' title="bbox 1974 513 3540 590">
     <span class='ocr_line' id='line_1_5' title="bbox 1974 513 3540 590; baseline 0.007 -23"><span class='ocrx_word' id='word_1_13' title='bbox 1974 513 2101 568; x_wconf 89' lang='lat' dir='ltr'><strong>dum</strong></span> <span class='ocrx_word' id='word_1_14' title='bbox 2140 516 2284 583; x_wconf 86' lang='lat' dir='ltr'><strong>quod</strong></span> <span class='ocrx_word' id='word_1_15' title='bbox 2320 531 2385 568; x_wconf 78' lang='lat' dir='ltr'><strong>ex</strong></span> <span class='ocrx_word' id='word_1_16' title='bbox 2432 513 2669 582; x_wconf 85' lang='lat' dir='ltr'><strong>Spiritus</strong></span> <span class='ocrx_word' id='word_1_17' title='bbox 2714 516 2890 571; x_wconf 80' lang='lat' dir='ltr'><strong>hostis</strong></span> <span class='ocrx_word' id='word_1_18' title='bbox 2920 515 3174 572; x_wconf 85' lang='lat' dir='ltr'><strong>Ennomii</strong></span> <span class='ocrx_word' id='word_1_19' title='bbox 3222 519 3540 590; x_wconf 74' lang='lat' dir='ltr'><strong>syllogismo</strong></span> 
     </span>
    </p>
   </div>
   <div class='ocr_carea' id='block_1_6' title="bbox 284 585 1862 673">
    <p class='ocr_par' dir='ltr' id='par_1_6' title="bbox 284 585 1862 673">
     <span class='ocr_line' id='line_1_6' title="bbox 284 585 1862 673; baseline 0.009 -32"><span class='ocrx_word' id='word_1_20' title='bbox 284 585 384 655; x_wconf 82' lang='grc' dir='ltr'><strong>ἦν,</strong></span> <span class='ocrx_word' id='word_1_21' title='bbox 413 591 474 643; x_wconf 81' lang='grc' dir='ltr'><strong>τὸ</strong></span> <span class='ocrx_word' id='word_1_22' title='bbox 507 586 652 645; x_wconf 74' lang='grc' dir='ltr'><strong>εἶναι</strong></span> <span class='ocrx_word' id='word_1_23' title='bbox 679 593 880 664; x_wconf 69' lang='grc' dir='ltr'><strong>δηλαδὴ</strong></span> <span class='ocrx_word' id='word_1_24' title='bbox 930 598 991 650; x_wconf 77' lang='grc' dir='ltr'><strong>τὸ</strong></span> <span class='ocrx_word' id='word_1_25' title='bbox 1048 600 1276 669; x_wconf 86' lang='grc' dir='ltr'><strong>Πνεῦμα</strong></span> <span class='ocrx_word' id='word_1_26' title='bbox 1320 601 1505 672; x_wconf 88' lang='grc' dir='ltr'><strong>τρίτον</strong></span> <span class='ocrx_word' id='word_1_27' title='bbox 1555 605 1620 673; x_wconf 78' lang='grc' dir='ltr'><strong>τῇ</strong></span> <span class='ocrx_word' id='word_1_28' title='bbox 1676 602 1862 670; x_wconf 79' lang='grc' dir='ltr'><strong>φύσει.</strong></span> 
     </span>
    </p>
   </div>
   <div class='ocr_carea' id='block_1_7' title="bbox 286 681 1866 764">
    <p class='ocr_par' dir='ltr' id='par_1_7' title="bbox 286 681 1866 764">
     <span class='ocr_line' id='line_1_7' title="bbox 286 681 1866 764; baseline 0.006 -30"><span class='ocrx_word' id='word_1_29' title='bbox 286 681 367 734; x_wconf 79' lang='grc' dir='ltr'><strong>Τὸ</strong></span> <span class='ocrx_word' id='word_1_30' title='bbox 387 682 447 736; x_wconf 71' lang='grc' dir='ltr'><strong>δὲ</strong></span> <span class='ocrx_word' id='word_1_31' title='bbox 470 683 535 737; x_wconf 85' lang='grc' dir='ltr'><strong>τδ</strong></span> <span class='ocrx_word' id='word_1_32' title='bbox 561 685 788 756; x_wconf 79' lang='grc' dir='ltr'><strong>Πνεῦμα</strong></span> <span class='ocrx_word' id='word_1_33' title='bbox 811 688 967 753; x_wconf 74' lang='grc' dir='ltr'><strong>τάξει</strong></span> <span class='ocrx_word' id='word_1_34' title='bbox 996 692 1093 744; x_wconf 79' lang='grc' dir='ltr'><strong>καὶ</strong></span> <span class='ocrx_word' id='word_1_35' title='bbox 1121 691 1404 763; x_wconf 74' lang='grc' dir='ltr'><strong>ἀξιιῖιματι</strong></span> <span class='ocrx_word' id='word_1_36' title='bbox 1453 695 1643 764; x_wconf 81' lang='grc' dir='ltr'><strong>τρίτον</strong></span> <span class='ocrx_word' id='word_1_37' title='bbox 1689 684 1866 747; x_wconf 71' lang='grc' dir='ltr'><strong>εἰπεῖν</strong></span> 
     </span>
    </p>
   </div>
   <div class='ocr_carea' id='block_1_8' title="bbox 281 776 1866 861">
    <p class='ocr_par' dir='ltr' id='par_1_8' title="bbox 281 776 1866 861">
     <span class='ocr_line' id='line_1_8' title="bbox 281 776 1866 861; baseline 0.006 -31"><span class='ocrx_word' id='word_1_38' title='bbox 281 777 402 831; x_wconf 76' lang='grc' dir='ltr'><strong>ἀπὸ</strong></span> <span class='ocrx_word' id='word_1_39' title='bbox 422 776 519 832; x_wconf 88' lang='grc' dir='ltr'><strong>τοῦ</strong></span> <span class='ocrx_word' id='word_1_40' title='bbox 552 781 770 853; x_wconf 83' lang='grc' dir='ltr'><strong>Πατρδς</strong></span> <span class='ocrx_word' id='word_1_41' title='bbox 800 783 1083 849; x_wconf 84' lang='grc' dir='ltr'><strong>ἀϐιάστως</strong></span> <span class='ocrx_word' id='word_1_42' title='bbox 1109 788 1205 840; x_wconf 76' lang='grc' dir='ltr'><strong>καὶ</strong></span> <span class='ocrx_word' id='word_1_43' title='bbox 1268 789 1473 861; x_wconf 78' lang='grc' dir='ltr'><strong>ἱλαρῶς</strong></span> <span class='ocrx_word' id='word_1_44' title='bbox 1524 789 1703 858; x_wconf 80' lang='grc' dir='ltr'><strong>πάντη</strong></span> <span class='ocrx_word' id='word_1_45' title='bbox 1751 788 1866 842; x_wconf 85' lang='grc' dir='ltr'><strong>ὲδέ-</strong></span> 
     </span>
    </p>
   </div>
   <div class='ocr_carea' id='block_1_9' title="bbox 284 870 1865 951">
    <p class='ocr_par' dir='ltr' id='par_1_9' title="bbox 284 870 1865 951">
     <span class='ocr_line' id='line_1_9' title="bbox 284 870 1865 951; baseline 0.01 -28"><span class='ocrx_word' id='word_1_46' title='bbox 284 870 446 936; x_wconf 80' lang='grc' dir='ltr'><strong>ξατο.</strong></span> <span class='ocrx_word' id='word_1_47' title='bbox 492 872 603 926; x_wconf 85' lang='grc' dir='ltr'><strong>Τοῦ</strong></span> <span class='ocrx_word' id='word_1_48' title='bbox 648 876 760 945; x_wconf 70' lang='grc' dir='ltr'><strong>γὰρ</strong></span> <span class='ocrx_word' id='word_1_49' title='bbox 805 877 1090 947; x_wconf 81' lang='grc' dir='ltr'><strong>αίρετικοῦ</strong></span> <span class='ocrx_word' id='word_1_50' title='bbox 1136 881 1412 951; x_wconf 78' lang='grc' dir='ltr'><strong>Εὐνομεου</strong></span> <span class='ocrx_word' id='word_1_51' title='bbox 1471 882 1547 943; x_wconf 69' lang='grc' dir='ltr'><strong>ὡς</strong></span> <span class='ocrx_word' id='word_1_52' title='bbox 1596 879 1865 948; x_wconf 53' lang='grc' dir='ltr'><strong>πρότασιν</strong></span> 
     </span>
    </p>
   </div>
   <div class='ocr_carea' id='block_1_10' title="bbox 284 964 1865 1045">
    <p class='ocr_par' dir='ltr' id='par_1_10' title="bbox 284 964 1865 1045">
     <span class='ocr_line' id='line_1_10' title="bbox 284 964 1865 1045; baseline 0.006 -28"><span class='ocrx_word' id='word_1_53' title='bbox 284 964 586 1035; x_wconf 77' lang='grc' dir='ltr'><strong>τιθεμένου</strong></span> <span class='ocrx_word' id='word_1_54' title='bbox 610 968 674 1022; x_wconf 78' lang='grc' dir='ltr'><strong>τὺ</strong></span> <span class='ocrx_word' id='word_1_55' title='bbox 702 970 857 1040; x_wconf 77' lang='grc' dir='ltr'><strong>παρὰ</strong></span> <span class='ocrx_word' id='word_1_56' title='bbox 883 971 994 1026; x_wconf 87' lang='grc' dir='ltr'><strong>τῶν</strong></span> <span class='ocrx_word' id='word_1_57' title='bbox 1025 973 1202 1041; x_wconf 79' lang='grc' dir='ltr'><strong>ἁγίων</strong></span> <span class='ocrx_word' id='word_1_58' title='bbox 1232 974 1425 1044; x_wconf 80' lang='grc' dir='ltr'><strong>μαθεῖν</strong></span> <span class='ocrx_word' id='word_1_59' title='bbox 1472 975 1661 1045; x_wconf 86' lang='grc' dir='ltr'><strong>τρίτον</strong></span> <span class='ocrx_word' id='word_1_60' title='bbox 1703 970 1865 1036; x_wconf 75' lang='grc' dir='ltr'><strong>ἀξιώο</strong></span> 
     </span>
    </p>
   </div>
   <div class='ocr_carea' id='block_1_11' title="bbox 294 1059 1866 1136">
    <p class='ocr_par' dir='ltr' id='par_1_11' title="bbox 294 1059 1866 1136">
     <span class='ocr_line' id='line_1_11' title="bbox 294 1059 1866 1136; baseline 0.01 -27"><span class='ocrx_word' id='word_1_61' title='bbox 294 1073 434 1127; x_wconf 85' lang='grc' dir='ltr'><strong>ματι</strong></span> <span class='ocrx_word' id='word_1_62' title='bbox 463 1059 561 1112; x_wconf 75' lang='grc' dir='ltr'><strong>καὶ</strong></span> <span class='ocrx_word' id='word_1_63' title='bbox 585 1059 741 1125; x_wconf 78' lang='grc' dir='ltr'><strong>τάξει</strong></span> <span class='ocrx_word' id='word_1_64' title='bbox 764 1062 827 1115; x_wconf 79' lang='grc' dir='ltr'><strong>τὸ</strong></span> <span class='ocrx_word' id='word_1_65' title='bbox 860 1063 1109 1134; x_wconf 80' lang='grc' dir='ltr'><strong>Πνεῦμα,</strong></span> <span class='ocrx_word' id='word_1_66' title='bbox 1153 1064 1301 1129; x_wconf 87' lang='grc' dir='ltr'><strong>τίνες</strong></span> <span class='ocrx_word' id='word_1_67' title='bbox 1341 1065 1399 1119; x_wconf 73' lang='grc' dir='ltr'><strong>δὲ</strong></span> <span class='ocrx_word' id='word_1_68' title='bbox 1447 1067 1496 1119; x_wconf 76' lang='lat' dir='ltr'><strong>oi</strong></span> <span class='ocrx_word' id='word_1_69' title='bbox 1547 1068 1719 1136; x_wconf 78' lang='grc' dir='ltr'><strong>ἅγιοι,</strong></span> <span class='ocrx_word' id='word_1_70' title='bbox 1773 1072 1866 1125; x_wconf 72' lang='grc' dir='ltr'><strong>καὶ</strong></span> 
     </span>
    </p>
   </div>
   <div class='ocr_carea' id='block_1_12' title="bbox 288 1147 1863 1230">
    <p class='ocr_par' dir='ltr' id='par_1_12' title="bbox 288 1147 1863 1230">
     <span class='ocr_line' id='line_1_12' title="bbox 288 1147 1863 1230; baseline 0.011 -31"><span class='ocrx_word' id='word_1_71' title='bbox 288 1147 354 1199; x_wconf 71' lang='grc' dir='ltr'><strong>ἑν</strong></span> <span class='ocrx_word' id='word_1_72' title='bbox 401 1148 580 1213; x_wconf 85' lang='grc' dir='ltr'><strong>ποίοις</strong></span> <span class='ocrx_word' id='word_1_73' title='bbox 624 1150 808 1220; x_wconf 77' lang='grc' dir='ltr'><strong>λόγοις</strong></span> <span class='ocrx_word' id='word_1_74' title='bbox 836 1152 940 1224; x_wconf 84' lang='grc' dir='ltr'><strong>τήν</strong></span> <span class='ocrx_word' id='word_1_75' title='bbox 983 1154 1344 1211; x_wconf 78' lang='grc' dir='ltr'><strong>διδασκαλίαν</strong></span> <span class='ocrx_word' id='word_1_76' title='bbox 1399 1158 1756 1230; x_wconf 76' lang='grc' dir='ltr'><strong>πεποίηνται,</strong></span> <span class='ocrx_word' id='word_1_77' title='bbox 1801 1164 1863 1216; x_wconf 78' lang='grc' dir='ltr'><strong>οὐ</strong></span> 
     </span>
    </p>
   </div>
   <div class='ocr_carea' id='block_1_13' title="bbox 284 1236 1867 1317">
    <p class='ocr_par' dir='ltr' id='par_1_13' title="bbox 284 1236 1867 1317">
     <span class='ocr_line' id='line_1_13' title="bbox 284 1236 1867 1317; baseline 0.013 -31"><span class='ocrx_word' id='word_1_78' title='bbox 284 1236 568 1303; x_wconf 74' lang='grc' dir='ltr'><strong>λέγοντος,</strong></span> <span class='ocrx_word' id='word_1_79' title='bbox 598 1240 716 1295; x_wconf 78' lang='grc' dir='ltr'><strong>ἀλλ’</strong></span> <span class='ocrx_word' id='word_1_80' title='bbox 740 1244 818 1306; x_wconf 81' lang='grc' dir='ltr'><strong>είς</strong></span> <span class='ocrx_word' id='word_1_81' title='bbox 850 1243 910 1297; x_wconf 76' lang='grc' dir='ltr'><strong>ἐν</strong></span> <span class='ocrx_word' id='word_1_82' title='bbox 944 1246 1369 1315; x_wconf 76' lang='grc' dir='ltr'><strong>ἀποτεινομένου</strong></span> <span class='ocrx_word' id='word_1_83' title='bbox 1416 1250 1601 1317; x_wconf 76' lang='grc' dir='ltr'><strong>μόνον,</strong></span> <span class='ocrx_word' id='word_1_84' title='bbox 1637 1253 1699 1304; x_wconf 85' lang='grc' dir='ltr'><strong>τὸ</strong></span> <span class='ocrx_word' id='word_1_85' title='bbox 1739 1255 1867 1308; x_wconf 87' lang='grc' dir='ltr'><strong>συλ-</strong></span> 
     </span>
    </p>
   </div>
   <div class='ocr_carea' id='block_1_14' title="bbox 287 1331 1865 1416">
    <p class='ocr_par' dir='ltr' id='par_1_14' title="bbox 287 1331 1865 1416">
     <span class='ocr_line' id='line_1_14' title="bbox 287 1331 1865 1416; baseline 0.012 -33"><span class='ocrx_word' id='word_1_86' title='bbox 287 1331 629 1399; x_wconf 85' lang='grc' dir='ltr'><strong>λογιστικαῖς</strong></span> <span class='ocrx_word' id='word_1_87' title='bbox 657 1335 817 1403; x_wconf 77' lang='grc' dir='ltr'><strong>δῆθεν</strong></span> <span class='ocrx_word' id='word_1_88' title='bbox 835 1337 1106 1406; x_wconf 73' lang='grc' dir='ltr'><strong>ἀνάγκαις</strong></span> <span class='ocrx_word' id='word_1_89' title='bbox 1126 1340 1553 1410; x_wconf 86' lang='grc' dir='ltr'><strong>διαστρεϐλῶσαι</strong></span> <span class='ocrx_word' id='word_1_90' title='bbox 1579 1345 1672 1397; x_wconf 72' lang='grc' dir='ltr'><strong>τὸν</strong></span> <span class='ocrx_word' id='word_1_91' title='bbox 1686 1345 1865 1416; x_wconf 82' lang='grc' dir='ltr'><strong>λόγον,</strong></span> 
     </span>
    </p>
   </div>
   <div class='ocr_carea' id='block_1_15' title="bbox 289 1424 1865 1504">
    <p class='ocr_par' dir='ltr' id='par_1_15' title="bbox 289 1424 1865 1504">
     <span class='ocr_line' id='line_1_15' title="bbox 289 1424 1865 1504; baseline 0.011 -29"><span class='ocrx_word' id='word_1_92' title='bbox 289 1424 388 1476; x_wconf 81' lang='grc' dir='ltr'><strong>καὶ</strong></span> <span class='ocrx_word' id='word_1_93' title='bbox 404 1428 756 1494; x_wconf 76' lang='grc' dir='ltr'><strong>συμπερᾶναι</strong></span> <span class='ocrx_word' id='word_1_94' title='bbox 773 1429 957 1499; x_wconf 84' lang='grc' dir='ltr'><strong>τρίτον</strong></span> <span class='ocrx_word' id='word_1_95' title='bbox 982 1426 1237 1484; x_wconf 78' lang='grc' dir='ltr'><strong>εἶναικαὶ</strong></span> <span class='ocrx_word' id='word_1_96' title='bbox 1259 1435 1326 1503; x_wconf 78' lang='grc' dir='ltr'><strong>τῇ</strong></span> <span class='ocrx_word' id='word_1_97' title='bbox 1353 1438 1515 1499; x_wconf 81' lang='grc' dir='ltr'><strong>φύσει</strong></span> <span class='ocrx_word' id='word_1_98' title='bbox 1538 1436 1596 1488; x_wconf 79' lang='grc' dir='ltr'><strong>τὸ</strong></span> <span class='ocrx_word' id='word_1_99' title='bbox 1621 1436 1865 1504; x_wconf 85' lang='grc' dir='ltr'><strong>Πνεῦμα.</strong></span> 
     </span>
    </p>
   </div>
   <div class='ocr_carea' id='block_1_16' title="bbox 292 1515 1867 1597">
    <p class='ocr_par' dir='ltr' id='par_1_16' title="bbox 292 1515 1867 1597">
     <span class='ocr_line' id='line_1_16' title="bbox 292 1515 1867 1597; baseline 0.011 -32"><span class='ocrx_word' id='word_1_100' title='bbox 292 1515 433 1585; x_wconf 75' lang='grc' dir='ltr'><strong>πρὸς</strong></span> <span class='ocrx_word' id='word_1_101' title='bbox 464 1517 525 1570; x_wconf 85' lang='grc' dir='ltr'><strong>τὸ</strong></span> <span class='ocrx_word' id='word_1_102' title='bbox 557 1517 896 1590; x_wconf 83' lang='grc' dir='ltr'><strong>κακόσχολον</strong></span> <span class='ocrx_word' id='word_1_103' title='bbox 936 1523 1312 1593; x_wconf 81' lang='grc' dir='ltr'><strong>συμπέρασμα</strong></span> <span class='ocrx_word' id='word_1_104' title='bbox 1351 1526 1443 1578; x_wconf 75' lang='grc' dir='ltr'><strong>τὸν</strong></span> <span class='ocrx_word' id='word_1_105' title='bbox 1467 1524 1628 1594; x_wconf 77' lang='grc' dir='ltr'><strong>ζῆλον</strong></span> <span class='ocrx_word' id='word_1_106' title='bbox 1656 1530 1684 1580; x_wconf 87' lang='grc' dir='ltr'>ὁ</span> <span class='ocrx_word' id='word_1_107' title='bbox 1713 1529 1867 1597; x_wconf 78' lang='grc' dir='ltr'><strong>ἅγιος</strong></span> 
     </span>
    </p>
   </div>
   <div class='ocr_carea' id='block_1_17' title="bbox 286 1606 1864 1686">
    <p class='ocr_par' dir='ltr' id='par_1_17' title="bbox 286 1606 1864 1686">
     <span class='ocr_line' id='line_1_17' title="bbox 286 1606 1864 1686; baseline 0.008 -27"><span class='ocrx_word' id='word_1_108' title='bbox 286 1606 634 1671; x_wconf 76' lang='grc' dir='ltr'><strong>ἀνεζώσατο,</strong></span> <span class='ocrx_word' id='word_1_109' title='bbox 666 1612 763 1664; x_wconf 74' lang='grc' dir='ltr'><strong>καὶ</strong></span> <span class='ocrx_word' id='word_1_110' title='bbox 794 1614 1092 1682; x_wconf 84' lang='grc' dir='ltr'><strong>συγχωρῶν</strong></span> <span class='ocrx_word' id='word_1_111' title='bbox 1120 1617 1186 1684; x_wconf 83' lang='grc' dir='ltr'><strong>τῇ</strong></span> <span class='ocrx_word' id='word_1_112' title='bbox 1207 1617 1471 1686; x_wconf 81' lang='grc' dir='ltr'><strong>προτάσει</strong></span> <span class='ocrx_word' id='word_1_113' title='bbox 1494 1617 1568 1680; x_wconf 84' lang='grc' dir='ltr'><strong>ὡς</strong></span> <span class='ocrx_word' id='word_1_114' title='bbox 1598 1618 1864 1685; x_wconf 73' lang='grc' dir='ltr'><strong>ἐλάττονι,</strong></span> 
     </span>
    </p>
   </div>
   <div class='ocr_carea' id='block_1_18' title="bbox 286 1699 1868 1785">
    <p class='ocr_par' dir='ltr' id='par_1_18' title="bbox 286 1699 1868 1785">
     <span class='ocr_line' id='line_1_18' title="bbox 286 1699 1868 1785; baseline 0.009 -35"><span class='ocrx_word' id='word_1_115' title='bbox 286 1699 433 1752; x_wconf 85' lang='grc' dir='ltr'><strong>κατά</strong></span> <span class='ocrx_word' id='word_1_116' title='bbox 456 1700 555 1765; x_wconf 79' lang='grc' dir='ltr'><strong>τάς</strong></span> <span class='ocrx_word' id='word_1_117' title='bbox 580 1702 996 1772; x_wconf 81' lang='grc' dir='ltr'><strong>συλλογιστικάς</strong></span> <span class='ocrx_word' id='word_1_118' title='bbox 1023 1706 1279 1785; x_wconf 77' lang='grc' dir='ltr'><strong>μεθόδους</strong></span> <span class='ocrx_word' id='word_1_119' title='bbox 1301 1710 1868 1780; x_wconf 75' lang='grc' dir='ltr'><strong>κειμένῃ,ἀττοτρέπε-</strong></span> 
     </span>
    </p>
   </div>
   <div class='ocr_carea' id='block_1_19' title="bbox 285 1792 1867 1869">
    <p class='ocr_par' dir='ltr' id='par_1_19' title="bbox 285 1792 1867 1869">
     <span class='ocr_line' id='line_1_19' title="bbox 285 1792 1867 1869; baseline 0.008 -27"><span class='ocrx_word' id='word_1_120' title='bbox 285 1807 384 1843; x_wconf 87' lang='grc' dir='ltr'><strong>ται</strong></span> <span class='ocrx_word' id='word_1_121' title='bbox 412 1792 476 1845; x_wconf 77' lang='grc' dir='ltr'><strong>τὸ</strong></span> <span class='ocrx_word' id='word_1_122' title='bbox 505 1794 907 1864; x_wconf 78' lang='grc' dir='ltr'><strong>συμπέρασμα.</strong></span> <span class='ocrx_word' id='word_1_123' title='bbox 940 1796 1029 1851; x_wconf 73' lang='grc' dir='ltr'><strong>διὰ</strong></span> <span class='ocrx_word' id='word_1_124' title='bbox 1058 1796 1120 1850; x_wconf 82' lang='grc' dir='ltr'><strong>τδ</strong></span> <span class='ocrx_word' id='word_1_125' title='bbox 1145 1797 1220 1868; x_wconf 84' lang='grc' dir='ltr'><strong>μὴ</strong></span> <span class='ocrx_word' id='word_1_126' title='bbox 1262 1798 1406 1869; x_wconf 77' lang='grc' dir='ltr'><strong>ἔχειν</strong></span> <span class='ocrx_word' id='word_1_127' title='bbox 1434 1802 1739 1869; x_wconf 67' lang='grc' dir='ltr'><strong>ἐπαγαγεῖν</strong></span> <span class='ocrx_word' id='word_1_128' title='bbox 1775 1806 1867 1856; x_wconf 73' lang='grc' dir='ltr'><strong>τέιν</strong></span> 
     </span>
    </p>
   </div>
   <div class='ocr_carea' id='block_1_20' title="bbox 287 1880 1869 1960">
    <p class='ocr_par' dir='ltr' id='par_1_20' title="bbox 287 1880 1869 1960">
     <span class='ocr_line' id='line_1_20' title="bbox 287 1880 1869 1960; baseline 0.007 -27"><span class='ocrx_word' id='word_1_129' title='bbox 287 1880 562 1951; x_wconf 79' lang='grc' dir='ltr'><strong>Εὐνόμιον</strong></span> <span class='ocrx_word' id='word_1_130' title='bbox 602 1886 696 1937; x_wconf 79' lang='grc' dir='ltr'><strong>καὶ</strong></span> <span class='ocrx_word' id='word_1_131' title='bbox 758 1885 982 1953; x_wconf 81' lang='grc' dir='ltr'><strong>μείζονα</strong></span> <span class='ocrx_word' id='word_1_132' title='bbox 1024 1888 1285 1956; x_wconf 82' lang='grc' dir='ltr'><strong>πρότασιν</strong></span> <span class='ocrx_word' id='word_1_133' title='bbox 1330 1887 1527 1958; x_wconf 80' lang='grc' dir='ltr'><strong>ἀληθῆ,</strong></span> <span class='ocrx_word' id='word_1_134' title='bbox 1586 1889 1708 1960; x_wconf 79' lang='grc' dir='ltr'><strong>τὴν,</strong></span> <span class='ocrx_word' id='word_1_135' title='bbox 1753 1891 1869 1944; x_wconf 81' lang='grc' dir='ltr'><strong>Πᾶν</strong></span> 
     </span>
    </p>
   </div>
   <div class='ocr_carea' id='block_1_21' title="bbox 286 1974 1867 2051">
    <p class='ocr_par' dir='ltr' id='par_1_21' title="bbox 286 1974 1867 2051">
     <span class='ocr_line' id='line_1_21' title="bbox 286 1974 1867 2051; baseline 0.006 -27"><span class='ocrx_word' id='word_1_136' title='bbox 286 1974 354 2024; x_wconf 67' lang='grc' dir='ltr'><strong>τὸ</strong></span> <span class='ocrx_word' id='word_1_137' title='bbox 386 1975 453 2044; x_wconf 75' lang='grc' dir='ltr'><strong>τῇ</strong></span> <span class='ocrx_word' id='word_1_138' title='bbox 477 1974 628 2041; x_wconf 75' lang='grc' dir='ltr'><strong>τάξει</strong></span> <span class='ocrx_word' id='word_1_139' title='bbox 657 1976 751 2029; x_wconf 74' lang='grc' dir='ltr'><strong>καὶ</strong></span> <span class='ocrx_word' id='word_1_140' title='bbox 784 1977 862 2047; x_wconf 84' lang='grc' dir='ltr'><strong>τῷ</strong></span> <span class='ocrx_word' id='word_1_141' title='bbox 896 1974 1169 2045; x_wconf 78' lang='grc' dir='ltr'><strong>ἀξιώματι</strong></span> <span class='ocrx_word' id='word_1_142' title='bbox 1207 1978 1414 2048; x_wconf 86' lang='grc' dir='ltr'><strong>τρίτον,</strong></span> <span class='ocrx_word' id='word_1_143' title='bbox 1449 1981 1545 2033; x_wconf 78' lang='grc' dir='ltr'><strong>καὶ</strong></span> <span class='ocrx_word' id='word_1_144' title='bbox 1583 1982 1651 2051; x_wconf 79' lang='grc' dir='ltr'><strong>τῇ</strong></span> <span class='ocrx_word' id='word_1_145' title='bbox 1705 1980 1867 2051; x_wconf 79' lang='grc' dir='ltr'><strong>φύσει</strong></span> 
     </span>
    </p>
   </div>
   <div class='ocr_carea' id='block_1_22' title="bbox 287 2066 1867 2143">
    <p class='ocr_par' dir='ltr' id='par_1_22' title="bbox 287 2066 1867 2143">
     <span class='ocr_line' id='line_1_22' title="bbox 287 2066 1867 2143; baseline 0.006 -26"><span class='ocrx_word' id='word_1_146' title='bbox 287 2066 477 2135; x_wconf 78' lang='grc' dir='ltr'><strong>τρίτον</strong></span> <span class='ocrx_word' id='word_1_147' title='bbox 509 2067 650 2131; x_wconf 74' lang='grc' dir='ltr'><strong>ἐστὶ,</strong></span> <span class='ocrx_word' id='word_1_148' title='bbox 683 2068 779 2121; x_wconf 70' lang='grc' dir='ltr'><strong>καὶ</strong></span> <span class='ocrx_word' id='word_1_149' title='bbox 810 2068 949 2137; x_wconf 75' lang='grc' dir='ltr'><strong>πρὸς</strong></span> <span class='ocrx_word' id='word_1_150' title='bbox 982 2068 1042 2122; x_wconf 75' lang='grc' dir='ltr'><strong>τὸ</strong></span> <span class='ocrx_word' id='word_1_151' title='bbox 1072 2068 1437 2125; x_wconf 75' lang='grc' dir='ltr'><strong>διατείνεσθαι</strong></span> <span class='ocrx_word' id='word_1_152' title='bbox 1473 2073 1548 2143; x_wconf 82' lang='grc' dir='ltr'><strong>μὴ</strong></span> <span class='ocrx_word' id='word_1_153' title='bbox 1576 2073 1727 2142; x_wconf 76' lang='grc' dir='ltr'><strong>παρὰ</strong></span> <span class='ocrx_word' id='word_1_154' title='bbox 1756 2074 1867 2126; x_wconf 88' lang='grc' dir='ltr'><strong>τῶν</strong></span> 
     </span>
    </p>
   </div>
   <div class='ocr_carea' id='block_1_23' title="bbox 288 2156 1865 2235">
    <p class='ocr_par' dir='ltr' id='par_1_23' title="bbox 288 2156 1865 2235">
     <span class='ocr_line' id='line_1_23' title="bbox 288 2156 1865 2235; baseline 0.006 -28"><span class='ocrx_word' id='word_1_155' title='bbox 288 2156 468 2224; x_wconf 77' lang='grc' dir='ltr'><strong>ἁγίων</strong></span> <span class='ocrx_word' id='word_1_156' title='bbox 496 2157 800 2229; x_wconf 70' lang='grc' dir='ltr'><strong>δεδιδάχθαι</strong></span> <span class='ocrx_word' id='word_1_157' title='bbox 831 2160 1063 2232; x_wconf 79' lang='grc' dir='ltr'><strong>Γραφῶν</strong></span> <span class='ocrx_word' id='word_1_158' title='bbox 1097 2163 1260 2233; x_wconf 75' lang='grc' dir='ltr'><strong>τρίτῃ</strong></span> <span class='ocrx_word' id='word_1_159' title='bbox 1310 2162 1470 2230; x_wconf 79' lang='grc' dir='ltr'><strong>φύσει</strong></span> <span class='ocrx_word' id='word_1_160' title='bbox 1522 2164 1762 2235; x_wconf 81' lang='grc' dir='ltr'><strong>χρῆσθαι</strong></span> <span class='ocrx_word' id='word_1_161' title='bbox 1804 2166 1865 2218; x_wconf 83' lang='grc' dir='ltr'><strong>τὸ</strong></span> 
     </span>
    </p>
   </div>
   <div class='ocr_carea' id='block_1_24' title="bbox 290 2248 1864 2326">
    <p class='ocr_par' dir='ltr' id='par_1_24' title="bbox 290 2248 1864 2326">
     <span class='ocr_line' id='line_1_24' title="bbox 290 2248 1864 2326; baseline 0.004 -26"><span class='ocrx_word' id='word_1_162' title='bbox 290 2248 526 2318; x_wconf 79' lang='grc' dir='ltr'><strong>Πνεῦμα</strong></span> <span class='ocrx_word' id='word_1_163' title='bbox 563 2266 578 2280; x_wconf 73' lang='grc'><strong>⁸</strong></span> <span class='ocrx_word' id='word_1_164' title='bbox 621 2251 748 2304; x_wconf 80' lang='grc' dir='ltr'><strong>οὐδὲ</strong></span> <span class='ocrx_word' id='word_1_165' title='bbox 781 2253 871 2308; x_wconf 69' lang='grc' dir='ltr'><strong>ἐκ.</strong></span> <span class='ocrx_word' id='word_1_166' title='bbox 894 2253 1004 2306; x_wconf 83' lang='grc' dir='ltr'><strong>τῶν</strong></span> <span class='ocrx_word' id='word_1_167' title='bbox 1059 2254 1367 2326; x_wconf 83' lang='grc' dir='ltr'><strong>εῑρημένων</strong></span> <span class='ocrx_word' id='word_1_168' title='bbox 1422 2256 1647 2310; x_wconf 88' lang='grc' dir='ltr'><strong>δυνατόν</strong></span> <span class='ocrx_word' id='word_1_169' title='bbox 1698 2274 1864 2326; x_wconf 84' lang='grc' dir='ltr'><strong>φησιν</strong></span> 
     </span>
    </p>
   </div>
   <div class='ocr_carea' id='block_1_25' title="bbox 287 2335 1866 2411">
    <p class='ocr_par' dir='ltr' id='par_1_25' title="bbox 287 2335 1866 2411">
     <span class='ocr_line' id='line_1_25' title="bbox 287 2335 1866 2411; baseline 0.004 -18"><span class='ocrx_word' id='word_1_170' title='bbox 287 2335 440 2393; x_wconf 70' lang='grc' dir='ltr'><strong>εἶναι</strong></span> <span class='ocrx_word' id='word_1_171' title='bbox 472 2341 897 2411; x_wconf 75' lang='grc' dir='ltr'><strong>συλλογίσασθαι</strong></span> <span class='ocrx_word' id='word_1_172' title='bbox 936 2346 1071 2401; x_wconf 78' lang='grc' dir='ltr'><strong>αὐτὸ</strong></span> <span class='ocrx_word' id='word_1_173' title='bbox 1108 2349 1249 2403; x_wconf 71' lang='grc' dir='ltr'><strong>κατὰ</strong></span> <span class='ocrx_word' id='word_1_174' title='bbox 1294 2348 1355 2403; x_wconf 84' lang='grc' dir='ltr'><strong>τὸ</strong></span> <span class='ocrx_word' id='word_1_175' title='bbox 1398 2347 1724 2404; x_wconf 86' lang='grc' dir='ltr'><strong>ἀκόλουθον.</strong></span> <span class='ocrx_word' id='word_1_176' title='bbox 1772 2350 1866 2400; x_wconf 75' lang='grc' dir='ltr'><strong>Δέ-</strong></span> 
     </span>
    </p>
   </div>
   <div class='ocr_carea' id='block_1_26' title="bbox 284 2431 1864 2508">
    <p class='ocr_par' dir='ltr' id='par_1_26' title="bbox 284 2431 1864 2508">
     <span class='ocr_line' id='line_1_26' title="bbox 284 2431 1864 2508; baseline 0.004 -24"><span class='ocrx_word' id='word_1_177' title='bbox 284 2431 508 2485; x_wconf 85' lang='grc' dir='ltr'><strong>δεικται</strong></span> <span class='ocrx_word' id='word_1_178' title='bbox 536 2433 644 2503; x_wconf 80' lang='grc' dir='ltr'><strong>ἄρα</strong></span> <span class='ocrx_word' id='word_1_179' title='bbox 677 2436 999 2507; x_wconf 80' lang='grc' dir='ltr'><strong>προσθήκην</strong></span> <span class='ocrx_word' id='word_1_180' title='bbox 1022 2433 1160 2491; x_wconf 76' lang='grc' dir='ltr'><strong>εῖναι</strong></span> <span class='ocrx_word' id='word_1_181' title='bbox 1191 2438 1275 2500; x_wconf 77' lang='grc' dir='ltr'><strong>τὸ.</strong></span> <span class='ocrx_word' id='word_1_182' title='bbox 1322 2439 1489 2503; x_wconf 77' lang='grc' dir='ltr'><strong>ἴσως,</strong></span> <span class='ocrx_word' id='word_1_183' title='bbox 1534 2439 1677 2508; x_wconf 82' lang='grc' dir='ltr'><strong>ὅπερ</strong></span> <span class='ocrx_word' id='word_1_184' title='bbox 1715 2440 1864 2492; x_wconf 87' lang='grc' dir='ltr'><strong>ἀπο-</strong></span> 
     </span>
    </p>
   </div>
   <div class='ocr_carea' id='block_1_27' title="bbox 284 2519 1866 2599">
    <p class='ocr_par' dir='ltr' id='par_1_27' title="bbox 284 2519 1866 2599">
     <span class='ocr_line' id='line_1_27' title="bbox 284 2519 1866 2599; baseline 0.004 -26"><span class='ocrx_word' id='word_1_185' title='bbox 284 2519 465 2585; x_wconf 76' lang='grc' dir='ltr'><strong>δεῖξαι</strong></span> <span class='ocrx_word' id='word_1_186' title='bbox 496 2522 524 2574; x_wconf 88' lang='grc' dir='ltr'><strong>ό</strong></span> <span class='ocrx_word' id='word_1_187' title='bbox 554 2522 712 2590; x_wconf 85' lang='grc' dir='ltr'><strong>λόγος</strong></span> <span class='ocrx_word' id='word_1_188' title='bbox 739 2524 896 2594; x_wconf 82' lang='grc' dir='ltr'><strong>ήμῶν</strong></span> <span class='ocrx_word' id='word_1_189' title='bbox 920 2527 1308 2597; x_wconf 72' lang='grc' dir='ltr'><strong>ἐπηγγείλατο.</strong></span> <span class='ocrx_word' id='word_1_190' title='bbox 1334 2527 1425 2599; x_wconf 81' lang='grc' dir='ltr'><strong>Μή</strong></span> <span class='ocrx_word' id='word_1_191' title='bbox 1458 2526 1593 2595; x_wconf 90' lang='grc' dir='ltr'><strong>γοῦν</strong></span> <span class='ocrx_word' id='word_1_192' title='bbox 1620 2529 1866 2596; x_wconf 75' lang='grc' dir='ltr'><strong>συγκλῶ-</strong></span> 
     </span>
    </p>
   </div>
   <div class='ocr_carea' id='block_1_28' title="bbox 286 2611 1866 2688">
    <p class='ocr_par' dir='ltr' id='par_1_28' title="bbox 286 2611 1866 2688">
     <span class='ocr_line' id='line_1_28' title="bbox 286 2611 1866 2688; baseline 0.004 -24"><span class='ocrx_word' id='word_1_193' title='bbox 286 2611 413 2665; x_wconf 84' lang='grc' dir='ltr'><strong>θειν</strong></span> <span class='ocrx_word' id='word_1_194' title='bbox 460 2614 908 2685; x_wconf 70' lang='grc' dir='ltr'><strong>ἑπιχειρείτωσαν</strong></span> <span class='ocrx_word' id='word_1_195' title='bbox 962 2617 1033 2672; x_wconf 86' lang='grc' dir='ltr'><strong>τά</strong></span> <span class='ocrx_word' id='word_1_196' title='bbox 1109 2614 1474 2687; x_wconf 75' lang='grc' dir='ltr'><strong>ἀσύγκλωστα</strong></span> <span class='ocrx_word' id='word_1_197' title='bbox 1517 2618 1569 2671; x_wconf 80' lang='lat' dir='ltr'><strong>oi</strong></span> <span class='ocrx_word' id='word_1_198' title='bbox 1619 2620 1759 2688; x_wconf 73' lang='grc' dir='ltr'><strong>πρὸς</strong></span> <span class='ocrx_word' id='word_1_199' title='bbox 1809 2619 1866 2671; x_wconf 77' lang='grc' dir='ltr'><strong>ἓν</strong></span> 
     </span>
    </p>
   </div>
   <div class='ocr_carea' id='block_1_29' title="bbox 290 2705 1863 2782">
    <p class='ocr_par' dir='ltr' id='par_1_29' title="bbox 290 2705 1863 2782">
     <span class='ocr_line' id='line_1_29' title="bbox 290 2705 1863 2782; baseline 0.004 -25"><span class='ocrx_word' id='word_1_200' title='bbox 290 2705 462 2772; x_wconf 82' lang='grc' dir='ltr'><strong>μόνον</strong></span> <span class='ocrx_word' id='word_1_201' title='bbox 482 2707 744 2778; x_wconf 84' lang='grc' dir='ltr'><strong>ὁρῶντες,</strong></span> <span class='ocrx_word' id='word_1_202' title='bbox 778 2709 838 2761; x_wconf 76' lang='grc' dir='ltr'><strong>τὸ</strong></span> <span class='ocrx_word' id='word_1_203' title='bbox 863 2707 1068 2781; x_wconf 78' lang='grc' dir='ltr'><strong>φίλερι,</strong></span> <span class='ocrx_word' id='word_1_204' title='bbox 1094 2711 1207 2764; x_wconf 78' lang='grc' dir='ltr'><strong>καὶ</strong></span> <span class='ocrx_word' id='word_1_205' title='bbox 1253 2712 1391 2782; x_wconf 75' lang='grc' dir='ltr'><strong>πρὸς</strong></span> <span class='ocrx_word' id='word_1_206' title='bbox 1439 2712 1665 2781; x_wconf 80' lang='grc' dir='ltr'><strong>εἰρήνην</strong></span> <span class='ocrx_word' id='word_1_207' title='bbox 1706 2712 1863 2766; x_wconf 82' lang='grc' dir='ltr'><strong>ἀνέν-</strong></span> 
     </span>
    </p>
   </div>
   <div class='ocr_carea' id='block_1_30' title="bbox 283 2794 468 2853">
    <p class='ocr_par' dir='ltr' id='par_1_30' title="bbox 283 2794 468 2853">
     <span class='ocr_line' id='line_1_30' title="bbox 283 2794 468 2853; baseline 0.027 -5"><span class='ocrx_word' id='word_1_208' title='bbox 283 2794 468 2853; x_wconf 79' lang='grc' dir='ltr'><strong>δοτον.</strong></span> 
     </span>
    </p>
   </div>
   <div class='ocr_carea' id='block_1_31' title="bbox 883 2911 1252 2970">
    <p class='ocr_par' dir='ltr' id='par_1_31' title="bbox 883 2911 1252 2970">
     <span class='ocr_line' id='line_1_31' title="bbox 883 2911 1252 2970; baseline 0.011 -4"><span class='ocrx_word' id='word_1_209' title='bbox 883 2911 1137 2969; x_wconf 73' lang='grc' dir='ltr'><strong>ΚΕΦΑΔ.</strong></span> <span class='ocrx_word' id='word_1_210' title='bbox 1178 2913 1252 2970; x_wconf 72' lang='grc' dir='ltr'><strong>Ρ.</strong></span> 
     </span>
    </p>
   </div>
   <div class='ocr_carea' id='block_1_32' title="bbox 286 3043 1509 3120">
    <p class='ocr_par' dir='ltr' id='par_1_32' title="bbox 286 3043 1509 3120">
     <span class='ocr_line' id='line_1_32' title="bbox 286 3043 1509 3120; baseline 0.007 -22"><span class='ocrx_word' id='word_1_211' title='bbox 286 3043 457 3120; x_wconf 59' lang='grc' dir='ltr'><strong>Πρὸς</strong></span> <span class='ocrx_word' id='word_1_212' title='bbox 488 3045 630 3120; x_wconf 69' lang='grc' dir='ltr'><strong>τρύς</strong></span> <span class='ocrx_word' id='word_1_213' title='bbox 648 3045 943 3120; x_wconf 62' lang='grc' dir='ltr'><strong>λέγοντας</strong></span> <span class='ocrx_word' id='word_1_214' title='bbox 972 3049 1071 3113; x_wconf 83' lang='grc' dir='ltr'><strong>ὡς.</strong></span> <span class='ocrx_word' id='word_1_215' title='bbox 1101 3049 1230 3104; x_wconf 76' lang='grc' dir='ltr'><strong>ἐπεὶ</strong></span> <span class='ocrx_word' id='word_1_216' title='bbox 1264 3053 1297 3104; x_wconf 81' lang='grc' dir='ltr'><strong>ό</strong></span> <span class='ocrx_word' id='word_1_217' title='bbox 1317 3053 1509 3120; x_wconf 74' lang='grc' dir='ltr'><strong>μέγας</strong></span> 
     </span>
    </p>
   </div>
   <div class='ocr_carea' id='block_1_33' title="bbox 363 3113 1862 3190">
    <p class='ocr_par' dir='ltr' id='par_1_33' title="bbox 363 3113 1862 3190">
     <span class='ocr_line' id='line_1_33' title="bbox 363 3113 1862 3190; baseline 0.006 -22"><span class='ocrx_word' id='word_1_218' title='bbox 363 3113 442 3190; x_wconf 14' lang='grc' dir='ltr'><strong>ἐνί</strong></span> <span class='ocrx_word' id='word_1_219' title='bbox 468 3113 548 3190; x_wconf 74' lang='grc' dir='ltr'><strong>τῷ</strong></span> <span class='ocrx_word' id='word_1_220' title='bbox 572 3116 710 3184; x_wconf 72' lang='grc' dir='ltr'><strong>περὶ</strong></span> <span class='ocrx_word' id='word_1_221' title='bbox 732 3113 1004 3190; x_wconf 71' lang='grc' dir='ltr'><strong>Πίστεως</strong></span> <span class='ocrx_word' id='word_1_222' title='bbox 1041 3121 1202 3188; x_wconf 71' lang='grc' dir='ltr'><strong>,λόγῳ</strong></span> <span class='ocrx_word' id='word_1_223' title='bbox 1232 3113 1423 3175; x_wconf 75' lang='grc' dir='ltr'><strong>αὐὶοὖ</strong></span> <span class='ocrx_word' id='word_1_224' title='bbox 1453 3113 1585 3177; x_wconf 68' lang='lat' dir='ltr'><strong>eius</strong></span> <span class='ocrx_word' id='word_1_225' title='bbox 1634 3113 1862 3190; x_wconf 68' lang='grc' dir='ltr'><strong>χρήσαὲ</strong></span> 
     </span>
    </p>
   </div>
   <div class='ocr_carea' id='block_1_34' title="bbox 363 3186 1931 3260">
    <p class='ocr_par' dir='ltr' id='par_1_34' title="bbox 363 3186 1931 3260">
     <span class='ocr_line' id='line_1_34' title="bbox 363 3186 1931 3260; baseline 0.006 -22"><span class='ocrx_word' id='word_1_226' title='bbox 363 3186 513 3238; x_wconf 76' lang='grc' dir='ltr'><strong>σθαι</strong></span> <span class='ocrx_word' id='word_1_227' title='bbox 536 3201 684 3260; x_wconf 58' lang='grc' dir='ltr'><strong>ποτε</strong></span> <span class='ocrx_word' id='word_1_228' title='bbox 711 3187 922 3260; x_wconf 48' lang='grc' dir='ltr'><strong>,λέξεσι</strong></span> <span class='ocrx_word' id='word_1_229' title='bbox 945 3190 1097 3260; x_wconf 75' lang='grc' dir='ltr'><strong>πρὸς</strong></span> <span class='ocrx_word' id='word_1_230' title='bbox 1126 3186 1233 3256; x_wconf 74' lang='grc' dir='ltr'><strong>τὰς</strong></span> <span class='ocrx_word' id='word_1_231' title='bbox 1271 3193 1423 3247; x_wconf 78' lang='grc' dir='ltr'><strong>κατὰ</strong></span> <span class='ocrx_word' id='word_1_232' title='bbox 1456 3186 1851 3260; x_wconf 63' lang='grc' dir='ltr'><strong>καιρὸόἷαλρέ-</strong></span> <span class='ocrx_word' id='word_1_233' title='bbox 1888 3192 1931 3247; x_wconf 88' lang='lat' dir='ltr'><strong><em>C</em></strong></span> 
     </span>
    </p>
   </div>
   <div class='ocr_carea' id='block_1_35' title="bbox 365 3253 1860 3328">
    <p class='ocr_par' dir='ltr' id='par_1_35' title="bbox 365 3253 1860 3328">
     <span class='ocr_line' id='line_1_35' title="bbox 365 3253 1860 3328; baseline 0.005 -20"><span class='ocrx_word' id='word_1_234' title='bbox 365 3271 499 3328; x_wconf 66' lang='grc' dir='ltr'><strong>σείς</strong></span> <span class='ocrx_word' id='word_1_235' title='bbox 524 3253 955 3328; x_wconf 67' lang='grc' dir='ltr'><strong>ἀγωνιζόμενος</strong></span> <span class='ocrx_word' id='word_1_236' title='bbox 985 3253 1222 3314; x_wconf 58' lang='grc' dir='ltr'><strong>’ἄλλοτέ</strong></span> <span class='ocrx_word' id='word_1_237' title='bbox 1277 3260 1521 3328; x_wconf 65' lang='grc' dir='ltr'><strong>ἄλλαις.</strong></span> <span class='ocrx_word' id='word_1_238' title='bbox 1555 3253 1666 3327; x_wconf 64' lang='grc' dir='ltr'><strong>⁷ὡς</strong></span> <span class='ocrx_word' id='word_1_239' title='bbox 1717 3264 1795 3317; x_wconf 72' lang='grc' dir='ltr'><strong>ἂν</strong></span> <span class='ocrx_word' id='word_1_240' title='bbox 1826 3267 1860 3328; x_wconf 77' lang='grc' dir='ltr'>ἠ</span> 
     </span>
    </p>
   </div>
   <div class='ocr_carea' id='block_1_36' title="bbox 363 3326 1865 3404">
    <p class='ocr_par' dir='ltr' id='par_1_36' title="bbox 363 3326 1865 3404">
     <span class='ocr_line' id='line_1_36' title="bbox 363 3326 1865 3404; baseline 0.007 -28"><span class='ocrx_word' id='word_1_241' title='bbox 363 3326 537 3404; x_wconf 68' lang='grc' dir='ltr'><strong>χρεία</strong></span> <span class='ocrx_word' id='word_1_242' title='bbox 565 3326 753 3404; x_wconf 54' lang='grc' dir='ltr'><strong>αὐτὸ]</strong></span> <span class='ocrx_word' id='word_1_243' title='bbox 790 3328 1277 3404; x_wconf 60' lang='grc' dir='ltr'><strong>κατηνάγκασεν,</strong></span> <span class='ocrx_word' id='word_1_244' title='bbox 1313 3336 1391 3404; x_wconf 74' lang='grc' dir='ltr'><strong>οὐ</strong></span> <span class='ocrx_word' id='word_1_245' title='bbox 1416 3326 1514 3387; x_wconf 72' lang='grc' dir='ltr'><strong>δεῖ</strong></span> <span class='ocrx_word' id='word_1_246' title='bbox 1539 3326 1865 3404; x_wconf 62' lang='grc' dir='ltr'><strong>προσέχειν</strong></span> 
     </span>
    </p>
   </div>
   <div class='ocr_carea' id='block_1_37' title="bbox 362 3395 1363 3468">
    <p class='ocr_par' dir='ltr' id='par_1_37' title="bbox 362 3395 1363 3468">
     <span class='ocr_line' id='line_1_37' title="bbox 362 3395 1363 3468; baseline 0.008 -21"><span class='ocrx_word' id='word_1_247' title='bbox 362 3395 592 3460; x_wconf 77' lang='grc' dir='ltr'><strong>πάσαις</strong></span> <span class='ocrx_word' id='word_1_248' title='bbox 626 3396 757 3461; x_wconf 81' lang='grc' dir='ltr'><strong>ταῖς</strong></span> <span class='ocrx_word' id='word_1_249' title='bbox 788 3395 1127 3468; x_wconf 71' lang='grc' dir='ltr'><strong>θεολογίαις</strong></span> <span class='ocrx_word' id='word_1_250' title='bbox 1150 3402 1363 3455; x_wconf 80' lang='grc' dir='ltr'><strong>αὑτοῦ.</strong></span> 
     </span>
    </p>
   </div>
   <div class='ocr_carea' id='block_1_38' title="bbox 363 3531 1866 3610">
    <p class='ocr_par' dir='ltr' id='par_1_38' title="bbox 363 3531 1866 3610">
     <span class='ocr_line' id='line_1_38' title="bbox 363 3531 1866 3610; baseline 0.006 -24"><span class='ocrx_word' id='word_1_251' title='bbox 363 3539 438 3589; x_wconf 85' lang='grc' dir='ltr'><strong>α’.</strong></span> <span class='ocrx_word' id='word_1_252' title='bbox 481 3533 569 3596; x_wconf 81' lang='grc' dir='ltr'><strong>Ὠς</strong></span> <span class='ocrx_word' id='word_1_253' title='bbox 605 3531 856 3587; x_wconf 79' lang='grc' dir='ltr'><strong>ἀπόλοιτο</strong></span> <span class='ocrx_word' id='word_1_254' title='bbox 900 3537 933 3605; x_wconf 89' lang='grc' dir='ltr'><strong>ή</strong></span> <span class='ocrx_word' id='word_1_255' title='bbox 968 3537 1156 3597; x_wconf 87' lang='grc' dir='ltr'><strong>κακία,</strong></span> <span class='ocrx_word' id='word_1_256' title='bbox 1219 3538 1315 3590; x_wconf 72' lang='grc' dir='ltr'><strong>καὶ</strong></span> <span class='ocrx_word' id='word_1_257' title='bbox 1371 3541 1400 3592; x_wconf 86' lang='grc' dir='ltr'><strong>ὁ</strong></span> <span class='ocrx_word' id='word_1_258' title='bbox 1440 3541 1644 3610; x_wconf 83' lang='grc' dir='ltr'><strong>ταύτης</strong></span> <span class='ocrx_word' id='word_1_259' title='bbox 1695 3540 1866 3610; x_wconf 71' lang='grc' dir='ltr'><strong>ἀρχη-</strong></span> 
     </span>
    </p>
   </div>
   <div class='ocr_carea' id='block_1_39' title="bbox 289 3625 1866 3703">
    <p class='ocr_par' dir='ltr' id='par_1_39' title="bbox 289 3625 1866 3703">
     <span class='ocr_line' id='line_1_39' title="bbox 289 3625 1866 3703; baseline 0.005 -28"><span class='ocrx_word' id='word_1_260' title='bbox 289 3626 465 3693; x_wconf 82' lang='grc' dir='ltr'><strong>γέτης</strong></span> <span class='ocrx_word' id='word_1_261' title='bbox 498 3625 768 3688; x_wconf 80' lang='grc' dir='ltr'><strong>διάϐολος.</strong></span> <span class='ocrx_word' id='word_1_262' title='bbox 794 3626 954 3697; x_wconf 78' lang='grc' dir='ltr'><strong>Ψυχὴ</strong></span> <span class='ocrx_word' id='word_1_263' title='bbox 988 3627 1097 3698; x_wconf 77' lang='grc' dir='ltr'><strong>γὰρ</strong></span> <span class='ocrx_word' id='word_1_264' title='bbox 1130 3629 1277 3696; x_wconf 75' lang='grc' dir='ltr'><strong>ἅπαξ</strong></span> <span class='ocrx_word' id='word_1_265' title='bbox 1314 3631 1520 3685; x_wconf 81' lang='grc' dir='ltr'><strong>ἁλοῦσα</strong></span> <span class='ocrx_word' id='word_1_266' title='bbox 1551 3631 1741 3703; x_wconf 84' lang='grc' dir='ltr'><strong>κακίᾳ,</strong></span> <span class='ocrx_word' id='word_1_267' title='bbox 1776 3632 1866 3684; x_wconf 75' lang='grc' dir='ltr'><strong>εὐ-</strong></span> 
     </span>
    </p>
   </div>
   <div class='ocr_carea' id='block_1_40' title="bbox 290 3716 1860 3795">
    <p class='ocr_par' dir='ltr' id='par_1_40' title="bbox 290 3716 1860 3795">
     <span class='ocr_line' id='line_1_40' title="bbox 290 3716 1860 3795; baseline 0.004 -28"><span class='ocrx_word' id='word_1_268' title='bbox 290 3717 472 3786; x_wconf 81' lang='grc' dir='ltr'><strong>χερῶς</strong></span> <span class='ocrx_word' id='word_1_269' title='bbox 499 3718 602 3768; x_wconf 84' lang='grc' dir='ltr'><strong>οὐκ</strong></span> <span class='ocrx_word' id='word_1_270' title='bbox 640 3716 894 3769; x_wconf 75' lang='grc' dir='ltr'><strong>ἀνανεύει</strong></span> <span class='ocrx_word' id='word_1_271' title='bbox 924 3719 1114 3789; x_wconf 78' lang='grc' dir='ltr'><strong>αὐτῆς,</strong></span> <span class='ocrx_word' id='word_1_272' title='bbox 1145 3721 1279 3774; x_wconf 84' lang='grc' dir='ltr'><strong>ἀλλά</strong></span> <span class='ocrx_word' id='word_1_273' title='bbox 1305 3722 1457 3795; x_wconf 76' lang='grc' dir='ltr'><strong>ῥύμῃ</strong></span> <span class='ocrx_word' id='word_1_274' title='bbox 1506 3724 1603 3775; x_wconf 71' lang='grc' dir='ltr'><strong>καὶ</strong></span> <span class='ocrx_word' id='word_1_275' title='bbox 1654 3725 1860 3776; x_wconf 85' lang='grc' dir='ltr'><strong>ἀκατα-</strong></span> 
     </span>
    </p>
   </div>
   <div class='ocr_carea' id='block_1_41' title="bbox 294 3809 1863 3884">
    <p class='ocr_par' dir='ltr' id='par_1_41' title="bbox 294 3809 1863 3884">
     <span class='ocr_line' id='line_1_41' title="bbox 294 3809 1863 3884; baseline 0.004 -25"><span class='ocrx_word' id='word_1_276' title='bbox 294 3809 476 3879; x_wconf 78' lang='grc' dir='ltr'><strong>σχέτῳ</strong></span> <span class='ocrx_word' id='word_1_277' title='bbox 506 3810 605 3875; x_wconf 79' lang='grc' dir='ltr'><strong>τὴν</strong></span> <span class='ocrx_word' id='word_1_278' title='bbox 636 3809 735 3878; x_wconf 76' lang='grc' dir='ltr'><strong>τῆς</strong></span> <span class='ocrx_word' id='word_1_279' title='bbox 769 3811 976 3873; x_wconf 84' lang='grc' dir='ltr'><strong>οἰκείας</strong></span> <span class='ocrx_word' id='word_1_280' title='bbox 1008 3812 1251 3880; x_wconf 77' lang='grc' dir='ltr'><strong>ἐφέσεως</strong></span> <span class='ocrx_word' id='word_1_281' title='bbox 1294 3814 1623 3883; x_wconf 85' lang='grc' dir='ltr'><strong>μεταδιώκει</strong></span> <span class='ocrx_word' id='word_1_282' title='bbox 1654 3814 1863 3884; x_wconf 75' lang='grc' dir='ltr'><strong>ἐκπλή-</strong></span> 
     </span>
    </p>
   </div>
   <div class='ocr_carea' id='block_1_42' title="bbox 292 3901 1863 3977">
    <p class='ocr_par' dir='ltr' id='par_1_42' title="bbox 292 3901 1863 3977">
     <span class='ocr_line' id='line_1_42' title="bbox 292 3901 1863 3977; baseline 0.001 -22"><span class='ocrx_word' id='word_1_283' title='bbox 292 3917 490 3971; x_wconf 84' lang='grc' dir='ltr'><strong>ρωσιν.</strong></span> <span class='ocrx_word' id='word_1_284' title='bbox 516 3901 780 3954; x_wconf 81' lang='grc' dir='ltr'><strong>Τοιοῦτόν</strong></span> <span class='ocrx_word' id='word_1_285' title='bbox 826 3920 880 3954; x_wconf 92' lang='grc' dir='ltr'><strong>τι</strong></span> <span class='ocrx_word' id='word_1_286' title='bbox 911 3903 1180 3969; x_wconf 83' lang='grc' dir='ltr'><strong>παθόντες</strong></span> <span class='ocrx_word' id='word_1_287' title='bbox 1204 3906 1301 3958; x_wconf 81' lang='grc' dir='ltr'><strong>καὶ</strong></span> <span class='ocrx_word' id='word_1_288' title='bbox 1338 3908 1386 3959; x_wconf 80' lang='grc' dir='ltr'><strong>οἱ</strong></span> <span class='ocrx_word' id='word_1_289' title='bbox 1421 3907 1558 3976; x_wconf 71' lang='grc' dir='ltr'><strong>πρὸς</strong></span> <span class='ocrx_word' id='word_1_290' title='bbox 1608 3906 1708 3977; x_wconf 82' lang='grc' dir='ltr'><strong>τὴν</strong></span> <span class='ocrx_word' id='word_1_291' title='bbox 1754 3906 1863 3958; x_wconf 83' lang='grc' dir='ltr'><strong>τῶν</strong></span> 
     </span>
    </p>
   </div>
   <div class='ocr_carea' id='block_1_43' title="bbox 305 3992 1867 4067">
    <p class='ocr_par' dir='ltr' id='par_1_43' title="bbox 305 3992 1867 4067">
     <span class='ocr_line' id='line_1_43' title="bbox 305 3992 1867 4067; baseline 0.001 -21"><span class='ocrx_word' id='word_1_292' title='bbox 305 3993 645 4064; x_wconf 83' lang='grc' dir='ltr'><strong>Ἕκκλησιῶν</strong></span> <span class='ocrx_word' id='word_1_293' title='bbox 676 3992 960 4049; x_wconf 84' lang='grc' dir='ltr'><strong>διάστασιν</strong></span> <span class='ocrx_word' id='word_1_294' title='bbox 993 3996 1418 4067; x_wconf 83' lang='grc' dir='ltr'><strong>ἀνεπιστρόφως</strong></span> <span class='ocrx_word' id='word_1_295' title='bbox 1468 3999 1698 4061; x_wconf 64' lang='grc' dir='ltr'><strong>ἑαυτοὺς</strong></span> <span class='ocrx_word' id='word_1_296' title='bbox 1747 4000 1867 4051; x_wconf 83' lang='grc' dir='ltr'><strong>ἐπι-</strong></span> 
     </span>
    </p>
   </div>
   <div class='ocr_carea' id='block_1_44' title="bbox 285 4085 1863 4161">
    <p class='ocr_par' dir='ltr' id='par_1_44' title="bbox 285 4085 1863 4161">
     <span class='ocr_line' id='line_1_44' title="bbox 285 4085 1863 4161; baseline 0.003 -23"><span class='ocrx_word' id='word_1_297' title='bbox 285 4085 501 4149; x_wconf 82' lang='grc' dir='ltr'><strong>δόντες,</strong></span> <span class='ocrx_word' id='word_1_298' title='bbox 552 4087 690 4157; x_wconf 78' lang='grc' dir='ltr'><strong>πρδς</strong></span> <span class='ocrx_word' id='word_1_299' title='bbox 733 4086 826 4140; x_wconf 78' lang='grc' dir='ltr'><strong>τὸν</strong></span> <span class='ocrx_word' id='word_1_300' title='bbox 886 4087 1115 4159; x_wconf 79' lang='grc' dir='ltr'><strong>ἔσχατον</strong></span> <span class='ocrx_word' id='word_1_301' title='bbox 1169 4091 1450 4159; x_wconf 75' lang='grc' dir='ltr'><strong>κολοφῶνα</strong></span> <span class='ocrx_word' id='word_1_302' title='bbox 1510 4092 1609 4161; x_wconf 84' lang='grc' dir='ltr'><strong>τῆς</strong></span> <span class='ocrx_word' id='word_1_303' title='bbox 1662 4092 1863 4153; x_wconf 69' lang='grc' dir='ltr'><strong>κχκίας</strong></span> 
     </span>
    </p>
   </div>
   <div class='ocr_carea' id='block_1_45' title="bbox 288 4177 1866 4254">
    <p class='ocr_par' dir='ltr' id='par_1_45' title="bbox 288 4177 1866 4254">
     <span class='ocr_line' id='line_1_45' title="bbox 288 4177 1866 4254; baseline 0.003 -24"><span class='ocrx_word' id='word_1_304' title='bbox 288 4177 706 4246; x_wconf 81' lang='grc' dir='ltr'><strong>ἀναρῤιχῶνται</strong></span> <span class='ocrx_word' id='word_1_305' title='bbox 741 4194 757 4208; x_wconf 91' lang='grc'><strong>·</strong></span> <span class='ocrx_word' id='word_1_306' title='bbox 796 4180 889 4231; x_wconf 67' lang='grc' dir='ltr'><strong>καὶ</strong></span> <span class='ocrx_word' id='word_1_307' title='bbox 918 4181 1057 4231; x_wconf 71' lang='grc' dir='ltr'><strong>ἐπὰν</strong></span> <span class='ocrx_word' id='word_1_308' title='bbox 1090 4181 1275 4244; x_wconf 79' lang='grc' dir='ltr'><strong>αὐτοῖς</strong></span> <span class='ocrx_word' id='word_1_309' title='bbox 1302 4182 1652 4254; x_wconf 83' lang='grc' dir='ltr'><strong>ἀποδειχθείη</strong></span> <span class='ocrx_word' id='word_1_310' title='bbox 1688 4185 1866 4251; x_wconf 73' lang='grc' dir='ltr'><strong>¹ἐναρ-</strong></span> 
     </span>
    </p>
   </div>
   <div class='ocr_carea' id='block_1_46' title="bbox 290 4267 1864 4344">
    <p class='ocr_par' dir='ltr' id='par_1_46' title="bbox 290 4267 1864 4344">
     <span class='ocr_line' id='line_1_46' title="bbox 290 4267 1864 4344; baseline 0.003 -25"><span class='ocrx_word' id='word_1_311' title='bbox 290 4268 535 4335; x_wconf 74' lang='grc' dir='ltr'><strong>γέστατα</strong></span> <span class='ocrx_word' id='word_1_312' title='bbox 572 4267 667 4321; x_wconf 92' lang='grc' dir='ltr'><strong>τοῦ</strong></span> <span class='ocrx_word' id='word_1_313' title='bbox 730 4270 972 4339; x_wconf 83' lang='grc' dir='ltr'><strong>μεγάλου</strong></span> <span class='ocrx_word' id='word_1_314' title='bbox 1022 4272 1310 4325; x_wconf 84' lang='grc' dir='ltr'><strong>Βασιλείου</strong></span> <span class='ocrx_word' id='word_1_315' title='bbox 1363 4273 1524 4344; x_wconf 78' lang='grc' dir='ltr'><strong>ῥῆσιν</strong></span> <span class='ocrx_word' id='word_1_316' title='bbox 1574 4270 1712 4327; x_wconf 72' lang='grc' dir='ltr'><strong>εἶναι</strong></span> <span class='ocrx_word' id='word_1_317' title='bbox 1766 4274 1864 4343; x_wconf 84' lang='grc' dir='ltr'><strong>τὴν</strong></span> 
     </span>
    </p>
   </div>
   <div class='ocr_carea' id='block_1_47' title="bbox 289 4358 1865 4434">
    <p class='ocr_par' dir='ltr' id='par_1_47' title="bbox 289 4358 1865 4434">
     <span class='ocr_line' id='line_1_47' title="bbox 289 4358 1865 4434; baseline 0.003 -22"><span class='ocrx_word' id='word_1_318' title='bbox 289 4358 564 4428; x_wconf 78' lang='grc' dir='ltr'><strong>λέγουσαν</strong></span> <span class='ocrx_word' id='word_1_319' title='bbox 621 4378 640 4411; x_wconf 82' lang='grc' dir='ltr'><strong>ι</strong></span> <span class='ocrx_word' id='word_1_320' title='bbox 692 4360 843 4429; x_wconf 77' lang='grc' dir='ltr'><strong>παρὰ</strong></span> <span class='ocrx_word' id='word_1_321' title='bbox 894 4361 990 4415; x_wconf 92' lang='grc' dir='ltr'><strong>τοῦ</strong></span> <span class='ocrx_word' id='word_1_322' title='bbox 1060 4362 1192 4416; x_wconf 89' lang='grc' dir='ltr'><strong>Υίοῦ</strong></span> <span class='ocrx_word' id='word_1_323' title='bbox 1245 4359 1386 4417; x_wconf 70' lang='grc' dir='ltr'><strong>εἶναι</strong></span> <span class='ocrx_word' id='word_1_324' title='bbox 1436 4364 1499 4417; x_wconf 75' lang='grc' dir='ltr'><strong>τὸ</strong></span> <span class='ocrx_word' id='word_1_325' title='bbox 1550 4364 1775 4434; x_wconf 81' lang='grc' dir='ltr'><strong>Πνεῦμα</strong></span> <span class='ocrx_word' id='word_1_326' title='bbox 1801 4367 1865 4417; x_wconf 68' lang='grc' dir='ltr'><strong>τ’)</strong></span> 
     </span>
    </p>
   </div>
   <div class='ocr_carea' id='block_1_48' title="bbox 291 4447 1863 4524">
    <p class='ocr_par' dir='ltr' id='par_1_48' title="bbox 291 4447 1863 4524">
     <span class='ocr_line' id='line_1_48' title="bbox 291 4447 1863 4524; baseline 0.004 -23"><span class='ocrx_word' id='word_1_327' title='bbox 291 4447 473 4514; x_wconf 67' lang='grc' dir='ltr'><strong>ἅγιον,</strong></span> <span class='ocrx_word' id='word_1_328' title='bbox 508 4467 527 4500; x_wconf 76' lang='grc' dir='ltr'><strong>ι</strong></span> <span class='ocrx_word' id='word_1_329' title='bbox 559 4449 652 4501; x_wconf 77' lang='grc' dir='ltr'><strong>καὶ</strong></span> <span class='ocrx_word' id='word_1_330' title='bbox 685 4451 1009 4523; x_wconf 83' lang='grc' dir='ltr'><strong>προσθήκην</strong></span> <span class='ocrx_word' id='word_1_331' title='bbox 1033 4454 1088 4504; x_wconf 84' lang='grc' dir='ltr'><strong>ὲν</strong></span> <span class='ocrx_word' id='word_1_332' title='bbox 1117 4456 1237 4516; x_wconf 83' lang='grc' dir='ltr'><strong>ταῖς</strong></span> <span class='ocrx_word' id='word_1_333' title='bbox 1264 4454 1467 4524; x_wconf 81' lang='grc' dir='ltr'><strong>βίϐλοις</strong></span> <span class='ocrx_word' id='word_1_334' title='bbox 1491 4454 1587 4508; x_wconf 85' lang='grc' dir='ltr'><strong>τοῦ</strong></span> <span class='ocrx_word' id='word_1_335' title='bbox 1624 4457 1863 4524; x_wconf 79' lang='grc' dir='ltr'><strong>μεγάλου</strong></span> 
     </span>
    </p>
   </div>
   <div class='ocr_carea' id='block_1_49' title="bbox 1969 606 3535 676">
    <p class='ocr_par' dir='ltr' id='par_1_49' title="bbox 1969 606 3535 676">
     <span class='ocr_line' id='line_1_49' title="bbox 1969 606 3535 676; baseline 0.004 -16"><span class='ocrx_word' id='word_1_336' title='bbox 1969 606 2327 669; x_wconf 78' lang='lat' dir='ltr'><strong>inferebatur,</strong></span> <span class='ocrx_word' id='word_1_337' title='bbox 2359 622 2554 675; x_wconf 90' lang='lat' dir='ltr'><strong>nempe</strong></span> <span class='ocrx_word' id='word_1_338' title='bbox 2584 607 2848 676; x_wconf 75' lang='lat' dir='ltr'><strong>Spiritum</strong></span> <span class='ocrx_word' id='word_1_339' title='bbox 2885 619 3077 663; x_wconf 84' lang='lat' dir='ltr'><strong>natura</strong></span> <span class='ocrx_word' id='word_1_340' title='bbox 3114 625 3235 664; x_wconf 88' lang='lat' dir='ltr'><strong>csse</strong></span> <span class='ocrx_word' id='word_1_341' title='bbox 3264 612 3487 665; x_wconf 89' lang='lat' dir='ltr'><strong>tertium</strong></span> <span class='ocrx_word' id='word_1_342' title='bbox 3519 631 3535 668; x_wconf 90' lang='lat'><strong>:</strong></span> 
     </span>
    </p>
   </div>
   <div class='ocr_carea' id='block_1_50' title="bbox 1965 695 3538 765">
    <p class='ocr_par' dir='ltr' id='par_1_50' title="bbox 1965 695 3538 765">
     <span class='ocr_line' id='line_1_50' title="bbox 1965 695 3538 765; baseline 0.006 -16"><span class='ocrx_word' id='word_1_343' title='bbox 1965 697 2060 750; x_wconf 87' lang='lat' dir='ltr'><strong>sed</strong></span> <span class='ocrx_word' id='word_1_344' title='bbox 2111 695 2374 765; x_wconf 78' lang='lat' dir='ltr'><strong>Spiritum</strong></span> <span class='ocrx_word' id='word_1_345' title='bbox 2419 698 2611 752; x_wconf 85' lang='lat' dir='ltr'><strong>ordine</strong></span> <span class='ocrx_word' id='word_1_346' title='bbox 2643 708 2695 752; x_wconf 86' lang='lat' dir='ltr'><strong>et</strong></span> <span class='ocrx_word' id='word_1_347' title='bbox 2739 699 3006 765; x_wconf 76' lang='lat' dir='ltr'><strong>dignitate</strong></span> <span class='ocrx_word' id='word_1_348' title='bbox 3040 700 3259 754; x_wconf 83' lang='lat' dir='ltr'><strong>tertium</strong></span> <span class='ocrx_word' id='word_1_349' title='bbox 3292 702 3474 756; x_wconf 83' lang='lat' dir='ltr'><strong>dicere</strong></span> <span class='ocrx_word' id='word_1_350' title='bbox 3506 718 3538 758; x_wconf 80' lang='lat' dir='ltr'><strong>tt</strong></span> 
     </span>
    </p>
   </div>
   <div class='ocr_carea' id='block_1_51' title="bbox 1966 787 3538 860">
    <p class='ocr_par' dir='ltr' id='par_1_51' title="bbox 1966 787 3538 860">
     <span class='ocr_line' id='line_1_51' title="bbox 1966 787 3538 860; baseline 0.002 -18"><span class='ocrx_word' id='word_1_351' title='bbox 1966 787 2146 849; x_wconf 85' lang='lat' dir='ltr'><strong>Patre.</strong></span> <span class='ocrx_word' id='word_1_352' title='bbox 2172 788 2405 844; x_wconf 77' lang='lat' dir='ltr'><strong>libenter</strong></span> <span class='ocrx_word' id='word_1_353' title='bbox 2433 796 2841 860; x_wconf 84' lang='lat' dir='ltr'><strong>spontaneeque</strong></span> <span class='ocrx_word' id='word_1_354' title='bbox 2903 792 3136 860; x_wconf 79' lang='lat' dir='ltr'><strong>excepit.</strong></span> <span class='ocrx_word' id='word_1_355' title='bbox 3172 792 3438 849; x_wconf 73' lang='lat' dir='ltr'><strong>Haeretico</strong></span> <span class='ocrx_word' id='word_1_356' title='bbox 3461 796 3538 849; x_wconf 82' lang='lat' dir='ltr'><strong>si-</strong></span> 
     </span>
    </p>
   </div>
   <div class='ocr_carea' id='block_1_52' title="bbox 1965 879 3536 951">
    <p class='ocr_par' dir='ltr' id='par_1_52' title="bbox 1965 879 3536 951">
     <span class='ocr_line' id='line_1_52' title="bbox 1965 879 3536 951; baseline 0.006 -22"><span class='ocrx_word' id='word_1_357' title='bbox 1965 879 2187 947; x_wconf 79' lang='lat' dir='ltr'><strong>quidem</strong></span> <span class='ocrx_word' id='word_1_358' title='bbox 2227 879 2496 934; x_wconf 81' lang='lat' dir='ltr'><strong>Eunomio</strong></span> <span class='ocrx_word' id='word_1_359' title='bbox 2523 880 2685 934; x_wconf 84' lang='lat' dir='ltr'><strong>veluti</strong></span> <span class='ocrx_word' id='word_1_360' title='bbox 2721 881 3133 949; x_wconf 82' lang='lat' dir='ltr'><strong>pronuntiatum</strong></span> <span class='ocrx_word' id='word_1_361' title='bbox 3181 891 3439 951; x_wconf 87' lang='lat' dir='ltr'><strong>ponente.</strong></span> <span class='ocrx_word' id='word_1_362' title='bbox 3477 899 3536 939; x_wconf 88' lang='lat' dir='ltr'><strong>se</strong></span> 
     </span>
    </p>
   </div>
   <div class='ocr_carea' id='block_1_53' title="bbox 1966 968 3538 1039">
    <p class='ocr_par' dir='ltr' id='par_1_53' title="bbox 1966 968 3538 1039">
     <span class='ocr_line' id='line_1_53' title="bbox 1966 968 3538 1039; baseline 0.002 -15"><span class='ocrx_word' id='word_1_363' title='bbox 1966 985 1996 1024; x_wconf 87' lang='lat' dir='ltr'><strong>a</strong></span> <span class='ocrx_word' id='word_1_364' title='bbox 2028 968 2287 1026; x_wconf 86' lang='lat' dir='ltr'><strong>Patribus</strong></span> <span class='ocrx_word' id='word_1_365' title='bbox 2340 969 2598 1025; x_wconf 80' lang='lat' dir='ltr'><strong>didicisse</strong></span> <span class='ocrx_word' id='word_1_366' title='bbox 2650 971 2868 1025; x_wconf 85' lang='lat' dir='ltr'><strong>tertium</strong></span> <span class='ocrx_word' id='word_1_367' title='bbox 2924 970 3188 1039; x_wconf 69' lang='lat' dir='ltr'><strong>dignitate</strong></span> <span class='ocrx_word' id='word_1_368' title='bbox 3252 984 3307 1026; x_wconf 85' lang='lat' dir='ltr'><strong>et</strong></span> <span class='ocrx_word' id='word_1_369' title='bbox 3343 975 3538 1027; x_wconf 84' lang='lat' dir='ltr'><strong>ordine</strong></span> 
     </span>
    </p>
   </div>
   <div class='ocr_carea' id='block_1_54' title="bbox 1968 1061 3539 1135">
    <p class='ocr_par' dir='ltr' id='par_1_54' title="bbox 1968 1061 3539 1135">
     <span class='ocr_line' id='line_1_54' title="bbox 1968 1061 3539 1135; baseline 0.001 -18"><span class='ocrx_word' id='word_1_370' title='bbox 1968 1061 2260 1133; x_wconf 85' lang='lat' dir='ltr'><strong>Spiritum,</strong></span> <span class='ocrx_word' id='word_1_371' title='bbox 2287 1062 2515 1132; x_wconf 83' lang='lat' dir='ltr'><strong>quinam</strong></span> <span class='ocrx_word' id='word_1_372' title='bbox 2560 1077 2690 1117; x_wconf 83' lang='lat' dir='ltr'><strong>vero</strong></span> <span class='ocrx_word' id='word_1_373' title='bbox 2719 1064 2917 1126; x_wconf 84' lang='lat' dir='ltr'><strong>sancti,</strong></span> <span class='ocrx_word' id='word_1_374' title='bbox 2951 1073 3003 1118; x_wconf 85' lang='lat' dir='ltr'><strong>et</strong></span> <span class='ocrx_word' id='word_1_375' title='bbox 3049 1064 3102 1118; x_wconf 92' lang='lat' dir='ltr'><strong>in</strong></span> <span class='ocrx_word' id='word_1_376' title='bbox 3151 1066 3353 1135; x_wconf 83' lang='lat' dir='ltr'><strong>quibus</strong></span> <span class='ocrx_word' id='word_1_377' title='bbox 3400 1069 3539 1121; x_wconf 87' lang='lat' dir='ltr'><strong>scri-</strong></span> 
     </span>
    </p>
   </div>
   <div class='ocr_carea' id='block_1_55' title="bbox 1966 1153 3536 1226">
    <p class='ocr_par' dir='ltr' id='par_1_55' title="bbox 1966 1153 3536 1226">
     <span class='ocr_line' id='line_1_55' title="bbox 1966 1153 3536 1226; baseline 0 -17"><span class='ocrx_word' id='word_1_378' title='bbox 1966 1154 2246 1226; x_wconf 88' lang='lat' dir='ltr'><strong>ptionibus</strong></span> <span class='ocrx_word' id='word_1_379' title='bbox 2278 1153 2591 1209; x_wconf 76' lang='lat' dir='ltr'><strong>doctrinam</strong></span> <span class='ocrx_word' id='word_1_380' title='bbox 2629 1155 2973 1208; x_wconf 86' lang='lat' dir='ltr'><strong>enuntiarint</strong></span> <span class='ocrx_word' id='word_1_381' title='bbox 3019 1164 3254 1217; x_wconf 87' lang='lat' dir='ltr'><strong>tacente.</strong></span> <span class='ocrx_word' id='word_1_382' title='bbox 3301 1165 3356 1211; x_wconf 89' lang='lat' dir='ltr'><strong>et</strong></span> <span class='ocrx_word' id='word_1_383' title='bbox 3401 1157 3536 1210; x_wconf 85' lang='lat' dir='ltr'><strong>illud</strong></span> 
     </span>
    </p>
   </div>
   <div class='ocr_carea' id='block_1_56' title="bbox 1968 1243 3540 1321">
    <p class='ocr_par' dir='ltr' id='par_1_56' title="bbox 1968 1243 3540 1321">
     <span class='ocr_line' id='line_1_56' title="bbox 1968 1243 3540 1321; baseline 0.001 -21"><span class='ocrx_word' id='word_1_384' title='bbox 1968 1261 2140 1301; x_wconf 89' lang='lat' dir='ltr'><strong>unum</strong></span> <span class='ocrx_word' id='word_1_385' title='bbox 2189 1245 2480 1315; x_wconf 89' lang='lat' dir='ltr'><strong>solumque</strong></span> <span class='ocrx_word' id='word_1_386' title='bbox 2522 1243 2784 1308; x_wconf 87' lang='lat' dir='ltr'><strong>cnitente,</strong></span> <span class='ocrx_word' id='word_1_387' title='bbox 2819 1246 3295 1321; x_wconf 64' lang='lat' dir='ltr'><strong>syllogismorum</strong></span> <span class='ocrx_word' id='word_1_388' title='bbox 3345 1263 3540 1316; x_wconf 81' lang='lat' dir='ltr'><strong>nempe</strong></span> 
     </span>
    </p>
   </div>
   <div class='ocr_carea' id='block_1_57' title="bbox 1970 1335 3539 1406">
    <p class='ocr_par' dir='ltr' id='par_1_57' title="bbox 1970 1335 3539 1406">
     <span class='ocr_line' id='line_1_57' title="bbox 1970 1335 3539 1406; baseline -0.001 -14"><span class='ocrx_word' id='word_1_389' title='bbox 1970 1336 2295 1393; x_wconf 82' lang='lat' dir='ltr'><strong>necessariis</strong></span> <span class='ocrx_word' id='word_1_390' title='bbox 2338 1335 2747 1405; x_wconf 84' lang='lat' dir='ltr'><strong>consequentiis</strong></span> <span class='ocrx_word' id='word_1_391' title='bbox 2785 1336 3090 1390; x_wconf 83' lang='lat' dir='ltr'><strong>orationem</strong></span> <span class='ocrx_word' id='word_1_392' title='bbox 3139 1336 3539 1406; x_wconf 87' lang='lat' dir='ltr'><strong>distorquendo</strong></span> 
     </span>
    </p>
   </div>
   <div class='ocr_carea' id='block_1_58' title="bbox 1970 1425 3535 1497">
    <p class='ocr_par' dir='ltr' id='par_1_58' title="bbox 1970 1425 3535 1497">
     <span class='ocr_line' id='line_1_58' title="bbox 1970 1425 3535 1497; baseline -0.002 -13"><span class='ocrx_word' id='word_1_393' title='bbox 1970 1427 2320 1492; x_wconf 81' lang='lat' dir='ltr'><strong>concludere,</strong></span> <span class='ocrx_word' id='word_1_394' title='bbox 2381 1426 2601 1481; x_wconf 82' lang='lat' dir='ltr'><strong>tertium</strong></span> <span class='ocrx_word' id='word_1_395' title='bbox 2654 1441 2775 1482; x_wconf 83' lang='lat' dir='ltr'><strong>esse</strong></span> <span class='ocrx_word' id='word_1_396' title='bbox 2812 1434 2867 1482; x_wconf 91' lang='lat' dir='ltr'><strong>et</strong></span> <span class='ocrx_word' id='word_1_397' title='bbox 2899 1436 3087 1480; x_wconf 88' lang='lat' dir='ltr'><strong>natura</strong></span> <span class='ocrx_word' id='word_1_398' title='bbox 3137 1425 3429 1497; x_wconf 78' lang='lat' dir='ltr'><strong>Spiritum,</strong></span> <span class='ocrx_word' id='word_1_399' title='bbox 3468 1430 3535 1481; x_wconf 85' lang='lat' dir='ltr'><strong>ad</strong></span> 
     </span>
    </p>
   </div>
   <div class='ocr_carea' id='block_1_59' title="bbox 1971 1518 3540 1593">
    <p class='ocr_par' dir='ltr' id='par_1_59' title="bbox 1971 1518 3540 1593">
     <span class='ocr_line' id='line_1_59' title="bbox 1971 1518 3540 1593; baseline 0.001 -21"><span class='ocrx_word' id='word_1_400' title='bbox 1971 1519 2111 1573; x_wconf 90' lang='lat' dir='ltr'><strong>male</strong></span> <span class='ocrx_word' id='word_1_401' title='bbox 2136 1527 2481 1584; x_wconf 79' lang='lat' dir='ltr'><strong>compactam</strong></span> <span class='ocrx_word' id='word_1_402' title='bbox 2513 1518 2925 1573; x_wconf 84' lang='lat' dir='ltr'><strong>conclusionem</strong></span> <span class='ocrx_word' id='word_1_403' title='bbox 2957 1518 3136 1593; x_wconf 79' lang='lat' dir='ltr'><strong>studia</strong></span> <span class='ocrx_word' id='word_1_404' title='bbox 3167 1535 3266 1573; x_wconf 87' lang='lat' dir='ltr'><strong>sua</strong></span> <span class='ocrx_word' id='word_1_405' title='bbox 3315 1530 3540 1575; x_wconf 77' lang='lat' dir='ltr'><strong>sanctus</strong></span> 
     </span>
    </p>
   </div>
   <div class='ocr_carea' id='block_1_60' title="bbox 1968 1612 3539 1677">
    <p class='ocr_par' dir='ltr' id='par_1_60' title="bbox 1968 1612 3539 1677">
     <span class='ocr_line' id='line_1_60' title="bbox 1968 1612 3539 1677; baseline -0.001 -10"><span class='ocrx_word' id='word_1_406' title='bbox 1968 1612 2220 1676; x_wconf 86' lang='lat' dir='ltr'><strong>contulit,</strong></span> <span class='ocrx_word' id='word_1_407' title='bbox 2252 1621 2305 1666; x_wconf 91' lang='lat' dir='ltr'><strong>et</strong></span> <span class='ocrx_word' id='word_1_408' title='bbox 2336 1612 2641 1667; x_wconf 77' lang='lat' dir='ltr'><strong>concedens</strong></span> <span class='ocrx_word' id='word_1_409' title='bbox 2662 1612 3007 1667; x_wconf 82' lang='lat' dir='ltr'><strong>enuntiatum</strong></span> <span class='ocrx_word' id='word_1_410' title='bbox 3042 1613 3206 1666; x_wconf 80' lang='lat' dir='ltr'><strong>veluti</strong></span> <span class='ocrx_word' id='word_1_411' title='bbox 3243 1613 3539 1677; x_wconf 86' lang='lat' dir='ltr'><strong>minorem,</strong></span> 
     </span>
    </p>
   </div>
   <div class='ocr_carea' id='block_1_61' title="bbox 1968 1702 3539 1777">
    <p class='ocr_par' dir='ltr' id='par_1_61' title="bbox 1968 1702 3539 1777">
     <span class='ocr_line' id='line_1_61' title="bbox 1968 1702 3539 1777; baseline -0.002 -17"><span class='ocrx_word' id='word_1_412' title='bbox 1968 1702 2409 1777; x_wconf 77' lang='lat' dir='ltr'><strong>syllogismorum</strong></span> <span class='ocrx_word' id='word_1_413' title='bbox 2461 1703 2734 1759; x_wconf 86' lang='lat' dir='ltr'><strong>methodis</strong></span> <span class='ocrx_word' id='word_1_414' title='bbox 2776 1703 3070 1773; x_wconf 79' lang='lat' dir='ltr'><strong>digestam,</strong></span> <span class='ocrx_word' id='word_1_415' title='bbox 3128 1704 3539 1758; x_wconf 81' lang='lat' dir='ltr'><strong>conclusionem</strong></span> 
     </span>
    </p>
   </div>
   <div class='ocr_carea' id='block_1_62' title="bbox 1968 1794 3540 1864">
    <p class='ocr_par' dir='ltr' id='par_1_62' title="bbox 1968 1794 3540 1864">
     <span class='ocr_line' id='line_1_62' title="bbox 1968 1794 3540 1864; baseline -0.001 -16"><span class='ocrx_word' id='word_1_416' title='bbox 1968 1794 2168 1850; x_wconf 75' lang='lat' dir='ltr'><strong>refellit</strong></span> <span class='ocrx_word' id='word_1_417' title='bbox 2197 1810 2212 1849; x_wconf 87' lang='lat'><strong>:</strong></span> <span class='ocrx_word' id='word_1_418' title='bbox 2249 1794 2392 1863; x_wconf 88' lang='lat' dir='ltr'><strong>quod</strong></span> <span class='ocrx_word' id='word_1_419' title='bbox 2430 1809 2539 1848; x_wconf 89' lang='lat' dir='ltr'><strong>non</strong></span> <span class='ocrx_word' id='word_1_420' title='bbox 2559 1803 2877 1864; x_wconf 86' lang='lat' dir='ltr'><strong>suppeteret</strong></span> <span class='ocrx_word' id='word_1_421' title='bbox 2910 1794 3176 1849; x_wconf 82' lang='lat' dir='ltr'><strong>Ettnomio</strong></span> <span class='ocrx_word' id='word_1_422' title='bbox 3213 1796 3389 1864; x_wconf 86' lang='lat' dir='ltr'><strong>maior</strong></span> <span class='ocrx_word' id='word_1_423' title='bbox 3414 1809 3540 1864; x_wconf 85' lang='lat' dir='ltr'><strong>pro-</strong></span> 
     </span>
    </p>
   </div>
   <div class='ocr_carea' id='block_1_63' title="bbox 1971 1882 3526 1954">
    <p class='ocr_par' dir='ltr' id='par_1_63' title="bbox 1971 1882 3526 1954">
     <span class='ocr_line' id='line_1_63' title="bbox 1971 1882 3526 1954; baseline 0.001 -17"><span class='ocrx_word' id='word_1_424' title='bbox 1971 1884 2170 1954; x_wconf 83' lang='lat' dir='ltr'><strong>positio</strong></span> <span class='ocrx_word' id='word_1_425' title='bbox 2196 1898 2322 1939; x_wconf 83' lang='lat' dir='ltr'><strong>vera</strong></span> <span class='ocrx_word' id='word_1_426' title='bbox 2350 1901 2364 1938; x_wconf 91' lang='lat'><strong>:</strong></span> <span class='ocrx_word' id='word_1_427' title='bbox 2390 1882 2564 1939; x_wconf 87' lang='lat' dir='ltr'><strong>Omne</strong></span> <span class='ocrx_word' id='word_1_428' title='bbox 2589 1899 2804 1953; x_wconf 84' lang='lat' dir='ltr'><strong>nempe,</strong></span> <span class='ocrx_word' id='word_1_429' title='bbox 2833 1884 2979 1953; x_wconf 84' lang='lat' dir='ltr'><strong>quod</strong></span> <span class='ocrx_word' id='word_1_430' title='bbox 3010 1894 3093 1939; x_wconf 86' lang='lat' dir='ltr'><strong>est</strong></span> <span class='ocrx_word' id='word_1_431' title='bbox 3125 1884 3316 1939; x_wconf 88' lang='lat' dir='ltr'><strong>ordine</strong></span> <span class='ocrx_word' id='word_1_432' title='bbox 3341 1894 3397 1939; x_wconf 90' lang='lat' dir='ltr'><strong>et</strong></span> <span class='ocrx_word' id='word_1_433' title='bbox 3436 1886 3526 1939; x_wconf 56' lang='lat' dir='ltr'><strong>die</strong></span> 
     </span>
    </p>
   </div>
   <div class='ocr_carea' id='block_1_64' title="bbox 1972 1976 3542 2048">
    <p class='ocr_par' dir='ltr' id='par_1_64' title="bbox 1972 1976 3542 2048">
     <span class='ocr_line' id='line_1_64' title="bbox 1972 1976 3542 2048; baseline 0.001 -17"><span class='ocrx_word' id='word_1_434' title='bbox 1972 1978 2175 2048; x_wconf 84' lang='lat' dir='ltr'><strong>gnitate</strong></span> <span class='ocrx_word' id='word_1_435' title='bbox 2204 1978 2449 2040; x_wconf 89' lang='lat' dir='ltr'><strong>tertium,</strong></span> <span class='ocrx_word' id='word_1_436' title='bbox 2494 1984 2579 2031; x_wconf 87' lang='lat' dir='ltr'><strong>est</strong></span> <span class='ocrx_word' id='word_1_437' title='bbox 2618 1991 2841 2046; x_wconf 90' lang='lat' dir='ltr'><strong>quoque</strong></span> <span class='ocrx_word' id='word_1_438' title='bbox 2887 1976 3107 2031; x_wconf 85' lang='lat' dir='ltr'><strong>tertium</strong></span> <span class='ocrx_word' id='word_1_439' title='bbox 3156 1987 3372 2042; x_wconf 84' lang='lat' dir='ltr'><strong>natura,</strong></span> <span class='ocrx_word' id='word_1_440' title='bbox 3404 1992 3542 2032; x_wconf 81' lang='lat' dir='ltr'><strong>con-</strong></span> 
     </span>
    </p>
   </div>
   <div class='ocr_carea' id='block_1_65' title="bbox 1974 2067 3542 2137">
    <p class='ocr_par' dir='ltr' id='par_1_65' title="bbox 1974 2067 3542 2137">
     <span class='ocr_line' id='line_1_65' title="bbox 1974 2067 3542 2137; baseline 0 -15"><span class='ocrx_word' id='word_1_441' title='bbox 1974 2070 2310 2136; x_wconf 83' lang='lat' dir='ltr'><strong>tendensque</strong></span> <span class='ocrx_word' id='word_1_442' title='bbox 2345 2082 2452 2121; x_wconf 91' lang='lat' dir='ltr'><strong>non</strong></span> <span class='ocrx_word' id='word_1_443' title='bbox 2484 2080 2516 2119; x_wconf 89' lang='lat' dir='ltr'><strong>a</strong></span> <span class='ocrx_word' id='word_1_444' title='bbox 2560 2067 2735 2122; x_wconf 84' lang='lat' dir='ltr'><strong>sacris</strong></span> <span class='ocrx_word' id='word_1_445' title='bbox 2770 2067 3071 2137; x_wconf 84' lang='lat' dir='ltr'><strong>Scripturis</strong></span> <span class='ocrx_word' id='word_1_446' title='bbox 3101 2068 3379 2133; x_wconf 86' lang='lat' dir='ltr'><strong>didicisse,</strong></span> <span class='ocrx_word' id='word_1_447' title='bbox 3429 2078 3542 2122; x_wconf 87' lang='lat' dir='ltr'><strong>ter-</strong></span> 
     </span>
    </p>
   </div>
   <div class='ocr_carea' id='block_1_66' title="bbox 1972 2158 3539 2229">
    <p class='ocr_par' dir='ltr' id='par_1_66' title="bbox 1972 2158 3539 2229">
     <span class='ocr_line' id='line_1_66' title="bbox 1972 2158 3539 2229; baseline 0.001 -17"><span class='ocrx_word' id='word_1_448' title='bbox 1972 2158 2042 2213; x_wconf 90' lang='lat' dir='ltr'><strong>tia</strong></span> <span class='ocrx_word' id='word_1_449' title='bbox 2082 2168 2276 2214; x_wconf 85' lang='lat' dir='ltr'><strong>natura</strong></span> <span class='ocrx_word' id='word_1_450' title='bbox 2310 2158 2573 2228; x_wconf 82' lang='lat' dir='ltr'><strong>Spiritum</strong></span> <span class='ocrx_word' id='word_1_451' title='bbox 2607 2159 2706 2222; x_wconf 89' lang='lat' dir='ltr'><strong>uti,</strong></span> <span class='ocrx_word' id='word_1_452' title='bbox 2737 2174 2916 2225; x_wconf 87' lang='lat' dir='ltr'><strong>neque</strong></span> <span class='ocrx_word' id='word_1_453' title='bbox 2946 2174 3012 2214; x_wconf 79' lang='lat' dir='ltr'><strong>ex</strong></span> <span class='ocrx_word' id='word_1_454' title='bbox 3036 2159 3197 2213; x_wconf 82' lang='lat' dir='ltr'><strong>dictis</strong></span> <span class='ocrx_word' id='word_1_455' title='bbox 3217 2160 3331 2213; x_wconf 85' lang='lat' dir='ltr'><strong>lleri</strong></span> <span class='ocrx_word' id='word_1_456' title='bbox 3357 2176 3539 2229; x_wconf 79' lang='lat' dir='ltr'><strong>posse,</strong></span> 
     </span>
    </p>
   </div>
   <div class='ocr_carea' id='block_1_67' title="bbox 1969 2239 3544 2316">
    <p class='ocr_par' dir='ltr' id='par_1_67' title="bbox 1969 2239 3544 2316">
     <span class='ocr_line' id='line_1_67' title="bbox 1969 2239 3544 2316; baseline 0.001 -12"><span class='ocrx_word' id='word_1_457' title='bbox 1969 2250 2168 2316; x_wconf 87' lang='lat' dir='ltr'><strong>inquit,</strong></span> <span class='ocrx_word' id='word_1_458' title='bbox 2214 2250 2323 2305; x_wconf 90' lang='lat' dir='ltr'><strong>ulla</strong></span> <span class='ocrx_word' id='word_1_459' title='bbox 2370 2239 2847 2316; x_wconf 72' lang='lat' dir='ltr'><strong>argumentatione</strong></span> <span class='ocrx_word' id='word_1_460' title='bbox 2874 2251 3153 2306; x_wconf 82' lang='lat' dir='ltr'><strong>concludi.</strong></span> <span class='ocrx_word' id='word_1_461' title='bbox 3197 2253 3544 2306; x_wconf 75' lang='lat' dir='ltr'><strong>Demonstra-</strong></span> 
     </span>
    </p>
   </div>
   <div class='ocr_carea' id='block_1_68' title="bbox 1969 2343 3540 2421">
    <p class='ocr_par' dir='ltr' id='par_1_68' title="bbox 1969 2343 3540 2421">
     <span class='ocr_line' id='line_1_68' title="bbox 1969 2343 3540 2421; baseline 0.001 -24"><span class='ocrx_word' id='word_1_462' title='bbox 1969 2351 2078 2397; x_wconf 91' lang='lat' dir='ltr'><strong>tum</strong></span> <span class='ocrx_word' id='word_1_463' title='bbox 2119 2353 2204 2398; x_wconf 87' lang='lat' dir='ltr'><strong>est</strong></span> <span class='ocrx_word' id='word_1_464' title='bbox 2250 2344 2434 2413; x_wconf 79' lang='lat' dir='ltr'><strong>itaque</strong></span> <span class='ocrx_word' id='word_1_465' title='bbox 2473 2343 2699 2408; x_wconf 72' lang='lat' dir='ltr'><strong>fortasse</strong></span> <span class='ocrx_word' id='word_1_466' title='bbox 2741 2343 3156 2421; x_wconf 84' lang='lat' dir='ltr'><strong>supposititium</strong></span> <span class='ocrx_word' id='word_1_467' title='bbox 3207 2359 3351 2405; x_wconf 87' lang='lat' dir='ltr'><strong>esse.</strong></span> <span class='ocrx_word' id='word_1_468' title='bbox 3393 2348 3540 2415; x_wconf 90' lang='lat' dir='ltr'><strong>quod</strong></span> 
     </span>
    </p>
   </div>
   <div class='ocr_carea' id='block_1_69' title="bbox 1966 2435 3542 2507">
    <p class='ocr_par' dir='ltr' id='par_1_69' title="bbox 1966 2435 3542 2507">
     <span class='ocr_line' id='line_1_69' title="bbox 1966 2435 3542 2507; baseline 0.002 -18"><span class='ocrx_word' id='word_1_469' title='bbox 1966 2436 2142 2490; x_wconf 84' lang='lat' dir='ltr'><strong>oratio</strong></span> <span class='ocrx_word' id='word_1_470' title='bbox 2174 2447 2360 2490; x_wconf 84' lang='lat' dir='ltr'><strong>nostra</strong></span> <span class='ocrx_word' id='word_1_471' title='bbox 2433 2436 2665 2505; x_wconf 84' lang='lat' dir='ltr'><strong>probare</strong></span> <span class='ocrx_word' id='word_1_472' title='bbox 2701 2438 3056 2506; x_wconf 88' lang='lat' dir='ltr'><strong>promiserat.</strong></span> <span class='ocrx_word' id='word_1_473' title='bbox 3093 2435 3167 2491; x_wconf 83' lang='lat' dir='ltr'><strong>Ne</strong></span> <span class='ocrx_word' id='word_1_474' title='bbox 3197 2437 3382 2504; x_wconf 77' lang='lat' dir='ltr'><strong>itaque</strong></span> <span class='ocrx_word' id='word_1_475' title='bbox 3418 2453 3542 2507; x_wconf 61' lang='lat' dir='ltr'><strong>qua</strong></span> 
     </span>
    </p>
   </div>
   <div class='ocr_carea' id='block_1_70' title="bbox 1965 2529 3543 2598">
    <p class='ocr_par' dir='ltr' id='par_1_70' title="bbox 1965 2529 3543 2598">
     <span class='ocr_line' id='line_1_70' title="bbox 1965 2529 3543 2598; baseline -0.001 -14"><span class='ocrx_word' id='word_1_476' title='bbox 1965 2529 2128 2584; x_wconf 90' lang='lat' dir='ltr'><strong>simul</strong></span> <span class='ocrx_word' id='word_1_477' title='bbox 2161 2529 2412 2598; x_wconf 90' lang='lat' dir='ltr'><strong>componi</strong></span> <span class='ocrx_word' id='word_1_478' title='bbox 2450 2544 2558 2583; x_wconf 89' lang='lat' dir='ltr'><strong>nun</strong></span> <span class='ocrx_word' id='word_1_479' title='bbox 2600 2540 2851 2597; x_wconf 88' lang='lat' dir='ltr'><strong>possunt,</strong></span> <span class='ocrx_word' id='word_1_480' title='bbox 2890 2544 2997 2584; x_wconf 89' lang='lat' dir='ltr'><strong>una</strong></span> <span class='ocrx_word' id='word_1_481' title='bbox 3029 2531 3382 2598; x_wconf 76' lang='lat' dir='ltr'><strong>compingere</strong></span> <span class='ocrx_word' id='word_1_482' title='bbox 3424 2539 3543 2584; x_wconf 79' lang='lat' dir='ltr'><strong>ten~</strong></span> 
     </span>
    </p>
   </div>
   <div class='ocr_carea' id='block_1_71' title="bbox 1966 2618 3541 2687">
    <p class='ocr_par' dir='ltr' id='par_1_71' title="bbox 1966 2618 3541 2687">
     <span class='ocr_line' id='line_1_71' title="bbox 1966 2618 3541 2687; baseline 0.003 -16"><span class='ocrx_word' id='word_1_483' title='bbox 1966 2626 2099 2678; x_wconf 90' lang='lat' dir='ltr'><strong>teut.</strong></span> <span class='ocrx_word' id='word_1_484' title='bbox 2141 2618 2234 2687; x_wconf 91' lang='lat' dir='ltr'><strong>qui</strong></span> <span class='ocrx_word' id='word_1_485' title='bbox 2284 2633 2451 2672; x_wconf 86' lang='lat' dir='ltr'><strong>unam</strong></span> <span class='ocrx_word' id='word_1_486' title='bbox 2505 2619 2677 2679; x_wconf 86' lang='lat' dir='ltr'><strong>solam</strong></span> <span class='ocrx_word' id='word_1_487' title='bbox 2734 2619 2986 2674; x_wconf 86' lang='lat' dir='ltr'><strong>ambiunt</strong></span> <span class='ocrx_word' id='word_1_488' title='bbox 3016 2620 3452 2686; x_wconf 88' lang='lat' dir='ltr'><strong>contentionem,</strong></span> <span class='ocrx_word' id='word_1_489' title='bbox 3483 2627 3541 2676; x_wconf 90' lang='lat' dir='ltr'><strong>et</strong></span> 
     </span>
    </p>
   </div>
   <div class='ocr_carea' id='block_1_72' title="bbox 1966 2709 3323 2781">
    <p class='ocr_par' dir='ltr' id='par_1_72' title="bbox 1966 2709 3323 2781">
     <span class='ocr_line' id='line_1_72' title="bbox 1966 2709 3323 2781; baseline 0.004 -20"><span class='ocrx_word' id='word_1_490' title='bbox 1966 2725 2149 2778; x_wconf 82' lang='lat' dir='ltr'><strong>pacem</strong></span> <span class='ocrx_word' id='word_1_491' title='bbox 2181 2709 2457 2765; x_wconf 87' lang='lat' dir='ltr'><strong>obstinate</strong></span> <span class='ocrx_word' id='word_1_492' title='bbox 2488 2718 2545 2766; x_wconf 89' lang='lat' dir='ltr'><strong>et</strong></span> <span class='ocrx_word' id='word_1_493' title='bbox 2576 2710 2974 2766; x_wconf 85' lang='lat' dir='ltr'><strong>contumaciter</strong></span> <span class='ocrx_word' id='word_1_494' title='bbox 3003 2711 3323 2781; x_wconf 85' lang='lat' dir='ltr'><strong>repudiant.</strong></span> 
     </span>
    </p>
   </div>
   <div class='ocr_carea' id='block_1_73' title="bbox 2571 2917 2936 2975">
    <p class='ocr_par' dir='ltr' id='par_1_73' title="bbox 2571 2917 2936 2975">
     <span class='ocr_line' id='line_1_73' title="bbox 2571 2917 2936 2975; baseline 0.003 -1"><span class='ocrx_word' id='word_1_495' title='bbox 2571 2917 2801 2974; x_wconf 80' lang='lat' dir='ltr'><strong>CAPUT</strong></span> <span class='ocrx_word' id='word_1_496' title='bbox 2840 2919 2936 2975; x_wconf 87' lang='lat' dir='ltr'><strong>Ill.</strong></span> 
     </span>
    </p>
   </div>
   <div class='ocr_carea' id='block_1_74' title="bbox 1540 3051 3543 3124">
    <p class='ocr_par' dir='ltr' id='par_1_74' title="bbox 1540 3051 3543 3124">
     <span class='ocr_line' id='line_1_74' title="bbox 1540 3051 3543 3124; baseline 0 -17"><span class='ocrx_word' id='word_1_497' title='bbox 1540 3053 1863 3124; x_wconf 72' lang='grc' dir='ltr'><strong>Βασίλειος</strong></span> <span class='ocrx_word' id='word_1_498' title='bbox 1963 3053 2224 3110; x_wconf 69' lang='lat' dir='ltr'><strong>Adversus</strong></span> <span class='ocrx_word' id='word_1_499' title='bbox 2268 3072 2376 3118; x_wconf 76' lang='lat' dir='ltr'><strong>eos,</strong></span> <span class='ocrx_word' id='word_1_500' title='bbox 2412 3054 2503 3124; x_wconf 85' lang='lat' dir='ltr'><strong>qui</strong></span> <span class='ocrx_word' id='word_1_501' title='bbox 2535 3053 2855 3108; x_wconf 83' lang='lat' dir='ltr'><strong>contendunt</strong></span> <span class='ocrx_word' id='word_1_502' title='bbox 2883 3054 3023 3124; x_wconf 84' lang='lat' dir='ltr'><strong>quod</strong></span> <span class='ocrx_word' id='word_1_503' title='bbox 3052 3069 3273 3120; x_wconf 79' lang='lat' dir='ltr'><strong>magnus</strong></span> <span class='ocrx_word' id='word_1_504' title='bbox 3303 3051 3543 3108; x_wconf 69' lang='lat' dir='ltr'><strong>Basilina</strong></span> 
     </span>
    </p>
   </div>
   <div class='ocr_carea' id='block_1_75' title="bbox 2037 3123 3543 3193">
    <p class='ocr_par' dir='ltr' id='par_1_75' title="bbox 2037 3123 3543 3193">
     <span class='ocr_line' id='line_1_75' title="bbox 2037 3123 3543 3193; baseline -0.003 -14"><span class='ocrx_word' id='word_1_505' title='bbox 2037 3129 2091 3179; x_wconf 88' lang='lat' dir='ltr'><strong>in</strong></span> <span class='ocrx_word' id='word_1_506' title='bbox 2118 3131 2354 3180; x_wconf 82' lang='lat' dir='ltr'><strong>oratione</strong></span> <span class='ocrx_word' id='word_1_507' title='bbox 2374 3123 2470 3178; x_wconf 80' lang='lat' dir='ltr'><strong>sna</strong></span> <span class='ocrx_word' id='word_1_508' title='bbox 2496 3126 2559 3177; x_wconf 86' lang='lat' dir='ltr'><strong>de</strong></span> <span class='ocrx_word' id='word_1_509' title='bbox 2587 3126 2691 3193; x_wconf 82' lang='lat' dir='ltr'><strong>ﬁde</strong></span> <span class='ocrx_word' id='word_1_510' title='bbox 2720 3123 2941 3187; x_wconf 73' lang='lat' dir='ltr'><strong>dixerit,</strong></span> <span class='ocrx_word' id='word_1_511' title='bbox 2982 3144 2997 3173; x_wconf 84' lang='grc' dir='ltr'><strong>ι</strong></span> <span class='ocrx_word' id='word_1_512' title='bbox 3033 3123 3322 3192; x_wconf 83' lang='lat' dir='ltr'><strong>aliquando</strong></span> <span class='ocrx_word' id='word_1_513' title='bbox 3350 3124 3543 3176; x_wconf 84' lang='lat' dir='ltr'><strong>dictio-</strong></span> 
     </span>
    </p>
   </div>
   <div class='ocr_carea' id='block_1_76' title="bbox 2035 3193 3544 3265">
    <p class='ocr_par' dir='ltr' id='par_1_76' title="bbox 2035 3193 3544 3265">
     <span class='ocr_line' id='line_1_76' title="bbox 2035 3193 3544 3265; baseline -0.003 -15"><span class='ocrx_word' id='word_1_514' title='bbox 2035 3214 2122 3250; x_wconf 72' lang='lat' dir='ltr'><strong>nes</strong></span> <span class='ocrx_word' id='word_1_515' title='bbox 2144 3211 2448 3265; x_wconf 76' lang='lat' dir='ltr'><strong>nsttrpasse.</strong></span> <span class='ocrx_word' id='word_1_516' title='bbox 2497 3193 2744 3248; x_wconf 81' lang='lat' dir='ltr'><strong>adversus</strong></span> <span class='ocrx_word' id='word_1_517' title='bbox 2768 3205 3132 3265; x_wconf 78' lang='lat' dir='ltr'><strong>consurgentes</strong></span> <span class='ocrx_word' id='word_1_518' title='bbox 3179 3195 3403 3247; x_wconf 58' lang='lat' dir='ltr'><strong>havere:</strong></span> <span class='ocrx_word' id='word_1_519' title='bbox 3452 3196 3544 3245; x_wconf 64' lang='lat' dir='ltr'><strong>de.</strong></span> 
     </span>
    </p>
   </div>
   <div class='ocr_carea' id='block_1_77' title="bbox 2037 3264 3538 3333">
    <p class='ocr_par' dir='ltr' id='par_1_77' title="bbox 2037 3264 3538 3333">
     <span class='ocr_line' id='line_1_77' title="bbox 2037 3264 3538 3333; baseline -0.003 -14"><span class='ocrx_word' id='word_1_520' title='bbox 2037 3276 2344 3330; x_wconf 77' lang='lat' dir='ltr'><strong>certantem,</strong></span> <span class='ocrx_word' id='word_1_521' title='bbox 2389 3264 2524 3319; x_wconf 76' lang='lat' dir='ltr'><strong>alios</strong></span> <span class='ocrx_word' id='word_1_522' title='bbox 2572 3275 2725 3333; x_wconf 81' lang='lat' dir='ltr'><strong>atque</strong></span> <span class='ocrx_word' id='word_1_523' title='bbox 2778 3264 2916 3317; x_wconf 67' lang='lat' dir='ltr'><strong>alia:</strong></span> <span class='ocrx_word' id='word_1_524' title='bbox 2952 3281 3049 3331; x_wconf 87' lang='lat' dir='ltr'><strong>pro</strong></span> <span class='ocrx_word' id='word_1_525' title='bbox 3087 3264 3310 3333; x_wconf 81' lang='lat' dir='ltr'><strong>diversis</strong></span> <span class='ocrx_word' id='word_1_526' title='bbox 3341 3273 3538 3330; x_wconf 85' lang='lat' dir='ltr'><strong>tempo-</strong></span> 
     </span>
    </p>
   </div>
   <div class='ocr_carea' id='block_1_78' title="bbox 2037 3332 3541 3402">
    <p class='ocr_par' dir='ltr' id='par_1_78' title="bbox 2037 3332 3541 3402">
     <span class='ocr_line' id='line_1_78' title="bbox 2037 3332 3541 3402; baseline -0.002 -14"><span class='ocrx_word' id='word_1_527' title='bbox 2037 3337 2205 3396; x_wconf 77' lang='lat' dir='ltr'><strong>ribus,</strong></span> <span class='ocrx_word' id='word_1_528' title='bbox 2239 3344 2295 3389; x_wconf 84' lang='lat' dir='ltr'><strong>ut</strong></span> <span class='ocrx_word' id='word_1_529' title='bbox 2329 3340 2607 3390; x_wconf 71' lang='lat' dir='ltr'><strong>necessitas</strong></span> <span class='ocrx_word' id='word_1_530' title='bbox 2642 3332 2814 3402; x_wconf 82' lang='lat' dir='ltr'><strong>ipsum</strong></span> <span class='ocrx_word' id='word_1_531' title='bbox 2844 3332 3205 3401; x_wconf 83' lang='lat' dir='ltr'><strong>compellebat,</strong></span> <span class='ocrx_word' id='word_1_532' title='bbox 3245 3352 3263 3384; x_wconf 74' lang='grc' dir='ltr'><strong>ι</strong></span> <span class='ocrx_word' id='word_1_533' title='bbox 3304 3350 3407 3387; x_wconf 86' lang='lat' dir='ltr'><strong>non</strong></span> <span class='ocrx_word' id='word_1_534' title='bbox 3429 3349 3541 3386; x_wconf 80' lang='lat' dir='ltr'><strong>esse</strong></span> 
     </span>
    </p>
   </div>
   <div class='ocr_carea' id='block_1_79' title="bbox 2038 3404 3395 3476">
    <p class='ocr_par' dir='ltr' id='par_1_79' title="bbox 2038 3404 3395 3476">
     <span class='ocr_line' id='line_1_79' title="bbox 2038 3404 3395 3476; baseline -0.002 -17"><span class='ocrx_word' id='word_1_535' title='bbox 2038 3406 2277 3460; x_wconf 82' lang='lat' dir='ltr'><strong>omnibus</strong></span> <span class='ocrx_word' id='word_1_536' title='bbox 2303 3407 2453 3460; x_wconf 77' lang='lat' dir='ltr'><strong>illius</strong></span> <span class='ocrx_word' id='word_1_537' title='bbox 2488 3404 2786 3476; x_wconf 75' lang='lat' dir='ltr'><strong>tlteologicis</strong></span> <span class='ocrx_word' id='word_1_538' title='bbox 2812 3405 2968 3458; x_wconf 73' lang='lat' dir='ltr'><strong>dictis</strong></span> <span class='ocrx_word' id='word_1_539' title='bbox 2995 3404 3395 3457; x_wconf 73' lang='lat' dir='ltr'><strong>attendendum.</strong></span> 
     </span>
    </p>
   </div>
   <div class='ocr_carea' id='block_1_80' title="bbox 2039 3533 3535 3605">
    <p class='ocr_par' dir='ltr' id='par_1_80' title="bbox 2039 3533 3535 3605">
     <span class='ocr_line' id='line_1_80' title="bbox 2039 3533 3535 3605; baseline -0.006 -12"><span class='ocrx_word' id='word_1_540' title='bbox 2039 3539 2092 3592; x_wconf 85' lang='lat' dir='ltr'><strong>l.</strong></span> <span class='ocrx_word' id='word_1_541' title='bbox 2126 3536 2171 3592; x_wconf 90' lang='grc' dir='ltr'><strong>Ο</strong></span> <span class='ocrx_word' id='word_1_542' title='bbox 2196 3536 2402 3589; x_wconf 87' lang='lat' dir='ltr'><strong>utinam</strong></span> <span class='ocrx_word' id='word_1_543' title='bbox 2440 3545 2626 3605; x_wconf 85' lang='lat' dir='ltr'><strong>pereat</strong></span> <span class='ocrx_word' id='word_1_544' title='bbox 2664 3535 3009 3604; x_wconf 87' lang='lat' dir='ltr'><strong>improbitas,</strong></span> <span class='ocrx_word' id='word_1_545' title='bbox 3060 3543 3114 3588; x_wconf 83' lang='lat' dir='ltr'><strong>et</strong></span> <span class='ocrx_word' id='word_1_546' title='bbox 3146 3534 3294 3589; x_wconf 82' lang='lat' dir='ltr'><strong>illius</strong></span> <span class='ocrx_word' id='word_1_547' title='bbox 3322 3533 3535 3601; x_wconf 83' lang='lat' dir='ltr'><strong>primus</strong></span> 
     </span>
    </p>
   </div>
   <div class='ocr_carea' id='block_1_81' title="bbox 1966 3625 3541 3695">
    <p class='ocr_par' dir='ltr' id='par_1_81' title="bbox 1966 3625 3541 3695">
     <span class='ocr_line' id='line_1_81' title="bbox 1966 3625 3541 3695; baseline -0.006 -10"><span class='ocrx_word' id='word_1_548' title='bbox 1966 3640 2155 3686; x_wconf 88' lang='lat' dir='ltr'><strong>auctor</strong></span> <span class='ocrx_word' id='word_1_549' title='bbox 2202 3627 2487 3683; x_wconf 85' lang='lat' dir='ltr'><strong>diabolus:</strong></span> <span class='ocrx_word' id='word_1_550' title='bbox 2523 3628 2687 3683; x_wconf 88' lang='lat' dir='ltr'><strong>scmcl</strong></span> <span class='ocrx_word' id='word_1_551' title='bbox 2742 3628 2886 3682; x_wconf 82' lang='lat' dir='ltr'><strong>enim</strong></span> <span class='ocrx_word' id='word_1_552' title='bbox 2934 3625 3153 3681; x_wconf 84' lang='lat' dir='ltr'><strong>animtts</strong></span> <span class='ocrx_word' id='word_1_553' title='bbox 3199 3625 3541 3695; x_wconf 75' lang='lat' dir='ltr'><strong>improbitate</strong></span> 
     </span>
    </p>
   </div>
   <div class='ocr_carea' id='block_1_82' title="bbox 1966 3714 3545 3789">
    <p class='ocr_par' dir='ltr' id='par_1_82' title="bbox 1966 3714 3545 3789">
     <span class='ocr_line' id='line_1_82' title="bbox 1966 3714 3545 3789; baseline -0.006 -15"><span class='ocrx_word' id='word_1_554' title='bbox 1966 3721 2328 3789; x_wconf 79' lang='lat' dir='ltr'><strong>mancipatus,</strong></span> <span class='ocrx_word' id='word_1_555' title='bbox 2382 3714 2450 3772; x_wconf 87' lang='lat' dir='ltr'><strong>ab</strong></span> <span class='ocrx_word' id='word_1_556' title='bbox 2502 3732 2563 3770; x_wconf 86' lang='lat' dir='ltr'><strong>ea</strong></span> <span class='ocrx_word' id='word_1_557' title='bbox 2617 3716 2909 3771; x_wconf 84' lang='lat' dir='ltr'><strong>dillicnlter</strong></span> <span class='ocrx_word' id='word_1_558' title='bbox 2953 3715 3235 3775; x_wconf 78' lang='lat' dir='ltr'><strong>eximitur,</strong></span> <span class='ocrx_word' id='word_1_559' title='bbox 3292 3714 3545 3782; x_wconf 84' lang='lat' dir='ltr'><strong>quinimo</strong></span> 
     </span>
    </p>
   </div>
   <div class='ocr_carea' id='block_1_83' title="bbox 1967 3805 3542 3879">
    <p class='ocr_par' dir='ltr' id='par_1_83' title="bbox 1967 3805 3542 3879">
     <span class='ocr_line' id='line_1_83' title="bbox 1967 3805 3542 3879; baseline -0.007 -15"><span class='ocrx_word' id='word_1_560' title='bbox 1967 3811 2194 3879; x_wconf 90' lang='lat' dir='ltr'><strong>impetu,</strong></span> <span class='ocrx_word' id='word_1_561' title='bbox 2227 3807 2320 3879; x_wconf 86' lang='lat' dir='ltr'><strong>qui</strong></span> <span class='ocrx_word' id='word_1_562' title='bbox 2353 3807 2591 3863; x_wconf 89' lang='lat' dir='ltr'><strong>coerceri</strong></span> <span class='ocrx_word' id='word_1_563' title='bbox 2629 3810 2839 3878; x_wconf 86' lang='lat' dir='ltr'><strong>nequit,</strong></span> <span class='ocrx_word' id='word_1_564' title='bbox 2877 3807 3085 3876; x_wconf 87' lang='lat' dir='ltr'><strong>proprii</strong></span> <span class='ocrx_word' id='word_1_565' title='bbox 3117 3805 3368 3859; x_wconf 83' lang='lat' dir='ltr'><strong>desiderii</strong></span> <span class='ocrx_word' id='word_1_566' title='bbox 3392 3819 3542 3859; x_wconf 82' lang='lat' dir='ltr'><strong>cem-</strong></span> 
     </span>
    </p>
   </div>
   <div class='ocr_carea' id='block_1_84' title="bbox 1967 3894 3537 3970">
    <p class='ocr_par' dir='ltr' id='par_1_84' title="bbox 1967 3894 3537 3970">
     <span class='ocr_line' id='line_1_84' title="bbox 1967 3894 3537 3970; baseline -0.003 -21"><span class='ocrx_word' id='word_1_567' title='bbox 1967 3902 2300 3970; x_wconf 79' lang='lat' dir='ltr'><strong>plementum</strong></span> <span class='ocrx_word' id='word_1_568' title='bbox 2333 3907 2707 3952; x_wconf 87' lang='lat' dir='ltr'><strong>consectatur.</strong></span> <span class='ocrx_word' id='word_1_569' title='bbox 2747 3896 2938 3951; x_wconf 88' lang='lat' dir='ltr'><strong>Simile</strong></span> <span class='ocrx_word' id='word_1_570' title='bbox 2984 3896 3113 3964; x_wconf 91' lang='lat' dir='ltr'><strong>quid</strong></span> <span class='ocrx_word' id='word_1_571' title='bbox 3151 3894 3417 3965; x_wconf 80' lang='lat' dir='ltr'><strong>perpessi,</strong></span> <span class='ocrx_word' id='word_1_572' title='bbox 3447 3895 3537 3961; x_wconf 87' lang='lat' dir='ltr'><strong>qui</strong></span> 
     </span>
    </p>
   </div>
   <div class='ocr_carea' id='block_1_85' title="bbox 1968 3984 3540 4054">
    <p class='ocr_par' dir='ltr' id='par_1_85' title="bbox 1968 3984 3540 4054">
     <span class='ocr_line' id='line_1_85' title="bbox 1968 3984 3540 4054; baseline -0.005 -10"><span class='ocrx_word' id='word_1_573' title='bbox 1968 3990 2336 4044; x_wconf 82' lang='lat' dir='ltr'><strong>Ecclesiarum</strong></span> <span class='ocrx_word' id='word_1_574' title='bbox 2360 3987 2616 4050; x_wconf 86' lang='lat' dir='ltr'><strong>dissidio.</strong></span> <span class='ocrx_word' id='word_1_575' title='bbox 2652 3985 3041 4051; x_wconf 82' lang='lat' dir='ltr'><strong>inexorabiles,</strong></span> <span class='ocrx_word' id='word_1_576' title='bbox 3066 3999 3121 4041; x_wconf 87' lang='lat' dir='ltr'><strong>et</strong></span> <span class='ocrx_word' id='word_1_577' title='bbox 3147 3985 3267 4041; x_wconf 90' lang='lat' dir='ltr'><strong>sine</strong></span> <span class='ocrx_word' id='word_1_578' title='bbox 3299 4001 3394 4054; x_wconf 85' lang='lat' dir='ltr'><strong>spe</strong></span> <span class='ocrx_word' id='word_1_579' title='bbox 3435 3984 3540 4037; x_wconf 79' lang='lat' dir='ltr'><strong>ulla</strong></span> 
     </span>
    </p>
   </div>
   <div class='ocr_carea' id='block_1_86' title="bbox 1967 4078 3539 4146">
    <p class='ocr_par' dir='ltr' id='par_1_86' title="bbox 1967 4078 3539 4146">
     <span class='ocr_line' id='line_1_86' title="bbox 1967 4078 3539 4146; baseline -0.006 -9"><span class='ocrx_word' id='word_1_580' title='bbox 1967 4082 2430 4138; x_wconf 86' lang='lat' dir='ltr'><strong>reconciliationis</strong></span> <span class='ocrx_word' id='word_1_581' title='bbox 2461 4080 2817 4144; x_wconf 80' lang='lat' dir='ltr'><strong>addicuntur,</strong></span> <span class='ocrx_word' id='word_1_582' title='bbox 2862 4081 2927 4133; x_wconf 88' lang='lat' dir='ltr'><strong>ad</strong></span> <span class='ocrx_word' id='word_1_583' title='bbox 2978 4088 3287 4134; x_wconf 74' lang='lat' dir='ltr'><strong>extremum</strong></span> <span class='ocrx_word' id='word_1_584' title='bbox 3334 4078 3539 4146; x_wconf 89' lang='lat' dir='ltr'><strong>impro-</strong></span> 
     </span>
    </p>
   </div>
   <div class='ocr_carea' id='block_1_87' title="bbox 1967 4168 3537 4241">
    <p class='ocr_par' dir='ltr' id='par_1_87' title="bbox 1967 4168 3537 4241">
     <span class='ocr_line' id='line_1_87' title="bbox 1967 4168 3537 4241; baseline -0.005 -14"><span class='ocrx_word' id='word_1_585' title='bbox 1967 4174 2154 4228; x_wconf 86' lang='lat' dir='ltr'><strong>bitatis</strong></span> <span class='ocrx_word' id='word_1_586' title='bbox 2199 4174 2456 4228; x_wconf 72' lang='lat' dir='ltr'><strong>verticem</strong></span> <span class='ocrx_word' id='word_1_587' title='bbox 2511 4173 2868 4241; x_wconf 85' lang='lat' dir='ltr'><strong>perveniunt:</strong></span> <span class='ocrx_word' id='word_1_588' title='bbox 2911 4180 3115 4224; x_wconf 80' lang='lat' dir='ltr'><strong>etcum</strong></span> <span class='ocrx_word' id='word_1_589' title='bbox 3165 4169 3275 4224; x_wconf 86' lang='lat' dir='ltr'><strong>illis</strong></span> <span class='ocrx_word' id='word_1_590' title='bbox 3307 4168 3537 4237; x_wconf 82' lang='lat' dir='ltr'><strong>apertis-</strong></span> 
     </span>
    </p>
   </div>
   <div class='ocr_carea' id='block_1_88' title="bbox 1966 4247 3541 4329">
    <p class='ocr_par' dir='ltr' id='par_1_88' title="bbox 1966 4247 3541 4329">
     <span class='ocr_line' id='line_1_88' title="bbox 1966 4247 3541 4329; baseline -0.005 -12"><span class='ocrx_word' id='word_1_591' title='bbox 1966 4262 2102 4317; x_wconf 85' lang='lat' dir='ltr'><strong>sime</strong></span> <span class='ocrx_word' id='word_1_592' title='bbox 2142 4268 2424 4315; x_wconf 83' lang='lat' dir='ltr'><strong>osteusum</strong></span> <span class='ocrx_word' id='word_1_593' title='bbox 2469 4247 2659 4321; x_wconf 71' lang='lat' dir='ltr'><strong>fuerit,</strong></span> <span class='ocrx_word' id='word_1_594' title='bbox 2712 4260 2893 4329; x_wconf 79' lang='lat' dir='ltr'><strong>magni</strong></span> <span class='ocrx_word' id='word_1_595' title='bbox 2941 4257 3127 4312; x_wconf 77' lang='lat' dir='ltr'><strong>Basilii</strong></span> <span class='ocrx_word' id='word_1_596' title='bbox 3176 4260 3381 4312; x_wconf 78' lang='lat' dir='ltr'><strong>dictum</strong></span> <span class='ocrx_word' id='word_1_597' title='bbox 3421 4274 3541 4310; x_wconf 76' lang='lat' dir='ltr'><strong>esse</strong></span> 
     </span>
    </p>
   </div>
   <div class='ocr_carea' id='block_1_89' title="bbox 1967 4349 3537 4420">
    <p class='ocr_par' dir='ltr' id='par_1_89' title="bbox 1967 4349 3537 4420">
     <span class='ocr_line' id='line_1_89' title="bbox 1967 4349 3537 4420; baseline -0.004 -14"><span class='ocrx_word' id='word_1_598' title='bbox 1967 4367 2236 4416; x_wconf 80' lang='lat' dir='ltr'><strong>asserens,</strong></span> <span class='ocrx_word' id='word_1_599' title='bbox 2281 4369 2300 4402; x_wconf 84' lang='grc' dir='ltr'><strong>ι</strong></span> <span class='ocrx_word' id='word_1_600' title='bbox 2326 4366 2392 4406; x_wconf 78' lang='lat' dir='ltr'><strong>ex</strong></span> <span class='ocrx_word' id='word_1_601' title='bbox 2422 4351 2559 4405; x_wconf 83' lang='lat' dir='ltr'><strong>Filio</strong></span> <span class='ocrx_word' id='word_1_602' title='bbox 2598 4365 2720 4405; x_wconf 88' lang='lat' dir='ltr'><strong>esse</strong></span> <span class='ocrx_word' id='word_1_603' title='bbox 2751 4349 3016 4420; x_wconf 85' lang='lat' dir='ltr'><strong>Spiritum</strong></span> <span class='ocrx_word' id='word_1_604' title='bbox 3050 4358 3319 4406; x_wconf 86' lang='lat' dir='ltr'><strong>sanctum.</strong></span> <span class='ocrx_word' id='word_1_605' title='bbox 3355 4367 3372 4398; x_wconf 72' lang='grc' dir='ltr'><strong>ι</strong></span> <span class='ocrx_word' id='word_1_606' title='bbox 3400 4352 3451 4399; x_wconf 76' lang='grc' dir='ltr'><strong>ιιι</strong></span> <span class='ocrx_word' id='word_1_607' title='bbox 3486 4350 3537 4399; x_wconf 86' lang='lat' dir='ltr'><strong>in</strong></span> 
     </span>
    </p>
   </div>
   <div class='ocr_carea' id='block_1_90' title="bbox 1968 4440 3539 4514">
    <p class='ocr_par' dir='ltr' id='par_1_90' title="bbox 1968 4440 3539 4514">
     <span class='ocr_line' id='line_1_90' title="bbox 1968 4440 3539 4514; baseline -0.005 -17"><span class='ocrx_word' id='word_1_608' title='bbox 1968 4443 2149 4514; x_wconf 81' lang='lat' dir='ltr'><strong>magni</strong></span> <span class='ocrx_word' id='word_1_609' title='bbox 2187 4443 2368 4496; x_wconf 89' lang='lat' dir='ltr'><strong>Basilii</strong></span> <span class='ocrx_word' id='word_1_610' title='bbox 2416 4442 2788 4496; x_wconf 80' lang='lat' dir='ltr'><strong>voluminibus</strong></span> <span class='ocrx_word' id='word_1_611' title='bbox 2828 4442 2981 4501; x_wconf 78' lang='lat' dir='ltr'><strong>illud,</strong></span> <span class='ocrx_word' id='word_1_612' title='bbox 3032 4441 3283 4507; x_wconf 70' lang='lat' dir='ltr'><strong>fortasse,</strong></span> <span class='ocrx_word' id='word_1_613' title='bbox 3322 4440 3539 4493; x_wconf 43' lang='lat' dir='ltr'><strong>additas</strong></span> 
     </span>
    </p>
   </div>
   <div class='ocr_carea' id='block_1_91' title="bbox 293 4531 1866 4614">
    <p class='ocr_par' dir='ltr' id='par_1_91' title="bbox 293 4534 1866 4614">
     <span class='ocr_line' id='line_1_91' title="bbox 293 4534 1866 4614; baseline 0.006 -26"><span class='ocrx_word' id='word_1_614' title='bbox 293 4537 582 4590; x_wconf 75' lang='grc' dir='ltr'><strong>Βασιλείου</strong></span> <span class='ocrx_word' id='word_1_615' title='bbox 614 4534 753 4592; x_wconf 84' lang='grc' dir='ltr'><strong>εἶναι</strong></span> <span class='ocrx_word' id='word_1_616' title='bbox 784 4540 842 4593; x_wconf 82' lang='grc' dir='ltr'><strong>τὸ</strong></span> <span class='ocrx_word' id='word_1_617' title='bbox 870 4541 1039 4606; x_wconf 81' lang='grc' dir='ltr'><strong>ῑσως,</strong></span> <span class='ocrx_word' id='word_1_618' title='bbox 1069 4545 1165 4595; x_wconf 80' lang='grc' dir='ltr'><strong>καὶ</strong></span> <span class='ocrx_word' id='word_1_619' title='bbox 1194 4543 1274 4607; x_wconf 71' lang='grc' dir='ltr'><strong>τὸ,</strong></span> <span class='ocrx_word' id='word_1_620' title='bbox 1321 4563 1341 4595; x_wconf 83' lang='grc' dir='ltr'><strong>ι</strong></span> <span class='ocrx_word' id='word_1_621' title='bbox 1378 4545 1445 4597; x_wconf 84' lang='grc' dir='ltr'><strong>ἵν’</strong></span> <span class='ocrx_word' id='word_1_622' title='bbox 1468 4545 1601 4607; x_wconf 84' lang='grc' dir='ltr'><strong>ὅλως</strong></span> <span class='ocrx_word' id='word_1_623' title='bbox 1624 4547 1720 4599; x_wconf 70' lang='grc' dir='ltr'><strong>καὶ</strong></span> <span class='ocrx_word' id='word_1_624' title='bbox 1743 4563 1866 4614; x_wconf 81' lang='grc' dir='ltr'><strong>συγ-</strong></span> 
     </span>
    </p>
   </div>
   <div class='ocr_carea' id='block_1_92' title="bbox 1974 4531 3541 4614">
    <p class='ocr_par' dir='ltr' id='par_1_92' title="bbox 1978 4531 3541 4602">
     <span class='ocr_line' id='line_1_92' title="bbox 1978 4531 3541 4602; baseline -0.004 -13"><span class='ocrx_word' id='word_1_625' title='bbox 1978 4543 2219 4589; x_wconf 88' lang='lat' dir='ltr'><strong>meutttm</strong></span> <span class='ocrx_word' id='word_1_626' title='bbox 2271 4547 2414 4596; x_wconf 86' lang='lat' dir='ltr'><strong>esse,</strong></span> <span class='ocrx_word' id='word_1_627' title='bbox 2454 4532 2917 4602; x_wconf 88' lang='lat' dir='ltr'><strong>quemadmodum</strong></span> <span class='ocrx_word' id='word_1_628' title='bbox 2951 4541 3004 4584; x_wconf 85' lang='lat' dir='ltr'><strong>ct</strong></span> <span class='ocrx_word' id='word_1_629' title='bbox 3035 4532 3189 4587; x_wconf 91' lang='lat' dir='ltr'><strong>illud.</strong></span> <span class='ocrx_word' id='word_1_630' title='bbox 3222 4544 3277 4583; x_wconf 89' lang='lat' dir='ltr'><strong>ut</strong></span> <span class='ocrx_word' id='word_1_631' title='bbox 3322 4531 3374 4583; x_wconf 74' lang='lat' dir='ltr'><strong>id</strong></span> <span class='ocrx_word' id='word_1_632' title='bbox 3407 4547 3541 4600; x_wconf 52' lang='lat' dir='ltr'><strong>quo-</strong></span> 
     </span>
    </p>
   </div>
   <div class='ocr_carea' id='block_1_93' title="bbox 292 4625 1866 4706">
    <p class='ocr_par' dir='ltr' id='par_1_93' title="bbox 292 4625 1866 4706">
     <span class='ocr_line' id='line_1_93' title="bbox 292 4625 1866 4706; baseline 0.006 -30"><span class='ocrx_word' id='word_1_633' title='bbox 292 4625 662 4695; x_wconf 84' lang='grc' dir='ltr'><strong>χωρήσωμεν,</strong></span> <span class='ocrx_word' id='word_1_634' title='bbox 694 4645 713 4677; x_wconf 78' lang='grc' dir='ltr'><strong>ι</strong></span> <span class='ocrx_word' id='word_1_635' title='bbox 742 4628 843 4681; x_wconf 83' lang='grc' dir='ltr'><strong>οὐκ</strong></span> <span class='ocrx_word' id='word_1_636' title='bbox 891 4629 1141 4685; x_wconf 84' lang='grc' dir='ltr'><strong>ὀκνοῦσιν</strong></span> <span class='ocrx_word' id='word_1_637' title='bbox 1167 4635 1247 4696; x_wconf 85' lang='grc' dir='ltr'><strong>είς</strong></span> <span class='ocrx_word' id='word_1_638' title='bbox 1292 4633 1487 4688; x_wconf 72' lang='grc' dir='ltr'><strong>ἔπειτα</strong></span> <span class='ocrx_word' id='word_1_639' title='bbox 1533 4636 1634 4704; x_wconf 80' lang='grc' dir='ltr'><strong>τὴν</strong></span> <span class='ocrx_word' id='word_1_640' title='bbox 1683 4637 1866 4706; x_wconf 71' lang='grc' dir='ltr'><strong>αἰσχί.</strong></span> 
     </span>
    </p>
   </div>
   <div class='ocr_carea' id='block_1_94' title="bbox 293 4716 1868 4796">
    <p class='ocr_par' dir='ltr' id='par_1_94' title="bbox 293 4716 1868 4796">
     <span class='ocr_line' id='line_1_94' title="bbox 293 4716 1868 4796; baseline 0.006 -27"><span class='ocrx_word' id='word_1_641' title='bbox 293 4733 432 4785; x_wconf 78' lang='grc' dir='ltr'><strong>στην</strong></span> <span class='ocrx_word' id='word_1_642' title='bbox 466 4716 573 4768; x_wconf 87' lang='grc' dir='ltr'><strong>τῶν</strong></span> <span class='ocrx_word' id='word_1_643' title='bbox 619 4716 889 4773; x_wconf 86' lang='grc' dir='ltr'><strong>διαϐολῶν</strong></span> <span class='ocrx_word' id='word_1_644' title='bbox 925 4722 1232 4777; x_wconf 82' lang='grc' dir='ltr'><strong>διαϐάλλειν</strong></span> <span class='ocrx_word' id='word_1_645' title='bbox 1277 4725 1465 4781; x_wconf 81' lang='grc' dir='ltr'><strong>αὐτόν.</strong></span> <span class='ocrx_word' id='word_1_646' title='bbox 1523 4726 1714 4796; x_wconf 73' lang='grc' dir='ltr'><strong>Ἠμὼν</strong></span> <span class='ocrx_word' id='word_1_647' title='bbox 1762 4729 1868 4796; x_wconf 73' lang='grc' dir='ltr'><strong>γὰρ</strong></span> 
     </span>
    </p>
   </div>
   <div class='ocr_carea' id='block_1_95' title="bbox 290 4808 1865 4890">
    <p class='ocr_par' dir='ltr' id='par_1_95' title="bbox 290 4808 1865 4890">
     <span class='ocr_line' id='line_1_95' title="bbox 290 4808 1865 4890; baseline 0.007 -29"><span class='ocrx_word' id='word_1_648' title='bbox 290 4808 381 4862; x_wconf 75' lang='grc' dir='ltr'><strong>διὰ</strong></span> <span class='ocrx_word' id='word_1_649' title='bbox 405 4809 500 4862; x_wconf 82' lang='grc' dir='ltr'><strong>τὸν</strong></span> <span class='ocrx_word' id='word_1_650' title='bbox 551 4810 693 4881; x_wconf 77' lang='grc' dir='ltr'><strong>ὑπὲρ</strong></span> <span class='ocrx_word' id='word_1_651' title='bbox 745 4815 846 4880; x_wconf 82' lang='grc' dir='ltr'><strong>τῆς</strong></span> <span class='ocrx_word' id='word_1_652' title='bbox 903 4814 1376 4887; x_wconf 80' lang='grc' dir='ltr'><strong>ὲκκλησιαστικῆς</strong></span> <span class='ocrx_word' id='word_1_653' title='bbox 1434 4820 1658 4888; x_wconf 79' lang='grc' dir='ltr'><strong>εἰρήνης</strong></span> <span class='ocrx_word' id='word_1_654' title='bbox 1703 4818 1865 4890; x_wconf 74' lang='grc' dir='ltr'><strong>ζῆλον</strong></span> 
     </span>
    </p>
   </div>
   <div class='ocr_carea' id='block_1_96' title="bbox 292 4897 1869 4976">
    <p class='ocr_par' dir='ltr' id='par_1_96' title="bbox 292 4897 1869 4976">
     <span class='ocr_line' id='line_1_96' title="bbox 292 4897 1869 4976; baseline 0.007 -25"><span class='ocrx_word' id='word_1_655' title='bbox 292 4897 504 4962; x_wconf 71' lang='grc' dir='ltr'><strong>πολλὰς</strong></span> <span class='ocrx_word' id='word_1_656' title='bbox 548 4900 1008 4972; x_wconf 79' lang='grc' dir='ltr'><strong>προϐαλλομένων</strong></span> <span class='ocrx_word' id='word_1_657' title='bbox 1040 4910 1347 4976; x_wconf 78' lang='grc' dir='ltr'><strong>περικοπὰς</strong></span> <span class='ocrx_word' id='word_1_658' title='bbox 1367 4909 1477 4962; x_wconf 89' lang='grc' dir='ltr'><strong>τῶν</strong></span> <span class='ocrx_word' id='word_1_659' title='bbox 1508 4911 1721 4963; x_wconf 75' lang='grc' dir='ltr'><strong>ἐκείνου</strong></span> <span class='ocrx_word' id='word_1_660' title='bbox 1752 4911 1869 4962; x_wconf 74' lang='lat' dir='ltr'><strong>Oeo-</strong></span> 
     </span>
    </p>
   </div>
   <div class='ocr_carea' id='block_1_97' title="bbox 291 4986 1869 5069">
    <p class='ocr_par' dir='ltr' id='par_1_97' title="bbox 291 4986 1869 5069">
     <span class='ocr_line' id='line_1_97' title="bbox 291 4986 1869 5069; baseline 0.008 -28"><span class='ocrx_word' id='word_1_661' title='bbox 291 4988 609 5055; x_wconf 80' lang='grc' dir='ltr'><strong>λογιῶν,·ὲξ</strong></span> <span class='ocrx_word' id='word_1_662' title='bbox 631 4986 708 5044; x_wconf 79' lang='grc' dir='ltr'><strong>ὧν</strong></span> <span class='ocrx_word' id='word_1_663' title='bbox 736 4992 1023 5064; x_wconf 81' lang='grc' dir='ltr'><strong>προδήλως</strong></span> <span class='ocrx_word' id='word_1_664' title='bbox 1060 4998 1419 5066; x_wconf 62' lang='grc' dir='ltr'><strong>ἀναφαίνεται</strong></span> <span class='ocrx_word' id='word_1_665' title='bbox 1472 5001 1642 5069; x_wconf 82' lang='grc' dir='ltr'><strong>μηδὲν</strong></span> <span class='ocrx_word' id='word_1_666' title='bbox 1693 5000 1869 5069; x_wconf 71' lang='grc' dir='ltr'><strong>εμπο-</strong></span> 
     </span>
    </p>
   </div>
   <div class='ocr_carea' id='block_1_98' title="bbox 293 5080 1865 5158">
    <p class='ocr_par' dir='ltr' id='par_1_98' title="bbox 293 5080 1865 5158">
     <span class='ocr_line' id='line_1_98' title="bbox 293 5080 1865 5158; baseline 0.004 -24"><span class='ocrx_word' id='word_1_667' title='bbox 293 5080 404 5135; x_wconf 85' lang='grc' dir='ltr'><strong>δὼν</strong></span> <span class='ocrx_word' id='word_1_668' title='bbox 429 5085 497 5152; x_wconf 82' lang='grc' dir='ltr'><strong>τῇ</strong></span> <span class='ocrx_word' id='word_1_669' title='bbox 526 5082 781 5153; x_wconf 77' lang='grc' dir='ltr'><strong>εὐσεϐείᾳ</strong></span> <span class='ocrx_word' id='word_1_670' title='bbox 810 5084 909 5154; x_wconf 83' lang='grc' dir='ltr'><strong>τὴν</strong></span> <span class='ocrx_word' id='word_1_671' title='bbox 964 5082 1280 5156; x_wconf 81' lang='grc' dir='ltr'><strong>Ῥωμαϊκὴν</strong></span> <span class='ocrx_word' id='word_1_672' title='bbox 1337 5088 1663 5158; x_wconf 81' lang='grc' dir='ltr'><strong>Ἐκκλησίαν</strong></span> <span class='ocrx_word' id='word_1_673' title='bbox 1705 5089 1865 5143; x_wconf 81' lang='grc' dir='ltr'><strong>καθί-</strong></span> 
     </span>
    </p>
   </div>
   <div class='ocr_carea' id='block_1_99' title="bbox 295 5172 1866 5251">
    <p class='ocr_par' dir='ltr' id='par_1_99' title="bbox 295 5172 1866 5251">
     <span class='ocr_line' id='line_1_99' title="bbox 295 5172 1866 5251; baseline 0.005 -25"><span class='ocrx_word' id='word_1_674' title='bbox 295 5172 531 5227; x_wconf 87' lang='grc' dir='ltr'><strong>στασθαι</strong></span> <span class='ocrx_word' id='word_1_675' title='bbox 561 5175 627 5227; x_wconf 79' lang='grc' dir='ltr'><strong>ἐκ</strong></span> <span class='ocrx_word' id='word_1_676' title='bbox 663 5172 760 5228; x_wconf 88' lang='grc' dir='ltr'><strong>τοῦ</strong></span> <span class='ocrx_word' id='word_1_677' title='bbox 806 5176 989 5245; x_wconf 84' lang='grc' dir='ltr'><strong>λέγειν</strong></span> <span class='ocrx_word' id='word_1_678' title='bbox 1029 5179 1093 5231; x_wconf 83' lang='grc' dir='ltr'><strong>ὲκ</strong></span> <span class='ocrx_word' id='word_1_679' title='bbox 1137 5180 1349 5251; x_wconf 75' lang='grc' dir='ltr'><strong>Πατρδς</strong></span> <span class='ocrx_word' id='word_1_680' title='bbox 1398 5183 1493 5235; x_wconf 76' lang='grc' dir='ltr'><strong>καὶ</strong></span> <span class='ocrx_word' id='word_1_681' title='bbox 1538 5180 1669 5234; x_wconf 84' lang='grc' dir='ltr'><strong>Υἱοῦ</strong></span> <span class='ocrx_word' id='word_1_682' title='bbox 1724 5177 1866 5234; x_wconf 78' lang='grc' dir='ltr'><strong>εἶναι</strong></span> 
     </span>
    </p>
   </div>
   <div class='ocr_carea' id='block_1_100' title="bbox 290 5261 1862 5339">
    <p class='ocr_par' dir='ltr' id='par_1_100' title="bbox 290 5261 1862 5339">
     <span class='ocr_line' id='line_1_100' title="bbox 290 5261 1862 5339; baseline 0.002 -19"><span class='ocrx_word' id='word_1_683' title='bbox 290 5266 355 5320; x_wconf 79' lang='grc' dir='ltr'><strong>τὸ</strong></span> <span class='ocrx_word' id='word_1_684' title='bbox 391 5265 618 5335; x_wconf 81' lang='grc' dir='ltr'><strong>Πνεῦμα</strong></span> <span class='ocrx_word' id='word_1_685' title='bbox 642 5266 703 5319; x_wconf 78' lang='grc' dir='ltr'><strong>τὸ</strong></span> <span class='ocrx_word' id='word_1_686' title='bbox 733 5266 911 5333; x_wconf 85' lang='grc' dir='ltr'><strong>ἇγιον,</strong></span> <span class='ocrx_word' id='word_1_687' title='bbox 959 5261 1108 5323; x_wconf 78' lang='grc' dir='ltr'><strong>οῦτοι</strong></span> <span class='ocrx_word' id='word_1_688' title='bbox 1150 5273 1287 5339; x_wconf 84' lang='grc' dir='ltr'><strong>μετά</strong></span> <span class='ocrx_word' id='word_1_689' title='bbox 1322 5274 1525 5336; x_wconf 84' lang='grc' dir='ltr'><strong>πολλὰς</strong></span> <span class='ocrx_word' id='word_1_690' title='bbox 1559 5272 1728 5334; x_wconf 76' lang='grc' dir='ltr'><strong>ἄλλας</strong></span> <span class='ocrx_word' id='word_1_691' title='bbox 1770 5274 1862 5325; x_wconf 87' lang='grc' dir='ltr'><strong>ἀν-</strong></span> 
     </span>
    </p>
   </div>
   <div class='ocr_carea' id='block_1_101' title="bbox 293 5350 1868 5429">
    <p class='ocr_par' dir='ltr' id='par_1_101' title="bbox 293 5350 1868 5429">
     <span class='ocr_line' id='line_1_101' title="bbox 293 5350 1868 5429; baseline 0.004 -19"><span class='ocrx_word' id='word_1_692' title='bbox 293 5356 608 5429; x_wconf 78' lang='grc' dir='ltr'><strong>τιρρήσεις,</strong></span> <span class='ocrx_word' id='word_1_693' title='bbox 646 5357 708 5423; x_wconf 71' lang='grc' dir='ltr'>ἐξ</span> <span class='ocrx_word' id='word_1_694' title='bbox 733 5350 809 5411; x_wconf 84' lang='grc' dir='ltr'><strong>ὧν</strong></span> <span class='ocrx_word' id='word_1_695' title='bbox 839 5358 992 5412; x_wconf 72' lang='grc' dir='ltr'><strong>οὐδὲν</strong></span> <span class='ocrx_word' id='word_1_696' title='bbox 1037 5360 1221 5425; x_wconf 77' lang='grc' dir='ltr'><strong>αὐτοῖς</strong></span> <span class='ocrx_word' id='word_1_697' title='bbox 1278 5362 1495 5427; x_wconf 75' lang='grc' dir='ltr'><strong>ὄφελος,</strong></span> <span class='ocrx_word' id='word_1_698' title='bbox 1548 5363 1624 5427; x_wconf 83' lang='grc' dir='ltr'><strong>ὡς</strong></span> <span class='ocrx_word' id='word_1_699' title='bbox 1667 5363 1868 5417; x_wconf 75' lang='grc' dir='ltr'><strong>δυσαν-</strong></span> 
     </span>
    </p>
   </div>
   <div class='ocr_carea' id='block_1_102' title="bbox 292 5449 1868 5526">
    <p class='ocr_par' dir='ltr' id='par_1_102' title="bbox 292 5449 1868 5526">
     <span class='ocr_line' id='line_1_102' title="bbox 292 5449 1868 5526; baseline 0.001 -23"><span class='ocrx_word' id='word_1_700' title='bbox 292 5449 458 5518; x_wconf 81' lang='grc' dir='ltr'><strong>τητόν</strong></span> <span class='ocrx_word' id='word_1_701' title='bbox 487 5467 631 5516; x_wconf 84' lang='grc' dir='ltr'><strong>τινα,</strong></span> <span class='ocrx_word' id='word_1_702' title='bbox 667 5450 764 5504; x_wconf 78' lang='grc' dir='ltr'><strong>καὶ</strong></span> <span class='ocrx_word' id='word_1_703' title='bbox 804 5451 1266 5507; x_wconf 87' lang='grc' dir='ltr'><strong>δυσαντίϐλεπτον</strong></span> <span class='ocrx_word' id='word_1_704' title='bbox 1317 5455 1640 5526; x_wconf 70' lang='grc' dir='ltr'><strong>ἀντίρρησιν</strong></span> <span class='ocrx_word' id='word_1_705' title='bbox 1683 5455 1868 5507; x_wconf 81' lang='grc' dir='ltr'><strong>τελευ-</strong></span> 
     </span>
    </p>
   </div>
   <div class='ocr_carea' id='block_1_103' title="bbox 292 5544 1865 5617">
    <p class='ocr_par' dir='ltr' id='par_1_103' title="bbox 292 5544 1865 5617">
     <span class='ocr_line' id='line_1_103' title="bbox 292 5544 1865 5617; baseline 0.003 -21"><span class='ocrx_word' id='word_1_706' title='bbox 292 5545 448 5596; x_wconf 87' lang='grc' dir='ltr'><strong>ταίον</strong></span> <span class='ocrx_word' id='word_1_707' title='bbox 474 5544 797 5613; x_wconf 76' lang='grc' dir='ltr'><strong>ἐπιφέρουσι</strong></span> <span class='ocrx_word' id='word_1_708' title='bbox 825 5546 885 5597; x_wconf 83' lang='grc' dir='ltr'><strong>τδ</strong></span> <span class='ocrx_word' id='word_1_709' title='bbox 915 5545 992 5615; x_wconf 81' lang='grc' dir='ltr'><strong>μή</strong></span> <span class='ocrx_word' id='word_1_710' title='bbox 1014 5546 1195 5609; x_wconf 76' lang='grc' dir='ltr'><strong>πάσας</strong></span> <span class='ocrx_word' id='word_1_711' title='bbox 1214 5546 1313 5611; x_wconf 75' lang='grc' dir='ltr'><strong>τὰς</strong></span> <span class='ocrx_word' id='word_1_712' title='bbox 1338 5548 1548 5601; x_wconf 70' lang='grc' dir='ltr'><strong>ἐκείνου</strong></span> <span class='ocrx_word' id='word_1_713' title='bbox 1578 5549 1865 5617; x_wconf 78' lang='grc' dir='ltr'><strong>θεολογίας</strong></span> 
     </span>
    </p>
   </div>
   <div class='ocr_carea' id='block_1_104' title="bbox 291 5624 1867 5712">
    <p class='ocr_par' dir='ltr' id='par_1_104' title="bbox 291 5624 1867 5712">
     <span class='ocr_line' id='line_1_104' title="bbox 291 5624 1867 5712; baseline 0.004 -24"><span class='ocrx_word' id='word_1_714' title='bbox 291 5637 357 5688; x_wconf 80' lang='grc' dir='ltr'><strong>τὸ</strong></span> <span class='ocrx_word' id='word_1_715' title='bbox 392 5636 611 5705; x_wconf 81' lang='grc' dir='ltr'><strong>βέϐαιον</strong></span> <span class='ocrx_word' id='word_1_716' title='bbox 642 5638 811 5707; x_wconf 77' lang='grc' dir='ltr'><strong>ἔχειν.</strong></span> <span class='ocrx_word' id='word_1_717' title='bbox 855 5638 933 5701; x_wconf 83' lang='grc' dir='ltr'><strong>ὡς</strong></span> <span class='ocrx_word' id='word_1_718' title='bbox 959 5639 1123 5693; x_wconf 83' lang='grc' dir='ltr'><strong>αὑτοῦ</strong></span> <span class='ocrx_word' id='word_1_719' title='bbox 1143 5624 1373 5693; x_wconf 57' lang='grc' dir='ltr'><strong>’ἐκείνου</strong></span> <span class='ocrx_word' id='word_1_720' title='bbox 1402 5642 1459 5693; x_wconf 79' lang='grc' dir='ltr'><strong>ὲν</strong></span> <span class='ocrx_word' id='word_1_721' title='bbox 1500 5640 1579 5712; x_wconf 85' lang='grc' dir='ltr'><strong>τῷ</strong></span> <span class='ocrx_word' id='word_1_722' title='bbox 1609 5644 1737 5711; x_wconf 73' lang='grc' dir='ltr'><strong>περὶ</strong></span> <span class='ocrx_word' id='word_1_723' title='bbox 1768 5643 1867 5694; x_wconf 77' lang='grc' dir='ltr'><strong>Πί-</strong></span> 
     </span>
    </p>
   </div>
   <div class='ocr_carea' id='block_1_105' title="bbox 297 5730 1862 5801">
    <p class='ocr_par' dir='ltr' id='par_1_105' title="bbox 297 5730 1862 5801">
     <span class='ocr_line' id='line_1_105' title="bbox 297 5730 1862 5801; baseline 0.003 -21"><span class='ocrx_word' id='word_1_724' title='bbox 297 5746 472 5793; x_wconf 80' lang='grc' dir='ltr'><strong>στεως</strong></span> <span class='ocrx_word' id='word_1_725' title='bbox 497 5730 642 5801; x_wconf 84' lang='grc' dir='ltr'><strong>λόγῳ</strong></span> <span class='ocrx_word' id='word_1_726' title='bbox 670 5730 729 5783; x_wconf 79' lang='grc' dir='ltr'><strong>ὃν</strong></span> <span class='ocrx_word' id='word_1_727' title='bbox 755 5732 868 5793; x_wconf 78' lang='grc' dir='ltr'><strong>τοῖς</strong></span> <span class='ocrx_word' id='word_1_728' title='bbox 928 5733 1272 5797; x_wconf 66' lang='grc' dir='ltr'><strong>Ἀσκτζτικοῖς</strong></span> <span class='ocrx_word' id='word_1_729' title='bbox 1318 5735 1527 5799; x_wconf 76' lang='grc' dir='ltr'><strong>ἐκεῖνος</strong></span> <span class='ocrx_word' id='word_1_730' title='bbox 1572 5735 1862 5797; x_wconf 58' lang='grc' dir='ltr'><strong>ἐκδέδωκε,</strong></span> 
     </span>
    </p>
   </div>
   <div class='ocr_carea' id='block_1_106' title="bbox 291 5820 1860 5894">
    <p class='ocr_par' dir='ltr' id='par_1_106' title="bbox 291 5820 1860 5894">
     <span class='ocr_line' id='line_1_106' title="bbox 291 5820 1860 5894; baseline 0.001 -21"><span class='ocrx_word' id='word_1_731' title='bbox 291 5820 735 5890; x_wconf 76' lang='grc' dir='ltr'><strong>διομολ.ογοῦντο;</strong></span> <span class='ocrx_word' id='word_1_732' title='bbox 775 5839 795 5878; x_wconf 81' lang='lat' dir='ltr'><strong>t</strong></span> <span class='ocrx_word' id='word_1_733' title='bbox 831 5823 1013 5877; x_wconf 72' lang='grc' dir='ltr'><strong>ἄλλοτε</strong></span> <span class='ocrx_word' id='word_1_734' title='bbox 1039 5824 1227 5887; x_wconf 66' lang='grc' dir='ltr'><strong>ἄελλαις</strong></span> <span class='ocrx_word' id='word_1_735' title='bbox 1288 5826 1600 5894; x_wconf 70' lang='grc' dir='ltr'><strong>χρήσασθαι</strong></span> <span class='ocrx_word' id='word_1_736' title='bbox 1630 5824 1860 5889; x_wconf 72' lang='grc' dir='ltr'><strong>λέξεσιν,</strong></span> 
     </span>
    </p>
   </div>
   <div class='ocr_carea' id='block_1_107' title="bbox 1968 4623 3539 4703">
    <p class='ocr_par' dir='ltr' id='par_1_107' title="bbox 1968 4623 3539 4703">
     <span class='ocr_line' id='line_1_107' title="bbox 1968 4623 3539 4703; baseline -0.002 -24"><span class='ocrx_word' id='word_1_737' title='bbox 1968 4644 2066 4699; x_wconf 81' lang='lat' dir='ltr'><strong>que</strong></span> <span class='ocrx_word' id='word_1_738' title='bbox 2092 4627 2460 4690; x_wconf 81' lang='lat' dir='ltr'><strong>concedamus,</strong></span> <span class='ocrx_word' id='word_1_739' title='bbox 2500 4641 2607 4679; x_wconf 90' lang='lat' dir='ltr'><strong>non</strong></span> <span class='ocrx_word' id='word_1_740' title='bbox 2649 4633 2904 4679; x_wconf 84' lang='lat' dir='ltr'><strong>verentur</strong></span> <span class='ocrx_word' id='word_1_741' title='bbox 2954 4623 3301 4703; x_wconf 68' lang='lat' dir='ltr'><strong>pqstmodutn</strong></span> <span class='ocrx_word' id='word_1_742' title='bbox 3341 4638 3539 4676; x_wconf 83' lang='lat' dir='ltr'><strong>nonn-n</strong></span> 
     </span>
    </p>
   </div>
   <div class='ocr_carea' id='block_1_108' title="bbox 1970 4712 3540 4790">
    <p class='ocr_par' dir='ltr' id='par_1_108' title="bbox 1970 4712 3540 4790">
     <span class='ocr_line' id='line_1_108' title="bbox 1970 4712 3540 4790; baseline -0.004 -15"><span class='ocrx_word' id='word_1_743' title='bbox 1970 4720 2117 4775; x_wconf 88' lang='lat' dir='ltr'><strong>illius</strong></span> <span class='ocrx_word' id='word_1_744' title='bbox 2134 4721 2388 4790; x_wconf 87' lang='lat' dir='ltr'><strong>pessimis</strong></span> <span class='ocrx_word' id='word_1_745' title='bbox 2414 4718 2888 4773; x_wconf 86' lang='lat' dir='ltr'><strong>criminationibus</strong></span> <span class='ocrx_word' id='word_1_746' title='bbox 2940 4718 3235 4770; x_wconf 88' lang='lat' dir='ltr'><strong>maculare.</strong></span> <span class='ocrx_word' id='word_1_747' title='bbox 3265 4712 3431 4770; x_wconf 60' lang='lat' dir='ltr'><strong>Nubfs</strong></span> <span class='ocrx_word' id='word_1_748' title='bbox 3456 4726 3540 4769; x_wconf 78' lang='lat' dir='ltr'><strong>et-</strong></span> 
     </span>
    </p>
   </div>
   <div class='ocr_carea' id='block_1_109' title="bbox 1968 4808 3543 4877">
    <p class='ocr_par' dir='ltr' id='par_1_109' title="bbox 1968 4808 3543 4877">
     <span class='ocr_line' id='line_1_109' title="bbox 1968 4808 3543 4877; baseline -0.006 -11"><span class='ocrx_word' id='word_1_749' title='bbox 1968 4812 2114 4867; x_wconf 90' lang='lat' dir='ltr'><strong>enim</strong></span> <span class='ocrx_word' id='word_1_750' title='bbox 2148 4813 2218 4865; x_wconf 90' lang='lat' dir='ltr'><strong>ob</strong></span> <span class='ocrx_word' id='word_1_751' title='bbox 2242 4812 2625 4865; x_wconf 68' lang='lat' dir='ltr'><strong>ecclesiastica:</strong></span> <span class='ocrx_word' id='word_1_752' title='bbox 2659 4809 2805 4877; x_wconf 83' lang='lat' dir='ltr'><strong>pacis</strong></span> <span class='ocrx_word' id='word_1_753' title='bbox 2840 4808 3104 4867; x_wconf 87' lang='lat' dir='ltr'><strong>studium.</strong></span> <span class='ocrx_word' id='word_1_754' title='bbox 3133 4825 3195 4861; x_wconf 67' lang='grc' dir='ltr'><strong>(ιλ</strong></span> <span class='ocrx_word' id='word_1_755' title='bbox 3220 4808 3365 4861; x_wconf 81' lang='lat' dir='ltr'><strong>illius</strong></span> <span class='ocrx_word' id='word_1_756' title='bbox 3390 4808 3543 4860; x_wconf 73' lang='lat' dir='ltr'><strong>tbeu-</strong></span> 
     </span>
    </p>
   </div>
   <div class='ocr_carea' id='block_1_110' title="bbox 1967 4894 3543 4973">
    <p class='ocr_par' dir='ltr' id='par_1_110' title="bbox 1967 4894 3543 4973">
     <span class='ocr_line' id='line_1_110' title="bbox 1967 4894 3543 4973; baseline -0.008 -15"><span class='ocrx_word' id='word_1_757' title='bbox 1967 4903 2161 4973; x_wconf 78' lang='lat' dir='ltr'><strong>logicis</strong></span> <span class='ocrx_word' id='word_1_758' title='bbox 2191 4904 2351 4957; x_wconf 85' lang='lat' dir='ltr'><strong>dictis</strong></span> <span class='ocrx_word' id='word_1_759' title='bbox 2403 4903 2663 4971; x_wconf 88' lang='lat' dir='ltr'><strong>pleraque</strong></span> <span class='ocrx_word' id='word_1_760' title='bbox 2714 4911 2995 4970; x_wconf 85' lang='lat' dir='ltr'><strong>segmenta</strong></span> <span class='ocrx_word' id='word_1_761' title='bbox 3034 4894 3099 4953; x_wconf 73' lang='lat' dir='ltr'><strong>’tn</strong></span> <span class='ocrx_word' id='word_1_762' title='bbox 3133 4899 3370 4954; x_wconf 86' lang='lat' dir='ltr'><strong>medium</strong></span> <span class='ocrx_word' id='word_1_763' title='bbox 3416 4897 3543 4952; x_wconf 63' lang='lat' dir='ltr'><strong>alii»-</strong></span> 
     </span>
    </p>
   </div>
   <div class='ocr_carea' id='block_1_111' title="bbox 1970 4989 3540 5064">
    <p class='ocr_par' dir='ltr' id='par_1_111' title="bbox 1970 4989 3540 5064">
     <span class='ocr_line' id='line_1_111' title="bbox 1970 4989 3540 5064; baseline -0.002 -18"><span class='ocrx_word' id='word_1_764' title='bbox 1970 4994 2234 5058; x_wconf 82' lang='lat' dir='ltr'><strong>rentibus,</strong></span> <span class='ocrx_word' id='word_1_765' title='bbox 2293 4994 2493 5064; x_wconf 89' lang='lat' dir='ltr'><strong>quibus</strong></span> <span class='ocrx_word' id='word_1_766' title='bbox 2544 4989 2836 5046; x_wconf 83' lang='lat' dir='ltr'><strong>manifesto</strong></span> <span class='ocrx_word' id='word_1_767' title='bbox 2894 4990 3190 5054; x_wconf 89' lang='lat' dir='ltr'><strong>indicatur,</strong></span> <span class='ocrx_word' id='word_1_768' title='bbox 3237 4989 3540 5044; x_wconf 77' lang='lat' dir='ltr'><strong>Romanam</strong></span> 
     </span>
    </p>
   </div>
   <div class='ocr_carea' id='block_1_112' title="bbox 1972 5080 3546 5153">
    <p class='ocr_par' dir='ltr' id='par_1_112' title="bbox 1972 5080 3546 5153">
     <span class='ocr_line' id='line_1_112' title="bbox 1972 5080 3546 5153; baseline -0.003 -14"><span class='ocrx_word' id='word_1_769' title='bbox 1972 5085 2268 5139; x_wconf 82' lang='lat' dir='ltr'><strong>Ecclesiam</strong></span> <span class='ocrx_word' id='word_1_770' title='bbox 2303 5084 2555 5153; x_wconf 89' lang='lat' dir='ltr'><strong>pietatem</strong></span> <span class='ocrx_word' id='word_1_771' title='bbox 2622 5098 2798 5151; x_wconf 85' lang='lat' dir='ltr'><strong>neque</strong></span> <span class='ocrx_word' id='word_1_772' title='bbox 2824 5083 3129 5137; x_wconf 69' lang='lat' dir='ltr'><strong>convellere</strong></span> <span class='ocrx_word' id='word_1_773' title='bbox 3151 5122 3165 5145; x_wconf 93' lang='lat'><strong>,</strong></span> <span class='ocrx_word' id='word_1_774' title='bbox 3202 5096 3377 5151; x_wconf 89' lang='lat' dir='ltr'><strong>neque</strong></span> <span class='ocrx_word' id='word_1_775' title='bbox 3404 5080 3546 5134; x_wconf 85' lang='lat' dir='ltr'><strong>Iabe-</strong></span> 
     </span>
    </p>
   </div>
   <div class='ocr_carea' id='block_1_113' title="bbox 1969 5170 3539 5243">
    <p class='ocr_par' dir='ltr' id='par_1_113' title="bbox 1969 5170 3539 5243">
     <span class='ocr_line' id='line_1_113' title="bbox 1969 5170 3539 5243; baseline -0.003 -13"><span class='ocrx_word' id='word_1_776' title='bbox 1969 5175 2195 5238; x_wconf 86' lang='lat' dir='ltr'><strong>l&#39;actare,</strong></span> <span class='ocrx_word' id='word_1_777' title='bbox 2228 5190 2352 5229; x_wconf 90' lang='lat' dir='ltr'><strong>cum</strong></span> <span class='ocrx_word' id='word_1_778' title='bbox 2385 5176 2606 5234; x_wconf 86' lang='lat' dir='ltr'><strong>asserit,</strong></span> <span class='ocrx_word' id='word_1_779' title='bbox 2634 5190 2698 5227; x_wconf 83' lang='lat' dir='ltr'><strong>ex</strong></span> <span class='ocrx_word' id='word_1_780' title='bbox 2733 5173 2897 5228; x_wconf 86' lang='lat' dir='ltr'><strong>Patre</strong></span> <span class='ocrx_word' id='word_1_781' title='bbox 2947 5184 3001 5229; x_wconf 90' lang='lat' dir='ltr'><strong>et</strong></span> <span class='ocrx_word' id='word_1_782' title='bbox 3046 5174 3183 5227; x_wconf 86' lang='lat' dir='ltr'><strong>Filio</strong></span> <span class='ocrx_word' id='word_1_783' title='bbox 3212 5188 3339 5231; x_wconf 80' lang='lat' dir='ltr'><strong>esse</strong></span> <span class='ocrx_word' id='word_1_784' title='bbox 3361 5170 3539 5243; x_wconf 88' lang='lat' dir='ltr'><strong>Spiri-</strong></span> 
     </span>
    </p>
   </div>
   <div class='ocr_carea' id='block_1_114' title="bbox 1970 5265 3543 5336">
    <p class='ocr_par' dir='ltr' id='par_1_114' title="bbox 1970 5265 3543 5336">
     <span class='ocr_line' id='line_1_114' title="bbox 1970 5265 3543 5336; baseline -0.004 -15"><span class='ocrx_word' id='word_1_785' title='bbox 1970 5280 2085 5323; x_wconf 91' lang='lat' dir='ltr'><strong>tum</strong></span> <span class='ocrx_word' id='word_1_786' title='bbox 2118 5276 2395 5331; x_wconf 85' lang='lat' dir='ltr'><strong>sanctnm,</strong></span> <span class='ocrx_word' id='word_1_787' title='bbox 2424 5266 2512 5322; x_wconf 91' lang='lat' dir='ltr'><strong>isti</strong></span> <span class='ocrx_word' id='word_1_788' title='bbox 2543 5275 2665 5336; x_wconf 85' lang='lat' dir='ltr'><strong>pust</strong></span> <span class='ocrx_word' id='word_1_789' title='bbox 2701 5268 2899 5322; x_wconf 88' lang='lat' dir='ltr'><strong>multas</strong></span> <span class='ocrx_word' id='word_1_790' title='bbox 2923 5266 3283 5335; x_wconf 73' lang='lat' dir='ltr'><strong>obiectiones.</strong></span> <span class='ocrx_word' id='word_1_791' title='bbox 3318 5273 3383 5318; x_wconf 80' lang='lat' dir='ltr'><strong>ad</strong></span> <span class='ocrx_word' id='word_1_792' title='bbox 3416 5265 3543 5316; x_wconf 80' lang='lat' dir='ltr'><strong>nul-</strong></span> 
     </span>
    </p>
   </div>
   <div class='ocr_carea' id='block_1_115' title="bbox 1970 5357 3539 5429">
    <p class='ocr_par' dir='ltr' id='par_1_115' title="bbox 1970 5357 3539 5429">
     <span class='ocr_line' id='line_1_115' title="bbox 1970 5357 3539 5429; baseline -0.003 -18"><span class='ocrx_word' id='word_1_793' title='bbox 1970 5360 2075 5411; x_wconf 88' lang='lat' dir='ltr'><strong>lam</strong></span> <span class='ocrx_word' id='word_1_794' title='bbox 2112 5368 2316 5429; x_wconf 81' lang='lat' dir='ltr'><strong>partem</strong></span> <span class='ocrx_word' id='word_1_795' title='bbox 2353 5358 2544 5418; x_wconf 86' lang='lat' dir='ltr'><strong>utiles.</strong></span> <span class='ocrx_word' id='word_1_796' title='bbox 2582 5358 2749 5412; x_wconf 82' lang='lat' dir='ltr'><strong>veluti</strong></span> <span class='ocrx_word' id='word_1_797' title='bbox 2783 5357 3182 5427; x_wconf 81' lang='lat' dir='ltr'><strong>inauspicatam</strong></span> <span class='ocrx_word' id='word_1_798' title='bbox 3220 5365 3272 5409; x_wconf 92' lang='lat' dir='ltr'><strong>et</strong></span> <span class='ocrx_word' id='word_1_799' title='bbox 3312 5365 3539 5422; x_wconf 87' lang='lat' dir='ltr'><strong>aspectu</strong></span> 
     </span>
    </p>
   </div>
   <div class='ocr_carea' id='block_1_116' title="bbox 1968 5450 3537 5517">
    <p class='ocr_par' dir='ltr' id='par_1_116' title="bbox 1968 5450 3537 5517">
     <span class='ocr_line' id='line_1_116' title="bbox 1968 5450 3537 5517; baseline -0.003 -13"><span class='ocrx_word' id='word_1_800' title='bbox 1968 5452 2268 5507; x_wconf 76' lang='lat' dir='ltr'><strong>terribilem</strong></span> <span class='ocrx_word' id='word_1_801' title='bbox 2304 5450 2521 5505; x_wconf 80' lang='lat' dir='ltr'><strong>tandem</strong></span> <span class='ocrx_word' id='word_1_802' title='bbox 2554 5450 3045 5503; x_wconf 78' lang='lat' dir='ltr'><strong>contradictionem</strong></span> <span class='ocrx_word' id='word_1_803' title='bbox 3091 5454 3396 5517; x_wconf 83' lang='lat' dir='ltr'><strong>Opponuut,</strong></span> <span class='ocrx_word' id='word_1_804' title='bbox 3430 5461 3537 5500; x_wconf 87' lang='lat' dir='ltr'><strong>non</strong></span> 
     </span>
    </p>
   </div>
   <div class='ocr_carea' id='block_1_117' title="bbox 1968 5538 3542 5610">
    <p class='ocr_par' dir='ltr' id='par_1_117' title="bbox 1968 5538 3542 5610">
     <span class='ocr_line' id='line_1_117' title="bbox 1968 5538 3542 5610; baseline -0.002 -14"><span class='ocrx_word' id='word_1_805' title='bbox 1968 5545 2148 5597; x_wconf 83' lang='lat' dir='ltr'><strong>omnia</strong></span> <span class='ocrx_word' id='word_1_806' title='bbox 2186 5544 2329 5597; x_wconf 88' lang='lat' dir='ltr'><strong>illius</strong></span> <span class='ocrx_word' id='word_1_807' title='bbox 2352 5544 2493 5597; x_wconf 82' lang='lat' dir='ltr'><strong>dicta</strong></span> <span class='ocrx_word' id='word_1_808' title='bbox 2521 5542 2820 5610; x_wconf 74' lang='lat' dir='ltr'><strong>theologica</strong></span> <span class='ocrx_word' id='word_1_809' title='bbox 2853 5543 3164 5596; x_wconf 86' lang='lat' dir='ltr'><strong>lirmitatcm</strong></span> <span class='ocrx_word' id='word_1_810' title='bbox 3196 5548 3246 5594; x_wconf 88' lang='lat' dir='ltr'><strong>et</strong></span> <span class='ocrx_word' id='word_1_811' title='bbox 3272 5538 3542 5593; x_wconf 84' lang='lat' dir='ltr'><strong>stabilita—</strong></span> 
     </span>
    </p>
   </div>
   <div class='ocr_carea' id='block_1_118' title="bbox 1969 5628 3538 5700">
    <p class='ocr_par' dir='ltr' id='par_1_118' title="bbox 1969 5628 3538 5700">
     <span class='ocr_line' id='line_1_118' title="bbox 1969 5628 3538 5700; baseline -0.004 -12"><span class='ocrx_word' id='word_1_812' title='bbox 1969 5643 2073 5688; x_wconf 72' lang='lat' dir='ltr'><strong>tmn</strong></span> <span class='ocrx_word' id='word_1_813' title='bbox 2106 5634 2304 5689; x_wconf 84' lang='lat' dir='ltr'><strong>habere</strong></span> <span class='ocrx_word' id='word_1_814' title='bbox 2329 5650 2345 5687; x_wconf 90' lang='lat'><strong>:</strong></span> <span class='ocrx_word' id='word_1_815' title='bbox 2374 5634 2564 5688; x_wconf 89' lang='lat' dir='ltr'><strong>eodem</strong></span> <span class='ocrx_word' id='word_1_816' title='bbox 2599 5634 2717 5700; x_wconf 75' lang='lat' dir='ltr'><strong>ipso</strong></span> <span class='ocrx_word' id='word_1_817' title='bbox 2741 5632 2984 5685; x_wconf 83' lang='lat' dir='ltr'><strong>oratione</strong></span> <span class='ocrx_word' id='word_1_818' title='bbox 3018 5628 3085 5683; x_wconf 90' lang='lat' dir='ltr'><strong>de</strong></span> <span class='ocrx_word' id='word_1_819' title='bbox 3107 5628 3232 5692; x_wconf 76' lang='lat' dir='ltr'><strong>(ide,</strong></span> <span class='ocrx_word' id='word_1_820' title='bbox 3259 5644 3422 5698; x_wconf 90' lang='lat' dir='ltr'><strong>quam</strong></span> <span class='ocrx_word' id='word_1_821' title='bbox 3448 5628 3538 5683; x_wconf 70' lang='lat' dir='ltr'><strong>ille</strong></span> 
     </span>
    </p>
   </div>
   <div class='ocr_carea' id='block_1_119' title="bbox 1968 5723 3537 5796">
    <p class='ocr_par' dir='ltr' id='par_1_119' title="bbox 1968 5723 3537 5796">
     <span class='ocr_line' id='line_1_119' title="bbox 1968 5723 3537 5796; baseline -0.004 -18"><span class='ocrx_word' id='word_1_822' title='bbox 1968 5727 2105 5778; x_wconf 62' lang='lat' dir='ltr'><strong>inter</strong></span> <span class='ocrx_word' id='word_1_823' title='bbox 2135 5727 2381 5780; x_wconf 65' lang='lat' dir='ltr'><strong>Ascmica</strong></span> <span class='ocrx_word' id='word_1_824' title='bbox 2428 5725 2748 5796; x_wconf 85' lang='lat' dir='ltr'><strong>publicavit.</strong></span> <span class='ocrx_word' id='word_1_825' title='bbox 2784 5724 3013 5791; x_wconf 77' lang='lat' dir='ltr'><strong>ingenue</strong></span> <span class='ocrx_word' id='word_1_826' title='bbox 3051 5730 3352 5785; x_wconf 83' lang='lat' dir='ltr'><strong>asserente,</strong></span> <span class='ocrx_word' id='word_1_827' title='bbox 3395 5739 3412 5771; x_wconf 86' lang='grc' dir='ltr'><strong>ι</strong></span> <span class='ocrx_word' id='word_1_828' title='bbox 3451 5723 3537 5773; x_wconf 59' lang='lat' dir='ltr'><strong>dio</strong></span> 
     </span>
    </p>
   </div>
   <div class='ocr_carea' id='block_1_120' title="bbox 1970 5817 3533 5892">
    <p class='ocr_par' dir='ltr' id='par_1_120' title="bbox 1970 5817 3533 5892">
     <span class='ocr_line' id='line_1_120' title="bbox 1970 5817 3533 5892; baseline -0.002 -20"><span class='ocrx_word' id='word_1_829' title='bbox 1970 5822 2137 5874; x_wconf 56' lang='grc' dir='ltr'><strong>γονεῖς</strong></span> <span class='ocrx_word' id='word_1_830' title='bbox 2166 5822 2505 5892; x_wconf 82' lang='lat' dir='ltr'><strong>temporibus</strong></span> <span class='ocrx_word' id='word_1_831' title='bbox 2532 5822 2668 5875; x_wconf 84' lang='lat' dir='ltr'><strong>alias</strong></span> <span class='ocrx_word' id='word_1_832' title='bbox 2710 5830 2872 5888; x_wconf 86' lang='lat' dir='ltr'><strong>atque</strong></span> <span class='ocrx_word' id='word_1_833' title='bbox 2905 5818 3039 5873; x_wconf 87' lang='lat' dir='ltr'><strong>alias</strong></span> <span class='ocrx_word' id='word_1_834' title='bbox 3070 5817 3338 5873; x_wconf 80' lang='lat' dir='ltr'><strong>dictiones</strong></span> <span class='ocrx_word' id='word_1_835' title='bbox 3368 5833 3533 5871; x_wconf 79' lang='lat' dir='ltr'><strong>usur-</strong></span> 
     </span>
    </p>
   </div>
  </div>
