3846 6602
427 378 530 440 187

1452 383 1666 446 JOAN-
1716 379 1931 442 VECCI
1974 380 2081 438 cr.
2128 380 2640 445 PATRIARCHAZ
3582 367 3675 432 tea

430 505 615 560 passe,
667 499 729 545 ut
774 504 1079 549 necessntas
1121 493 1274 549 illum
1320 495 1705 563 compellebat,
1749 495 2013 548 adversus

2128 493 2192 555 Li);
2251 494 2318 546 ἂν
2382 494 2415 562 ἡ
2474 494 2635 564 χρεία
2689 491 2855 544 αύτὶν
2910 486 3357 558 κατηνάγκασεν,
3413 481 3547 551 πρὸς
3586 485 3677 546 τὰς

429 589 758 637 enascentes
803 584 1041 640 haereses
1089 585 1481 641 decertantem.
1518 603 1538 638 ι
1589 585 1655 640 Ει
1699 585 1756 640 hi
1787 585 2008 656 quidem

430 669 552 726 llaec
580 670 858 742 inquiunt.

503 764 559 819 2.
586 763 699 821 Nos
726 783 856 822 vero
897 767 1164 823 adversus
1210 782 1400 823 eorum
1445 769 1704 825 etl‘renem
1745 770 2010 842 impetum

431 857 647 913 obviam
679 869 872 916 euntes
894 899 911 925 ,
967 877 1075 915 non
1108 864 1187 917 sic
1219 864 1544 933 simpliciter
1574 874 1629 919 et
1672 880 1738 919 ex
1778 865 2010 921 aliarum

428 950 758 1015 dictionum,
810 954 1014 1022 scripto
1039 953 1416 1010 mandatarum
1449 958 1790 1018 collectione,
1827 959 1920 1013 sed
1945 972 2013 1014 ex

430 1043 619 1098 eadem
682 1043 797 1113 ipsa
823 1044 933 1112 jam
970 1047 1187 1102 laudata
1237 1049 1489 1102 oratione
1545 1058 1755 1104 tantum
1781 1044 2012 1104 'mendao

431 1137 579 1190 cium
628 1151 752 1190 esse
801 1136 1156 1193 refellendum
1214 1141 1584 1207 decernimus,
1620 1153 1677 1195 et
1726 1141 1892 1195 simili
1925 1156 2015 1197 rae

434 1227 604 1283 tione.
641 1227 956 1286 Dividamus
983 1233 1251 1288 orationis
1289 1243 1657 1303 segmentum,
1682 1250 1793 1304 quo
1824 1238 2015 1291 adver-

428 1321 567 1375 sarii
602 1321 749 1377 ducti
785 1325 1158 1392 pronuntiant,
1185 1342 1292 1379 nou
1328 1327 1512 1381 omnia
1544 1327 1843 1395 theologica
1869 1329 2015 1384 dicta

432 1412 616 1481 magni
649 1412 853 1475 ,Basilii
896 1415 1207 1470 ﬁrmitatem
1245 1418 1468 1479 habere,
1520 1428 1572 1472 et
1624 1421 1872 1486 praesenti
1912 1422 2018 1476 hoc

431 1515 620 1560 nostro
649 1522 902 1562 sermone
954 1508 1256 1563 referamus
1289 1527 1302 1562 :
1334 1520 1451 1564 tum
1496 1522 1682 1580 postea
1713 1528 1837 1582 qua:
1863 1513 1930 1566 de
1949 1528 2012 1567 ea

432 1597 595 1653 nobis
626 1597 901 1664 videntur,
943 1615 1281 1668 regereinus,
1334 1602 1415 1656 sic
1445 1602 1756 1658 auditorum
1789 1605 2017 1659 rectitu-

430 1688 545 1741 dini
594 1689 1019 1754 decernendum,
1056 1691 1453 1761 relinquemus,
1503 1701 1581 1748 ait
1603 1697 1788 1750 omnia
1834 1699 2015 1767 magiti

431 1776 622 1833 Basilii
661 1782 804 1835 dicta
850 1784 1152 1851 theologica
1210 1788 1525 1843 ﬁrmitatem
1581 1790 1839 1855 habeant,
1869 1793 2013 1860 quod

430 1868 525 1924 ille
569 1872 899 1930 dictionibus
945 1892 1079 1930 usus
1126 1887 1214 1933 est
1257 1880 1367 1933 alio
1395 1891 1558 1949 atque
1604 1883 1720 1937 aiio
1775 1893 2019 1953 tempore

430 1960 667 2018 diversis
692 2003 708 2027 ,
756 1967 1016 2023 adversus
1063 1981 1285 2026 exortas
1332 1973 1496 2027 certis
1530 1975 1867 2042 temporibus
1905 1977 2017 2031 hae-

432 2070 583 2109 reses
640 2057 950 2113 decertans.
1011 2060 1075 2114 Et
1126 2061 1236 2130 jam
1286 2063 1387 2118 hoc
1422 2065 1597 2134 ipsum
1655 2078 2016 2136 praestantes,

402 2147 698 2202 'orationis
739 2159 1080 2219 segmentum
1132 2157 1518 2212 exseribimus.
1561 2176 1578 2210 t
1617 2158 1795 2229 Atque
1849 2178 2020 2231 quan-

408 2266 417 2281 κ
435 2239 527 2292 diu
546 2241 762 2309 quidem
791 2244 1049 2297 adversus
1063 2260 1455 2315 consurgentes
1494 2251 1660 2306 variis
1683 2255 2022 2322 temporibus

439 2324 621 2386 \‘arias
680 2336 1061 2392 baeretieorum
1122 2340 1394 2396 factiones
1470 2346 1823 2412 pugnandum
1900 2346 2018 2415 fuit,

436 2438 647 2488 eorum,
669 2440 698 2480 a
718 2428 921 2495 quibus
946 2430 998 2482 in
1024 2443 1296 2485 certamen
1323 2437 1679 2501 provocabar,
1710 2439 1762 2491 in
1789 2439 2021 2496 dicendo

434 2517 562 2587 styli
583 2519 826 2586 remigiis
857 2521 1138 2585 insistens,
1165 2539 1512 2594 consequens
1536 2543 1657 2581 esse
1685 2530 2019 2598 arbitrabar,

436 2617 497 2661 ut
520 2609 574 2662 ei
616 2610 914 2678 impietatis
968 2615 1128 2681 pesti,
1179 2632 1342 2686 quam
1400 2618 1654 2674 diabolus
1705 2622 2020 2689 seminaret,

437 2700 683 2768 ejusdem
707 2703 848 2757 modi
879 2706 1146 2773 oppositis
1175 2707 1275 2777 ipsi
1307 2710 1588 2765 vocabulis
1615 2713 1826 2766 obviam
1861 2714 2018 2778 irem,

432 2802 492 2846 et
529 2792 840 2853 maledicta.
872 2814 995 2866 qtae
1026 2800 1078 2853 iu
1116 2799 1282 2855 Deum
1312 2802 1437 2856 inde
1467 2815 1824 2867 nascerentur
1850 2808 2022 2877 repri-

438 2900 670 2949 inerem,
692 2889 775 2940 vel
804 2891 966 2943 etiam
998 2893 1212 2961 penitus
1237 2894 1532 2950 refutarem
1577 2915 1590 2951 :
1631 2907 1685 2951 et
1713 2898 1834 2950 aliis
1864 2899 2021 2964 alias,

438 2986 601 3043 prout
637 2980 888 3036 videlicet
930 2983 1203 3039 bmreseos
1265 2991 1455 3043 morbo
1510 2989 1876 3045 laborantium
1914 2993 2021 3049 uti-

434 3067 562 3122 litas
632 3074 943 3129 necessario
1006 3077 1288 3132 videbatur
1352 3081 1653 3150 postulare,
1721 3094 1882 3153 atque
1936 3082 2023 3138 his

2116 586 2259 641 κατά
2290 586 2484 659 καιρὸν
2519 585 2761 656 αἱρέσεις
2806 577 3230 652 ἀγωνιζόμενον.
3272 594 3292 628 ι
3339 574 3451 628 Καὶ
3506 575 3680 642 οἱμὲν

2111 679 2307 734 ταῦτα.

2187 769 2257 841 β’.
2310 769 2504 839 Ἡμεῖς
2537 769 2615 829 δὲ,
2646 768 2787 837 πρὸς
2821 769 2923 836 τὴν
2989 765 3246 837 ἀχάλινον
3274 763 3452 835 ὁρμὴν
3481 759 3681 814 τούτων

2115 865 2558 935 ἀντιφερόμενοι,
2589 863 2701 916 δεῖν
2731 863 2984 932 ἔγνωμεν
3017 862 3090 932 μὴ
3120 859 3309 922 ἁπλῶς
3338 855 3483 911 οὕτω
3512 856 3606 909 καὶ
3630 854 3683 918 ἐξ

2114 958 2310 1028 ἐράνου
2373 956 2548 1010 ἄλλων
2582 954 2823 1035 ρήσεων
2878 952 3189 1025 γραφικῶν,
3253 950 3368 1004 ἀλλ’
3425 949 3484 1015 ὲξ
3526 947 3683 1001 αὑτοῦ

2118 1052 2330 1105 ἐκείνου
2362 1048 2458 1103 τοῦ
2500 1050 2759 1119 ῥηθέντος
2797 1048 2959 1114 λόγου
3000 1048 3093 1099 τὸν
3141 1044 3369 1112 ἔλεγχον
3401 1041 3494 1095 τοῦ
3533 1040 3685 1094 τόσου

2116 1143 2345 1215 ψεύδους
2376 1143 2733 1213 ποιήσασθαι·
2792 1139 3126 1209 ποιήσασθαι
3184 1139 3240 1190 δὲ
3281 1134 3446 1190 οὕτω⁹
3487 1132 3687 1185 Διελεῖν

2112 1238 2221 1309 -μὲν
2249 1237 2351 1303 τὴν
2384 1237 2480 1289 τοῦ
2509 1236 2673 1303 λόγου
2704 1234 3041 1305 περικοπὴν,
3068 1231 3128 1298 ἐξ
3180 1226 3250 1303 ἧς
3297 1233 3409 1294 τοῖς
3441 1229 3511 1283 δι’
3539 1228 3690 1280 ἐναν-

2118 1332 2237 1393 τίας
2286 1331 2463 1382 εἰπεῖν
2518 1329 2713 1397 γέγονε
2760 1327 2835 1399 μὴ
2871 1327 2983 1380 δεῖν
3039 1327 3139 1384 τὰς
3162 1327 3385 1386 ἁπάσας
3410 1322 3691 1389 θεολογίας

2118 1422 2212 1477 τοῦ
2247 1422 2484 1491 μεγάλου
2518 1420 2804 1474 Βασιλείου
2872 1418 2933 1472 τὸ
2986 1417 3208 1488 βέϐαιον
3271 1417 3439 1486 ἔχειν,
3475 1416 3571 1468 καλ.
3620 1412 3693 1479 τῷ

2122 1514 2354 1585 παρόντι
2382 1514 2525 1582 λόγῳ
2549 1510 2756 1583 ταύτην
2807 1510 3267 1580 ὲγκαταστρῶσαι
3291 1526 3308 1541 ·
3347 1506 3694 1575 ἀπολογήσα-

2122 1609 2248 1662 σθαι
2278 1608 2336 1661 δὲ
2366 1608 2435 1660 τὰ
2475 1608 2568 1660 ἐπὶ
2600 1605 2775 1677 ταύτῃ
2813 1604 3071 1659 δοκοῦντα
3099 1607 3252 1674 ἡμῖν,
3294 1602 3390 1653 καὶ
3425 1600 3573 1653 οὕτω
3602 1599 3694 1665 τῆς

2121 1699 2232 1754 τῶν
2264 1699 2556 1771 ἀκροατῶν
2586 1697 2899 1768 ἀναρτῆσαι
2949 1696 3254 1765 εὐθύτητος
3292 1694 3353 1746 τὸ
3382 1691 3693 1759 διαγνῶναι,

2124 1790 2238 1860 εἴγε
2270 1791 2335 1860 δὴ
2365 1792 2441 1861 μὴ
2493 1792 2553 1843 τὸ
2610 1789 2830 1861 βέϐαιον
2886 1790 2988 1852 τάς
3051 1788 3269 1849 ἀπάσας
3325 1786 3417 1839 τοῦ
3456 1783 3695 1854 μεγάλου

2125 1884 2410 1939 Βασιλείου
2448 1885 2594 1954 ἔχειν
2649 1884 2957 1952 θεολογίας,
2998 1881 3087 1935 διὰ
3138 1880 3200 1932 τὸ
3238 1879 3451 1944 λέξεσιν
3487 1878 3696 1929 ἐκεῖνον

2128 1977 2436 2048 χρήσασθαι
2459 1976 2651 2030 ἄλλοτε
2688 1976 2877 2038 ἄλλαις
2902 1975 3040 2043 πρὸς
3072 1972 3172 2035 τὰς
3206 1971 3347 2025 κατὰ
3395 1970 3593 2041 καιρὸν
3624 1969 3700 2020 αἱ·

2125 2069 2303 2139 ρέσεις
2335 2068 2761 2137 ἀγωνιζόμενον.
2796 2069 2902 2122 Καὶ
2933 2066 2998 2137 δὴ
3031 2065 3189 2118 τοῦτο
3230 2060 3537 2123 ποιοῦντες,
3560 2058 3700 2113 οὕτω

2124 2161 2221 2228 τὴν
2252 2158 2508 2228 τοιαύτην
2543 2159 2638 2212 τοῦ
2673 2159 2836 2227 λόγου
2872 2156 3179 2229 περικοπὴν
3207 2154 3306 2207 ὡδὶ
3338 2152 3689 2220 ὲκτιθέμεθα.

2129 2274 2150 2307 ι
2194 2254 2341 2316 Ἕως
2385 2253 2483 2323 μὲν
2518 2248 2610 2307 οὖν
2663 2251 3029 2321 ἀγωνίζεσθαι
3080 2248 3217 2319 πρὸς
3252 2249 3350 2312 τὰς
3406 2248 3704 2300 ἐπανιστα-

2128 2348 2296 2418 μένας
2343 2345 2488 2400 κατὰ
2533 2345 2724 2416 καιρὸν
2751 2337 2992 2415 αἱρέσεις
3033 2342 3224 2414 ἐχρῆν,
3259 2340 3559 2411 ἑπομένοις
3600 2338 3703 2400 τοῖς

2126 2439 2523 2510 προειληφόσιν
2575 2437 2871 2490 ἀκόλουθον
2923 2435 3176 2507 ἡγούμην
3228 2436 3294 2506 τῇ
3338 2431 3582 2501 διαφορᾷ
3611 2431 3704 2498 τῆς

2126 2529 2602 2601 ἑπισπειρομένης
2669 2529 2780 2582 ὑπὸ
2830 2526 2925 2582 τοῦ
2989 2529 3238 2581 διαϐόλου
3297 2527 3558 2588 ἀσεϐείας
3594 2524 3706 2586 ταῖς

2124 2620 2431 2680 ἀντιθέτοις
2458 2620 2668 2688 φωναῖς
2723 2618 3039 2690 κωλύειν,ἢ
3082 2620 3176 2672 καὶ
3227 2617 3567 2687 ἀνατρέπειν
3609 2614 3705 2676 τὰς
3746 2689 3756 2692 μ

2126 2712 2572 2782 ὲπεισαγομένας
2603 2710 2982 2783 βλασφημίας,
3019 2713 3112 2766 καὶ
3133 2704 3327 2766 ἄλλοτε
3380 2708 3600 2771 ἄλλαις,
3636 2706 3707 2768 ὡς

2125 2807 2191 2862 ἂν
2222 2810 2253 2873 ἡ
2289 2806 2449 2877 χρεία
2501 2806 2610 2859 τῶν
2645 2804 2949 2858 νοσούντων
2990 2805 3401 2875 κατηνάγκασε,
3456 2802 3553 2855 καὶ
3583 2798 3706 2855 ταύ-

2124 2917 2248 2963 ταις
2279 2900 2542 2963 πολλάκις
2569 2899 2842 2969 ἀγράφοις
2899 2897 3021 2967 μὲν,
3055 2898 3205 2966 ὅμως
3235 2896 3279 2950 δ’
3317 2893 3414 2949 οὖν
3435 2895 3541 2947 οὐκ
3570 2897 3705 2948 ἀπε-

2129 2992 2460 3064 ξενωμέναις
2482 2993 2581 3063 τῆς
2603 2995 2745 3047 κατὰ
2757 2993 2854 3061 τὴν
2873 2991 3096 3060 Γραφὴν
3116 2988 3374 3054 εὐσεϐοῦς
3400 2989 3665 3051 διανοίας,
3680 3006 3698 3039 ι

2127 3087 2315 3143 Ταῦτα
2353 3089 2454 3158 μὲν
2488 3086 2913 3159 ἡπερικοπὴ-ὲξ
2951 3081 3017 3159 ἧς
3064 3086 3181 3148 τοῖς
3215 3084 3285 3137 δι’
3320 3082 3580 3144 ὲναντίας
3635 3080 3710 3134 εί-

434 3176 814 3229 ειιιι)εηιιιιι‹ιιό
862 3166 1172 3236 ejusmodi,
1220 3186 1342 3240 qua)
1400 3172 1529 3228 licet
1568 3175 1622 3229 in
1673 3186 2020 3233 sacrosancta

2134 3182 2260 3234 πεῖν
2312 3183 2507 3249 γέγονε
2571 3182 2647 3251 μὴ
2685 3180 2794 3233 δεῖν
2841 3181 2942 3242 τὰς
2989 3178 3211 3241 ἁπάσας
3270 3174 3560 3244 θεολογίας
3612 3170 3707 3227 τοῦ

439 3254 725 3323 Scriptura
760 3274 1030 3329 nusquam
1090 3264 1466 3331 reperirentur
1489 3306 1505 3330 ,
1534 3281 1562 3320 a
1602 3267 1691 3336 pio
1725 3276 1931 3327 tamen.
1968 3275 2023 3322 et

2134 3270 2374 3339 μεγάλου
2409 3270 2695 3325 Βασιλεεου
2728 3272 2789 3324 τὸ
2821 3270 3039 3340 βέϐαιον
3071 3268 3238 3340 ἔχειν,

434 3353 646 3407 sanctis
674 3352 890 3410 Litteris
917 3367 1286 3413 consentanea
1313 3375 1474 3415 sensu
1536 3362 1854 3431 neutiquam
1889 3362 2268 3421 abhorrerent.
2314 3384 2332 3418 ι
2365 3363 2431 3419 Et
2488 3367 2603 3423 haec
2681 3366 3036 3421 continentur
3078 3364 3133 3419 in
3184 3363 3473 3434 perieope,
3505 3360 3707 3432 quibus

437 3445 741 3499 adversarii
774 3458 1044 3503 conantur
1066 3452 1482 3522 (comprobare,
1525 3452 1781 3508 universa
1816 3452 2126 3522 theologica
2182 3456 2365 3525 magni
2403 3454 2587 3511 Basilii
2615 3455 2799 3511 "dicta
2871 3456 3023 3510 ﬁrma
3056 3470 3121 3510 ac
3182 3455 3399 3510 stabilia
3433 3454 3708 3509 censenda

436 3555 547 3594 nou
585 3553 707 3592 esse
741 3554 767 3603 ιη

512 3636 564 3691 ὅ.
599 3636 665 3690 At
697 3646 774 3701 tu,
811 3639 901 3708 qui
931 3639 1096 3709 judex
1130 3639 1183 3693 in
1218 3641 1321 3696 hoc
1357 3642 1659 3698 certamine
1692 3642 1871 3702 sedes,
1898 3656 2031 3694 cono

436 3730 640 3796 sidera,
681 3745 1044 3802 accurateque
1084 3724 1392 3804 perpende,
1445 3753 1553 3807 quo
1582 3745 1743 3806 pacto
1772 3732 2029 3788 refutatio

444 3834 631 3878 nostra
655 3866 670 3890 ,
707 3842 813 3880 non
858 3842 888 3881 c
927 3827 1087 3897 longe
1134 3830 1315 3898 petitis
1344 3869 1359 3896 ,
1395 3836 1449 3883 et
1480 3829 1672 3884 alienis
1713 3828 2023 3898 scripturis

443 3916 798 3979 concinnata.
841 3918 935 3973 sed
965 3934 1031 3974 ex
1061 3919 1126 3974 iis
1162 3919 1296 3989 ipsis
1316 3961 1331 3985 ,
1366 3935 1489 3991 quae
1520 3930 1748 3975 sanctus
1781 3935 2025 3990 pronun-

445 4009 603 4063 tiavit
637 4010 690 4063 in
723 4010 835 4083 ipsa
859 4013 1127 4068 orationis
1154 4013 1297 4067 serie
1328 4013 1437 4068 illis
1465 4023 1743 4070 occurrat.
1778 4011 2025 4082 Namque

446 4113 571 4154 cum
609 4101 860 4163 dixisset,
911 4121 929 4153 ι
966 4102 1326 4174 Consequens
1358 4121 1480 4160 esse
1524 4104 1854 4168 arbitrabar,
1891 4112 1949 4158 ut
1976 4107 2026 4159 ei

448 4196 743 4265 impietatis
773 4198 953 4267 pesti,
1004 4214 1167 4269 quam
1208 4198 1457 4255 diabolus
1505 4199 1822 4262 seminaret,
1877 4196 2020 4268 ejus-

447 4291 569 4346 dem
601 4292 745 4346 modi
778 4292 1045 4361 oppositis
1077 4293 1178 4362 ipsi
1227 4293 1509 4348 vocabulis
1564 4293 1779 4347 obviam
1829 4292 1941 4347 ire.
1972 4300 2027 4344 et

446 4382 759 4446 maledicta,
813 4398 933 4450 quae
983 4384 1033 4436 in
1069 4381 1235 4436 Deum
1287 4382 1413 4437 inde
1441 4390 1817 4438 nascerentur,
1850 4379 2021 4447 repri-

2205 3645 2276 3706 γθ.
2335 3639 2408 3691 Σὺ
2470 3636 2528 3692 δὲ
2575 3639 2743 3701 ὁτοῖς
2786 3636 3056 3706 παροῦσιν
3126 3637 3332 3705 ἀγῶσιν
3399 3639 3707 3706 ἐνδιαιτῶν,

2126 3729 2284 3801 ἄθρει
2332 3729 2420 3802 δὴ,
2488 3730 2582 3783 καὶ
2648 3729 2895 3799 ἀκριϐῶς
2964 3730 3273 3792 διασκόπει,
3338 3733 3709 3805 δπωςόπαρ¹

2127 3822 2284 3893 ἡμῶν
2317 3822 2541 3894 ἔλεγχος
2580 3823 2766 3886 αὐτοῖς
2822 3823 3042 3893 ἀπαντᾷ
3086 3822 3146 3875 οὐ
3184 3824 3472 3894 πόρρωθεν
3523 3828 3625 3880 καὶ
3654 3826 3711 3890 ἐξ

2125 3916 2304 3971 ἄλλων
2327 3916 2695 3988 ὴρανισμένος
2752 3917 3002 3988 γραφῶν,
3069 3917 3187 3970 ἀλλ’
3239 3917 3299 3982 ἐξ
3348 3918 3531 3971 αὐτῶν
3571 3915 3646 3973 ὧν
3681 3922 3709 3971 ὁ

2125 4010 2282 4078 ἅγιος
2318 4009 2425 4080 ἔφη
2455 4009 2548 4062 τοῦ
2577 4009 2740 4077 λόγου
2781 4010 2910 4063 καθ’
2937 4011 3131 4081 εἱρμὸν
3164 4012 3473 4080 προϊόντος.
3520 4014 3710 4066 Εἰπὼν

2133 4103 2293 4172 γάρ(
2358 4101 2679 4157 Ἀκόλουθον
2734 4100 2987 4173 ἡγούμην
3036 4105 3101 4172 τῇ
3151 4102 3386 4174 διαφορᾷ
3444 4107 3547 4172 τῇς
3585 4108 3706 4157 ἑπι-

2131 4192 2505 4265 σπειρομένης
2527 4194 2634 4246 ὑπὸ
2656 4193 2749 4247 τοῦ
2785 4195 3035 4248 διαϐόλου
3071 4195 3330 4259 ἀσεϐείας
3392 4199 3521 4257 ταῖς
3558 4199 3710 4250 ἀντι-

2129 4287 2303 4351 θέτοις
2334 4289 2539 4357 φωναῖς
2562 4287 2812 4353 κωλύειν,
2840 4288 2873 4358 ἢ
2912 4288 3008 4340 καὶ
3038 4287 3370 4359 ἀνατρέπειν
3400 4286 3499 4352 τὰς
3525 4291 3711 4342 ἔπεισι

2126 4380 2401 4449 αγομὲνας
2447 4380 2827 4451 βλασφημίας,
2877 4380 2970 4433 καὶ
2994 4379 3186 4434 ἀλλοτε
3224 4379 3439 4447 ἄλλαις,
3474 4378 3556 4445 ὡς
3585 4383 3711 4453 ἆνή

446 4488 619 4538 mere,
650 4475 773 4529 aliis
823 4475 979 4538 alias,
1010 4483 1171 4544 prout
1219 4474 1473 4528 videlicet
1524 4473 1796 4526 haereseos
1828 4473 2020 4524 morbo

2128 4471 2283 4542 χρεία
2306 4471 2415 4525 τῶν
2441 4469 2744 4523 νοσούντων
2762 4470 3207 4540 κατηνάγκασεν,
3246 4488 3264 4521 ι
3295 4472 3490 4539 ἐπάγει
3522 4472 3709 4535 εὐθὺς,

446 4565 815 4619 laborantium
882 4566 1090 4620 utilitas
1136 4562 1449 4619 necessario
1508 4562 1793 4615 videbatur
1837 4571 2020 4632 postu-

2140 4582 2159 4615 ι
2196 4562 2292 4616 καὶ
2319 4563 2552 4626 ταύταις
2578 4562 2843 4626 πολλάκις
2888 4563 3162 4634 ἀγράφοις
3207 4563 3330 4632 μὲν,
3352 4564 3503 4631 ὅμως
3532 4564 3581 4617 δ’
3614 4564 3710 4617 οὖν

447 4657 583 4719 lare,
621 4677 640 4708 ›
675 4657 858 4711 statim
902 4657 1213 4718 subnectit,
1252 4673 1271 4707 ι
1312 4668 1472 4724 atque
1518 4654 1607 4708 bis
1647 4667 2025 4722 su-penumero

447 4744 741 4813 ejusmodi,
774 4761 896 4815 qua:
932 4746 1057 4799 licet
1093 4745 1146 4798 iu
1174 4749 1529 4799 sacrosancta
1564 4741 1846 4809 Scriptura
1897 4756 2025 4794 nus-

447 4855 612 4909 quam
639 4840 1029 4907 reperirentur,
1078 4852 1108 4890 a
1142 4838 1229 4907 pio
1258 4848 1437 4889 tamen
1487 4843 1540 4887 et
1573 4836 1776 4889 sanctis
1804 4831 2028 4888 Litteris

449 4952 819 4996 consentanea
869 4956 1031 4994 sensu
1084 4936 1399 5004 neutiquam
1448 4937 1825 4990 abhorrerent.
1872 4955 1889 4983 ι
1925 4936 2025 5002 Qui

449 5038 634 5106 itaque
659 5032 992 5090 dictionibus
1023 5032 1226 5100 scripto
1269 5030 1492 5083 ti’iinime
1528 5030 1749 5083 traditis
1772 5047 1830 5085 se
1866 5046 2024 5083 usum

448 5130 670 5190 fatetur,
698 5122 972 5192 simulque
1012 5130 1351 5175 contestatur
1387 5118 1607 5175 easdem
1655 5137 1833 5190 neque.
1869 5135 2027 5187 pcre-

450 5221 652 5287 grinas,
687 5231 864 5285 neque
889 5214 1097 5269 alienas
1121 5228 1244 5268 esse
1272 5229 1300 5265 a
1332 5211 1422 5282 pio
1466 5226 1744 5273 sacrarum
1779 5212 2028 5282 Scriptu-

443 5327 632 5364 rarum
662 5323 851 5370 sensu,
893 5304 1171 5375 quomodo
1198 5304 1394 5376 dignus
1443 5304 1625 5365 fuerit.
1676 5307 1761 5359 cui
1797 5307 1847 5359 in
1887 5322 2023 5360 non—

445 5403 615 5458 nuilis
652 5416 716 5455 ex
758 5397 918 5455 dictis
973 5398 1089 5452 suis
1142 5396 1467 5464 theologicis
1531 5397 1664 5469 ﬁdes
1715 5398 2023 5453 adhibenda

446 5510 557 5548 non
600 5491 703 5546 sit?
732 5488 979 5557 Namque
1039 5486 1163 5540 licet
1197 5494 1261 5540 att
1321 5487 1467 5542 illius
1519 5497 1765 5555 tempora
1821 5490 2025 5557 SCt‘ipio

445 5584 783 5650 entisignata:
827 5595 890 5635 ex
926 5579 1010 5633 his
1054 5578 1387 5632 dictiooibus
1429 5580 1696 5647 qumpiam
1744 5578 1885 5633 forte
1916 5597 2022 5632 non

448 5677 579 5737 sint,
611 5684 848 5726 attamen
889 5686 1013 5727 cum
1060 5685 1152 5724 eas
1201 5686 1230 5722 ιι
1267 5671 1465 5738 pietate
1506 5669 1709 5723 alienas
1742 5686 1846 5722 non
1880 5686 2020 5731 (ιδεμ,

445 5781 674 5826 sanctus
725 5769 840 5839 ipse
891 5777 1225 5823 conte-stetur
1256 5806 1270 5831 ,
1335 5764 1441 5819 illis
1495 5765 1886 5820 attendendum
1943 5779 2025 5821 es:

444 5878 604 5933 atque
634 5873 796 5933 atque
820 5861 962 5928 aliis,
990 5875 1128 5931 quas
1156 5872 1283 5913 ante
1312 5857 1489 5928 ipsum
1528 5858 1744 5925 pietatis
1774 5860 2025 5913 doctores

2130 4658 2230 4712 οὐκ
2269 4657 2714 4726 ἀπεξενωμέναις
2739 4657 2839 4727 τῆς
2866 4656 3007 4709 κατά
3044 4657 3144 4728 τὴν
3181 4657 3408 4726 Γραφὴν
3440 4655 3707 4719 εὐσεϐοῦς

2129 4750 2392 4812 διανοίας.
2452 4767 2472 4800 ι
2518 4748 2578 4802 '0
2627 4748 2758 4817 γοῦν
2822 4748 3032 4815 λέξεσιν
3080 4747 3351 4817 ἀγράφοις
3420 4749 3708 4818 ὁμολογῶν

2131 4844 2463 4916 χρήσασθαι,
2493 4843 3002 4915 διαμαρτυρόμενος
3046 4843 3101 4896 δὲ
3144 4842 3221 4913 μὴ
3268 4843 3703 4913 άπεξενωμένας

2131 4932 2270 4990 εἶναι
2306 4938 2480 5007 αὐτάς
2527 4938 2628 5007 τῆς
2668 4938 2811 4989 κατά
2860 4936 2959 5005 τὴν
3013 4935 3239 5005 Γραφὴν
3295 4935 3557 5000 εὐσεϐοῦς
3594 4939 3713 4989 δια-

2131 5029 2299 5093 νοίας,
2329 5006 2446 5092 πῶς
2478 5028 2544 5081 ἂν
2582 5029 2668 5099 εἴη
2705 5028 2915 5088 δίκαιος
2947 5026 3039 5081 ἐπί
3073 5044 3179 5080 τινι
3213 5028 3322 5080 τῶν
3356 5028 3488 5097 παρ’
3537 5030 3709 5082 αὐτοῦ

2131 5122 3035 5193 θεολογηθέντωνδιαπιστεῖσθαι;
3074 5121 3134 5174 Ei
3179 5121 3289 5189 γάρ
3324 5123 3419 5172 καὶ
3463 5120 3711 5188 ἄγραφοι

2135 5216 2331 5286 μέχρις
2379 5214 2594 5267 ἐκείνου
2653 5213 2816 5283 τυχὸν
2871 5213 3015 5276 τινὲς
3076 5211 3325 5282 ὑπῆρχον
3350 5210 3458 5265 τῶν
3502 5210 3711 5273 λέξεων

2131 5309 2358 5368 τούτων,
2386 5306 2501 5358 ἀλλ’
2534 5306 2659 5358 ἐπεὶ
2687 5307 2789 5359 οὐκ
2811 5306 3233 5374 ἀπεξενωμένας
3269 5303 3370 5372 τῆς
3419 5302 3712 5364 εὐσεϐείας

2128 5402 2333 5463 ταύτας
2368 5403 2394 5455 ὀ
2429 5402 2584 5466 ἅγιος
2627 5401 2917 5469 μαρτυρεῖ,
2958 5396 3101 5450 οὕτω
3133 5396 3217 5449 δεῖ
3267 5395 3561 5465 προσέχειν
3603 5395 3708 5447 αύ-

2130 5498 2269 5555 ταίς,
2302 5493 2375 5553 ὡς
2411 5492 2671 5555 ἐκείναις,
2699 5488 2787 5553 αἶς
2813 5493 2861 5542 οἱ
2900 5490 3005 5558 πρὸ
3031 5489 3196 5541 αὐτοῦ
3247 5488 3568 5542 διδάσκαλοι
3609 5487 3711 5554 τῆς

2131 5585 2410 5647 εὐσεϐείας
2467 5587 2819 5654 ἐχρήσω-ξομ
2858 5585 2965 5634 Καὶ
3028 5581 3137 5652 γάρ
3187 5582 3458 5633 κάκείνων
3496 5581 3707 5646 ἑκάστη

2134 5680 2346 5747 καιροῖς
2390 5677 2490 5729 ἰδίει

2131 5772 2395 5840 αἱρέσεων
2420 5769 2693 5840 ἐλάμϐανε
2750 5770 2847 5829 τὰς
2879 5768 3076 5838 ἀρχάς.
3112 5770 3228 5828 ταῖς
3268 5766 3366 5834 μὲν
3400 5766 3704 5826 συλλαϐαῖς

2133 5866 2262 5924 isto;
2319 5864 2377 5915 οὐ
2416 5862 2777 5931 διειλημμένη
2812 5862 2930 5922 ταῖς
2991 5859 3095 5928 πρῦ
3123 5857 3281 5926 τῆσδε
3333 5857 3364 5927 ἤ
3409 5856 3573 5927 τῆσδε
3601 5858 3705 5925 τῆς

2498 5695 2541 5730 t:
2579 5678 2709 5744 πρὸς
2763 5674 3080 5745 ἀποτροπὴν
3138 5674 3247 5725 τῶν
3304 5675 3708 5743 ἀναφυομένων
