3846 6568
500 338 593 403 191

1526 346 1749 437 JOAN._
1781 345 1997 437 vr.ch
2043 349 2082 407 c

2195 352 2706 415 PATRIARCHrE
3644 368 3731 437 19!

494 430 739 489 credere,
773 437 828 482 et
853 430 1073 485 tertium
1106 445 1230 486 esse
1257 439 1476 496 natura,
1510 434 1874 503 respondens,
1905 435 2077 491 dicta-

2188 439 2272 492 τοῦ
2306 441 2519 496 ἐκεῖνον
2552 446 2982 503 πεπιστευκέναι
3017 449 3116 506 καὶ
3147 449 3331 523 τρίτον
3378 449 3519 509 εἶναι
3549 460 3611 528 τῇ
3641 468 3725 517 εού-

492 536 601 590 que
637 521 783 576 illius
820 520 1094 589 refellens;
1131 526 1428 591 impietatis
1458 541 1612 581 reum
1645 528 1774 597 agit.
1813 527 2075 584 Postmo-

493 612 621 665 dum
653 612 780 667 licet
816 612 957 670 l‘also
1003 615 1307 674 Eunomius
1341 617 1523 673 fassus
1556 626 1660 681 est.
1690 635 1721 673 a
1756 620 1962 688 sanctis
1989 622 2077 676 di-

492 703 725 771 dicisse,
757 706 979 761 tertium
1010 723 1135 762 esse
1156 708 1418 779 Spiritum
1456 710 1647 765 ordine
1691 722 1746 769 et
1790 714 2075 785 dignitate,

492 805 547 852 et
576 797 622 854 si
648 799 856 870 scripto
895 800 1096 857 similia
1125 803 1292 857 verba
1326 803 1656 860 demandata
1691 820 1800 860 non
1822 805 2079 873 fuissent,

412 928 419 929 κ
493 891 856 948 nihilominus
896 908 960 947 ea
1010 904 1234 950 sanctus
1264 899 1501 966 excepit,
1540 898 1922 969 prolixumque
1952 915 2080 955 ora-

494 984 700 1038 tionem
734 999 1076 1054 prosequeus
1104 1003 1416 1043 sermonem
1469 989 1693 1054 habuit,
1723 1006 1830 1045 non
1876 992 2079 1063 colligi,

494 1090 621 1129 eum
671 1077 891 1131 tertium
957 1094 1081 1134 esse
1140 1089 1338 1135 natura
1373 1120 1389 1144 ,
1467 1084 1721 1152 quamvis
1778 1084 1971 1141 ordine
2025 1094 2082 1141 et

493 1167 758 1239 dignitate
785 1172 1002 1225 tertium
1024 1172 1180 1226 illum
1211 1172 1417 1241 dicere,
1448 1190 1478 1230 a
1511 1177 1711 1245 pietate
1740 1192 1847 1231 non
1881 1179 2084 1232 abhor-

494 1267 630 1314 reat.
663 1260 843 1327 Quare
896 1263 1283 1320 refutationem
1342 1275 1571 1323 sanctus
1609 1283 1774 1325 orsus
1824 1284 1930 1324 non
1973 1281 2079 1333 est,

495 1354 652 1421 quasi
687 1354 859 1423 pietas
899 1355 1208 1420 laederetur,
1261 1358 1391 1413 dum
1428 1358 1730 1416 Eunomius
1777 1361 2080 1426 asserebat,

499 1444 762 1515 Spiritum
812 1463 936 1503 esse
983 1449 1199 1504 tertium
1249 1459 1302 1505 et
1336 1452 1532 1506 ordine
1571 1462 1627 1507 et
1665 1453 1958 1519 dignitate,
1990 1455 2084 1510 sed

496 1540 641 1606 quod
671 1540 897 1608 diceret,
931 1542 1072 1598 dictu
1104 1543 1204 1600 ista
1227 1546 1295 1599 ab
1314 1544 1719 1614 antiquioribus
1752 1546 2083 1615 quibusdam

498 1630 752 1686 Patribus
804 1635 1153 1701 pronuntiata
1217 1634 1430 1697 fuisse.
1483 1652 1607 1691 eum
1640 1637 1776 1693 falsa
1830 1638 2086 1708 proloqui

501 1735 941 1779 commonstrare
977 1725 1029 1779 in
1063 1727 1248 1781 animo
1268 1728 1483 1783 habuit.
1518 1727 1740 1782 Demum
1772 1744 1834 1784 ea
1860 1739 2087 1785 sanctus

2140 548 2286 610 ‘O'Et,
2349 534 2430 596 είς
2494 537 2716 607 γραφὴν
2777 540 3035 606 ἀσεϐείας
3083 543 3321 598 ἐνταῦθα
3381 545 3476 599 τὸν
3545 548 3732 608 ἐκείνου

2179 624 2527 697 περιίστησιν
2587 629 2831 701 ἔλεγχον.
2886 629 3021 688 Εἶτα
3053 637 3104 689 εί
3157 637 3253 691 καὶ
3296 637 3561 708 ψευδῶςό
3589 642 3731 702 Εὐνό-

2183 733 2307 785 μιος
2353 719 2455 790 ἔφη
2500 724 2655 792 παρὰ
2719 724 2830 778 τῶν
2877 728 3051 795 ἁγίων
3089 729 3283 798 μαθεῖν
3311 732 3493 803 τρίτον
3524 730 3655 791 εἶναι
3681 744 3733 794 re

2181 810 2411 881 Πνεῦμα
2438 817 2504 883 τῇ
2536 815 2687 880 τάξει
2721 818 2813 870 καὶ
2865 819 2945 888 τῷ
2992 820 3293 890 ἀξιώματι,
3358 827 3525 895 μήπω
3558 828 3613 881 ὲν
3634 835 3736 892 ταῖς

2176 906 2431 971 κγραςραῖς
2485 904 2593 955 τῶν
2621 908 2886 975 ῥημάτων
2939 910 3151 965 τούτων
3193 913 3618 986 εὑρισκομένων,
3657 924 3737 976 καὶ

2181 992 2404 1059 ἐδέξατο
2439 996 2612 1049 ταῦτα
2637 999 2666 1050 ὁ
2694 998 2848 1064 ἅγιος
2874 1002 2968 1056 καὶ
2992 1003 3167 1058 πολὺν
3189 1008 3551 1076 παρακατιὼν
3572 1013 3737 1084 ἐποιή-

2183 1101 2315 1137 σατο
2344 1085 2502 1154 λόγον
2532 1089 2624 1141 τοῦ
2657 1092 2732 1159 μὴ
2761 1092 3097 1161 συνάγεσθαι
3125 1097 3311 1164 τρίτον
3332 1094 3474 1153 εἶναι
3505 1101 3633 1155 αὐτὸ
3659 1108 3738 1161 καὶ

2181 1178 2248 1263 τῇ
2280 1177 2462 1244 φύσει.
2507 1182 2557 1233 εί
2598 1184 2693 1236 καὶ
2744 1187 2809 1254 τῇ
2838 1186 2989 1251 τάξει
3025 1189 3117 1242 καὶ
3143 1189 3221 1259 τῷ
3251 1190 3526 1260 ἀξιώματι
3556 1195 3728 1263 τρίτον

2183 1262 2327 1357 εἶναι
2379 1271 2559 1338 λέγειν
2616 1274 2771 1340 αὐτὸ,
2799 1278 3028 1343 εὐσεϐές
3074 1282 3244 1334 ἐστιν.
3273 1282 3443 1335 Ὠστε
3473 1286 3504 1337 6
3538 1283 3741 1357 ἐλεγχος

2181 1361 2283 1414 οὐκ
2309 1356 2375 1429 ἦν
2400 1365 2550 1435 παρὰ
2575 1365 2667 1418 τοῦ
2701 1368 2859 1435 ἁγίου
2893 1368 2969 1433 ὦς
3003 1388 3056 1423 τι
3078 1372 3484 1443 λυμαινομένης
3542 1375 3636 1445 τῆς
3663 1356 3741 1431 eis.

2196 1453 2417 1516 σεϐείας
2444 1458 2597 1527 παρὰ
2632 1458 2694 1512 τὸ
2740 1459 2923 1529 λέγειν
2950 1463 3041 1515 τὸν
3071 1464 3335 1534 Εὐνόμιον
3387 1466 3573 1535 τρίτον
3619 1466 3742 1524 εἶναι

2187 1543 2413 1614 Πνεῦμα
2442 1551 2507 1618 τῇ
2538 1548 2692 1614 τάξει
2738 1553 2832 1605 καὶ
2875 1554 2955 1623 τῷ
2993 1554 3292 1627 ἀξιώματι,
3338 1557 3473 1611 ἀλλὰ
3506 1560 3653 1629 παρά
3692 1562 3744 1615 τὸ

2185 1634 2369 1703 λέγειν
2400 1639 2569 1693 αὐτὸν
2597 1642 2836 1712 ῥηθῆναι
2882 1645 2951 1698 τά
2986 1646 3129 1715 ῥητὰ
3166 1648 3339 1701 ταῦτα
3383 1650 3537 1719 ποιρά
3585 1652 3741 1719 ἁγίων

2187 1729 2351 1782 τινῶν
2377 1735 2684 1800 προτέρων.
2719 1735 2810 1804 Τῷ
2838 1738 2978 1800 τέως
2999 1738 3110 1806 γάρ
3148 1740 3446 1809 φιλοψευδῆ
3477 1743 3744 1809 ἀποδείξαι

498 1814 823 1903 admittens.
855 1820 1276 1891 enuntiausque,
1324 1839 1343 1873 ι
1383 1829 1443 1876 ut
1515 1822 1733 1891 pietatis
1780 1822 1920 1876 ratio
1976 1832 2082 1877 tra-

2188 1822 2378 1876 τοῦτον
2442 1825 2732 1903 ἠθέλησεν.
2814 1830 3043 1902 Ἐφεξῆς
3100 1833 3159 1887 δὲ
3213 1834 3510 1903 δεξάμενος
3531 1839 3746 1896 ταῦταὸ

494 1908 602 1971 dit,
650 1890 912 1978 dignitate
955 1910 1217 1979 Spiritum
1256 1927 1379 1967 esse
1424 1913 1724 1966 secundum
1758 1927 1787 1966 a
1815 1911 1987 1974 Filio,
2046 1931 2067 1965 ι

498 2020 673 2067 totum
704 2014 1049 2071 refutationis
1094 2024 1259 2085 caput
1285 2017 1660 2071 constitttitiad
1696 2017 2076 2080 refellendum,

495 2104 641 2171 quod
676 2118 748 2159 ex
774 2106 1073 2174 semetipso
1110 2106 1422 2161 crediderat
1468 2105 1775 2160 Euuomius
1800 2146 1814 2169 ,
1852 2106 2072 2160 tertium

496 2194 652 2249 illum
690 2211 812 2252 esse
842 2206 896 2251 et
945 2206 1157 2251 natura.
1192 2196 1446 2263 Quonam
1480 2213 1609 2253 vero
1657 2208 1814 2267 pacto
1846 2198 2082 2267 Spiritus

497 2287 770 2342 secundas
813 2289 879 2342 ad
916 2287 1109 2342 Filium
1147 2297 1331 2357 partes
1386 2303 1619 2355 magnus
1672 2287 1905 2341 Basilius
1952 2302 2079 2356 prn-

496 2376 731 2441 baverit,
758 2388 813 2432 et
835 2379 1115 2448 quomodo
1163 2379 1268 2433 hoc
1302 2378 1430 2432 item
1466 2380 1686 2448 pietatis
1732 2377 2078 2432 traditionem

497 2473 900 2541 nuncupaverit
942 2472 1379 2541 przecedentibns
1426 2470 1635 2526 nostris
1690 2468 2075 2537 sermonibusf,

495 2559 610 2616 Deo
640 2577 797 2631 opem
828 2560 1061 2628 ferente,
1099 2562 1622 2618 demonstravimus.

497 2656 576 2729 μὴ
612 2658 641 2711 ό
694 2656 961 2726 Εὐνόμιος
1015 2651 1161 2725 εἶχεν
1226 2654 1404 2707 εἰπεῖν
1481 2651 1632 2723 παρά
1708 2650 1873 2705 τίνων
1928 2651 2104 2720 ἁγίων
2130 2652 2292 2707 τοῦτο
2348 2655 2670 2728 μεμάθηκεν
2698 2696 2713 2722 ,

494 2741 670 2820 λόγων
696 2749 856 2821 ἡμῶν
894 2749 1324 2820 ἀποδεδείχαμεν
1359 2749 1459 2802 σὺν
1489 2746 1631 2820 Θεῷ.

566 2845 623 2900 6.
664 2841 822 2899 Nunc
851 2850 1032 2897 autem
1064 2843 1171 2896 hoc
1206 2840 1383 2897 solum
1425 2840 1739 2896 necessario
1778 2841 2075 2898 dicendum

494 2937 871 3001 arbitramur,
935 2935 1157 3005 quando
1218 2947 1450 3004 magnus
1516 2931 1754 2988 Basilius
1811 2934 2080 2992 dictiones

501 3032 672 3085 hasce
703 3030 770 3085 ad
801 3043 902 3083 sua
933 3043 1109 3098 usque
1139 3039 1383 3097 tempora
1416 3025 1625 3096 scripto
1657 3027 1883 3082 minime
1914 3028 2082 3082 tradi-

2187 1915 2365 1983 ἅγιος,
2421 1917 2517 1971 καὶ
2574 1921 2711 1983 τοὺς.
2760 1920 2957 1991 λόγους
3038 1925 3234 1991 είπὼν,
3287 1929 3411 1981 καθ’
3459 1930 3557 1994 οὒς
3589 1934 3618 1983 6
3655 1935 3746 2004 τῆς

2180 2008 2465 2075 εὐσεϐείας
2496 2012 2834 2083 παραδίδωσι
2881 2014 3044 2085 λόγος
3097 2017 3375 2089 ἀξιώματι
3420 2021 3481 2074 τὸ
3533 2022 3748 2094 Πνεῦμα

2184 2096 2326 2154 εἶναι
2370 2101 2630 2173 δεύτερον
2673 2105 2770 2158 τοῦ
2815 2105 2970 2170 Υίοῦ,
3005 2125 3027 2158 ι
3054 2112 3115 2161 τὸ
3168 2104 3393 2179 σύμπαν
3440 2111 3747 2182 περιίστησι

2185 2194 2282 2247 τοῦ
2342 2193 2588 2267 ἐλέγχου.
2655 2198 2735 2261 είς
2795 2198 2859 2251 τὸ
2920 2200 3052 2270 παρ’
3082 2202 3279 2255 ἑαυτοῦ
3332 2205 3747 2259 πεπιστευκέναι

2186 2284 2280 2336 τὸν
2308 2284 2575 2356 Εὐνόμιον
2597 2287 2780 2355 λέγειν
2832 2290 2926 2342 καὶ
2960 2290 3149 2361 τρίτον
3204 2292 3340 2345 αὐτὸ
3365 2288 3506 2347 εἶναι
3567 2295 3658 2348 καὶ
3690 2299 3747 2365 τῇ
3826 2348 3837 2355 ,

2189 2375 2371 2444 φύσει.
2399 2378 2589 2442 Ὅπως
2622 2379 2678 2432 δὲ
2711 2380 2807 2433 καὶ
2835 2380 3055 2446 ἐδέξατο
3085 2382 3146 2435 τὸ
3177 2383 3314 2454 πρὸς
3349 2384 3445 2437 τὸν
3480 2384 3614 2438 Υίδν
3640 2390 3751 2440 δευ-

2186 2472 2399 2539 τερεῖον
2442 2470 2539 2525 τοῦ
2603 2473 2920 2543 Πνεύματος
2961 2476 2991 2528 6
3044 2477 3220 2546 μέγας
3272 2477 3597 2544 Βασίλειος,
3662 2481 3747 2532 καὶ

2185 2561 2335 2625 ὅπως
2373 2564 2675 2633 παράδοσιν
2699 2566 2985 2630 εὐσεὸείας
3027 2568 3338 2623 ἀπεκάλεσε
3384 2569 3572 2632 τοῦτο,
3597 2570 3643 2622 εί
3666 2572 3750 2623 καὶ

2809 2660 2868 2712 ἑν
2944 2663 3059 2726 τοῖς
3125 2661 3611 2733 προηγησαμένοις
3654 2661 3753 2715 τῶν

2256 2837 2332 2904 ς’.
2361 2838 2478 2894 Νῦν
2505 2839 2564 2893 δὲ
2587 2841 2748 2895 τοῦτο
2810 2843 2974 2913 μόνον
3011 2845 3188 2899 είπεῖν
3250 2848 3556 2916 ἀναγκαῖον
3598 2853 3754 2921 ἡγω-

2188 2930 2351 2999 μεθα,
2386 2930 2485 2994 ὡς,
2511 2932 2636 2984 ἐπεὶ
2671 2933 2700 2985 6
2724 2932 2897 3002 μέγας
2957 2935 3238 3000 Βασίλειος
3275 2937 3375 3001 τὰς
3423 2939 3603 3006 λέξεις
3635 2940 3754 2994 ταύο

2185 3042 2286 3090 τας
2313 3026 2598 3096 ἀγράφους
2629 3024 2796 3091 οὔσας
2829 3028 3026 3099 μέχρις
3055 3029 3221 3083 αὐτοῦ
3278 3032 3374 3085 καὶ
3410 3031 3632 3098 ἐδέξατο
3668 3035 3755 3086 καὶ

491 3139 583 3188 sas
608 3135 663 3182 et
694 3127 930 3195 excepit,
963 3133 1020 3180 et
1049 3124 1257 3194 scripto
1291 3124 1656 3193 consignavit,
1690 3123 1861 3177 veluti
1898 3136 2082 3177 sacra-

2188 3122 2370 3190 γραφῇ
2404 3120 2807 3191 παραδέδωκεν,
2868 3121 2946 3185 ὡς
2984 3122 3057 3192 μὴ
3118 3123 3541 3190 ἁπεξενωμένας
3602 3125 3755 3186 olida;

500 3233 625 3275 rum
673 3219 1083 3286 Scripturarum
1131 3217 1221 3286 pio
1255 3214 1443 3270 sensui
1478 3225 1902 3279 consentaneas,
1960 3228 2080 3267 ma-

502 3311 724 3375 nifeste,
752 3326 878 3365 cum
914 3310 1128 3364 umbris
1161 3308 1488 3377 depraeliari,
1522 3308 1585 3362 ad
1622 3307 1869 3362 veritatis
1894 3308 2077 3359 lumen

505 3409 803 3470 ttictautcs,
855 3406 946 3474 qui
989 3404 1351 3466 contendunt,
1379 3404 1525 3473 quod
1561 3418 1793 3470 magnus
1844 3400 2080 3454 Basilius

501 3501 754 3555 oratione
806 3515 902 3553 sua
945 3497 1012 3551 de
1060 3495 1190 3551 Fide
1237 3497 1559 3560 asseruerit,
1621 3512 1640 3546 ι
1672 3492 1969 3562 aliquando
2023 3507 2083 3546 se

502 3605 803 3661 usurpasse
852 3591 1129 3645 dictiones
1200 3589 1461 3642 adversus
1528 3587 1696 3643 certis
1741 3585 2081 3653 temporibus

500 3697 727 3738 exortas
770 3684 1004 3736 haereses
1043 3683 1383 3750 tlepupuans.
1418 3679 1527 3735 alio
1553 3690 1796 3743 tempore
1831 3679 1989 3738 alias,
2025 3687 2083 3729 ut

504 3777 815 3831 necessitas
878 3777 1054 3843 ipsum
1110 3774 1511 3844 compellebat,
1553 3791 1571 3824 ι
1629 3773 1884 3825 omnibus
1936 3770 2083 3823 illius

504 3870 671 3923 dictis
702 3868 1028 3939 theologtcis
1081 3866 1468 3921 attendendum
1520 3880 1627 3918 non
1677 3880 1819 3917 esse.
1860 3861 1924 3915 Et
1971 3865 2084 3917 hmo

506 3960 729 4031 quidem
775 3958 841 4012 ad
877 3973 964 4022 ea,
1011 3957 1211 4027 quibus
1263 3954 1565 4009 adversarii
1591 3953 1753 4008 dictae
1800 3951 2084 4022 pericopcs

507 4050 836 4108 sententiam
865 4049 1249 4103 criminantur.

580 4147 635 4200 7.
677 4143 927 4213 Cumque
957 4152 1217 4212 praeterea
1252 4142 1304 4196 in
1341 4141 1451 4197 alio
1501 4139 1775 4196 orationis
1804 4146 2085 4209 segmento

503 4248 732 4299 sanctus
777 4237 1017 4299 scribat,
1061 4254 1081 4287 ι
1119 4234 1270 4290 Haud
1326 4236 1490 4290 dubie
1573 4233 1922 4288 manifestum
1982 4232 2085 4286 hoc

508 4328 852 4396 inﬁdelitatis
886 4336 1272 4398 argumentum
1309 4324 1501 4386 fuerit,
1545 4332 1600 4377 et
1634 4324 1851 4392 signum
1888 4337 2085 4391 supcr-

506 4425 612 4478 hiae
647 4423 1040 4484 certissimum,
1071 4420 1114 4472 si
1147 4419 1273 4489 quis
1306 4432 1498 4473 eorum
1535 4432 1657 4486 quze
1701 4416 1903 4485 scripta
1930 4423 2081 4481 sunt,

2183 3212 2284 3282 τῆς
2330 3214 2471 3265 κατὰ
2507 3212 2605 3285 τὴν
2640 3214 2867 3286 Γραφὴν
2893 3213 3154 3273 εὐσεϐοῦς
3191 3216 3456 3279 διανοίας,
3482 3217 3754 3287 προδήλως

2187 3305 2577 3375 σκιαμαχοῦσι,
2608 3307 2745 3375 πρὸς
2777 3308 2838 3359 τὸ
2862 3308 2963 3376 τῆς
2996 3306 3258 3377 ἀληθείας
3291 3307 3522 3377 μύοντες
3574 3310 3682 3377 φῶς
3710 3311 3754 3360 οἱ

2184 3396 2439 3464 λέγοντες
2501 3397 2596 3462 ὡς,
2670 3400 2791 3451 ἐπεὶ
2820 3400 2848 3452 6
2887 3401 3060 3468 μέγας
3126 3399 3407 3463 Βασίλειος
3437 3404 3496 3453 ὲν
3525 3404 3609 3470 τῷ
3641 3404 3759 3466 περὶ

2183 3487 2426 3550 Πίστεως
2462 3488 2606 3560 λόγῳ
2637 3490 2802 3542 αὐτοῦ
2844 3486 2967 3545 εἶπε
3003 3509 3021 3542 ι
3055 3492 3365 3563 χρήσασθαί
3401 3510 3531 3545 ποτε
3588 3493 3756 3557 λέξεσι

2184 3581 2324 3651 πρὸς
2354 3583 2452 3644 τὰς
2472 3583 2614 3635 κατὰ
2643 3584 2835 3653 καιρὸν
2861 3586 3102 3656 αἱρέσεις
3132 3585 3543 3654 ἀγωνιζόμενος
3577 3586 3758 3640 ἄλλοτε

2184 3673 2397 3737 ἄλλαις,
2455 3673 2530 3736 ὡς
2586 3675 2711 3744 ἂνή
2746 3678 2904 3745 χρεία
2947 3676 3108 3728 αὐτὸν
3157 3677 3603 3743 κατηνάγκασεν,
3644 3694 3664 3727 ι
3694 3676 3749 3728 οὐ

2183 3766 2266 3818 δεῖ
2287 3766 2580 3837 προσέχειν
2645 3767 2849 3829 πάσαις
2902 3768 3023 3830 ταῖς
3075 3767 3382 3835 θεολογίαις
3412 3767 3760 3820 αύτοῦυΚοιὶ

2183 3858 2361 3912 ταῦτα
2421 3857 2520 3927 μὲν
2575 3860 2660 3928 ἐφ’
2689 3855 2769 3921 οἷς
2799 3862 2849 3913 οί
2883 3859 2951 3912 δι’
2992 3861 3245 3923 ἐναντίας
3291 3859 3386 3914 τοῦ
3448 3858 3757 3931 λημματὶου

2185 3951 2509 4005 ἐπελάϐοντο
2537 3953 2635 4022 τῆς
2663 3953 2923 4024 ῥηθείσης
2953 3953 3282 4024 περικοπῆς.

2257 4134 2324 4200 ζ’.
2364 4135 2520 4190 Ἐπεὶ
2550 4134 2610 4188 δὲ
2644 4136 2702 4188 ἐν
2726 4135 2891 4208 ἑτέρᾳ
2917 4136 3082 4191 πάλιν
3133 4137 3231 4191 τοῦ
3263 4137 3425 4207 λόγου
3486 4141 3758 4210 περικοπῇ

2187 4232 2216 4283 6
2245 4229 2401 4298 ἆγιος
2446 4229 2617 4297 λέγει,
2680 4250 2699 4281 ι
2754 4231 2968 4300 Φανερὰ
3033 4230 3309 4295 ἔκπτωσις
3364 4232 3613 4295 πίστεως
3670 4235 3761 4285 καὶ

2190 4322 2574 4392 ὑπερηφανίας
2611 4324 2916 4394 κατηγορία
2943 4323 2977 4393 ἢ
3009 4324 3226 4377 ἀθετεῖν
3269 4341 3349 4377 τι·
3383 4323 3491 4377 τῶν
3518 4341 3764 4395 γεγραμ-

2193 4414 2391 4485 μένων,
2428 4413 2803 4483 ἢέπεισάγειν
2836 4416 2898 4466 τὸ
2932 4414 3006 4485 μὴ
3046 4415 3455 4485 γεγραμμένον,
3492 4434 3513 4466 ι
3553 4417 3650 4468 καὶ
3676 4415 3765 4467 τὸν

508 4514 711 4585 aliquid
746 4512 875 4566 velit
929 4510 1177 4579 rejicere,
1229 4516 1324 4562 aut
1371 4523 1561 4562 eorum
1623 4522 1743 4576 quae
1798 4523 1903 4560 nun
1946 4506 2082 4560 scri-

2194 4477 2523 4559 ζΑπόστολιιν
2578 4477 2816 4576 παράγει
2852 4523 2871 4555 ι
2908 4477 2968 4557 ὲνν
2994 4477 3356 4574 ὐποδτείγματι
3424 4477 3759 4576 ἀνθρωπίνῳ

508 4618 622 4676 pta,
652 4606 1047 4666 introducere,»
1098 4601 1439 4668 adducatque
1471 4598 1813 4667 Apostolum,
1868 4605 2085 4664 sumpto

507 4716 573 4752 cx
639 4697 954 4749 hominibus
1007 4693 1260 4762 exemplo
1312 4689 1800 4745 vehementissime
1851 4687 2085 4741 interdi-

508 4800 746 4850 centem,
803 4802 870 4840 ne
909 4786 1038 4855 quid
1079 4798 1297 4848 corum,
1342 4797 1463 4850 quat
1511 4781 1565 4834 in
1618 4780 1820 4835 divinis
1863 4781 2087 4835 Litteris

508 4883 814 4941 habentur,
857 4879 1106 4933 dematur
1170 4884 1265 4929 aut
1350 4873 1602 4928 addatur.
1661 4873 1751 4926 Sic
1799 4873 1944 4926 enim
2005 4884 2087 4925 est

512 4975 655 5044 apud
690 4973 841 5026 illum
882 4986 898 5024 :
933 4969 1138 5023 Tamen
1204 4966 1444 5021 hominis
1483 4965 1871 5019 conﬁrmatum
1922 4972 2089 5018 testa-

517 5080 763 5123 mentum
799 5078 957 5119 nemo
1026 5060 1236 5129 spernit
1280 5067 1373 5112 aut
1410 5059 1814 5126 superordinat,
1853 5076 1870 5107 ι
1905 5066 1958 5110 et
1993 5058 2091 5111 has

513 5161 809 5219 dictiones,
845 5154 952 5225 ‘qui
1012 5154 1170 5206 nobis
1219 5152 1626 5214 contradicunt,
1673 5150 2090 5220 perpugnaciter

515 5251 862 5320 arripientes,
901 5247 1239 5310 exiSIimant,
1266 5261 1364 5301 nos
1407 5245 1532 5313 jure
1569 5244 1765 5305 merito
1815 5244 2088 5307 incusare,

515 5347 675 5416 quasi
719 5344 859 5397 male
901 5340 1198 5409 egerimus,
1249 5340 1620 5407 nosmetipsos
1668 5352 1793 5391 cum
1849 5335 2088 5390 Ecclesia

520 5438 764 5491 Pomaria
825 5432 1269 5491 reconciliantes.
1329 5447 1450 5498 qua:
1503 5447 1570 5485 ex
1627 5429 1786 5483 Patre
1841 5438 1895 5482 et
1949 5428 2090 5481 Filio

516 5529 782 5597 Spiritum
835 5535 1082 5580 sanctum
1136 5510 1513 5593 procedentem
1552 5523 1604 5574 in
1664 5522 1783 5575 lidei
1830 5521 2092 5591 Symbolo

521 5623 749 5687 recitat;
783 5636 882 5674 nos
920 5624 1066 5673 hunc
1098 5620 1149 5670 in
1189 5617 1408 5670 modum
1441 5614 1816 5669 defensionem
1849 5623 2091 5668 nostram

519 5714 853 5784 digeremus,
900 5720 954 5765 et
990 5708 1302 5777 Itnjnsutodi
1352 5706 1637 5777 pericopcs
1669 5705 1830 5758 verba
1872 5704 2095 5772 ponitis-

520 5804 664 5859 situc
722 5806 1155 5867 considerantes,
1214 5801 1520 5855 orationem
1570 5799 1834 5854 adversus
1887 5797 2092 5851 similia

2189 4598 2563 4668 σφοδροτέρως
2601 4595 3015 4666 ἀπαγορεύοντα
3067 4596 3129 4648 τὸ
3176 4596 3518 4666 προσθεῖναι,
3553 4597 3588 4666 ἦ
3635 4599 3762 4663 ὑφε-

2186 4692 2299 4745 λεῖν
2326 4710 2377 4745 τι
2405 4695 2461 4745 ὲν
2488 4696 2604 4755 ταῖς
2640 4691 3024 4753 θεοπνεύστοις
3063 4692 3331 4761 Γραφαῖς,
3361 4690 3431 4745 δι’
3462 4686 3539 4744 ὧν
3568 4708 3759 4760 φησιν·

2196 4805 2216 4836 ι
2263 4788 2452 4855 Ὅμως
2500 4784 2788 4855 ἀνθρώπου
2838 4784 3233 4855 κεκυρωμένην
3274 4783 3538 4853 διαθήκην
3592 4783 3769 4842 οὐδεὶς

2190 4879 2394 4943 ἀθετεῖ,
2425 4878 2459 4948 ἢ
2495 4878 2959 4943 ἐπιδιατάσσεται,
2996 4897 3014 4929 ι
3055 4880 3149 4931 καὶ
3182 4877 3385 4931 τούτων
3408 4878 3516 4930 τῶν
3570 4875 3768 4942 λέξεων

2191 4971 2352 5024 πάλιν
2402 4972 2452 5023 οἰ
2481 4970 2857 5038 ἀντιλέγοντες
2907 4972 3040 5040 ἡμῖν
3100 4970 3567 5041 ὲνστατικὼτερον
3617 4972 3771 5023 ἀντία

2190 5062 2618 5133 λαμϐανόμενοι,
2665 5063 2919 5117 ἐντεῦθεν
2951 5062 3155 5116 οἴονται
3183 5063 3281 5115 καὶ
3317 5063 3398 5117 ἔτι
3443 5062 3770 5132 ἀπελέγχειν

2191 5157 2377 5219 κακῶς
2411 5156 2780 5223 πεποιηκότας
2818 5159 2993 5225 ἡμᾶς,
3023 5156 3429 5224 σπεισαμένους
3467 5155 3772 5224 Ἐκκλησίᾳ

2189 5251 2258 5318 τῇ
2305 5248 2615 5318 Ῥιιιμαῖικῇ,
2652 5248 2773 5318 ἥτις
2808 5250 2871 5301 ὲκ
2913 5248 3128 5319 Πατρδς
3155 5250 3252 5301 καὶ
3284 5246 3416 5300 Υἱοῦ
3469 5248 3776 5317 tati-topeod-

2197 5359 2357 5410 μενον
2390 5342 2448 5394 τὸ
2480 5341 2703 5409 Πνεῦμα
2736 5341 2799 5394 τὸ
2828 5341 2985 5405 ἅγιον
3015 5343 3073 5393 ἐν
3098 5339 3174 5408 τῷ
3199 5339 3460 5409 Σιδμὸόλῳ
3491 5338 3775 5407 ἀναγινώσ-

2195 5449 2316 5486 σκει
2346 5432 2445 5501 τῆς
2472 5432 2731 5494 πίστεως
2786 5432 2992 5485 τοιόνδε
3045 5432 3141 5484 καὶ
3173 5432 3266 5485 ἐπὶ
3318 5431 3528 5493 τούτοις
3582 5427 3776 5481 ποιού-

2199 5526 2338 5595 μεθα
2376 5526 2466 5576 τὸν
2499 5526 2789 5592 ἀπόλογον,
2821 5526 2940 5578 κατ’
2972 5526 3295 5578 ἐπιστασίαν
3352 5524 3451 5592 τῆς
3503 5522 3773 5588 τοιαύτης

2196 5616 2502 5682 περικοπῆς
2527 5614 2618 5666 τὸν
2647 5616 2913 5683 ἡμέτερσν
2938 5614 3096 5680 λόγον
3118 5614 3321 5666 οὑτωσὶ⁸
3352 5611 3489 5682 πρὸς
3510 5610 3607 5661 τὸν
3634 5610 3771 5677 ἡμῖν

2197 5706 2549 5777 ἀντιλέγοντα
2623 5705 3072 5775 σχηματίζοντες.
3129 5705 3299 5773 Δεῦρο
3350 5704 3413 5773 δὴ
3467 5703 3597 5769 λέγε
3655 5716 3770 5769 μοι.

2197 5801 2343 5862 ὅστις
2408 5799 2473 5853 ἂν
2525 5798 2662 5866 εἴης,
2719 5800 2747 5851 6
2803 5798 2888 5852 διὰ
2956 5799 3014 5851 τὸ
3069 5798 3161 5851 τὸν
3197 5800 3367 5864 μέγαν
3412 5798 3595 5860 λέγειν
3665 5792 3773 5844 Βα-
