3974 6570
176 391 266 456 193

1170 388 1266 447 DE
1305 355 1818 448 puoesssio'NE
1857 387 1919 447 s.
1955 384 2351 446 SPIRI’I‘US.

3291 380 3394 444 194

162 499 337 550 τίλειον
386 493 631 563 φανερὰν
684 491 956 545 ἔκπτωσιν
1024 493 1126 563 τῆς
1175 492 1410 554 πίστεως
1468 490 1612 547 εἶναι
1663 493 1696 563 ἢ

1838 493 1974 547 nobis
2030 493 2354 563 objicientes
2412 491 2846 549 clformabimus.
2903 491 3397 563 Agedumzdicit0

162 590 360 640 ἀθετεῖν
414 603 464 639 τι
515 587 628 638 τῶν
695 583 1140 655 γεγραμμένων,
1203 583 1238 654 ἢ
1296 585 1608 652 ἐπεισάγειν
1662 585 1723 637 τὸ

168 679 240 747 μὴ
314 676 743 744 γεγραμμένον,
803 677 896 726 καὶ
980 675 1066 728 διὰ
1116 675 1178 726 τὸ
1231 673 1322 727 τὸν
1401 673 1722 727 Ἀπόστολον

165 765 519 836 ἀπαγορεύειν
576 765 640 817 τὸ
693 765 1034 834 προσθεῖναι,
1073 765 1105 834 ἢ
1140 763 1370 832 ὑφελεῖν
1408 779 1459 816 τι
1495 767 1554 817 ὲν
1605 767 1726 827 ταῖς

173 858 544 920 θεοπνεύστοις
590 859 854 928 Γραφαίς,
909 860 1177 928 αἱρέσεως
1247 859 1346 928 τὴν
1406 858 1726 929 Ῥωμαϊκὴν

179 950 494 1019 Ἐκκλησίαν
521 950 892 1020 γραφόμενος,
927 953 1016 1006 διὰ
1045 950 1206 1006 τοῦτό
1247 967 1328 1004 σοι
1365 950 1726 1018 ὲγκαλοῦνται

174 1043 444 1108 Ῥωμαῖοι,
499 1043 589 1093 ὅτι
641 1042 750 1094 τῶν
813 1042 1063 1113 Γραικῶν
1121 1045 1178 1096 ὲν
1239 1042 1302 1095 τὸ
1364 1042 1616 1112 συμϐόλῳ
1665 1043 1727 1093 τὸ

169 1133 372 1202 Πνεῦμα
428 1134 492 1184 ἑκ
559 1133 655 1185 τοῦ
704 1135 916 1203 Πατρὸς
977 1136 1414 1207 ἐκπορευόμενον
1469 1135 1726 1205 ἀνομολο-

167 1226 408 1292 γοῦντων,
443 1223 842 1291 προστιθέασιν
868 1220 1038 1292 οὗτοι,
1072 1227 1166 1278 καὶ
1192 1229 1257 1279 ἐκ
1299 1226 1392 1279 τοῦ
1444 1226 1599 1280 Υίοῦ.
1619 1227 1726 1278 Ναὶ
1755 1239 1762 1242 ·

169 1315 360 1376 πάντως
424 1314 517 1366 διὰ
573 1315 734 1366 τοῦτο
791 1317 934 1384 ἐρεῖς
988 1317 1357 1386 παραϐάσεως
1441 1317 1724 1384 εὐσεϐείας

172 1405 453 1474 γράφεσθαί
487 1422 575 1458 σοι
600 1405 690 1458 τὸν
727 1407 950 1470 Ἰταλὸν,
1003 1408 1100 1460 καὶ
1129 1408 1226 1476 τὴν
1277 1407 1370 1460 τοῦ
1404 1407 1607 1460 οἰκείου
1639 1407 1726 1460 λό-

172 1517 251 1565 γον
284 1496 562 1560 ἀπόδειξιν
631 1499 1036 1570 ἐναργεστάτην
1088 1502 1184 1553 καὶ
1237 1499 1604 1569 άναμφίόολον
1632 1497 1721 1570 οἴῃ

169 1586 314 1652 εἶναι,
343 1589 444 1658 τὴν
482 1591 545 1641 ὲν
578 1589 937 1658 Εὑαγγελίοις
963 1591 1073 1662 ,τοῦ
1105 1592 1356 1662 Σωτῆρος
1424 1591 1722 1662 προτείνων

171 1682 359 1752 φωνὴν,
392 1683 452 1734 ὲν
557 1683 587 1735 ό
616 1683 805 1753 Σωτὴρ
850 1683 977 1753 ἔφη,
1013 1703 1032 1736 ι
1063 1684 1125 1737 τὸ
1190 1685 1413 1756 Πνεῦμα
1463 1686 1560 1753 τῆς
1599 1685 1731 1752 ἁλη-

173 1773 324 1837 θείας,
351 1773 378 1825 ὃ
415 1774 575 1844 παρὰ
619 1775 716 1827 τοῦ
773 1775 984 1844 Πατρὸς
1017 1776 1402 1846 ἐκπορεύεται.
1444 1793 1463 1827 ι
1510 1774 1730 1843 Ἐπιφέ-

174 1883 270 1937 ρεις
328 1868 436 1937 γὰρ
491 1868 599 1935 ὡς,
632 1867 726 1920 τοῦ
781 1868 1034 1939 Σωτῆρος
1097 1868 1239 1921 οὕτω
1278 1886 1342 1936 γε
1371 1870 1675 1938 εἰρηκότος,
1701 1870 1730 1921 ό
1762 1852 1803 1908 Β

171 1959 460 2027 προστιθεὶς
512 1960 600 2026 τὸ,
657 1961 752 2012 καὶ
791 1962 855 2013 ὲκ
886 1961 980 2013 τοῦ
1044 1961 1198 2026 Υίοῦ,
1229 1962 1332 2031 τὴν
1353 1960 1728 2030 Εὑαγγελικὴν

174 2052 574 2122 παραχαράττει
645 2053 930 2124 ἀλήθειαν,
958 2053 1178 2118 καὶτὰς
1233 2055 1728 2124 ἀναγεγραμμένας

176 2143 255 2197 τοῦ
285 2146 525 2214 μεγάλου
571 2147 859 2199 Βασιλείου
883 2147 1135 2216 περὶτῆς
1171 2146 1490 2217 προσθήκης
1546 2147 1730 2214 φωνὰς

175 2240 241 2302 εἰς
285 2240 643 2311 καταδρομὴν
702 2241 785 2293 ὅτι
827 2239 1029 2310 πολλὴν
1057 2239 1152 2292 τοῦ
1201 2239 1404 2292 Ἰταλοῦ
1452 2238 1728 2309 πανταχοῦ

177 2327 253 2380 τοῦ
285 2328 440 2398 λόγου
476 2329 801 2400 προφέρεις.

234 2526 297 2590 η’.
343 2520 482 2572 Ἀλλ’
513 2519 631 2574 ἴσθι
659 2520 736 2584 ὡς
763 2520 863 2574 οὐκ
897 2520 1140 2586 ἄλλοθεν,
1172 2520 1287 2574 ἀλλ’
1317 2521 1379 2586 ἐξ
1421 2519 1587 2574 αὐτοῦ
1629 2521 1726 2574 τοῦ

177 2611 263 2680 τῆς
289 2611 570 2680 θεολογίας
621 2616 864 2684 κήρυκος
897 2615 1179 2667 Βασιλείου
1223 2614 1315 2668 τοῦ
1359 2615 1502 2667 πάνυ
1533 2615 1734 2686 ἁποίσῃ

184 2702 262 2756 καὶ
293 2702 452 2755 πάλιν
476 2703 576 2756 τὸν
611 2703 854 2774 ἔλεγχον,
900 2704 1090 2774 ὥσπερ
1119 2705 1213 2759 οῦν
1252 2706 1357 2758 κάν
1389 2707 1503 2768 τοῖς
1535 2706 1733 2773 προτέ-

181 2809 301 2860 ροις,
327 2793 420 2846 καὶ
446 2795 552 2848 οὐκ
587 2794 651 2860 ἐξ
674 2796 835 2849 αὑτοῦ
865 2797 985 2866 μὲν,
1019 2799 1083 2849 ἐκ
1106 2797 1212 2849 τῶν
1236 2798 1292 2850 ἐν
1322 2796 1500 2860 ἄλλοις
1530 2797 1585 2850 δὲ
1616 2797 1735 2851 θεο-

181 2885 500 2952 λογηθέντων
553 2889 691 2952 ἴσως
729 2887 899 2956 αὐτῷ,
935 2888 1051 2943 ἀλλ’
1079 2889 1138 2955 ἐξ
1171 2891 1342 2959 αὐτῆς
1369 2891 1465 2960 τῆς
1498 2892 1557 2942 ὲν
1586 2890 1736 2962 αῦτῷ

180 2974 246 3044 τῷ
280 2977 438 3048 λόγῳ,
469 2974 648 3049 οὗπέρ
703 2983 810 3036 εισι
859 2981 954 3034 καὶ
985 2982 1040 3034 al
1077 2983 1618 3052 προανατεταγμέναι
1643 3000 1740 3036 πε-

185 3069 406 3134 ρικοπαὶ,
443 3071 765 3142 ἐκδοθείσης
791 3071 921 3142 παρ’
953 3072 1120 3126 αὑτοῦ
1169 3073 1426 3138 πίστεως,
1461 3075 1586 3144 ἥτις
1639 3075 1734 3128 καὶ

1830 586 1984 648 mihi,
2035 587 2285 654 quisquis
2318 584 2506 652 fueris,
2550 586 2667 656 qui,
2712 586 2856 656 quod
2901 599 3130 654 magnus
3162 584 3398 640 Basilius

1829 675 2010 728 fassus
2042 687 2144 739 est,
2178 676 2529 732 manifestum
2567 693 2691 732 esse
2737 676 3075 732 inlidelitatis
3100 691 3394 748 argumen-

1829 775 1966 831 tum,
2021 782 2086 820 ex
2139 767 2226 832 iis,
2282 783 2403 836 quae
2461 769 2748 838 scriptioni
2804 770 3185 823 commendata
3241 776 3392 830 sunt,

1827 858 2032 928 aliquid
2062 859 2312 928 rejicere,
2350 861 2463 914 sive
2489 877 2552 915 ex
2583 863 2674 928 iis,
2711 877 2833 931 qua:
2864 861 3064 931 scripta
3095 875 3204 914 nun
3241 867 3391 923 sunt,

1827 952 2218 1017 introducere;
2294 963 2348 1006 et
2417 954 2563 1023 quod
2619 954 2919 1024 Apostolus
2975 955 3229 1024 prohibet
3302 959 3399 1010 aut

1827 1045 2050 1108 addere,
2110 1028 2203 1097 aut
2254 1045 2474 1126 demere
2526 1047 2729 1116 aliquid
2781 1063 2844 1101 ex
2911 1049 3136 1102 numine
3202 1049 3398 1103 aﬂlatis

1827 1137 2146 1206 Scripturis,
2183 1138 2450 1192 haereseos
2483 1139 2689 1193 crimen
2717 1137 2975 1194 Romana:
3007 1142 3258 1197 Ecclesia:
3293 1158 3394 1212 ap-

1828 1229 2025 1298 pingis,
2083 1238 2476 1299 proptereaque.
2539 1244 2662 1284 reos
2719 1233 2834 1301 agis
2893 1233 3187 1298 Romanos,
3251 1235 3398 1300 quod

1827 1319 2032 1375 Graecis
2057 1320 2110 1373 in
2145 1318 2406 1389 Symbolo
2438 1321 2698 1390 Spiritum
2727 1337 2792 1374 ex
2823 1321 2982 1377 Patre
3013 1324 3398 1390 procedentem

1826 1412 2330 1480 pronuntiantibus,
2378 1413 2453 1466 illi
2502 1412 2732 1475 addunt.
2779 1423 2832 1466 et
2878 1430 2942 1467 ex
2995 1414 3150 1469 Filio.
3180 1415 3256 1469 Ita
3314 1422 3404 1472 est

1825 1503 2084 1568 omnino,
2156 1504 2409 1572 inquies,
2465 1506 2770 1573 meritoque
2824 1515 2942 1558 ate
2995 1505 3184 1560 Italum
3232 1509 3401 1562 veluti

1827 1596 2045 1663 pietatis
2072 1597 2394 1650 violatorem
2419 1598 2691 1662 accusari,
2724 1597 2914 1667 tuique
2943 1600 3070 1653 dicti
3115 1601 3399 1668 probatio-

1829 1703 1952 1740 nem
2005 1687 2413 1758 apertissimam
2463 1705 2606 1754 esse,
2653 1701 2702 1744 et
2756 1704 2984 1759 prorsus
3034 1691 3400 1746 certissimam

1835 1779 2146 1844 arbitraris,
2193 1781 2565 1850 evangelicam
2619 1781 2925 1835 Servatoris
2959 1796 3146 1835 vocem
3197 1797 3402 1852 propo-

1833 1887 1989 1936 nens,
2031 1888 2137 1942 qua
2176 1871 2437 1927 Servator
2484 1873 2886 1943 pronuntiavit,
2926 1891 2945 1925 α
2987 1862 3224 1941 Spiritus
3257 1875 3402 1927 veri-

1833 1965 1978 2026 tatis,
2029 1965 2120 2034 qui
2178 1981 2208 2019 a
2255 1964 2417 2019 Patre
2459 1967 2702 2035 procedit
2730 1969 2795 2020 ".
2831 1983 2851 2016 ι
2888 1965 3063 2019 lnlers
3105 1966 3402 2035 siquidem,

1831 2056 2121 2113 Servatore
2181 2058 2254 2112 ita
2303 2068 2603 2122 asserente,
2651 2059 2744 2128 qui
2792 2058 2962 2123 addit,
3007 2057 3071 2113 Et
3119 2075 3184 2114 ex
3238 2059 3400 2124 Filio,

1831 2151 2201 2220 evangelicam
2249 2151 2534 2206 veritatem
2574 2151 2878 2225 adulterat;
2921 2161 2980 2206 ut
3011 2167 3173 2220 supra
3208 2153 3399 2208 allatas

1832 2244 2016 2313 magni
2067 2243 2252 2297 Basilii
2304 2259 2469 2299 voces
2541 2245 2610 2299 de
2687 2245 3004 2310 auditione,
3060 2246 3406 2299 vehementer

1784 2334 2029 2388 rltalum
2087 2335 2466 2402 criminando,
2531 2337 2763 2406 singulis
2817 2337 3083 2392 orationis
3142 2338 3405 2390 membris

1833 2428 2008 2483 volvis
2039 2429 2400 2498 revolvisque.

1904 2519 1958 2574 8.
1995 2520 2381 2575 Verumtamen
2434 2522 2596 2589 scito,
2643 2539 2750 2576 non
2782 2540 2845 2576 ex
2877 2522 3023 2586 aliis,
3059 2523 3152 2577 sed
3179 2538 3243 2575 ex
3278 2522 3410 2592 ipsis

1836 2617 2018 2683 magni
2077 2615 2367 2684 theologize
2422 2617 2687 2685 praeconis
2753 2615 2934 2670 Basilii
2982 2615 3165 2668 verbis
3211 2629 3402 2667 rursus

1836 2705 2186 2772 rel‘utaberis,
2219 2707 2680 2778 quemadmodum
2713 2717 2766 2761 et
2799 2708 2863 2762 de
2891 2709 3010 2763 aliis
3041 2723 3202 2776 sopra
3237 2724 3406 2776 expo-

1837 2799 2071 2864 suimus,
2113 2814 2288 2867 neque
2335 2813 2400 2852 ex
2437 2799 2630 2867 ipsius,
2677 2800 2770 2853 sed
2821 2801 2873 2852 in
2908 2800 3030 2854 aliis
3083 2799 3408 2853 tractatibus

1837 2892 1906 2946 ab
1926 2892 2116 2946 eodem
2149 2893 2215 2947 de
2261 2893 2423 2948 rebus
2449 2893 2650 2948 divinis
2679 2894 2935 2959 decretis,
2998 2896 3090 2949 sed
3124 2909 3190 2951 ex
3216 2895 3406 2949 eadem

1839 2985 2074 3055 metipsa
2104 2985 2377 3052 oratione,
2408 2985 2567 3055 cujus
2590 2995 2645 3040 et
2668 3002 2834 3055 supra
2866 2987 3099 3041 adducta
3128 2997 3408 3057 segmenta

1842 3084 1997 3142 sunt,
2044 3085 2098 3132 et
2125 3076 2234 3133 ﬁde
2289 3078 2343 3132 in
2382 3093 2446 3132 ea
2493 3078 2714 3141 tradita,
2765 3094 2886 3147 qua:
2912 3078 3058 3132 hunc
3095 3080 3148 3132 in
3190 3080 3410 3133 modum

183 3161 332 3225 οὕτως
352 3165 442 3218 ἐπὶ
464 3165 672 3233 λέξεων
699 3166 840 3238 ἔχει·
880 3186 899 3219 α
932 3167 1212 3221 Βασιλείου
1245 3167 1462 3231 ἐκθεσις
1483 3170 1737 3232 πίστεως.

1847 3184 1946 3223 nec
1987 3169 2111 3224 aliis
2145 3169 2326 3224 verbis
2358 3170 2621 3238 producta
2652 3179 2758 3224 est.
2792 3187 2813 3221 ι
2849 3171 3135 3226 Credimus
3169 3171 3334 3241 igitur
3359 3179 3414 3225 et

189 3252 492 3326 Πιστεύομεν
541 3259 732 3313 τοίνυν
778 3259 869 3311 καὶ
914 3260 1290 3330 ὁμολογοῦμεν
1322 3264 1400 3324 εὶς
1439 3263 1533 3314 ἕνα
1582 3263 1742 3334 μόνον
1775 3287 1788 3312 ι.

188 3342 438 3412 ἀληθινὸν,
492 3347 710 3415 ἀγαθὸν
739 3347 893 3414 Θεὸν,
930 3351 1150 3422 Πατέρα
1185 3354 1601 3422 παντοκράτορα
1625 3393 1639 3417 ,
1683 3351 1744 3417 ἐξ

188 3433 240 3488 0-5
277 3436 339 3491 τὰ
387 3439 595 3504 πάντα,
648 3439 738 3493 τὸν
775 3440 907 3494 Θεὸν
957 3446 1052 3495 καὶ
1105 3445 1322 3512 Πατέρα
1388 3445 1481 3498 τοῦ
1534 3446 1740 3517 Κυρίου

191 3529 323 3595 ἡμῶν
369 3532 464 3584 καὶ
504 3530 648 3584 Θεοῦ
694 3532 866 3603 Ἰησοῦ
911 3533 1147 3604 Χριστοῦ
1181 3551 1195 3566 ο
1257 3535 1350 3588 καὶ
1387 3537 1466 3598 εις
1512 3536 1608 3590 ινα
1652 3538 1742 3590 τὸν

198 3624 430 3692 μονογενῆ
466 3621 641 3675 αὐτοῦ
671 3623 820 3686 Υίὸν,
866 3626 1072 3696 Κύριον
1120 3627 1212 3679 καλ⁸
1243 3626 1375 3679 Θεὸν
1423 3628 1578 3698 ἡμῶν
1641 3629 1745 3696 ’1η-

200 3712 307 3763 σοῦν
351 3713 613 3784 Χριστὸν,
682 3715 842 3785 μόνον
888 3715 1162 3787 ἀληθινὸν,
1216 3718 1284 3771 δι’
1332 3709 1392 3770 οῦ
1435 3721 1504 3772 τὰ
1564 3721 1742 3774 πάντα

196 3804 405 3872 ἐγένετο,
433 3806 503 3859 τά
535 3822 600 3858 τε
627 3807 800 3878 ὁρατὰ
836 3811 931 3860 καὶ
962 3809 1031 3862 τὰ
1076 3810 1304 3878 ἀόρατα,
1353 3811 1446 3864 καὶ
1484 3813 1542 3863 ὲν
1673 3812 1742 3865 τὰ

199 3896 352 3950 πάντα
397 3901 734 3970 συνέστηκεν
763 3915 778 3930 ο
829 3899 886 3964 ὃς
921 3903 980 3954 ὲν
1013 3902 1154 3973 ἀρχῇ
1199 3897 1267 3972 ἦν
1301 3904 1434 3974 πρὸς
1463 3909 1553 3956 τὸν
1584 3904 1738 3968 Θεὸν,

199 3986 280 4038 καὶ
299 3987 420 4052 Θεὸς
446 3985 538 4061 ἦν,
575 3991 669 4043 καὶ⁹
697 3990 834 4059 μετὰ
872 3989 1044 4043 ταῦτα
1068 3992 1208 4044 κατὰ
1246 3992 1343 4062 τὴν
1381 3991 1602 4063 Γραφὴν
1648 3994 1741 4046 ἐπὶ

197 4079 281 4149 τῆς
308 4081 402 4151 γῆς
435 4081 621 4153 ὤφθη,
654 4085 751 4136 καὶ
790 4085 904 4146 τοῖς
933 4083 1242 4154 ἀνθρώποις
1277 4087 1692 4156 συνανεστράφη
1724 4102 1738 4116 ·

197 4166 247 4232 ὅς
267 4173 318 4224 ὲν
351 4179 527 4247 μορφῇ
558 4175 697 4228 Θεοῦ
728 4176 990 4246 ὑπάρχων
1033 4177 1134 4246 οὐχ
1161 4177 1455 4247 ἁρπαγμὸν
1498 4179 1742 4248 ἡγήσατο

197 4256 250 4308 τὸ
272 4256 396 4314 εἶναι
424 4263 513 4316 [σα
549 4263 693 4333 Θεῷ,
720 4264 836 4317 ἀλλ’
867 4265 1060 4319 ἑαυτὸν
1091 4266 1324 4318 ὲκένωσε
1344 4305 1360 4333 ,
1405 4269 1498 4320 καὶ
1526 4267 1615 4320 διὰ
1643 4271 1742 4338 τῆς

199 4349 255 4400 ὲκ
280 4349 544 4422 Παρθένου
584 4357 890 4425 γεννήσεως
924 4359 1138 4427 μορφὴν
1164 4357 1351 4410 δούλου
1397 4357 1597 4424 λαϐὼν,
1647 4362 1740 4412 καὶ

203 4441 416 4510 σχήματι
444 4446 693 4515 εὑρεθεὶς
723 4448 799 4509 ὡς
843 4448 1152 4518 ἄνθρωπος,
1182 4450 1360 4503 πάντα
1395 4452 1463 4504 τά
1502 4452 1581 4514 εις
1607 4452 1739 4505 ἐαυ-

200 4527 277 4580 τὸν
319 4534 408 4584 καὶ
446 4539 580 4606 περὶ
615 4536 809 4588 ἑαυτοῦ
855 4541 1219 4609 γεγραμμένα
1265 4541 1552 4612 ἐπλήρωσε
1599 4544 1740 4596 κατὰ

205 4622 286 4688 τὴν
314 4623 524 4696 ἐντολὴν
559 4625 653 4679 τοῦ
691 4628 926 4698 Πατρὸς,
956 4631 1250 4698 γενόμενος
1294 4633 1532 4703 ὑπήκοος
1580 4637 1742 4705 μέχρι

206 4709 427 4781 θανάτου,
459 4719 694 4771 θανάτου
724 4720 780 4772 δὲ
820 4721 1079 4791 σταυροῦ.
1123 4723 1233 4775 Καὶ
1262 4727 1326 4796 τῇ
1359 4727 1516 4799 τρίτῃ
1557 4729 1743 4801 ἡμέρᾳ

207 4802 423 4873 ἐγερθεὶς
463 4813 530 4863 ὲκ
580 4813 788 4882 νεκρῶν
815 4815 956 4866 κατὰ
1001 4814 1097 4877 τὰς
1135 4815 1378 4886 Γραφὰς,
1427 4816 1580 4890 ὤφθη
1632 4824 1743 4884 τοῖς

208 4895 356 4963 ἁγίοις
384 4902 545 4955 αὑτοῦ
573 4907 844 4972 μαθηταῖς
895 4906 990 4959 καὶ
1032 4909 1143 4971 τοῖς
1176 4911 1400 4975 λοιποῖς,
1435 4911 1510 4974 ὼς
1539 4913 1743 4981 γέγρα-

209 5003 338 5044 πται.
378 4992 570 5063 Ἀνέϐη
616 5011 674 5047 τε
723 4997 805 5059 είς
836 5000 1117 5067 οὐρανοὺς,
1154 4999 1248 5053 καὶ
1275 5002 1510 5072 κάθηται
1551 5003 1608 5054 ἐν
1652 5001 1740 5054 δε·-

210 5076 286 5149 ξιᾷ
326 5084 413 5138 τοῦ
461 5088 696 5154 Πατρὸς,
747 5089 871 5141 ὅθεν
919 5091 1140 5160 ἔρχεται
1183 5093 1274 5146 ἐπὶ
1315 5094 1596 5164 συντελείᾳ
1643 5095 1739 5148 τοῦ

211 5173 377 5238 αἰῶνος
420 5180 635 5245 τούτου,
687 5175 986 5250 ἀναστῆσαι
1046 5184 1254 5247 πάντας
1299 5185 1391 5237 καὶ
1444 5186 1742 5241 ἀποδοῦναι

211 5263 395 5337 ἑκάστῳ
426 5271 568 5322 κατὰ
596 5271 694 5341 τὴν
733 5274 934 5341 πρᾶξιν
972 5274 1136 5328 αὐτοῦ
1163 5291 1178 5307 ·
1213 5278 1301 5331 ὅτε
1328 5279 1378 5330 oi
1415 5279 1516 5348 μὲν
1538 5280 1740 5332 δίκαιοι

214 5359 691 5433 προσληφθήσονται
736 5367 818 5428 εἰς
867 5367 1012 5437 ζωὴν
1061 5369 1280 5423 αἰώνιον
1313 5373 1406 5423 καὶ
1453 5371 1738 5438 βασιλείαν

214 5449 449 5520 οὐρανῶν,
484 5459 533 5508 oi
565 5458 620 5510 δὲ
645 5461 962 5529 ἁμαρτωλοὶ
1006 5465 1502 5536 κατακριθήσονται
1534 5469 1614 5529 εἰς
1645 5469 1745 5520 κά·

215 5537 346 5593 λασιν
369 5547 600 5614 αἰώνιον,
638 5553 773 5604 ὅπου
815 5555 842 5605 ὁ
896 5554 1110 5625 σκώληξ
1141 5556 1201 5608 οὐ
1233 5560 1479 5627 τελευτᾷ,
1532 5561 1625 5612 καὶ
1683 5560 1744 5612 τὸ

219 5628 312 5701 πῦρ
339 5637 394 5687 οὺ
421 5640 722 5699 σϐέννυται.
759 5646 866 5698 Καὶ
892 5647 948 5697 ἓι
980 5649 1138 5714 μόνον
1174 5649 1398 5719 Πνεῦμα
1437 5654 1610 5720 ἅγιον,
1650 5653 1743 5705 τὸν

279 5791 320 5822 ³⁸
339 5791 484 5848 Joan.
520 5815 603 5866 xv,
637 5801 726 5854 26.

1845 3267 2174 3316 conlitemur
2228 3279 2396 3315 unum
2438 3264 2649 3328 solum,
2709 3269 2764 3316 et
2819 3277 3042 3328 verum,
3097 3273 3150 3316 et
3207 3265 3409 3316 bonum

1846 3353 2039 3420 Deum,
2079 3363 2131 3406 et
2179 3354 2393 3408 Patrem
2444 3355 2895 3424 omnipotentem,
2931 3370 2999 3408 ex
3040 3370 3150 3424 quo
3199 3355 3409 3419 omnia,

1845 3447 2013 3500 Deum
2046 3445 2264 3499 Patrem
2314 3447 2530 3500 Domini
2565 3457 2617 3498 et
2659 3445 2749 3499 Dei
2788 3445 2962 3499 nostri
3000 3443 3127 3499 Jesu
3156 3444 3358 3500 Christi
3393 3462 3409 3499 :

1845 3539 1909 3592 Et
1957 3539 2179 3591 unicum
2227 3538 2564 3606 unigenitum
2615 3536 2732 3604 ejus
2782 3535 3000 3602 Filium,
3034 3535 3325 3589 Dominum
3358 3546 3411 3590 et

1845 3631 2013 3684 Deum
2066 3639 2315 3683 nostrum
2363 3628 2548 3683 Jesum
2595 3629 2898 3695 Christum,
2940 3629 3142 3694 solum,
3197 3645 3408 3693 verum,

1842 3739 1940 3793 per
1991 3739 2152 3792 quem
2209 3725 2391 3776 omnia
2437 3721 2581 3775 faeta
2633 3730 2801 3785 sunt,
2853 3721 3194 3789 visibiliaque
3249 3731 3412 3790 atque

1845 3815 2164 3879 invisibilia,
2221 3816 2359 3868 etin
2397 3830 2506 3884 quo
2549 3817 2733 3866 omnia
2781 3822 3056 3876 constant,
3098 3812 3302 3881 quique
3354 3830 3411 3865 ιιι

1843 3908 2114 3979 principio
2158 3919 2276 3962 erat
2310 3907 2452 3976 apud
2503 3905 2700 3970 Deum,
2757 3915 2811 3958 et
2849 3903 2994 3957 Deus
3041 3915 3161 3957 erat
3204 3913 3256 3957 et
3292 3916 3413 3972 post

1845 4003 1958 4055 haec
2003 4003 2304 4056 secundum
2348 3999 2663 4068 Scripturas
2715 4001 2768 4051 in
2805 4000 2966 4052 terris
3018 3999 3170 4051 visus
3217 4008 3322 4063 est,
3358 4007 3414 4052 et
3471 4027 3474 4030 ~

1843 4110 1966 4149 cum
2034 4090 2354 4147 horninibus
2413 4101 2774 4145 conversatus
2844 4098 2946 4144 est.
3006 4087 3111 4154 Qui
3167 4104 3292 4143 cum
3356 4091 3410 4144 in

1837 4187 2018 4241 forma
2051 4185 2146 4238 Dei
2176 4194 2343 4252 esset,
2375 4201 2482 4238 non
2524 4184 2770 4254 rapinam
2816 4183 3116 4238 arbitratus
3147 4192 3232 4237 est
3283 4198 3406 4237 esse

1843 4297 1902 4337 se
1943 4281 2207 4349 aequalem
2254 4279 2385 4343 Deo,
2433 4279 2527 4332 sed
2586 4279 2940 4346 semetipsum
2983 4279 3288 4332 exinanivit
3321 4288 3414 4332 :et

1841 4389 1938 4443 per
1981 4373 2316 4430 nativitatem
2358 4386 2424 4424 ex
2465 4371 2680 4439 Virgine
2721 4369 2954 4423 fortnam
2996 4369 3140 4425 servi
3168 4385 3289 4424 cum
3322 4386 3416 4424 ac-

1844 4466 2100 4532 cepisset,
2131 4473 2184 4515 et
2209 4461 2400 4514 habitu
2432 4461 2684 4515 inventus
2722 4474 2869 4516 esset
2902 4472 2961 4516 ut
2995 4462 3178 4523 homo,
3203 4463 3412 4526 omnia,

1844 4573 1966 4626 quae
2000 4557 2052 4608 in
2085 4558 2290 4624 ipsum,
2331 4565 2386 4609 et
2417 4555 2483 4608 de
2514 4553 2634 4623 ipso
2667 4557 2867 4624 scripta
2901 4555 3145 4623 fuerunt,
3175 4559 3416 4627 comple-

1847 4649 1950 4709 vit,
1997 4650 2295 4700 secunduin
2352 4649 2663 4700 mandatum
2707 4645 2886 4703 Patris
2928 4647 3107 4702 factus
3154 4649 3414 4704 obedieus

1846 4753 2019 4807 usque
2049 4738 2115 4792 ad
2149 4748 2402 4801 mortem,
2444 4747 2672 4791 mortem
2708 4747 2887 4792 autem
2931 4741 3131 4794 crucis.
3166 4741 3232 4794 Et
3265 4753 3406 4810 post.

1847 4848 2011 4898 quam
2043 4831 2199 4884 tertia
2228 4831 2316 4885 die
2352 4832 2743 4885 resurrexisset
2775 4847 2806 4884 a
2853 4834 3084 4887 mortuis
3112 4840 3402 4889 secundum

1848 4923 2184 4991 Seripturus,
2215 4923 2366 4976 visus
2409 4931 2494 5000 est
2538 4936 2568 4975 a
2621 4923 2831 4976 sanctis
2860 4923 3142 4992 discipulis
3183 4926 3320 4992 suis,
3363 4946 3402 4978 ea

1847 5014 2092 5082 reliquis,
2126 5013 2272 5066 sicut
2301 5012 2564 5080 scriptum
2588 5011 2670 5066 est
2697 5026 2712 5066 :
2746 5010 2813 5064 Et
2835 5013 3080 5066 ascendit
3107 5015 3162 5067 in
3186 5016 3412 5080 C(Billllt,

1848 5115 1906 5161 et
1928 5108 2082 5160 sedet
2117 5104 2184 5158 ad
2213 5105 2496 5159 dexteram
2544 5105 2742 5167 Patris,
2781 5105 2924 5160 unde
2955 5117 3213 5160 venturus
3241 5120 3325 5162 est
3360 5109 3412 5162 in

1848 5197 2336 5254 consummatione
2366 5198 2551 5252 saeculi
2584 5197 2744 5266 hujus
2778 5198 2846 5252 ad
2879 5198 3199 5254 excitandos
3221 5209 3412 5255 Omnes

1846 5300 1902 5346 et
1929 5291 2264 5355 reddendum
2302 5292 2770 5360 unicuiquejuxta
2802 5307 2940 5361 Opus
2974 5293 3123 5348 illius
3151 5309 3167 5346 :
3192 5296 3412 5362 quando

1837 5381 1973 5448 justi
2005 5383 2225 5451 quidem
2273 5396 2624 5436 assumeutur
2658 5384 2723 5438 ad
2755 5389 2919 5439 vitam
2972 5397 3256 5451 aeternam,
3289 5400 3415 5454 pec-

1844 5481 2058 5525 calores
2088 5487 2214 5524 vero
2248 5477 2583 5540 sempiterno
2619 5474 2944 5528 addicentur
2995 5476 3284 5544 supplicio,
3319 5476 3410 5530 ubi

1847 5565 2044 5616 vermis
2088 5578 2278 5616 eorum
2328 5579 2437 5617 non
2492 5566 2744 5632 moritur,
2778 5578 2832 5621 et
2865 5567 3006 5637 ignis
3045 5585 3148 5621 non
3198 5569 3410 5622 exstin-

1848 5654 2046 5722 guitur.
2082 5654 2372 5711 Credimus
2407 5655 2536 5710 item
2569 5673 2737 5712 unum
2772 5660 2948 5714 solum
2992 5660 3253 5728 Spiritum
3288 5675 3416 5714 san-
