3974 6596
549 359 651 423 1‘35

1573 351 1786 415 JOAN.
1823 347 2041 412 VECCI
2078 346 2141 408 Cl

2245 344 2751 408 PATRIARCHi’E
3701 340 3778 405 196

544 484 720 537 ctum,
746 469 1120 531 Paracletum,
1162 467 1214 520 iii
1253 479 1363 536 quo
1393 462 1666 534 obsignati
1707 473 1901 516 sumus
1933 459 1987 513 iii
2033 459 2121 514 die

2245 458 2611 529 Ῑαράκλητον,
2645 459 2706 512 τὸ
2736 456 2960 529 Πνεῦμα
2991 456 3092 528 τῆς
3127 455 3408 527 ἀληθείας,
3445 455 3508 508 ὲν
3534 446 3579 523 ᾧ
3606 455 3762 526 keeps

546 561 961 631 redemptionis,
1025 559 1291 634 Spiritum
1350 556 1616 617 veritatis,
1667 552 1929 622 Spiritum
1986 550 2123 605 ado-

546 655 768 723 ptionis.
805 655 856 706 in
898 668 1011 722 quo
1048 652 1370 713 clariiainus,
1405 648 1555 701 Abba
1588 647 1769 709 Pater,
1805 645 1896 715 qui
1934 642 2125 699 dividit

546 759 600 800 et
647 746 940 799 ellicaciter
981 756 1244 815 operatur
1278 741 1444 803 dona,
1491 754 1615 808 quae
1665 754 1694 793 a
1742 737 1853 791 Deo
1899 737 2123 794 dantur.

548 838 806 908 singulis,
837 845 1002 905 prout
1057 834 1196 899 vult,
1230 833 1296 887 ad
1348 832 1636 885 utilitatem
1666 844 1681 881 :
1710 827 1995 897 Spiritum,
2040 824 2127 877 in-

542 946 736 1000 quam,
786 943 1130 999 quaecunque
1190 926 1457 979 audiverit
1502 938 1533 978 a
1563 920 1698 974 Filio
1729 920 2017 973 docentem
2071 925 2126 970 et

540 1031 987 1074 comnioneiitein
1058 1017 1245 1071 omnia
1291 1033 1305 1069 :
1367 1015 1606 1079 bonum,
1655 1012 2012 1065 deducentem
2072 1005 2127 1061 in

546 1126 769 1164 omnem
800 1109 1110 1172 veritatem,
1150 1117 1206 1161 et
1240 1106 1654 1161 eniiliriiiaiitem
1681 1117 1874 1156 omnes
1901 1100 2132 1156 creden-

548 1211 632 1256 tes
678 1200 745 1255 ad
776 1201 1142 1270 cognitionem
1184 1213 1367 1252 veram
1416 1208 1471 1251 ct
1509 1205 1785 1259 exactam,
1819 1204 1873 1248 et
1919 1192 2127 1247 eultutn

551 1291 642 1345 Dei
698 1294 889 1361 piuni,
935 1303 989 1347 et
1030 1292 1407 1345 adoratioiicm
1457 1289 1796 1360 spiritalem,
1837 1297 1891 1342 et
1946 1298 2128 1338 veram

544 1382 954 1439 confessionem
1004 1383 1096 1438 Dei
1150 1383 1352 1446 Patris,
1403 1383 1781 1452 uiiigeiiitique
1819 1379 1940 1450 ejus
1984 1377 2129 1441 Filii,

544 1476 877 1547 Doiiiiiiique
907 1492 972 1531 ac
1006 1474 1103 1531 Dei
1134 1476 1310 1530 nostri
1340 1474 1469 1529 Jesu
1505 1474 1735 1528 Christi.
1773 1473 1837 1526 Et
1865 1474 1983 1526 hinc
2009 1472 2127 1541 ipsa

545 1570 799 1639 equidem
843 1570 946 1621 tria
972 1570 1193 1621 nomina
1224 1582 1481 1622 seorsum
1520 1566 1737 1635 singula
1768 1580 1924 1620 suam
1962 1578 2130 1633 pecu-

546 1659 741 1713 liarem
784 1660 1078 1728 quamdam
1125 1660 1513 1729 proprietatem
1561 1669 1752 1730 aperte
1795 1658 2130 1729 signiﬁcant,

2228 551 2500 621 γίσθημεν
2553 552 2634 616 είς
2690 549 2905 621 ἡμέραν
2953 547 3392 620 ἀπολυτρώσεως
3418 562 3438 578 ο
3480 545 3545 600 τδ
3583 547 3774 619 Πνεῦμδ

2227 644 2324 712 τῆς
2359 642 2663 706 υἱοθεσίας,
2693 643 2752 696 ἐν
2794 635 2838 710 ᾧ
2886 640 3181 712 κράζομεν,
3228 639 3395 694 Ἀδδᾶ
3424 639 3456 691 6
3506 638 3708 709 Πατὴρ,
3737 642 3782 694 :6

2227 733 2475 807 διαιροῦν
2497 735 2591 786 καὶ
2611 731 2869 803 ὲνεργοῦν
2896 735 2965 786 τά
2996 732 3146 802 παρὰ
3177 729 3270 783 τοῦ
3318 730 3461 783 Θεοῦ
3494 731 3786 800 χαρίσματα

2228 826 2445 896 ἑκάστῳ
2480 825 2616 895 πρὸς
2659 824 2719 877 τὸ
2752 825 3052 895 συμφέρον,
3087 821 3274 887 καθὼς
3310 821 3609 891 βούλεται·
3646 822 3701 874 τὸ
3727 825 3811 879 δια,

2228 918 2432 971 δάσκον
2465 917 2563 972 καὶ
2588 917 3011 988 ύπομιμνῆσκον
3042 916 3242 980 πάντα,
3279 917 3377 970 ὅσα
3422 914 3617 968 ἀκούει
3662 915 3789 984 παρὰ

2228 1011 2324 1064 τοῦ
2377 1010 2544 1066 Υίοῦο
2611 1011 2672 1064 τὸ
2735 1011 2960 1080 ἀγαθον,
3018 1010 3080 1063 τὸ
3131 1008 3360 1080 ὁδηγοῦν
3392 1009 3480 1072 είς
3517 1012 3790 1081 πέῖσαντήν

2233 1105 2513 1176 ἀλήθειαν,
2561 1104 2659 1158 καὶ
2708 1104 2966 1175 στηρίζον
3015 1104 3225 1165 πάντας
3284 1103 3413 1165 τοὺς
3462 1101 3789 1165 πιστεύοκτσς

2235 1198 2375 1268 πρὸς
2408 1197 2617 1266 γνῶσιν
2662 1195 2908 1265 ἀσφαλῆ,
2963 1195 3057 1248 καὶ
3096 1192 3388 1265 ὁμολογίαν
3441 1191 3673 1263 ἀκριϐῆ,
3717 1198 3791 1247 καὶ

2231 1291 2608 1360 προσκύνησιν
2654 1289 3041 1361 πνευματικὴν
3100 1291 3191 1341 καὶ
3223 1288 3399 1360 ἁληθῆ
3433 1285 3575 1340 Θεοῦ
3611 1288 3791 1357 Πατρὶς

2231 1386 2327 1436 καὶ
2380 1382 2474 1437 τοῦ
2537 1383 2865 1453 μονογενοῦς
2912 1381 3080 1436 αὑτοῦ
3130 1381 3286 1445 Υίοῦ,
3326 1379 3423 1434 τοῦ
3467 1379 3677 1450 Κυρίου
3719 1394 3792 1431 καί

2231 1475 2369 1531 Θεοῦ
2421 1476 2581 1548 ήμῶν
2633 1475 2809 1548 Ἰησοῦ
2865 1474 3126 1545 Χριστοῦ.
3183 1475 3292 1530 Καὶ
3344 1470 3554 1528 ἑαυτοῦ
3588 1473 3795 1526 ἑκάστου

2231 1570 2496 1641 ὀνόματος
2541 1568 2641 1641 τήν
2714 1568 2810 1623 τοῦ
2864 1567 3271 1639 ὀνομαζομένου
3332 1565 3581 1636 ἰδιότητα
3635 1566 3793 1635 σαφῶς
3872 1616 3885 1627 ,

2234 1665 2366 1736 ἡμῖν
2398 1662 2846 1735 διευκρινοῦντος
2879 1677 2894 1694 ·
2931 1666 3024 1715 καὶ
3053 1663 3181 1732 περὶ
3214 1660 3453 1714 ἕκαστον
3481 1656 3593 1711 τῶν
3617 1658 3792 1727 ὀνομα-

547 1767 671 1822 qua:
703 1756 788 1823 pie
818 1754 1159 1809 considerari
1202 1757 1255 1808 in
1286 1754 1424 1824 ipsis
1454 1762 1655 1824 potest,
1686 1765 1854 1824 atque
1886 1753 1940 1807 in
1970 1752 2130 1807 Patre

2245 1754 2483 1825 ξομένων
2519 1756 2740 1818 πάντως
2770 1753 2878 1807 τῶν
2907 1754 3205 1825 ὲξαιρέτων
3236 1752 3555 1822 ἰδιωμάτων
3585 1749 3795 1813 εύσεὸῶς

547 1845 771 1914 quidem
801 1845 1107 1913 proprietas
1138 1843 1344 1910 Patris,
1377 1847 1431 1899 in
1463 1844 1602 1899 Filio
1630 1846 1945 1915 praprietas
1983 1843 2129 1908 Filii,

2245 1847 2655 1918 θεωρουμένων,
2701 1846 2799 1901 τοῦ
2834 1847 2935 1917 μὲν
2967 1847 3181 1917 Πατρος
3227 1847 3287 1899 ἐν
3320 1843 3401 1917 τῷ
3448 1842 3794 1914 ίδιώματιτοῦ

556 1942 614 1992 in
642 1937 852 2005 Spiritu
881 1946 1071 1991 sancto
1102 1948 1379 2006 postremo
1416 1952 1514 1992 sua
1556 1938 1806 2007 quaedam
1853 1952 1883 1991 a
1913 1936 2133 1991 duobus

551 2030 773 2085 diversa
806 2029 1116 2098 proprietas
1150 2042 1170 2081 :
1197 2044 1323 2083 cum
1359 2042 1536 2097 neque
1566 2029 1806 2099 Spiritus
1846 2040 2071 2083 sanctus
2102 2043 2133 2082 α

549 2135 610 2176 se
646 2122 766 2188 ipso
799 2121 1080 2189 loquatur,
1116 2136 1292 2190 neque
1322 2119 1499 2175 Filius
1543 2137 1575 2175 a
1625 2120 1920 2191 semetipso
1966 2119 2136 2175 faciat

550 2214 852 2280 quidquam
888 2228 901 2265 :
939 2225 1004 2265 ac
1034 2209 1198 2265 Pater
1225 2211 1446 2281 quidem
1489 2210 1687 2265 Filium
1719 2213 1923 2277 mittat,
1961 2210 2136 2265 Filius

551 2318 683 2359 vero
743 2305 1012 2373 Spiritum
1069 2314 1348 2358 sanctum.
1421 2305 1516 2360 Sic
1576 2307 1891 2370 sentimus,
1952 2312 2008 2357 et
2056 2303 2137 2357 sic

553 2402 899 2470 baptizatnus
931 2401 984 2453 iii
1030 2398 1301 2454 Triiiitate
1332 2400 1815 2467 consubstantiali,
1856 2401 2021 2470 idque
2071 2412 2138 2452 ex

554 2502 830 2563 praecepto
868 2491 1095 2547 Domini
1145 2493 1324 2546 nostri
1366 2490 1496 2546 Jesu
1529 2492 1754 2559 Christi,
1807 2491 1903 2562 qui
1948 2491 2087 2545 dixit
2121 2507 2136 2543 :

558 2601 579 2636 ι
612 2583 819 2639 Eiiiites
853 2584 1047 2640 docete
1071 2599 1269 2638 omnes
1301 2595 1519 2653 gentes,
1567 2584 1911 2653 baptizantes
1949 2597 2046 2636 eos
2081 2581 2137 2635 iii

551 2677 776 2731 nomine
801 2674 1002 2745 Patris,
1040 2687 1095 2732 et
1129 2677 1276 2741 Filii,
1306 2690 1361 2730 et
1388 2674 1629 2746 Spiritus
1650 2679 1851 2744 sancti,
1882 2678 2138 2735 docentes

552 2784 652 2825 eos
679 2785 902 2824 servare
928 2769 1137 2835 omnia,
1170 2786 1513 2841 quaecunque
1539 2771 1793 2825 mandavi
1819 2773 1973 2827 vobis
2002 2772 2073 2827 ".
2115 2790 2134 2826 ι

551 2862 689 2929 Quae
742 2875 1029 2918 servantes
1073 2873 1129 2917 et
1173 2864 1500 2918 cliaritateiu
1549 2878 1681 2932 erga
1731 2864 1903 2935 illum,
1934 2865 2138 2920 habere

553 2969 656 3011 nos
683 2954 1158 3017 deinoustramus,
1200 2965 1255 3009 et
1303 2956 1452 3025 digni
1500 2954 1788 3022 ellicimiir,
1826 2957 1923 3027 qui
1969 2958 2025 3011 in
2076 2972 2139 3012 ea

554 3060 900 3111 maneamus,
927 3045 1071 3101 sicut
1097 3046 1362 3112 scriptum
1394 3055 1480 3102 est
1510 3063 1526 3100 :
1557 3057 1750 3101 contra
1798 3048 2139 3119 negligentes

553 3154 677 3195 eam
729 3154 972 3205 servare,
1027 3140 1096 3194 ab
1143 3154 1208 3194 ea
1249 3140 1535 3210 disjuncti,
1586 3150 1681 3195 aut
1744 3142 1903 3197 aliter
1960 3141 2138 3196 aﬂecti

554 3234 962 3288 convinciniur.
1014 3251 1036 3285 ε
1074 3233 1179 3299 Qui
1218 3235 1366 3289 enim
1415 3249 1523 3288 non
1576 3236 1749 3305 diligit
1794 3250 1921 3300 me,
1970 3236 2144 3305 inquit

559 3324 856 3392 Dominus,
885 3341 1173 3381 sermones
1206 3342 1359 3382 meos
1377 3342 1486 3381 non
1517 3337 1702 3381 servat
1728 3326 1796 3380 “.
1836 3344 1857 3393 ρ
1892 3325 1956 3380 Ει
1987 3328 2142 3392 item,

566 3434 584 3469 ι
622 3416 727 3481 Qui
768 3420 937 3473 habet
980 3418 1239 3473 mandata
1274 3434 1394 3472 nica
1424 3420 1481 3473 'et
1508 3420 1751 3475 custodit
1780 3434 1865 3486 ea,
1907 3420 1999 3474 ille
2030 3428 2138 3485 est,

562 3514 660 3579 qui
693 3512 877 3579 diligit
919 3528 1005 3566 ine
1031 3513 1100 3567 ".
1138 3530 1158 3563 ι
1194 3513 1260 3565 Et
1306 3511 1421 3566 liaac
1452 3512 1709 3581 equidem
1738 3520 1822 3566 est
1868 3525 1899 3565 a
1948 3526 2146 3582 magno

564 3602 769 3657 Basilio
799 3607 936 3657 tidcs
962 3604 1165 3658 tradita
1201 3602 1499 3672 ipsissimis
1531 3604 1737 3658 verbis.

631 3786 687 3840 9.
729 3784 850 3852 Qua
895 3794 1107 3841 asserta
1140 3794 1234 3840 tua
1268 3784 1418 3840 liunc
1451 3784 1506 3838 in
1544 3784 1768 3839 modum
1814 3784 2149 3855 redarguen-

566 3890 678 3933 tur.
730 3877 979 3948 Namque
1032 3880 1089 3933 in
1140 3892 1205 3932 ea
1249 3892 1278 3930 a
1312 3877 1456 3932 Filio
1502 3876 1771 3947 Spiritum
1828 3880 2145 3949 procedere,

564 3972 714 4042 quod
774 3971 1037 4026 ltaloruin
1095 3972 1303 4024 additio
1363 3972 1684 4037 contendit,
1748 3981 1970 4040 tacens,
2024 3972 2151 4028 silet

562 4080 789 4135 quoque
818 4073 873 4117 et
908 4079 975 4117 es
1006 4062 1170 4117 Patre
1194 4066 1516 4133 procedere,
1546 4066 1693 4133 quod
1728 4062 2013 4120 Dominica
2047 4078 2150 4121 vox

566 4174 625 4212 in
670 4156 970 4226 Evangelio
1021 4156 1372 4221 enuntiavit,
1439 4168 1549 4224 quo
1620 4166 1809 4225 aperte
1864 4157 2153 4228 palamque

566 4251 878 4310 conﬁrmat,
912 4262 1024 4302 non
1052 4249 1215 4303 talem
1254 4263 1379 4303 esse
1424 4247 1761 4303 additionem
1802 4250 1871 4305 ab
1903 4250 2054 4308 italis
2093 4246 2151 4307 in

566 4340 833 4412 Symbolo
884 4338 1091 4395 factam
1118 4377 1137 4406 ,
1191 4340 1409 4410 qualem
1461 4340 1605 4395 idem
1654 4340 1805 4411 ipse,
1860 4344 2154 4415 ceterique

567 4435 741 4489 nostri
774 4432 969 4487 deiieri
991 4429 1208 4498 Patres,
1244 4446 1394 4498 eum,
1418 4431 1516 4503 qui
1545 4445 1679 4487 sane
1711 4433 1837 4488 lidei
1872 4435 2152 4505 quidpiam

2236 1943 2473 2013 Πατρος,
2511 1941 2605 1995 τοῦ
2634 1941 2691 1994 δὲ
2728 1939 2862 1993 Υίοῦ
2897 1942 2956 1992 ἐν
2988 1939 3067 2009 τῷ
3120 1936 3375 2008 ἰδιώματι
3421 1934 3521 1990 τοῦ
3549 1934 3698 2000 Υίοῦ,
3718 1933 3796 1987 τοῦ

2234 2036 2292 2090 δὲ
2345 2037 2502 2104 ἁγίου
2554 2035 2873 2105 Πνεύματος
2921 2034 2978 2086 ὲν
3029 2031 3106 2103 τῷ
3138 2032 3326 2100 οἰκείῳ
3374 2028 3653 2101 ίδιώματι,
3684 2031 3796 2099 μήτε

2236 2128 2329 2182 τοῦ
2358 2129 2516 2196 ἁγίου
2558 2128 2877 2196 Πνεύματος
2923 2125 3016 2194 ἀφ’
3065 2120 3264 2177 ἑαυτοῦ
3306 2119 3633 2184 λαλοῦντος,
3683 2118 3798 2189 μήτε

2236 2219 2332 2275 τοῦ
2382 2217 2513 2272 Υίοῦ
2543 2219 2636 2288 ἀφ’
2671 2215 2867 2270 ἑαυτοῦ
2899 2235 2949 2269 τι
2982 2213 3284 2277 ποιοῦντος,
3334 2213 3433 2265 καὶ
3462 2211 3558 2265 τοῦ
3593 2211 3685 2278 μὲν
3710 2211 3800 2263 Πα-

2237 2310 2366 2379 τρὸς
2405 2312 2717 2379 πέμποντος
2747 2306 2838 2360 τὸν
2882 2306 3035 2369 Υἰον,
3087 2306 3179 2361 τοῦ
3231 2304 3291 2359 δὲ
3336 2301 3476 2359 Υίοῦ
3520 2304 3802 2373 πέμποντος

2238 2405 2299 2457 τὸ
2333 2402 2490 2473 ἅγιον
2530 2401 2758 2473 Πνεῦμα
2786 2416 2799 2431 ·
2831 2400 2974 2454 υῦτω
3010 2399 3341 2471 φρονοῦμεν,
3377 2399 3481 2453 καὶ
3518 2396 3659 2451 οὕτω
3685 2395 3799 2466 βας.-

2239 2496 2463 2566 τίζομεν
2509 2498 2590 2559 εἰς
2637 2495 2844 2566 Τριάδα
2898 2494 3206 2565 ὁμοθύσιον,
3249 2493 3394 2546 κατὰ
3449 2491 3556 2565 τήν
3612 2489 3802 2559 ἐντολὴν

2240 2588 2410 2645 αὑτοῦ
2438 2587 2532 2642 τοῦ
2561 2587 2777 2659 Κυρίου
2810 2586 2968 2658 ήμῶν
3012 2585 3188 2656 Ἰησοῦ
3241 2583 3515 2656 Χριστοῦ,
3564 2582 3801 2643 εἰπόντος’

2249 2702 2268 2735 ι
2306 2683 2671 2755 Πορευθέντες
2708 2680 3091 2753 μαθητεύσατε
3124 2678 3301 2733 πάντα
3331 2680 3398 2733 τὰ
3431 2677 3592 2748 ἔθνη,
3640 2672 3805 2745 βαπτί-

2242 2776 2427 2841 ζοντες
2465 2776 2662 2839 αὐτοὺς
2726 2775 2805 2838 είς
2847 2774 2903 2827 τὸ
2947 2775 3121 2842 δνομα
3164 2772 3259 2826 τοῦ
3316 2770 3563 2841 Πατρδς,
3599 2764 3688 2823 καί
3728 2766 3803 2819 τοῦ

2246 2865 2400 2933 Υίοῦ,
2448 2866 2667 2921 καὶτοῦ
2731 2867 2886 2935 ἁγίου
2934 2865 3276 2936 Πνεῦματος,
3323 2864 3670 2924 διδάσκοντες
3703 2858 3807 2921 τοὺς

2243 2963 2433 3033 τηρεῖν
2483 2961 2681 3026 πάντα,
2710 2961 2809 3013 ὅσα
2859 2959 3218 3029 ἐνετειλάμην
3252 2957 3401 3028 ἡμῖν.
3444 2974 3467 3008 ι
3527 2952 3696 3024 ’Ᾱπερ
3724 2964 3805 3019 τη-

2247 3056 2465 3126 ροῦντες
2516 3054 2616 3125 μὲν
2655 3055 2755 3126 τὴν
2802 3055 2880 3117 είς
2930 3052 3099 3106 αὐτὸν
3131 3051 3353 3121 ἀγάπην
3384 3042 3805 3112 ἐπιδεικνύμεθα.

2247 3147 2344 3200 καὶ
2378 3147 2436 3200 ὲν
2471 3147 2609 3217 αὐτῇ
2668 3146 2852 3214 μένειν
2906 3141 3337 3212 καταξούμεθα,
3386 3143 3579 3203 καθὼς
3631 3143 3807 3207 γέγρα-

2249 3255 2402 3302 πται,
2437 3237 2512 3309 μὴ
2539 3237 2832 3307 τηροῦντες
2854 3235 2913 3289 δὲ
2942 3235 3199 3298 ἐναντίως
3230 3235 3442 3303 ἔχοντες
3474 3228 3805 3300 ἐλεγχόμεθα.

2253 3347 2272 3381 ι
2322 3328 2380 3382 '0
2410 3328 2487 3399 μὴ
2516 3327 2747 3398 ἀγαπῶν
2780 3329 2895 3398 γάρ
2946 3342 3036 3397 με,
3076 3343 3095 3376 ι
3137 3326 3300 3395 φησὶν
3330 3324 3359 3376 6
3383 3324 3614 3395 Κύριος,
3649 3338 3667 3372 ι
3699 3319 3804 3379 τοὺς

2247 3421 2441 3490 λόγους
2477 3439 2579 3490 μου
2621 3419 2681 3473 οὐ
2714 3422 2893 3491 τηρεῖ.
2928 3437 2946 3471 i
3001 3418 3111 3473 Kal.
3140 3417 3305 3471 πάλιν
3333 3432 3347 3447 ·
3394 3435 3414 3468 ι
3462 3417 3523 3469 ὐ
3569 3416 3699 3485 ἔχων
3725 3427 3805 3472 τας

2248 3514 2469 3578 ἐντολάς
2498 3531 2601 3583 μου
2633 3514 2728 3566 καὶ
2768 3511 2953 3582 τηρῶν
2982 3512 3174 3576 αὑτάς,
3205 3510 3414 3571 ἐκεῖνός
3443 3510 3593 3562 ἐστιν
3622 3509 3648 3559 6
3692 3508 3806 3572 ἁγα-

2248 3606 2369 3658 πῶν
2403 3618 2492 3675 με.
2532 3623 2550 3657 i
2592 3603 2744 3674 Αὕτη
2777 3605 2876 3675 μὲν
2916 3602 2948 3675 ή
2979 3601 3133 3672 παρὰ
3154 3602 3247 3656 τοῦ
3279 3599 3523 3672 μεγάλου
3548 3595 3804 3652 Βασιλείαν

2248 3697 2533 3752 ἐκδοθεῖσα
2571 3699 2755 3760 πίστις
2787 3697 3087 3763 αύτολεξεί.

2321 3791 2387 3847 θ’.
2419 3791 2489 3842 Σὺ
2519 3788 2575 3841 δὲ
2606 3791 2669 3842 ὲκ
2694 3788 2918 3859 ταύτης,
2950 3791 3035 3858 ἐφ’
3065 3784 3147 3853 οἷς
3178 3786 3375 3858 λέγεις,
3405 3786 3582 3853 οὕτως
3604 3783 3807 3850 ἀπελεγο

2251 3884 2451 3957 χθήσῃ.
2495 3885 2582 3937 Ἐν
2613 3883 2788 3957 ταύτῃ
2816 3892 2926 3953 γαρ
2955 3886 3032 3954 μὴ
3066 3883 3217 3954 παρὰ
3248 3882 3344 3936 τοῦ
3379 3883 3510 3937 Υίοῦ
3542 3877 3808 3951 ἐκπορεύε-

2255 3973 2380 4027 σθαι
2415 3974 2589 4042 λέγων
2621 3972 2687 4025 τὸ
2720 3973 2944 4044 Πνεῦμα
2984 3974 3011 4025 6
3048 3971 3205 4041 ἅγιος
3232 4015 3247 4040 ,
3282 3975 3420 4045 ὅπερ
3471 3975 3505 4046 ή
3548 3970 3805 4043 προσθήκη
3892 3972 3899 3979 '

2252 4066 2363 4120 τῶν
2402 4066 2624 4120 Ἰταλῶν
2658 4065 2930 4137 βούλεται,
2963 4068 3094 4138 σιγᾷ
3132 4068 3223 4121 καὶ
3253 4068 3313 4121 τὸ
3362 4068 3427 4121 ἐκ
3462 4066 3670 4139 Πατρὺς
3700 4060 3809 4115 αὐτὸ

2254 4159 2675 4233 ἐκπορεύεσθαι,
2706 4160 2842 4232 ὅπερ
2870 4163 2927 4213 ἐν
2954 4159 3309 4229 Εὑαγγελίοις
3333 4161 3365 4230 ή
3396 4156 3651 4231 Κυριακή
3680 4162 3807 4225 φωνή

2255 4253 2612 4325 παραδέδωκε
2638 4268 2654 4285 ο
2704 4254 2799 4307 καὶ
2830 4252 2991 4307 τοῦτο
3021 4256 3188 4307 ποιῶν
3228 4255 3561 4325 παρίστησιν
3591 4245 3810 4320 ἐναργῶς

2258 4348 2337 4418 μὴ
2368 4345 2627 4413 τοιαύτην
2660 4339 2801 4398 εἶναι
2836 4344 3160 4417 προσθήκην
3210 4345 3310 4417 τὴν
3341 4345 3476 4418 παρ’
3520 4340 3725 4401 Ἰταλῶν
3764 4342 3809 4391 ὲν

2254 4436 2333 4506 τῷ
2376 4434 2637 4506 Συμὸόλῳ
2689 4436 2989 4507 γενομένην
3046 4434 3401 4508 προσθήκην,
3457 4438 3684 4505 οἵανπερ
3733 4430 3812 4484 καὶ

566 4522 861 4588 addiderit,
913 4523 999 4578 vel
1048 4522 1257 4592 aliquid
1316 4538 1385 4578 es
1431 4538 1496 4578 ea
1543 4522 1865 4592 detraxerit,
1906 4528 2141 4592 .anatlie-

2256 4520 2411 4591 οὗτος
2445 4524 2631 4589 αὐτὸς,
2670 4526 2766 4579 καὶ
2806 4526 2853 4579 oi
2890 4525 3068 4580 λοιποί⁵
3107 4528 3357 4598 θεοφόροι
3390 4528 3633 4599 Πατέρες
3676 4519 3808 4592 ἡμῶν

568 4617 705 4672 iusti
755 4617 1145 4685 subjicientes,
1198 4617 1627 4686 prohibuerunt.
1684 4615 1825 4673 Vera
1876 4620 2141 4692 siquidem

2256 4618 2671 4691 ἀπηγόρευσαν,
2703 4619 2881 4673 πάντα
2911 4618 3003 4673 τὸν
3030 4619 3391 4689 προστιθέντα
3424 4623 3491 4691 τῇ
3524 4620 3811 4687 ὑγιαινονσῃ

570 4720 688 4765 tuin
715 4711 955 4774 additio,
992 4719 1047 4762 et
1067 4710 1340 4763 detractio
1363 4719 1469 4775 est,
1497 4725 1624 4764 cuin
1651 4725 1759 4764 iioii
1791 4711 2153 4778 dictionibus,

569 4808 667 4859 sed
698 4804 988 4859 sententiis
1021 4801 1218 4856 alienis
1264 4803 1619 4873 externisque
1651 4804 1788 4858 lides
1819 4818 1952 4859 sana
1984 4805 2158 4859 Viola-

573 4907 682 4950 tnr.
729 4893 971 4957 Etenim,
1020 4892 1068 4947 si
1123 4892 1433 4946 dictionum
1492 4891 1774 4948 additioue
1825 4894 2153 4966 lsvangelica

575 4991 776 5043 veritas
829 4987 1175 5051 vulneratur,
1228 4988 1502 5056 “denique
1546 4986 1672 5041 aliis
1723 4989 2040 5061 propinare,
2097 4991 2153 5044 in

575 5097 683 5151 qua
708 5079 1047 5149 Evangelia:
1081 5077 1390 5134 Servatoris
1421 5094 1583 5134 voces
1613 5094 1843 5149 prorsus
1874 5096 1980 5135 nou
2006 5080 2158 5150 dige-

577 5184 790 5238 rantur,
827 5173 926 5225 sed
971 5171 1195 5226 silentio
1241 5172 1499 5226 involutae
1544 5172 1993 5239 dissiiiiulentur,
2045 5173 2158 5228 Do-

578 5265 812 5318 iiiiuicas
854 5278 1016 5319 voces
1051 5273 1139 5318 est
1174 5265 1397 5332 violare,
1430 5277 1483 5321 ei
1531 5266 1889 5335 Evangeliom
1940 5267 2155 5321 adulte-

578 5368 749 5407 rare:
783 5354 829 5407 si
877 5352 1002 5416 hoc,
1057 5354 1320 5425 inquam,
1371 5371 1561 5409 verum
1609 5367 1695 5410 est
1738 5371 2022 5426 nunquam
2068 5356 2158 5411 liic

579 5457 815 5512 magnus
846 5442 1089 5501 Basilius
1128 5459 1527 5511 asseverasset,
1570 5465 1588 5499 ι
1627 5448 1849 5517 planum
1880 5456 2159 5517 apertum-

577 5552 687 5606 que
712 5552 835 5593 esse
877 5554 910 5593 a
943 5541 1050 5594 lide
1080 5554 1293 5607 casniii,
1345 5549 1400 5595 et
1435 5542 1709 5610 superbiae
1744 5542 2031 5608 indicmiii,
2063 5553 2158 5596 aut

577 5646 647 5684 es
678 5630 747 5685 iis
770 5646 894 5701 qua:
915 5644 1120 5703 scripta
1147 5644 1277 5688 sunt
1306 5635 1515 5703 aliquid
1543 5634 1792 5703 rejieere,
1826 5644 1921 5689 aut
1950 5648 2015 5687 ex
2048 5648 2158 5687 non

650 5791 695 5824 ”
723 5792 913 5849 Mattli.
944 5811 1133 5861 sunt,
1169 5797 1256 5864 l9,
1289 5796 1378 5851 ευ.

2259 4709 2464 4777 πίστει,
2504 4711 2537 4782 ἢ
2587 4708 2996 4781 ἀφαιρούμενον
3036 4710 3097 4776 ἐξ
3143 4712 3336 4781 αὺτῆς,
3382 4705 3811 4770 καταδικάζοντα

2255 4802 2586 4872 ἀναθεματι.
2633 4801 2866 4872 Ἀληθης
2900 4802 3010 4874 γὰρ
3056 4803 3349 4875 προσθήκη
3393 4805 3512 4857 ἐστὶ
3551 4804 3643 4857 καὶ
3672 4794 3813 4864 ἁφαβ

2261 4909 2412 4965 ρεσις
2443 4896 2506 4949 τὸ
2532 4896 2608 4966 μὴ
2639 4895 2873 4962 λέξεσιν,
2913 4897 3029 4951 ἀλλ’
3060 4900 3293 4962 ἐννοίαις
3328 4900 3602 4969 ἑκατέρως
3634 4893 3811 4947 τούτων

2253 5003 2355 5057 την
2388 4986 2742 5054 ὑγιαίνουσαν
2787 4986 2971 5042 πίστιν
3014 4989 3228 5047 παθεῖν.
3288 4989 3352 5043 Et
3399 4989 3511 5061 γὰρ
3559 4992 3617 5043 ὲν
3659 4981 3811 5048 λέξεσι

2256 5079 2551 5151 προσθήκη
2577 5081 2675 5150 τήν
2706 5080 3086 5152 Εὐαγγελικην
3112 5085 3529 5154 παραχαράττει
3557 5079 3807 5147 ἀλήθειαν»

2261 5170 2358 5223 καὶ
2389 5169 2451 5223 τδ
2485 5172 2671 5223 πίστιν
2702 5172 2919 5235 πάντως
2951 5172 3325 5242 παραδιὸοναι,
3354 5176 3447 5226 καὶ
3469 5175 3568 5235 τὰς
3598 5171 3812 5233 Euant-

2262 5264 2421 5328 λικάς
2448 5264 2540 5341 τρῦ
2576 5264 2830 5335 Σωτῆρος
2857 5267 3039 5334 φωνάς
3081 5272 3140 5319 εν
3168 5269 3236 5338 τῇ
3266 5268 3491 5339 τοιαύτῃ
3535 5268 3708 5320 πίστει
3730 5263 3809 5309 ἐκ·

2262 5341 2535 5420 τίθεσθαι,
2568 5356 2705 5411 αλλὰ
2729 5360 2933 5419 ταύτας
2968 5364 3337 5431 παρατρέχειν
3366 5364 3515 5431 σιγῇ,
3548 5361 3637 5413 καὶ
3677 5348 3811 5405 ωὖῐῦ

2265 5451 2479 5503 ἀθετεῖν
2506 5452 2620 5502 ἐστι
2652 5449 2745 5512 τὰς
2769 5450 2863 5503 τοῦ
2893 5452 3098 5523 Κυρίου
3125 5455 3332 5523 φωνάς,
3367 5455 3463 5508 καὶ
3487 5441 3812 5525 παραχαράτ’

2265 5563 2380 5597 τειν
2407 5542 2466 5596 τὸ
2511 5543 2869 5613 Εὑαγγέλιον.
2910 5543 3051 5598 Ἀλλ’
3082 5549 3131 5599 εί
3181 5547 3339 5601 τοῦτο
3387 5543 3451 5619 ἦν
3499 5545 3699 5604 ἀλαθὲς»
3728 5533 3809 5586 οὐκ

2267 5636 2332 5690 ἂν
2368 5639 2394 5688 ο
2428 5636 2603 5706 μέγας
2627 5636 2780 5700 οὗτος
2819 5636 3093 5699 Βασίλειος
3148 5636 3240 5689 νῦν
3272 5637 3371 5707 μὲν
3401 5637 3587 5705 ἔλεγεν
3619 5652 3636 5685 ι
3667 5637 3807 5698 φανε·

1476 5794 1706 5850 "Joaii.
1741 5812 1852 5863 xiv,
1884 5796 1974 5852 24.
2054 5798 2098 5828 ⁸⁷
2125 5799 2257 5854 ibid.
2295 5803 2383 5853 “si.
