3974 6574
239 401 342 468 26!

1279 405 1378 466 DE
1420 407 1933 471 PROCESSIONE
1971 413 2032 471 S.
2077 413 2460 477 SPllllTUS.

3382 423 3487 476 203

217 502 467 572 ’πάντων
522 518 699 574 αἴτιον
731 515 882 575 εἶναι
918 521 1006 576 τὸν
1035 522 1174 577 Θεὸν
1201 525 1311 577 τῶν
1342 525 1480 578 ὅλων
1522 525 1621 579 οὐκ
1658 527 1801 594 ἁφαιι

1931 529 2231 593 credimus,
2270 533 2518 585 omnium
2567 541 2744 586 tamen
2773 546 2899 587 esse
2925 546 3148 587 causam
3190 532 3356 586 Deum
3381 549 3487 588 non

235 609 512 678 ρούμεθα.
539 611 726 665 Ταῦτα
759 612 859 682 μὲν
883 611 978 668 οὖν
1003 615 1163 684 ἡμεῖς
1188 615 1263 684 τῷ
1292 615 1433 686 λόγῳ
1452 618 1817 690 ,προτείνομεν

232 704 323 765 εἰς
367 704 646 770 ἀπόδειξιν
682 706 773 757 τοῦ
810 691 906 777 τὴν
927 709 1111 761 αἰτίαν
1136 707 1230 761 τοῦ
1264 709 1577 778 Πνεύματος
1610 711 1689 772 εἰς
1726 711 1816 764 τὸν

232 794 464 857 Πατέρα
498 797 599 868 τὴν
635 800 910 869 ἀναφορὰν
935 799 1100 871 ἔχειν,
1125 799 1225 854 κᾶν
1256 803 1351 855 καὶ
1387 803 1537 873 παρὰ
1558 802 1652 856 τοῦ
1687 801 1815 856 Υἱοῦ

229 884 470 956 λέγηται
498 883 637 942 εἶναι
667 891 818 946 αὑτό.

317 1006 389 1076 β’.
424 1003 587 1062 Οὗτοι
617 1010 673 1064 δὲ
710 1011 1134 1085 ἐριστικώτερον
1163 1017 1294 1086 ἡμῖν
1336 1016 1432 1070 καὶ
1476 1018 1640 1072 πάλιν
1695 1019 1816 1073 ἐπι-

235 1098 529 1168 φυόμενοι,
567 1101 707 1153 Ἀλλ’
731 1106 757 1156 ό
785 1105 977 1172 μέγας,
999 1106 1155 1171 φασὶ,
1188 1107 1486 1175 Βασίλειος,
1517 1110 1640 1162 ὅσον
1668 1112 1816 1165 ἐστὶν

229 1191 464 1242 εἰκάσαι
526 1193 632 1243 ἀπὸ
682 1194 791 1245 τῶν
842 1195 1112 1264 ῥηθεισῶν
1166 1195 1386 1261 λέξεων,
1423 1199 1484 1251 οὐ
1538 1203 1666 1266 περὶ
1712 1201 1814 1270 τῆς

230 1279 499 1348 Θεότητος
533 1282 628 1333 τοῦ
662 1283 984 1353 Πνεῦματος
1030 1286 1265 1340 ἐνταῦθα
1294 1288 1564 1356 θεολογῶν
1600 1289 1706 1361 ἔφη
1745 1292 1812 1344 τὰ

227 1371 532 1438 εἰρημένα,
583 1373 668 1425 ἴνα
717 1376 852 1443 ἡμῖν
900 1375 1051 1439 λύσις
1088 1377 1183 1430 τοῦ
1219 1377 1555 1449 ζητουμένου
1587 1384 1811 1453 γένηται

226 1459 429 1513 ταῦτα.
482 1460 622 1514 Ἀλλ’
675 1465 792 1516 ἐπεὶ
860 1467 1069 1536 κτίσμα
1124 1470 1219 1522 τοῦ
1269 1470 1396 1522 Υίοῦ
1454 1473 1481 1524 ὁ
1546 1471 1812 1542 Εὑνόμιος

227 1551 605 1620 ἐϐλασφήμει,
626 1555 851 1624 διαιρῶν
873 1557 927 1608 δὲ
964 1559 1098 1611 αὐτὸ
1128 1559 1223 1612 τοῦ
1261 1562 1495 1633 Πατρός,
1527 1566 1690 1634 μόνου
1717 1565 1810 1619 τοῦ

233 1642 368 1710 Tim}
405 1645 562 1712 ἔλεγε
595 1646 804 1715 κτίσμα
832 1644 972 1700 εἶναι
996 1651 1248 1714 αὑτὸ,ὼς
1285 1654 1581 1722 προτάσεις
1607 1657 1632 1708 ό
1653 1655 1810 1722 ἅγιος

225 1737 657 1804 προτιθέμενος,
722 1741 781 1790 τὸ
815 1760 832 1790 ι
870 1741 1160 1810 Μηδεμίαν
1192 1745 1474 1814 ἐνέργειαν
1526 1748 1616 1799 τοῦ
1672 1749 1802 1802 Υίοῦ

222 1827 712 1898 ἀποτετμημένην
740 1830 834 1883 τοῦ
856 1833 1080 1903 ,Πατρὸς
1109 1832 1270 1901 εἶναι,
1318 1837 1452 1910 μηδὲ
1495 1835 1638 1909 εἷναί
1671 1857 1721 1892 τι
1747 1843 1805 1892 ὲν

221 1922 341 1981 τάς
367 1917 493 1972 οὖσι
521 1925 598 1991 τῲ
623 1923 738 1994 Υἱῷ
769 1925 1037 1998 ὑπάρχον,
1061 1927 1090 1977 ὃ
1129 1928 1223 1980 τοῦ
1255 1930 1468 1999 Πατρὸς
1499 1932 1810 2002 ήλλωτρίω-

221 2027 342 2072 ται,
389 2031 407 2061 ι
444 2015 946 2080 συνάγειέντεῦθεν
980 2019 1040 2070 τὸ
1092 2021 1279 2082 κακῶς
1337 2023 1432 2075 καὶ
1489 2025 1808 2094 ἐπισφαλῶς

222 2105 328 2174 τὴν
362 2105 460 2158 τοῦ
494 2107 812 2172 Πνεύματος
871 2111 1052 2165 αἰτίαν
1101 2114 1178 2184 τῷ
1210 2116 1508 2184 Μονογενεῖ
1541 2121 1686 2188 μόνῳ
1716 2120 1808 2172 τὸν

227 2197 506 2267 Εὐνόμιον
537 2202 914 2270 προστιθέναι,
947 2206 1040 2257 καὶ
1073 2208 1442 2278 κατηγόρημα
1468 2212 1568 2278 τῆς
1592 2212 1807 2278 φύσεως

227 2291 406 2343 αὑτοῦ
443 2293 544 2363 τὴν
567 2295 756 2347 τούτου
792 2296 1092 2366 λαμϐάνειν
1131 2301 1520 2373 δημιουργίαν.
1559 2305 1799 2358 Τοιαῦτα

227 2387 345 2445 τοῖς
375 2387 680 2454 ἡμετέροις
707 2390 1232 2459 ἀντιπροτεινόντων
1272 2396 1477 2458 αὐτῶν,
1513 2399 1672 2467 ἡμεῖς
1705 2401 1808 2454 πά-

223 2476 331 2539 λιν,
370 2476 484 2529 Καὶ
514 2477 589 2542 τί,
616 2479 820 2548 φαμὲν,
854 2482 984 2550 ὑμῖν
1009 2483 1187 2551 δοκεῖ,
1222 2485 1522 2554 βέλτιστοι;
1549 2483 1695 2560 ’Λρά
1742 2507 1806 2559 γε

221 2569 320 2620 διὰ
357 2567 521 2621 τοῦτο
556 2573 849 2636 κακιστέος
884 2575 1149 2645 Εὑνόμιος
1196 2578 1341 2645 ἔδοξε
1375 2580 1450 2651 τῷ
1479 2582 1653 2652 Πατρὶ
1694 2584 1806 2635 Πα-

221 2661 443 2732 σιὶείῳ,
477 2661 651 2731 λέγων
687 2667 752 2718 ὲκ
791 2667 957 2734 μόνον
994 2667 1087 2722 τοῦ
1117 2670 1245 2724 Υἰοῦ
1269 2673 1329 2725 τὸ
1360 2675 1608 2745 Πνεῦμα,
1665 2678 1804 2730 διότι

219 2754 373 2821 ἱςρθη
409 2755 614 2824 κτίσμα
643 2757 774 2810 Υὶοῦ
831 2762 891 2812 τὸ
931 2761 1160 2832 Πνεῦμα
1194 2765 1404 2831 εἰπείνς
1459 2770 1572 2822 Καὶ
1618 2771 1667 2822 εὶ
1717 2771 1806 2824 διὰ

221 2845 399 2898 τοῦτο
433 2849 804 2918 ἁναμφίὅολος
831 2850 955 2904 καθ’
975 2854 1117 2922 ὑμᾶς
1142 2856 1431 2910 ἀκολουθεῖ
1457 2861 1635 2914 ἔννοια
1663 2857 1804 2917 κατὰ

218 2939 288 2989 τὸ
320 2941 705 3011 σιωπώμενον,
755 2943 852 3005 ὡς,
885 2946 934 2996 εἰ
971 2952 1044 3017 μὴ
1083 2949 1324 3019 κτίσμα,
1361 2952 1498 3006 ἀλλὰ
1551 2955 1683 3008 Θεὸν
1743 2956 1804 3010 τὸ

220 3031 462 3100 Πνεῦμα
493 3036 706 3104 φρονῶν
740 3041 766 3090 ό
802 3039 1066 3110 Εὑνόμιος
1100 3045 1165 3094 ἐκ
1192 3044 1363 3111 μόνου
1393 3046 1488 3098 τοῦ
1521 3048 1651 3100 Υἱοῦ
1684 3050 1802 3102 ἐλε-

218 3141 328 3191 γεν
383 3122 725 3195 εἷναι,αῦτδ,
755 3132 856 3184 οὐκ
885 3133 952 3186 ἂν
999 3136 1151 3205 παρὰ
1181 3136 1258 3206 τῷ
1311 3139 1490 3210 Πατρὶ
1541 3141 1801 3214 Βασιλείῳ

1928 635 2208 688 negamus.
2251 641 2269 674 ι
2319 623 2438 677 ηερε
2475 626 2656 694 itaque
2709 640 2810 680 nos
2853 625 2956 680 bac
3012 635 3196 680 nostra
3244 624 3491 680 oratione

1927 713 2305 781 proponimus,
2341 727 2408 768 ut
2447 719 2828 782 ostendamus,
2882 735 3102 774 causam
3141 717 3285 788 Spiri
3319 735 3381 773 us
3421 718 3490 774 ad

1925 799 2139 857 Pazrem
2175 804 2391 872 referri,
2432 808 2557 862 licet
2594 809 2680 864 ille
2715 817 2768 865 et
2819 824 2849 863 a
2919 809 3057 864 Filio
3105 825 3226 866 esse
3264 810 3487 864 dicitur.

1993 1007 2049 1061 Ξ.
2093 1007 2161 1061 At
2206 1006 2260 1062 lii
2303 1024 2467 1078 porro
2511 1013 2911 1068 contentiOsius
2947 1013 3104 1069 nobis
3152 1013 3490 1082 insistentes,

1925 1099 2029 1154 Sed
2061 1116 2310 1170 magnus,
2355 1102 2628 1172 inquiunt,
2665 1104 2924 1172 Basilius,
2961 1119 3014 1162 ut
3051 1124 3114 1162 ex
3153 1108 3312 1162 dictis
3344 1110 3495 1163 voci-

1923 1190 2020 1243 bus
2046 1193 2322 1261 conjicere
2362 1210 2683 1264 possumus,
2727 1214 2831 1251 non
2867 1203 2932 1254 de
2977 1201 3181 1256 deitate
3231 1203 3490 1271 Spiritus,

1921 1297 2042 1350 qua:
2075 1282 2309 1338 adducta
2352 1295 2501 1352 sunt,
2550 1290 2878 1355 enuntiarit,
2915 1301 2973 1344 nt
3026 1295 3346 1361 qttzestionis
3389 1311 3491 1348 no-

1921 1386 2047 1428 stne
2070 1376 2267 1430 solutio
2297 1393 2480 1432 essent
2509 1400 2521 1432 :
2551 1385 2642 1434 sed
2668 1398 2791 1436 eum
2818 1381 2938 1436 FiLi
2972 1373 3276 1439 creaturam
3306 1386 3491 1440 Euno-

1928 1466 2068 1521 mins
2119 1471 2359 1538 improbe
2418 1472 2842 1544 b!asplnrnnqne
2888 1487 3174 1540 assereret,
3210 1495 3494 1548 separatis—

1918 1574 2022 1628 que
2049 1577 2170 1615 eum
2201 1578 2230 1618 a
2272 1562 2454 1628 Patre,
2497 1567 2666 1622 solius
2697 1567 2816 1622 Filii
2843 1579 3146 1624 creaturam
3177 1573 3490 1639 atlirmaret,

1919 1667 2242 1720 praepenens
2295 1672 2517 1713 sanctus
2571 1662 2730 1713 veluti
2783 1664 3160 1729 pronuntiata.
3209 1683 3228 1717 ι
3272 1665 3490 1719 Nullam

1919 1748 2291 1810 operationem
2337 1747 2454 1802 Filii
2507 1766 2535 1803 a
2592 1749 2750 1805 Patre
2799 1756 3026 1808 divisam
3078 1773 3248 1814 esse:
3294 1777 3314 1810 ι
3352 1769 3426 1822 et,
3462 1776 3484 1810 ι

1919 1833 2037 1888 Non
2061 1853 2182 1892 esse
2216 1840 2419 1909 aliquid
2464 1841 2516 1894 in
2557 1844 2740 1911 rebus,
2780 1847 2928 1913 quod
2977 1845 3115 1900 Filio
3152 1849 3300 1913 insit,
3357 1858 3410 1903 et
3456 1864 3488 1904 a

1922 1925 2088 1981 Patre
2125 1929 2364 1984 alienum
2396 1934 2498 1997 sit;
2537 1919 2568 1986 »“
2618 1936 2743 1990 inde
2781 1939 3009 2007 colligit,
3060 1941 3222 2005 male,
3271 1950 3327 1994 et
3376 1957 3488 1996 non

1916 2017 2038 2072 sine
2070 2035 2280 2085 errore,
2314 2039 2534 2078 causam
2593 2025 2827 2096 Spiritus
2879 2031 3172 2099 Unigenito
3199 2032 3299 2086 soli
3336 2033 3490 2086 attri-

1917 2111 2112 2177 bui,.et
2134 2115 2198 2168 ad
2232 2121 2593 2172 accusandam
2631 2123 2776 2177 illius
2815 2135 3088 2193 naturam,
3126 2127 3290 2196 hujus
3335 2143 3492 2182 erea-

1917 2204 2118 2279 tionegn
2157 2210 2388 2265 assumi.
2427 2212 2550 2266 llaec
2597 2214 2702 2269 illis
2746 2217 3134 2282 objicientibns
3161 2237 3261 2275 nos
3290 2238 3485 2277 rursus

1917 2303 2354 2364 reSpondemus:
2397 2303 2461 2358 Et
2501 2308 2652 2376 quid,
2691 2309 2990 2379 inquimus,
3026 2315 3180 2370 vobis
3231 2317 3488 2372 videtur?

1916 2387 2018 2440 viri
2067 2391 2285 2456 optimi.
2329 2392 2470 2446 Num
2503 2408 2788 2467 propterea
2816 2398 2961 2455 Patri
2993 2403 3194 2458 Basilio
3222 2407 3487 2460 condem-

1915 2481 2127 2535 nandus
2170 2483 2321 2538 visus
2360 2493 2448 2539 est
2488 2487 2789 2545 Eunomius
2837 2494 3023 2549 dicens
3064 2514 3129 2551 ex
3174 2499 3292 2552 solo
3344 2496 3485 2554 Filio

1915 2568 2200 2637 Spiritum,
2238 2578 2382 2644 quod
2419 2589 2576 2632 antea
2604 2581 2815 2636 dixerat
2857 2596 3164 2640 creaturam
3211 2589 3326 2642 Ftlii
3361 2591 3486 2661 Spi-

1916 2663 2127 2717 ritum?
2179 2666 2240 2718 Et
2292 2668 2335 2722 si
2389 2681 2609 2739 propter
2655 2674 2758 2728 hoc
2811 2676 3014 2746 absque
3061 2681 3226 2736 dubio
3259 2698 3354 2750 per
3388 2700 3483 2737 vos

1915 2765 2174 2819 sequetur
2231 2758 2385 2820 illud.
2441 2761 2569 2815 licet
2632 2765 2813 2820 verbis
2869 2785 2975 2822 non
3022 2775 3391 2839 exprimatur,
3433 2778 3482 2830 si

1916 2842 2173 2911 Spiritum
2202 2867 2309 2907 non
2350 2863 2680 2922 creaturam,
2727 2862 2818 2914 sed
2863 2861 3030 2918 Deum
3066 2854 3258 2922 tenens
3295 2868 3481 2925 Euno-
3512 2898 3519 2902 -

1914 2938 2079 3004 iuius,
2140 2958 2202 2995 ex
2269 2945 2384 3001 solo
2436 2935 2574 3002 Filio
2627 2967 2747 3006 esse
2801 2955 3062 3023 dzxisset,
3119 2977 3394 3031 nunquam
3449 2983 3477 3019 ι

1913 3045 2108 3100 magno
2167 3033 2364 3092 Baslio
2415 3041 2555 3094 male
2592 3041 2808 3100 habitus
2860 3045 3080 3103 fuisset.
3117 3050 3328 3108 Etenim
3383 3069 3479 3111 aut

1909 3131 2163 3178 creatura
2223 3137 2306 3182 est
2357 3128 2596 3198 Spiritus
2653 3141 2954 3194 secundum
3012 3141 3368 3210 EurmmLum,
3421 3161 3481 3204 et

227 3218 528 3288 ὲκακίσθη.
562 3220 632 3272 Ἢ
657 3221 766 3290 γὰρ
798 3223 1004 3294 κτίσμα
1030 3229 1089 3278 τὸ
1121 3227 1346 3300 Πνεῦμα
1374 3233 1494 3282 κατ’
1516 3233 1798 3304 Εὐνόμιον,

1912 3214 2244 3287 blasphemia
2277 3223 2328 3277 in
2355 3237 2520 3293 caput
2563 3230 2707 3285 illius
2740 3244 3004 3299 vertatur,
3049 3249 3140 3293 aut
3185 3257 3291 3295 non
3325 3260 3479 3298 crea-

229 3310 333 3360 καὶ
367 3311 425 3360 τὸ
455 3309 776 3381 βλάσφημον
810 3317 890 3378 εἱς
916 3318 1024 3385 τὴν
1053 3319 1260 3372 ἐκείνου
1317 3322 1574 3393 τρέποιτο
1628 3341 1803 3392 κεφα-

231 3395 363 3463 λὴν,
395 3397 426 3466 ἢ
459 3400 516 3450 οῦ
547 3401 752 3471 κτίσμα
781 3406 920 3457 κατὰ
951 3413 1047 3475 τὴν
1078 3410 1175 3479 τῆς
1204 3409 1485 3480 θεολογίας
1516 3414 1799 3484 ἀλήθειαν,

228 3489 333 3541 καὶ
380 3493 426 3542 εί
457 3491 546 3544 διὰ
571 3492 668 3562 τὴν
702 3493 797 3546 τοῦ
851 3498 1151 3566 κτίσματος
1207 3501 1366 3568 δόξαν
1429 3507 1721 3567 κακιστὲος
1773 3509 1802 3561 ό

227 3579 500 3650 Εὐνόμιος
556 3583 731 3652 λέγων
757 3589 822 3640 ὲκ
855 3591 1021 3658 μόνου
1054 3593 1146 3645 τοῦ
1175 3593 1304 3646 Υἱοῦ
1335 3595 1395 3649 τὸ
1429 3597 1676 3667 Πνεῦμα,
1705 3599 1802 3652 εὖ·

220 3671 388 3740 δηλον
439 3673 515 3737 ὡς
571 3678 598 3728 ό
647 3677 780 3731 Θεὸν
813 3681 875 3732 τὸ
907 3682 1127 3754 Πνεῦμα
1163 3687 1374 3757 φρονῶν
1393 3689 1459 3741 οὐ
1487 3693 1798 3760 κακιστέος,

211 3766 290 3817 ἐκ
350 3765 514 3833 μόνον
559 3768 652 3820 τοῦ
687 3770 817 3824 Υἱοῦ
874 3772 1050 3842 λέγων
1097 3777 1250 3831 αὐτό.
1283 3779 1389 3832 Καὶ
1422 3782 1583 3849 ὁρᾶτε
1619 3784 1798 3852 ὑμεῖς,

219 3854 448 3922 μήποτε
477 3857 569 3909 τὸν
606 3861 810 3914 καπνὸν
844 3864 1141 3932 φεύγοντες
1183 3869 1512 3938 ὲμπεσείσθε
1542 3873 1697 3944 πυρί.
1735 3876 1799 3928 Oi

214 3947 338 4015 γὰρ
374 3949 527 4016 παρὰ
555 3951 720 4018 μόνου
748 3951 842 4004 τοῦ
880 3954 1094 4024 Ματρὸς
1119 3952 1256 4010 εἶναι
1292 3960 1354 4012 τὸ
1400 3961 1623 4033 Πνεῦμα
1661 3963 1802 4017 διενο

224 4041 541 4110 ιστάμενοι,
598 4043 786 4115 ὥσπερ
829 4047 1309 4120 ἐπιλανθανόμενοι
1361 4053 1437 4124 μὴ
1490 4056 1652 4124 μόνου
1703 4057 1797 4111 τοῦ

214 4134 444 4201 Πατρός
499 4137 724 4206 Πνεῦμα
780 4135 920 4194 εἶναι
978 4143 1132 4208 αὐτὸ,
1189 4145 1399 4199 δοκεῖτε
1455 4149 1545 4200 τὸν
1623 4150 1798 4220 μέγαν

219 4227 505 4293 παράγειν
539 4229 822 4286 Βασίλειον
857 4236 922 4287 ὲκ
958 4239 1057 4305 τῆς
1087 4237 1208 4289 κατ’
1245 4239 1510 4307 Εὑνομίου
1542 4243 1799 4315 ἀντιρῤᾖ-

219 4333 368 4379 aro);
431 4323 885 4386 συνιστῶντα,ὲκ
955 4328 1117 4397 μόνου
1176 4329 1271 4382 τοῦ
1341 4331 1473 4385 Υἰοῦ
1535 4330 1671 4388 εἶναι
1737 4336 1796 4388 τὸ

216 4409 480 4480 Πνεῦμα,
510 4418 653 4469 κατὰ
684 4419 785 4486 τὴν
821 4419 1009 4490 θεῖκὴν
1039 4422 1229 4475 οὐσίαν
1265 4426 1454 4481 αὐτοῦ.

301 4540 379 4608 γ’.
415 4541 563 4612 Φημὶ
583 4541 691 4612 γὰρ
720 4546 814 4598 καὶ
846 4547 1006 4600 πάλιν
1029 4548 1126 4613 ὡς,
1159 4521 1256 4603 ἐάν
1285 4552 1406 4605 καθ’
1441 4555 1585 4624 ὑμᾶς
1613 4557 1641 4609 ό
1672 4557 1791 4609 κατ’

217 4634 497 4702 Εὖνομίου
534 4638 727 4703 γέγονε
761 4640 1098 4709 γογγυσμὸς,
1136 4641 1386 4711 λέγοντος
1417 4646 1480 4698 ἐκ
1513 4648 1673 4716 μόνου
1696 4650 1790 4702 τοῦ

217 4724 356 4778 Υἱοῦ
387 4725 526 4779 εἶναι
558 4729 620 4780 τὸ
670 4730 893 4800 Πνεῦμα
916 4772 931 4795 ,
977 4733 1054 4802 τῷ
1087 4733 1330 4799 δοξάζειν
1372 4738 1534 4791 αὑτὸν
1587 4743 1794 4812 κτίσμα

212 4813 365 4869 εἶναι
388 4821 449 4870 τὸ
467 4820 713 4890 Πνεῦμα,
751 4823 1024 4892 πρόδηλον
1041 4825 1116 4888 ὡς
1147 4827 1246 4880 οὐκ
1276 4829 1340 4882 ἂν
1369 4831 1635 4902 ἑκακίσθη
1657 4837 1794 4904 πρὸς

210 4913 276 4962 τὸ
305 4912 373 4963 ἐκ
407 4911 568 4979 μόνου
598 4911 691 4964 τοῦ
722 4913 850 4966 Υίοῦ
885 4905 1064 4984 λέγειν
1114 4919 1265 4983 αὐτὸ,
1319 4925 1369 4974 εἰ
1414 4922 1545 4975 Θεὸν
1575 4926 1792 4995 ἐφρόνει

211 5003 360 5056 αὑτό
384 5019 398 5034 ο
437 5005 657 5075 καὶτῆς
700 5007 907 5070 ἐννοίας
940 5010 1142 5081 ταύτης
1193 5014 1512 5071 ἀκολουθεῖν
1549 5019 1794 5089 ἠναγκα-

209 5095 430 5166 σμένης
464 5097 604 5150 κατὰ
655 5098 715 5150 τὸ
749 5102 1130 5171 σιωπώμενον,
1174 5107 1222 5158 οἱ
1274 5108 1428 5178 παρὰ
1479 5112 1642 5180 μόνου
1695 5114 1790 5168 τοῦ

205 5183 439 5256 Πατρὸς
464 5185 606 5243 εἶναι
636 5190 698 5244 τὸ
739 5193 964 5264 Πνεῦμα
996 5195 1391 5268 διενιστάμενοι
1412 5241 1427 5266 ,
1461 5202 1790 5259 λανθάνουσι

206 5283 375 5348 παρὰ
403 5284 565 5350 μόνον
591 5283 685 5336 τοῦ
719 5284 850 5337 Υἱοῦ
884 5287 1245 5353 συνιστῶντες
1277 5285 1417 5345 εἶναι
1451 5295 1610 5348 αὐτό.
1649 5297 1789 5350 Ἀλλ’

204 5375 382 5443 εἴπερ
406 5375 464 5426 τὸ
495 5375 743 5428 ἐντεῦθεν
771 5378 1086 5432 ἀνακύπτον
1116 5381 1319 5436 ἄτοπον
1354 5387 1449 5438 καὶ
1476 5388 1790 5457 παράλογον

204 5469 556 5538 παρίστησιν
592 5469 840 5541 ἐναργῶς
874 5470 948 5540 μὴ
979 5470 1066 5526 διὰ
1099 5473 1196 5544 τὴν
1227 5475 1320 5528 τοῦ
1353 5479 1654 5549 κτίσματος
1698 5481 1788 5538 86-

202 5565 316 5628 ξαν
345 5563 672 5627 κακίζεσθαι
696 5564 845 5634 παρὰ
869 5564 962 5616 τοῦ
997 5567 1237 5634 μεγάλου
1265 5569 1548 5625 Βασιλείου
1577 5577 1669 5628 τὸν
1699 5577 1788 5629 ai-

204 5657 444 5726 ρετικὸν
476 5655 764 5725 Εὐνόμιον,
791 5659 854 5710 ἐκ
893 5657 1054 5728 μόνον
1087 5660 1182 5714 τοῦ
1217 5662 1346 5716 Υἲοῦ
1378 5663 1610 5734 λέγοντα
1640 5665 1786 5726 εἶναι

199 5750 272 5803 τὺ
303 5749 555 5818 Πνεῦμα,
581 5749 716 5802 ἀλλὰ
761 5749 848 5803 διὰ
890 5752 1052 5822 μόνον
1085 5755 1216 5810 αὐτὸ
1243 5757 1304 5810 τὸ
1346 5758 1481 5822 ὅλως
1516 5763 1580 5816 ἐκ
1618 5764 1783 5834 μόνου

209 5844 422 5906 εἰπεῖν,
452 5843 563 5914 egre
594 5841 665 5904 ὡς
691 5843 718 5894 ό
748 5841 1013 5913 Εὐνόμιος
1039 5847 1385 5921 ἐϐλασφήμει
1411 5854 1638 5926 κτίσμα,
1667 5859 1776 5913 εἴτε

463 5937 736 5998 Ρηιιοι.
769 5941 882 6000 Gn.
920 5941 1128 6003 CXLI.

219 6016 264 6035 αι

1909 3316 2050 3375 tura,
2081 3320 2138 3364 ut
2171 3328 2293 3369 vera
2349 3320 2839 3394 saucittlieologia,
2882 3339 2934 3382 et
2979 3330 3025 3384 si
3070 3346 3292 3401 promer
3325 3352 3480 3391 crea-

1908 3408 2041 3453 turae
2077 3403 2388 3472 opinionem
2447 3409 2746 3469 liunomius
2794 3418 3137 3477 damnandus
3183 3439 3282 3489 ρει,
3323 3442 3477 3482 assie-

1904 3506 2034 3547 rens
2075 3511 2140 3549 ex
2171 3497 2287 3553 solo
2323 3498 2461 3556 Filio
2494 3501 2780 3572 Spiritum,
2820 3511 3168 3566 manifestum
3203 3526 3283 3570 est
3317 3533 3469 3581 eum,

1904 3585 1997 3654 qui
2026 3585 2194 3643 Deum
2246 3589 2510 3661 Spiritum
2556 3605 2727 3660 tenet,
2757 3599 3125 3657 danmaodum
3175 3623 3280 3662 non
3331 3625 3470 3668 esse.

1903 3675 2031 3732 licet
2071 3678 2216 3734 dicat
2247 3698 2312 3735 ex
2363 3684 2482 3738 solo
2515 3683 2652 3742 Filio
2678 3689 2828 3744 illum
2855 3707 2998 3749 esse.
3040 3695 3109 3752 Et
3139 3710 3325 3754 cavete
3355 3718 3472 3766 vos,

1903 3784 1971 3822 ne
1996 3769 2128 3824 dum
2166 3773 2370 3828 tumum
2404 3775 2589 3859 fngitis
2619 3780 2672 3833 in
2706 3784 2883 3851 ignem
2916 3785 3195 3845 incidatis.
3226 3790 3474 3864 Namque

1903 3861 1998 3931 qui
2031 3877 2061 3916 a
2087 3865 2205 3918 solo
2248 3869 2406 3922 Patre
2446 3853 2574 3924 esse
2627 3871 2890 3942 Spiritum
2921 3883 3272 3950 contenditis,
3311 3889 3472 3956 quasi

1901 3955 2054 4010 obliti
2109 3974 2216 4013 non
2256 3963 2428 4021 solius
2478 3964 2659 4022 Patris
2709 3969 2970 4038 Spiritum
3017 3975 3170 4030 illum
3211 3955 3356 4044 esse,
3414 3991 3473 4034 rt

1899 4047 2183 4112 videmini,
2220 4069 2474 4125 magnum
2511 4061 2792 4128 Basiliam,
2818 4066 3146 4134 obiectione,
3181 4089 3343 4140 quam
3379 4076 3470 4129 ille

1900 4136 2172 4196 Eunomio
2203 4149 2506 4215 proposuit,
2551 4153 2823 4212 adducitis
2871 4162 3365 4224 ουιιειλιιίιὶοιιιριιι.
3399 4185 3466 4220 υτ

1899 4229 2018 4282 Solo
2052 4230 2191 4286 Filio
2218 4251 2337 4292 esse
2390 4239 2649 4310 Spiritum
2694 4251 2994 4304 secundum
3043 4252 3280 4307 divinam
3320 4257 3468 4312 illtns

1897 4325 2215 4381 essentiam.

1965 4565 2016 4618 ὅ.
2056 4562 2298 4636 Namque
2326 4567 2521 4619 iterum
2565 4579 2768 4636 repeto,
2802 4587 2843 4624 si
2895 4587 2990 4642 per
3042 4591 3139 4632 vos
3206 4594 3471 4639 adversus

1901 4656 2225 4712 Eunomium
2264 4660 2486 4728 querela
2519 4661 2700 4714 habita
2768 4670 2872 4728 est,
2916 4665 3186 4724 dicentem
3235 4689 3300 4729 ex
3348 4677 3468 4730 solo

1899 4747 2034 4801 Filio
2065 4765 2186 4804 esse
2209 4749 2500 4820 Spiritum,
2554 4752 2681 4805 dum
2740 4753 2830 4808 ille
2873 4758 3148 4828 opinatur,
3201 4763 3464 4836 Spiritum

1896 4856 2200 4895 creaturam
2253 4860 2396 4904 esse,
2456 4844 2806 4898 manifes‘tum
2841 4859 2944 4912 est,
2996 4865 3118 4906 eum
3165 4870 3270 4910 non
3329 4863 3468 4917 male

1896 4942 2187 4989 tractaturo
2220 4936 2415 5000 fuisse,
2443 4938 2587 5006 quod
2626 4955 2689 4992 ex
2728 4939 2847 4993 solo
2877 4940 3016 4997 Filio
3052 4946 3257 5002 diceret
3293 4947 3468 5020 Spiri-

1895 5034 2036 5088 tum,
2069 5027 2113 5079 si
2151 5029 2315 5079 Deum
2358 5029 2506 5081 illum
2541 5043 2664 5083 esse
2702 5031 2951 5088 crederet
2981 5053 2994 5089 :
3028 5045 3079 5089 et
3113 5053 3176 5091 ex
3209 5040 3308 5096 hac
3346 5045 3469 5097 \‘io-

1895 5116 2037 5169 lenta
2095 5121 2360 5172 sententia
2403 5122 2580 5189 sequi,
2618 5123 2742 5177 licet
2794 5133 3068 5193 taceatur,
3110 5133 3202 5202 qui
3260 5152 3287 5188 a
3346 5139 3467 5196 solo

1896 5208 2052 5262 Patre
2083 5209 2341 5278 Spiritum
2375 5227 2496 5267 esse
2531 5218 2888 5284 contendunt,
2928 5221 3048 5276 illos
3095 5222 3466 5294 imprudenter

1891 5316 1920 5354 a
1954 5303 2072 5355 solo
2118 5299 2256 5356 Filio
2315 5317 2438 5358 eum
2494 5319 2614 5360 esse
2665 5315 3045 5378 comprobare.
3105 5315 3207 5370 Sed
3244 5321 3287 5373 si
3317 5325 3461 5389 quod

1893 5393 2021 5448 hinc
2074 5393 2345 5450 snbsultat
2409 5397 2732 5462 absurdum,
2765 5411 2818 5454 et
2878 5403 3037 5472 plane
3102 5409 3462 5480 inopinabile,

1891 5495 2078 5555 aperte
2114 5489 2427 5556 conﬁrmat,
2455 5505 2561 5544 non
2597 5502 2816 5562 propter
2847 5510 3113 5553 creatum
3146 5504 3459 5571 Opinionem

1892 5579 2030 5633 male
2048 5581 2221 5649 aeripi
2252 5580 2566 5637 haereticum
2596 5585 2920 5641 Eunomium
2954 5604 2982 5643 a
3018 5606 3212 5659 magno
3234 5594 3458 5665 Basilio,
3513 5583 3534 5594 ’

1889 5687 1953 5726 ex
1980 5673 2098 5728 solo
2123 5672 2260 5728 Filio
2291 5687 2622 5749 asserentem
2671 5679 2929 5747 Spiritum
2965 5698 3108 5745 esse,
3164 5688 3258 5740 sed
3312 5693 3459 5760 quod

1889 5769 2067 5824 solum
2107 5783 2230 5823 eum
2270 5771 2498 5825 omnino
2551 5786 2614 5825 ex
2649 5774 2769 5826 solo
2795 5773 3024 5836 dixerat,
3065 5777 3202 5844 sive,
3246 5791 3304 5834 ut
3357 5784 3464 5837 riu-

1889 5861 2104 5914 nomius
2140 5859 2302 5931 impie
2333 5861 2622 5927 sentiebat,
2647 5874 2920 5928 creatura,
2969 5868 3104 5931 sire,
3147 5878 3204 5922 nt
3255 5873 3464 5931 theolo-

3011 5961 3040 6025 7
