3974 6564
247 409 347 469 205

1132 355 1152 371 ό
1254 404 1352 465 DE
1391 399 1905 463 PROCESSiONE
1948 399 2008 457 S.
2047 395 2430 457 SPIRITUS.

3344 383 3450 448 9.66

240 517 320 571 διὰ
353 514 443 569 τοῦ
474 514 624 580 Υίοῦ,
656 514 687 585 ἢ
718 516 781 568 ἐκ
811 515 908 569 τοῦ
942 516 1095 570 Υἰοῦ.
1130 516 1240 580 Τὰς
1264 515 1375 588 γὰρ
1406 515 1784 584 Εὐαγγελικάς

1888 526 1983 582 per
2015 509 2235 575 Filium,
2266 520 2360 565 aut
2390 524 2455 563 ex
2506 507 2665 561 Filio.
2739 504 3064 576 Evangelia
3118 502 3268 558 enim
3308 501 3454 556 dicta

238 609 431 678 ῥήσεις-
463 607 568 677 τήν
621 622 685 659 τε
731 605 1020 676 λέγουσαν·
1049 627 1069 660 r
1103 607 1176 661 T6
1233 606 1459 678 Πνεῦμα
1509 608 1608 675 τῆς
1662 606 1788 675 ἀλη-

238 696 415 760 θείας·
446 715 467 749 ι
506 697 606 750 xui.
631 698 730 767 τὴν
766 714 785 749 ι
817 698 976 767 Παρά
1033 696 1131 751 τοῦ
1171 697 1386 768 Πατρδς
1433 696 1566 751 αὐτὸ
1620 698 1787 749 ἐκπο-

240 789 486 862 ρεύεσθαι
518 807 539 841 ι
596 789 675 852 είς
721 790 1030 860 μαρτυρίαν
1078 787 1314 843 ἐνταῦθα
1345 788 1446 859 τῆς
1481 788 1786 859 είρημένης

237 880 526 949 συναφείας
562 881 591 933 6
625 880 781 948 ἅγιος
810 880 987 951 φέρει,
1014 879 1167 944 εἰδὼς
1196 878 1442 951 ἀκριϐῶς
1467 879 1542 943 ὡς
1562 881 1701 948 ὅπερ
1752 878 1784 948 ή

232 973 644 1040 ἐκπορεύεναις
688 971 911 1027 δύναται
936 971 1128 1043 δηλοῦν
1173 971 1318 1039 λέξις
1343 971 1435 1024 ἐπὶ
1483 974 1549 1043 τῇ
1580 971 1782 1040 φυσικῇ

238 1067 409 1134 σχέσει
468 1081 527 1117 τε
578 1065 676 1118 καὶ
704 1065 1001 1136 οἰκειότητι
1038 1063 1132 1118 τοῦ
1170 1064 1486 1135 Πνεύματος
1521 1063 1658 1134 πρὸς
1693 1062 1785 1115 τὸν

231 1156 471 1224 Πατέρα,
502 1153 663 1208 τοῦτο
692 1154 913 1209 δύναται
943 1153 1142 1226 δηλοῦν
1184 1155 1279 1207 καὶ
1325 1155 1417 1207 ἐπὶ
1468 1155 1535 1225 τῇ
1577 1156 1781 1225 φυσικῇ

231 1248 401 1315 σχέσει
442 1264 501 1300 τε
528 1249 624 1301 καὶ
657 1249 951 1317 οἰκειότητι
996 1247 1092 1301 τοῦ
1140 1245 1456 1317 Πνεῦματος
1503 1245 1637 1315 πρὸς
1691 1247 1784 1299 τὸν

229 1339 367 1405 Υίὸν,
398 1341 430 1410 ἠ
463 1340 705 1408 λέγουσά
756 1338 888 1394 αὐτὸ
928 1337 1153 1409 Πνεῦμα
1194 1339 1292 1409 τῆς
1341 1322 1622 1408 ἀληθείας.
1674 1337 1786 1390 Καὶ

226 1432 334 1497 εῑγε
362 1449 445 1495 τις
473 1431 783 1485 διαπιστῶν
815 1435 930 1487 ἐστι
960 1431 1037 1503 τῷ
1064 1432 1174 1485 τῶν
1207 1433 1421 1503 ῥήσεων
1440 1429 1645 1483 τούτων
1676 1430 1787 1483 ίσο-

225 1522 461 1594 δυνάμῳ,
494 1523 555 1590 ἐξ
592 1517 668 1577 ὦν
720 1524 804 1588 είς
838 1526 1149 1597 μαρτυρίαν
1185 1524 1339 1594 παρὰ
1383 1522 1478 1576 τοῦ
1541 1520 1784 1591 μεγάλου

226 1616 500 1669 Βασιλείου
536 1616 945 1688 παραγομένων
980 1616 1342 1683 ἀναφαίνεται
1369 1655 1385 1682 ,
1421 1614 1784 1685 συνημμένους

230 1703 363 1760 εἶναι
391 1708 451 1761 τὸ
480 1708 715 1778 Πνεῦμα
738 1708 831 1763 τοῦ
864 1707 997 1761 Υἱοῦ
1029 1707 1244 1762 καὶτοῦ
1284 1707 1522 1778 Πατρδς,
1555 1707 1785 1759 κάκεῖνα

224 1799 289 1850 τὰ
342 1798 480 1869 μέρη
543 1799 884 1869 ἐπιζητείτω
918 1799 1030 1853 τῶν
1058 1797 1155 1852 τοῦ
1194 1798 1432 1869 μεγάλου
1495 1797 1781 1851 Βασιλείου

230 1862 480 1961 war-prim,
501 1893 563 1946 ἐν
590 1862 674 1955 οἷς
702 1862 1036 1962 εὑρίσκεται
1069 1862 1288 1960 λέγων,⁷
1319 1909 1339 1942 ι
1369 1889 1480 1961 Τὴν
1511 1890 1613 1959 μὲν
1646 1889 1784 1961 πρὸς
1816 1862 1859 1921 Β

227 1982 437 2050 Πατέρα
483 1983 821 2054 οἰκειότητα,
859 1983 986 2046 νοῶ,
1044 1981 1233 2053 ἐπειδὴ
1267 1981 1417 2052 παρά
1444 1981 1540 2035 τοῦ
1573 1982 1785 2052 ῐΙατρὸς

232 2074 606 2141 ἐκπορεύεται.
638 2076 740 2145 τὴν
772 2074 912 2144 πρὸς
948 2073 1075 2127 Υίδν
1104 2074 1182 2138 δὲ,
1214 2074 1400 2143 ἐπειδὴ
1431 2073 1635 2139 ἀκούω,
1675 2095 1695 2125 ι
1724 2073 1791 2127 Et

224 2183 301 2228 τις
335 2167 560 2236 Πνεῦμα
615 2166 857 2237 Χριστοῦ
887 2168 987 2222 οὐκ
1022 2167 1160 2238 εχει,
1190 2158 1352 2231 οὗτος
1383 2167 1482 2219 οὐκ
1512 2165 1662 2219 ἔστιν
1688 2167 1788 2219 αὖ·

226 2259 333 2312 τοῦ.
365 2277 384 2311 ι
422 2259 533 2312 Καὶ
559 2259 589 2312 6
624 2261 723 2329 μὲν
757 2262 1026 2331 ἡμέτερος
1049 2260 1317 2328 ἁπόλογος
1340 2257 1478 2330 πρὸς
1512 2260 1639 2323 τοὺς
1669 2258 1785 2313 δια-

231 2350 548 2421 ποροῦντας,
582 2353 633 2405 εί
666 2351 726 2404 τὸ
752 2351 908 2423 παρά
936 2351 1031 2405 τοῦ
1056 2351 1186 2406 Υίοῦ
1213 2347 1355 2405 εἶναι
1379 2352 1674 2423 λεγόμενον
1701 2354 1784 2416 είς

229 2441 312 2493 τὸν
338 2442 559 2514 Πατέρα
590 2445 688 2515 τὴν
708 2445 994 2518 ἀναφορὰν
1022 2445 1164 2517 ἔχει,
1194 2438 1370 2513 οὗτος,
1404 2445 1604 2510 ἱκανῶς
1628 2443 1783 2516 οἶμαι

230 2532 524 2597 ἀποδοθείς.
552 2537 649 2588 Δεῖ
669 2537 724 2589 δὲ
757 2542 853 2589 καὶ
895 2539 964 2599 τὰ
994 2536 1077 2591 ἐτι
1114 2538 1466 2609 ῥηθησόμενα
1511 2539 1588 2602 ὡς
1629 2539 1784 2608 πόρι-

232 2624 334 2692 σμά
377 2641 430 2677 τι
471 2629 590 2691 τοῖς
610 2628 720 2700 ¹ήδη
752 2628 1000 2700 ῥηθεῖσιν
1054 2630 1381 2698 ἐπαγαγεῖν.
1419 2630 1574 2683 Ἐπεὶ
1614 2630 1723 2700 γὰρ
1754 2631 1784 2684 6

230 2717 375 2781 ἆγιος
427 2721 615 2772 πᾶσαν
667 2722 767 2791 τὴν
819 2720 1052 2792 σπουδὴν
1088 2724 1323 2777 ἐποιεῖτο
1371 2722 1781 2793 ἀποδεδωκέναι

233 2808 300 2878 μὴ
326 2809 530 2879 κτίσμα
566 2811 698 2865 Υίοῦ
737 2809 880 2866 εἶναι
912 2814 975 2866 τὸ
1004 2814 1251 2885 Πνεῦμα,
1294 2817 1454 2886 εἰπερ
1504 2816 1784 2872 ἀποδεδεί-

231 2915 325 2967 χει,
360 2900 606 2969 μηδόλως
632 2903 695 2955 ὲκ
723 2901 818 2956 τοῦ
851 2900 986 2954 Υίοῦ
1035 2898 1177 2955 εἶναι
1212 2902 1366 2965 αὐτὸ,
1404 2902 1777 2964 συναποδεδειο

228 2991 418 3059 γμὲνον
443 2992 508 3045 ἂν
545 2992 777 3062 ἔμελλεν
800 2993 966 3064 ἔχειν,
999 2995 1096 3046 καὶ
1128 2992 1189 3047 τὸ
1224 2993 1360 3065 μηδὲ
1404 2994 1611 3064 κτίσμα
1636 2991 1780 3048 εἶναι

233 3082 352 3134 αὐτὸ
375 3081 467 3135 τοῦ
490 3082 653 3138 Υίοῦ.
698 3084 774 3137 Τὸ
801 3086 909 3156 γὰρ
932 3084 1187 3156 μηδόλως
1215 3087 1275 3152 ἐξ
1305 3083 1474 3139 αὐτοῦ
1511 3087 1777 3157 ὑπάρχον,

1890 613 2002 657 tum
2061 604 2205 672 quod
2260 602 2478 665 asserit,
2517 619 2536 652 ι
2600 599 2870 668 Spiritum
2935 596 3207 660 veritatis,
3251 612 3272 648 ι
3338 603 3453 648 ιιιηι

1888 695 2039 761 illud,
2088 712 2108 747 ι
2146 693 2227 748 Ex
2268 693 2434 749 Patre
2488 692 2828 762 pret-edit",
2860 708 2881 743 ι
2946 689 2998 744 in
3059 688 3172 759 jam
3232 693 3456 742 asserta:

1887 786 2293 858 coniunctionis
2352 786 2728 841 testimonium
2764 782 3001 853 prolem,
3031 781 3190 851 plane
3243 778 3453 844 sciens,

1884 895 2050 950 quam
2101 877 2447 947 precationis
2494 892 2595 931 vox
2631 871 3231 931 sententiam.insinuat
3269 871 3322 924 in
3356 884 3456 924 na-

1884 972 2047 1027 turali
2084 970 2344 1024 relatione
2367 1008 2381 1033 ,
2420 979 2477 1023 et
2530 968 2791 1024 aﬂinitate
2823 965 3064 1036 Spiritus
3099 967 3165 1018 ad
3211 963 3450 1024 Patrem,

1885 1062 2130 1118 eamdem
2158 1076 2374 1131 quoque
2398 1070 2696 1116 conuolare
2723 1059 2778 1114 iu
2805 1057 3041 1113 naturali
3089 1055 3353 1111 relatione
3400 1063 3469 1108 ct-

1882 1154 2143 1210 aﬁinitate
2168 1154 2405 1224 Spiritus
2425 1153 2496 1208 ad
2522 1151 2747 1216 Filium,
2776 1164 2883 1220 qua
2944 1155 3288 1217 nuncupatur
3317 1143 3445 1214 Spi.

1887 1249 2027 1302 ritus
2061 1245 2323 1302 veritatis.
2359 1244 2512 1312 Quod
2536 1243 2590 1309 si
2620 1242 2746 1313 quis
2767 1238 3144 1309 hujuscemodi
3179 1237 3450 1292 dictorum

1884 1340 2120 1410 aaquales
2150 1340 2298 1395 vires
2325 1350 2448 1395 esse
2487 1353 2592 1391 non
2628 1336 2916 1395 suadetur.
2952 1332 3155 1402 quibus
3184 1331 3240 1385 in
3294 1329 3452 1384 testi-

1886 1431 2132 1486 monium
2167 1444 2203 1485 a
2230 1443 2427 1500 rnagno
2477 1427 2683 1482 Basilio
2726 1424 2981 1480 adductis
3038 1429 3289 1493 apparet,
3325 1434 3456 1475 con-

1881 1522 2129 1593 junctum
2154 1535 2281 1577 esse
2312 1518 2578 1589 Spiritum
2613 1516 2756 1571 Filio
2801 1526 2850 1571 et
2888 1513 3060 1580 Patri,
3101 1520 3282 1581 partes
3315 1511 3453 1566 alias

1886 1612 2211 1682 scriptorum
2265 1609 2444 1679 magni
2522 1604 2707 1661 Basilii
2767 1603 3032 1673 inquirat,
3090 1598 3292 1669 quibus
3359 1596 3454 1651 ille

1887 1705 2158 1760 insinuat:
2194 1721 2214 1754 ι
2243 1700 2381 1756 Cum
2400 1698 2559 1755 Patre
2593 1696 2810 1767 quidem
2843 1693 3158 1748 alliuitatem
3190 1688 3453 1758 intelligo,

1886 1797 2103 1868 quando
2151 1811 2182 1851 a
2238 1792 2401 1848 Patre
2431 1790 2699 1862 procedit,
2747 1802 2872 1844 cum
2927 1783 3069 1840 Filio
3117 1797 3267 1848 vero,
3321 1781 3450 1836 dum

1885 1889 2070 1954 audio,
2113 1908 2135 1942 ι
2177 1887 2234 1943 Si
2264 1887 2387 1957 quis
2421 1884 2684 1954 Spiritum
2716 1879 2920 1937 Christi
2969 1893 3077 1933 non
3117 1876 3305 1935 habet.
3360 1872 3453 1927 hic

1887 1982 2032 2036 illius
2061 1996 2170 2035 non
2210 1987 2313 2034 est.
2363 1997 2382 2029 ο
2417 1977 2482 2032 Et
2560 1973 2905 2030 ratiocinatio
2954 1968 3214 2040 equidem
3263 1974 3452 2020 nostra

1887 2074 2149 2127 adversus
2177 2085 2295 2134 eos,
2335 2070 2428 2138 qui
2455 2067 2728 2131 haesitant,
2762 2081 2830 2120 an
2876 2063 3020 2133 quod
3060 2075 3090 2114 a
3150 2056 3289 2113 Filio
3329 2069 3452 2109 esse

1885 2164 2103 2227 dicitur,
2140 2164 2207 2218 ad
2236 2161 2453 2216 Patrem
2485 2158 2883 2222 refertur,.bec
2917 2153 3079 2209 modo
3101 2149 3236 2206 satis
3278 2148 3453 2202 abun-

1886 2253 2076 2322 deque,
2109 2263 2167 2306 ut
2218 2253 2336 2322 ipse
2400 2249 2677 2312 existimo.
2722 2245 3029 2316 expeditur.
3087 2227 3218 2308 Qua
3269 2248 3451 2293 autem

1886 2344 2304 2408 subnectenlur,
2357 2341 2521 2397 dictis
2591 2337 2799 2394 nostris
2865 2333 3028 2390 veluti
3103 2327 3452 2386 corollarium

1888 2435 2262 2509 coniungenda
2293 2443 2437 2489 sunt.
2484 2433 2619 2488 Cum
2658 2431 2802 2486 enim
2842 2435 3067 2482 sanctus
3106 2432 3454 2489 summopere

1887 2537 2051 2600 atque
2095 2543 2161 2584 ex
2216 2527 2429 2596 integro
2476 2523 2823 2580 incumberet
2871 2519 3276 2577 demonstrare,
3339 2524 3454 2565 non

1882 2637 2006 2678 esse
2025 2629 2333 2678 creaturam
2370 2616 2493 2673 Filii
2544 2614 2849 2684 Spiritum;
2911 2611 2956 2665 si
3001 2609 3452 2667 demonstrasset,

1885 2714 2035 2769 nullo
2070 2711 2232 2766 modo
2261 2724 2385 2764 eum
2438 2723 2560 2763 esse
2593 2722 2658 2760 ex
2687 2704 2850 2767 Filio,
2910 2702 3023 2771 jam
3080 2699 3248 2754 etiam
3318 2695 3453 2750 illud

1881 2802 2551 2873 demonstratumiuisset,
2576 2814 2755 2871 neque
2796 2806 3112 2854 creaturam
3136 2791 3293 2847 illum
3327 2803 3452 2845 esse

1881 2900 2026 2957 Filii.
2062 2899 2274 2955 Etenim
2301 2896 2444 2967 quod
2479 2895 2630 2949 nullo
2656 2891 2816 2947 modo
2838 2905 2903 2947 ex
2933 2888 3054 2958 ipso
3080 2892 3182 2949 est,
3216 2895 3452 2954 quanam

1883 2993 2092 3049 ratione
2128 2997 2380 3045 creatura
2407 2987 2555 3042 illius
2578 2979 3114 3040 dicereturi‘Aditus
3142 2977 3292 3030 enim
3343 2973 3455 3027 Eu-

1882 3085 2071 3141 nomio
2098 3081 2166 3138 ad
2215 3079 2577 3136 asserendum
2618 3076 2882 3147 Spiritum
2928 3083 3243 3128 creaturam
3305 3064 3451 3131 Filii,

231 3172 339 3236 πῶς
366 3171 431 3228 ἀν
467 3172 588 3246 εἶχε
624 3176 782 3245 λόγον
834 3178 1048 3247 ποίημα
1083 3178 1249 3232 αὐτοῦ
1302 3177 1588 3248 λέγεσθαι;
1639 3179 1780 3251 πάρ-

1883 3178 2066 3232 nullus
2084 3176 2232 3229 alius
2260 3172 2398 3239 fuit,
2447 3184 2613 3242 quam
2648 3168 2772 3233 hic;
2829 3163 2972 3237 quod
3023 3162 3201 3233 palam
3247 3161 3315 3213 ab
3345 3157 3452 3223 itis,

230 3264 335 3327 οδος
386 3266 497 3337 γὰρ
544 3267 799 3340 Εὑνομίῳ
850 3271 990 3339 πρὸς
1036 3271 1095 3323 τὸ
1128 3271 1302 3324 εἰπεῖν
1336 3271 1397 3324 τὸ
1433 3270 1657 3341 Πνεῦμα
1683 3269 1779 3324 τοῦ

1883 3270 1975 3340 qui
1999 3283 2065 3325 eo
2104 3278 2346 3337 tempore
2377 3265 2652 3328 vivebant,
2677 3276 2744 3317 ex
2766 3258 2930 3314 Patre
2956 3271 3054 3327 per
3097 3253 3455 3339 Filiurnesse

235 3352 353 3405 Υίοῦ
381 3357 509 3425 ποίη
523 3372 609 3427 μα
636 3357 864 3429 οὐδεμία
890 3361 979 3423 τίς
1010 3360 1231 3427 γέγονεν
1253 3361 1387 3432 ἄλλη
1412 3361 1532 3416 ἀλλ’
1556 3364 1590 3432 ἢ
1620 3362 1782 3432 μόνον

232 3445 370 3510 αὐτὸ,
408 3448 468 3500 τὸ
492 3448 799 3520 διαρῤἠίην
848 3453 959 3514 τοίς
1010 3451 1133 3504 τότε
1184 3452 1661 3521 θεώογείσθαῃὲκ
1683 3451 1779 3507 τοῦ

190 3562 205 3574 ~
234 3537 429 3608 Ιιατρὸς
453 3540 543 3592 διὰ
590 3541 684 3592 τοῦ
734 3540 863 3593 Υίοῦ
897 3537 1040 3595 εἶναι
1091 3543 1152 3596 τὸ
1200 3542 1449 3613 Πνεῦμα,
1502 3545 1596 3597 καὶ
1642 3544 1784 3599 κατά

233 3631 377 3684 τοῦτο
406 3632 496 3686 καὶ
527 3634 597 3684 ὲκ
626 3633 721 3685 τοῦ
752 3633 901 3688 Υίοῦ.
931 3634 1007 3687 Οὐ
1033 3635 1140 3706 γὰρ
1171 3635 1244 3700 ὡς
1273 3636 1339 3689 ἐκ
1362 3636 1580 3707 πρώτης
1602 3639 1783 3702 αἰτίας

237 3724 322 3777 καὶ
345 3725 518 3794 ἀρχῆς
547 3727 616 3778 ὲκ
643 3724 738 3777 τοῦ
772 3725 901 3778 Υίοῦ
927 3727 988 3778 τὸ
1019 3726 1245 3797 Πνεῦμά
1277 3728 1446 3792 ἐστιν,
1474 3728 1589 3781 ἀλλ’
1617 3727 1692 3793 ὡς
1718 3731 1783 3783 ὲκ

234 3814 319 3866 τοῦ
351 3815 563 3886 Πατρὸς
598 3816 841 3886 ὑπάρχον
869 3817 936 3869 δι’
969 3816 1126 3874 Υίοῦ.
1162 3819 1272 3871 Καὶ
1305 3819 1366 3872 οὐ
1399 3819 1558 3890 μόνον
1600 3820 1783 3874 τοιαύ-

232 3923 324 3976 την
346 3908 408 3961 ἂν
435 3905 586 3980 εῖχεν
611 3912 638 3962 ό
658 3909 812 3977 λόγος
841 3909 936 3980 τὴν
956 3909 1213 3979 δύναμιν,
1234 3908 1378 3964 ὥστε
1409 3912 1782 3983 ἀναφέρεσθαι

229 3999 286 4050 τὸ
315 3999 555 4070 Πνεῦμα,
593 4000 669 4072 μὴ
705 3997 845 4053 εἶναι
873 4000 969 4055 τοῦ
1012 4001 1132 4054 Υίοῦ
1161 4003 1387 4072 κτίσμα,
1412 4004 1511 4056 ἐὰν
1552 4005 1580 4056 6
1628 4004 1782 4071 ἅγιος

233 4092 494 4158 ἀποδείξαι
524 4090 665 4163 εἶχε,
706 4096 781 4165 μὴ
819 4097 883 4148 ἐκ
914 4094 1010 4148 τοῦ
1059 4095 1193 4149 Υίοῦ
1227 4091 1363 4149 εἶναι
1412 4097 1570 4153 αὐτό.
1622 4095 1782 4150 Ἀλλὰ

233 4183 317 4236 καί
345 4201 395 4238 τι
420 4184 550 4240 ἄλλο
581 4185 877 4257 βαθύτερον
910 4189 1020 4249 τοῖς
1052 4186 1562 4258 ὲξεταστικωτέροις
1597 4187 1782 4242 ἐντεῦ-

236 4274 319 4328 θεν
346 4272 411 4348 ἦν
442 4279 700 4335 συνιδεῖν.
735 4279 797 4333 Ὀ
830 4281 939 4350 γὰρ
982 4280 1248 4351 Εὐνόμιος
1280 4280 1497 4351 -ποίημα
1522 4279 1619 4333 τοῦ
1648 4278 1781 4334 Υἰοῦ

239 4367 398 4437 λέγων
422 4372 480 4425 τὸ
509 4371 755 4441 Πνεῦμα,
785 4375 885 4426 καὶ
917 4371 1009 4425 τοῦ
1035 4372 1372 4440 Μονογενοῦί
1404 4372 1649 4437 ἔλαττον,
1681 4374 1783 4442 τὴν
1810 4376 1822 4385 ³

233 4460 319 4516 τοῦ
347 4463 500 4531 ἁγίου
527 4463 667 4516 Πνεύ
676 4480 841 4535 ματος
867 4464 1212 4531 ὲξουδένωσιν
1233 4465 1308 4526 ὡς
1340 4463 1782 4535 ὁμολογουμένην

1882 3362 2146 3432 Spiritum
2179 3358 2582 3418 enuntiaretur.
2641 3365 2692 3407 et
2724 3360 3134 3421 consequenter
3167 3361 3230 3401 ex
3290 3327 3451 3399 Filio.

1882 3453 2000 3508 Non
2041 3453 2185 3506 enim
2231 3451 2394 3506 veluti
2441 3463 2507 3504 ex
2560 3447 2737 3517 prima
2771 3459 2938 3498 causa
2980 3451 3037 3497 et
3088 3437 3356 3511 principio
3385 3450 3452 3489 ex

1879 3545 2021 3601 Filio
2074 3544 2313 3613 Spiritus
2366 3548 2491 3603 est,
2542 3540 2635 3594 sed
2689 3553 2755 3592 ex
2810 3534 2970 3589 Patre
3027 3531 3299 3589 exsistcns
3354 3540 3453 3598 per

1882 3639 2107 3695 Filium.
2138 3636 2203 3690 Et
2256 3648 2431 3703 neque
2452 3632 2511 3687 id
2567 3627 2943 3685 tantummodo
2984 3637 3165 3679 sermo
3201 3622 3449 3686 inferret,

1884 3739 1946 3784 ut
2002 3736 2335 3783 assereretur
2377 3722 2624 3794 Spiritus
2681 3735 2787 3777 non
2835 3732 2957 3774 esse
3000 3714 3122 3771 Filii
3173 3724 3449 3776 creatura,

1880 3822 1928 3876 si
1986 3831 2209 3876 sanctus
2259 3819 2636 3873 demonstrare
2690 3812 2979 3883 potuisset,
3011 3823 3076 3877 ex
3133 3804 3272 3860 Filio
3323 3817 3448 3858 eum

1882 3930 1990 3971 non
2045 3928 2187 3968 esse.
2237 3910 2345 3966 Sed
2376 3907 2523 3964 aliud
2579 3921 2795 3977 quoque
2832 3912 2892 3959 et
2919 3902 2973 3956 id
3012 3899 3184 3955 multo
3218 3911 3454 3953 accura-

1885 4012 2031 4072 tius,
2085 4007 2175 4077 qui
2239 4002 2553 4059 accuratius
2602 4016 2691 4055 res
2749 3996 3103 4067 expendunt.
3163 3991 3450 4059 concipere

1884 4106 2209 4178 potuissent.
2266 4100 2400 4156 Nam
2444 4098 2747 4154 Eunomius
2800 4102 3104 4150 creaturam
3156 4087 3278 4145 Filii
3324 4085 3450 4178 Spi—

1885 4198 2047 4252 ritum
2078 4194 2317 4259 tradeus,
2351 4189 2727 4261 etUnigenito
2775 4187 3068 4248 minorem,
3122 4181 3298 4236 sancti
3324 4177 3451 4247 Spi-

1884 4288 2021 4343 ritus
2073 4293 2450 4354 -contemptum
2511 4291 2765 4350 tanquam
2828 4277 3084 4333 omnibus
3153 4273 3443 4345 probatum

1884 4374 2178 4444 accipiens,
2219 4373 2348 4427 hinc
2378 4371 2446 4426 ad
2498 4368 2977 4426 demonstrandam
3039 4362 3311 4434 Unigeniti
3363 4361 3451 4416 di-

1885 4464 2241 4520 minutionem
2297 4460 2794 4533 proﬁciscebatur,
2853 4465 2914 4511 ut
2987 4463 3223 4509 testatur
3297 4451 3444 4506 idem

235 4551 532 4622 λαμὸἀνων,
573 4554 821 4609 ἐντεῦθεν
869 4556 1006 4626 πρὸς
1062 4557 1162 4627 τὴν
1205 4556 1477 4621 ἀπόδειξιν
1527 4552 1628 4628 τῆς
1684 4556 1778 4610 τοῦ

1883 4568 2112 4625 magnus
2141 4551 2376 4607 Basilius
2404 4549 2568 4621 paulo
2594 4560 2718 4604 ante
2742 4547 2853 4619 jam
2881 4546 2948 4601 ad
2976 4558 3208 4601 examen
3228 4556 3449 4619 propo-

233 4644 565 4714 Μονογενοῦς
592 4647 938 4709 ἐλαττώσεως
965 4648 1149 4720 ὥρμα,
1170 4648 1255 4713 νὼς
1300 4649 1470 4713 αὐτὸς
1520 4652 1548 4702 6
1603 4649 1780 4720 μέγας

233 4734 496 4801 Basilus;
536 4741 807 4810 μαρτυρεί
825 4739 990 4810 ὀλίγῳ
1012 4739 1275 4810 πρότερον
1300 4740 1398 4810 τῆς
1416 4740 1501 4803 είς
1530 4740 1778 4807 ἐξέτασιν

237 4834 592 4903 προκειμένης
620 4836 929 4906 περικοπῆς
978 4833 1152 4897 οὕτως
1191 4833 1284 4887 ἐπὶ
1330 4834 1532 4900 λέξεων
1557 4834 1733 4902 λέγων
1755 4852 1770 4868 ν

241 4937 260 4970 ι
293 4921 346 4974 ’0
372 4922 465 4991 μὲν
492 4922 692 4994 Κύριος
720 4924 849 4992 περὶ
865 4922 962 4976 τοῦ
988 4923 1364 4995 Παρακλήτου,
1393 4942 1412 4976 ι
1448 4927 1653 4985 ἐκεῖνος
1677 4924 1779 4995 ἐμὲ

236 5007 450 5075 δοξάσει,
486 5033 503 5064 ι
561 5016 748 5084 φησιν,
798 5031 822 5065 ι
851 5015 884 5084 η
915 5013 973 5067 δὲ
998 5016 1302 5086 κατήγορος
1333 5013 1576 5083 γλῶσσα,
1607 5014 1778 5086 ἐμπό-

238 5098 337 5151 διον
368 5097 504 5155 εἶναι
534 5103 609 5172 τῷ
640 5103 754 5172 Υίῷ
784 5106 878 5174 τῆς
902 5103 1040 5175 πρὸς
1065 5104 1156 5157 τὸν
1182 5105 1402 5175 Πατέρα
1433 5105 1776 5176 συγκρίσεως

241 5192 601 5263 ἀποφαίνεται.
633 5195 859 5268 Ἐπειδὴ
907 5196 1015 5267 γὰρ
1074 5195 1169 5250 τοῦ
1211 5197 1553 5268 Πνεῦματος,
1619 5199 1776 5269 φησὶ,

240 5286 451 5357 ποιητὴς
477 5289 507 5342 6
533 5287 683 5352 Υἱὸς.
712 5289 871 5350 ἵλεως
893 5287 949 5342 δὲ
977 5289 1132 5361 ἡμῖν,
1181 5288 1375 5361 Κύριε,
1422 5290 1536 5351 τοῖς
1586 5288 1777 5343 λαλουο

246 5377 582 5452 μίωιςιεῖης,
617 5380 777 5435 τοῦτο
804 5382 863 5435 δὲ
889 5380 1131 5435 τοιοῦτόν
1186 5381 1360 5445 ἔστιν,
1391 5380 1469 5444 ὡς
1506 5381 1777 5452 μηδεμίαν

245 5472 535 5540 σεμνότητα
592 5474 674 5545 τῷ
729 5475 1197 5546 δημιουργήσαντι
1257 5474 1630 5545 προστιθέναι,
1690 5475 1779 5530 διὰ

243 5560 387 5615 τοῦτο
406 5566 523 5621 οὐδὲ
555 5567 940 5636 συγκρίνεσθαι
966 5567 1044 5639 τῷ
1080 5567 1257 5639 Πατρ).
1282 5565 1455 5637 ἄξιος,
1488 5569 1556 5623 ἐκ
1576 5568 1679 5637 τῆς
1701 5561 1778 5621 ὧν

242 5647 478 5725 ἐποίησεν
496 5657 791 5724 εὐτελείας,
809 5659 871 5713 τὸ
896 5658 1161 5732 ὁμότιμον
1183 5659 1283 5734 τῆς
1303 5660 1459 5726 ἀξίας
1486 5659 1779 5733 ἀφῃρημέ-

307 5807 349 5841 ³¹
371 5806 523 5872 Joan.
552 5830 663 5885 xrv,
696 5817 798 5883 l7;
832 5831 923 5884 xv,
952 5817 1044 5874 26.

1884 4643 2044 4700 sitam
2101 4643 2431 4714 pericopem;
2488 4639 2607 4695 bac
2642 4637 2901 4694 verbatim
2938 4635 3293 4692 edisserens:
3332 4650 3352 4684 ι
3384 4630 3451 4686 Et

1882 4735 2151 4793 Dominus
2183 4734 2402 4807 quidem
2433 4734 2499 4790 de
2525 4730 2810 4795 Paracleto
2832 4729 3000 4795 dicit;
3032 4727 3123 4782 ille
3156 4741 3243 4781 me
3284 4723 3449 4795 glori-

1883 4829 2085 4894 ﬁcabit,
2117 4838 2174 4883 at
2236 4827 2341 4883 ista
2396 4824 2662 4881 maledica
2725 4824 2935 4898 lingua,
2995 4818 3447 4891 impedimentum

1881 4934 2003 4976 esse
2038 4919 2214 4989 ipsum
2243 4916 2382 4974 Filio
2421 4925 2643 4984 censet,
2674 4931 2742 4970 ne
2791 4907 2916 4968 cum
2961 4910 3122 4967 Patre
3169 4922 3451 4977 compare-

1885 5022 1994 5069 tur.
2022 5010 2252 5079 Quando
2274 5010 2420 5065 enim
2449 5008 2710 5079 Spiritus,
2743 5006 2943 5076 inquit,
2983 5003 3159 5059 factor
3177 4999 3452 5057 estFilius

1882 5104 2177 5181 (propitius
2209 5112 2390 5158 autem
2426 5111 2504 5168 tu,
2549 5101 2798 5165 Domine.
2834 5100 2888 5156 in
2943 5098 3048 5164 his,
3077 5108 3202 5165 quae
3273 5091 3455 5163 loqui-

1886 5213 2035 5262 mur.
2078 5195 2388 5266 nobissis)
2455 5195 2559 5249 hoc
2614 5208 2745 5249 vero
2795 5187 3172 5262 hujuscemodi
3229 5196 3330 5247 est.
3392 5194 3450 5238 ut

1884 5291 2098 5346 nullum
2127 5290 2293 5345 decus
2320 5287 2484 5343 addat
2529 5285 2806 5349 Creatori,
2844 5294 3130 5354 propterea
3171 5293 3270 5334 nec
3301 5277 3449 5332 Patri

1885 5384 2195 5455 comparari
2233 5383 2430 5452 dignus
2457 5392 2565 5447 est,
2596 5380 2856 5451 quoniam
2888 5378 3198 5433 humilitate
3234 5388 3448 5438 corum,

1876 5492 1998 5548 qua:
2026 5477 2179 5542 fecit,
2203 5475 2484 5547 dignitatis
2508 5474 2819 5546 aequalitate
2841 5473 3089 5544 privatus
3118 5478 3223 5525 est.
3266 5486 3284 5520 ι
3324 5466 3450 5522 llaec

1876 5575 2098 5622 sanctus
2126 5566 2389 5621 verbatim
2430 5567 2760 5630 enuntians,
2802 5575 2853 5618 et
2894 5562 3146 5618 Eunomii
3190 5558 3451 5630 blasphe-

1877 5657 2039 5713 miam
2055 5657 2230 5729 palam
2252 5656 2896 5730 omnibusdeprmdicaus
2908 5669 2970 5711 ac
2988 5660 3449 5717 commonsunns,
