3974 6602
296 432 405 495 217

1319 436 1416 497 ΠΕ
1457 426 1973 497 PROCESSIONE
2013 438 2075 501 S.
2123 440 2498 503 SPIRITUS.

3422 447 3531 513 213

295 553 468 623 χρόνῳ
498 550 599 605 καὶ
628 551 690 622 τῇ
712 551 852 605 κατᾶ
882 551 1077 622 χρόνον
1109 551 1367 624 ὑπάρξεις
1401 553 1553 607 ἀλλά
1587 554 1851 623 δυνάμει;

1961 556 2187 610 stentia?
2215 572 2340 610 num
2386 558 2687 615 facultate?‘
2718 576 2844 614 num
2881 561 3189 632 dignitate?
3214 536 3343 616 nunt
3385 577 3525 632 quu—

292 644 429 700 ἀλλά
457 643 589 717 ἀξίᾳ
617 645 718 698 τινί
739 661 754 709 ;
780 644 915 698 ἀλλά
944 661 1046 699 τινι
1069 645 1178 698 τῶν
1203 646 1377 700 ἄλλων
1396 646 1525 712 τῶν,
1557 648 1659 701 ὅσα
1680 648 1850 719 ὑπερ-

290 737 422 809 οχὴν
457 737 682 807 δηλοῦσι
711 736 821 789 τῶν
852 736 987 807 πρὸς
1029 737 1095 791 τὰ
1119 739 1292 792 οἰκεῖα
1322 739 1551 809 δεύτερα
1585 739 1855 809 πρώτων;

290 830 404 885 Καὶ
427 830 514 893 τίς
548 830 683 885 ἄνευ
729 830 966 900 Ἀρείου,
1023 830 1119 884 καὶ
1165 830 1274 884 τῶν
1316 830 1459 884 κατά
1492 830 1586 883 τὸν
1641 831 1860 899 Ἀρειον

293 922 686 992 παραπλήγων
719 921 816 974 καὶ
877 922 1146 990 μανικῶν,
1188 921 1450 991 τοιαύτην
1499 919 1858 991 ἀπερεύξεται

291 1013 686 1082 βλασφημίανς
740 1012 1003 1066 Λείπεται
1068 1012 1247 1066 τοίνυν
1292 1011 1431 1065 κατά
1474 1011 1636 1081 μόνον
1686 1010 1753 1063 τδη
1794 1013 1858 1064 ἐκ

290 1105 507 1176 Πατρὸς
540 1106 788 1159 αίτιατὸν
809 1105 1064 1173 δεύτερον
1094 1107 1187 1158 τοῦ
1228 1104 1437 1174 Πατρδς
1462 1105 1552 1157 τὸν
1587 1104 1714 1156 Υξδν
1762 1102 1859 1156 καὶ

287 1196 536 1251 νοεῖσθαι
576 1199 673 1249 καὶ
711 1196 991 1263 λέγεσθαιο
1015 1197 1152 1265 ὅπερ
1179 1198 1273 1250 καὶ
1301 1197 1332 1248 6'
1362 1194 1539 1264 μέγας
1578 1192 1858 1255 Βασίλειος

287 1287 627 1357 παρίστησιν
669 1287 955 1355 ἐναργῶς,
1003 1304 1021 1337 ι
1067 1285 1320 1356 δεύτερον
1368 1285 1464 1338 τοῦ
1507 1283 1718 1350 Πατρδς
1767 1283 1860 1335 τὸν

286 1379 415 1431 Τίον
437 1377 602 1442 τάξει
633 1395 692 1429 τε
719 1378 814 1430 καὶ
839 1375 1112 1443 ἀξιώματι
1144 1376 1337 1443 λέγων,
1372 1377 1453 1429 ὅτι
1486 1377 1550 1428 ὲκ
1604 1377 1700 1428 τοῦ
1745 1376 1858 1429 Πα-

285 1470 433 1537 τρὸς.
481 1470 664 1538 Εἴπερ
704 1468 836 1537 γοῦν
882 1467 1131 1522 ἐντεῦθεν
1179 1466 1448 1536 λαμπρῶς
1504 1467 1859 1533 ἀναφαίνεται

281 1561 344 1614 τὸ
377 1560 453 1630 μὴ
487 1561 672 1623 ἄλλως
698 1560 791 1612 τὸν
818 1559 946 1613 Υίδν
973 1560 1231 1629 δεύτερον
1276 1559 1370 1612 τοῦ
1431 1558 1642 1628 Πατρδς
1702 1559 1858 1626 λέγε-

285 1651 429 1708 σθαι.
466 1653 555 1704 ὅτι
586 1651 829 1722 μὴκατὰ
874 1652 1035 1719 μόνον
1068 1651 1127 1703 τὸ
1156 1651 1219 1703 ὲκ
1245 1650 1462 1720 Harpe;
1508 1651 1751 1703 αίτιατδν
1782 1647 1858 1702 εἷο

283 1760 368 1799 ναι
399 1744 597 1807 αὑτὸν,
625 1744 764 1815 ὅπερ
791 1738 944 1796 εἷπον
990 1743 1081 1796 καὶ
1128 1742 1295 1795 πάλιν
1327 1742 1493 1812 φημὶ,
1520 1742 1616 1795 ὲάν
1636 1743 1697 1794 τὸ
1719 1740 1857 1810 πρὸς

282 1839 373 1892 τὸν
402 1839 634 1909 Πατέρα
666 1838 973 1907 δευτερεῖον
1010 1835 1102 1889 τοῦ
1133 1834 1265 1898 Υἱοῦ
1319 1833 1694 1904 διασκοπήσῃς
1753 1849 1853 1886 xa-

282 1933 413 1994 λῶε,
440 1932 671 1996 ἐξέσται
702 1947 785 1984 σοι
818 1927 1069 1982 ἐντεῦθεν
1101 1915 1429 1982 καταλαϐεῖν
1457 1927 1534 1989 ὡς
1575 1927 1669 1979 καὶ
1693 1927 1727 1994 ἡ
1761 1943 1859 1995 με·

242 2082 256 2092 .
284 2025 462 2076 σιτεία
487 2021 592 2075 τοῦ
634 2019 765 2074 Υἱοῦ
789 2020 877 2073 διὰ
911 2019 1005 2073 τὸν
1039 2020 1202 2072 αὗτὸν
1234 2016 1394 2083 λόγον
1446 2016 1542 2069 τοῦ
1611 2014 1860 2082 αζτιατοῦ

286 2113 558 2185 εἰρημένη
590 2112 760 2165 ἐστίν·
794 2114 916 2165 ἐπεὶ
938 2109 1045 2180 γάρ
1068 2111 1183 2164 ἔστι
1206 2108 1376 2162 καὶτὸ
1405 2107 1500 2161 τοῦ
1531 2106 1661 2161 Υίοῦ
1696 2108 1860 2178 πρόσ-

284 2220 435 2257 ωπον
514 2202 761 2257 αίτιατδν
818 2204 883 2255 ὲκ
944 2199 1346 2271 Πατρδςιέστι
1403 2198 1463 2252 δὲ
1507 2200 1602 2252 καὶ
1657 2197 1720 2251 τὸ
1764 2196 1861 2251 τοῦ

285 2294 639 2363 Πνεὺματος,
669 2293 803 2348 ἀλλά
830 2294 889 2347 τὸ
927 2292 1025 2362 μέν
1057 2294 1174 2344 ἐστι
1204 2290 1493 2363 προσεχῶς
1521 2291 1584 2343 ὲκ
1616 2290 1860 2359 πρῶτον,

284 2382 347 2436 rb
369 2383 427 2435 δὲ
454 2384 548 2436 διὰ
586 2382 681 2435 τοῦ
712 2381 1000 2452 προσεχῶς
1045 2382 1110 2433 ἐκ
1136 2379 1231 2433 τοῦ
1265 2378 1505 2448 πρώτου,
1545 2379 1604 2430 τὸ
1634 2378 1727 2431 τοῦ
1786 2379 1864 2431 al-

286 2476 477 2530 τιατοῦ
507 2473 1075 2546 προσεχὲς,δεΰτερόιι
1107 2488 1166 2524 τε
1219 2470 1316 2525 τοῦ
1358 2472 1570 2538 Harpe;
1604 2469 1695 2524 τὸν
1735 2469 1864 2523 Υίὸν

285 2568 613 2635 ἀναφαίνει,
643 2567 738 2619 καί
775 2565 942 2635 μέσον
978 2561 1195 2633 Πατρός
1253 2578 1313 2615 τε
1359 2562 1456 2615 κα)⁵
1522 2562 1859 2631 Πνεὺματος.

288 2658 331 2712 Π
343 2658 592 2730 ροσεχῶς
625 2658 722 2727 μὲν
749 2656 859 2727 γὰρ
890 2656 966 2709 ῶν
988 2657 1053 2710 ὲκ
1084 2654 1179 2709 τοῦ
1230 2655 1443 2726 Πατρὸς
1493 2654 1637 2709 κατά
1682 2654 1744 2708 τὸ
1775 2656 1863 2708 αι-

288 2748 473 2801 τιατὸν
577 2746 700 2810 Υἱὸς
732 2748 988 2818 δεύτερος
1020 2746 1185 2800 αὐτοῦ
1213 2746 1456 2815 λέγεται.
1489 2747 1599 2799 Καὶ
1624 2747 1724 2800 οὐκ
1747 2746 1863 2799 ἔστι

293 2840 633 2909 σωματικῶς
660 2840 896 2895 ἐνταῦθα
925 2843 1072 2894 νοεῖν
1096 2840 1156 2893 τὸ
1201 2840 1421 2912 πρῶτον
1459 2841 1553 2894 καὶ
1587 2839 1862 2910 δεύτερον,

294 2931 412 2985 οὐδὲ
438 2931 780 3002 διῃρημένον
802 2930 1021 2985 ἀπὸτοῦ
1081 2929 1303 3003 πρῶτον
1356 2931 1420 2984 rb
1472 2929 1746 3000 δεύτερον,
1795 2930 1865 2985 δι’

292 3024 486 3079 ἑαυτοῦ
520 3024 693 3095 δὲτῷ
723 3023 898 3095 Πατρὶ
955 3023 1017 3077 rb
1069 3023 1293 3094 Πνεῦμα
1339 3024 1651 3088 συνάπτων,
1701 3023 1865 3094 μέσος

293 3118 506 3189 Πατρδς
534 3118 631 3171 καὶ
655 3117 796 3171 Πνεύ
806 3134 976 3188 ματος
991 3115 1234 3186 λέγεται,
1250 3116 1344 3169 καὶ
1367 3116 1427 3170 τὸ
1446 3116 1667 3184 Πνεῦμα
1682 3116 1865 3188 τρίτον

1963 645 2105 713 piam
2137 646 2262 711 alio,
2318 649 2461 717 quod
2513 649 2883 705 excellentiam
2942 665 3159 715 eorum,
3201 665 3321 720 qua!
3354 651 3527 719 prima

1961 745 2090 790 sunt
2116 753 2241 808 erga
2273 740 2512 803 secunda
2541 751 2592 794 et
2615 741 2813 804 amnia,
2855 740 3016 797 infert
3043 743 3067 796 ?
3095 742 3294 813 Ecquis
3322 742 3529 810 absque

1960 828 2112 887 Ario,
2170 840 2221 882 et
2266 830 2363 894 iis;-
2415 831 2504 901 qui
2552 847 2705 902 aeque
2757 844 2919 902 atque
2971 833 3136 888 Arius
3189 832 3531 888 dementiunt

1962 929 2125 987 atque
2174 921 2471 987 insaniunt,
2508 923 2742 977 similem
2777 923 3167 992 blasphemiam
3216 922 3528 977 eructabit?

1962 1009 2253 1081 Reliquum
2305 1023 2388 1068 est
2448 1016 2613 1084 igitur
2666 1025 2726 1070 ut
2783 1019 3162 1071 tantummodo
3224 1015 3527 1071 secundum

1961 1104 2210 1159 cﬂectttm
2241 1120 2304 1160 ex
2350 1106 2510 1161 Patre
2544 1108 2817 1163 ser-nudus
2847 1124 2875 1161 a
2913 1108 3069 1162 Patre
3117 1108 3286 1162 Filius
3329 1106 3529 1160 intellio

1963 1206 2141 1267 gatur,
2175 1208 2228 1251 et
2249 1197 2484 1253 dicatur.
2511 1199 2664 1264 Quod
2712 1209 2768 1254 et
2815 1214 3044 1269 magnus
3072 1200 3304 1254 Basilius
3333 1208 3519 1267 aperte

1961 1292 2289 1354 constabilit,
2333 1309 2352 1343 ι
2395 1291 2692 1346 secundum
2728 1309 2753 1344 a
2791 1291 2946 1347 Patre
2990 1292 3208 1353 Filium,
3256 1299 3309 1345 et
3340 1291 3531 1344 ordine

1960 1390 2012 1435 et
2040 1381 2323 1450 dignitate,
2373 1400 2391 1433 ν
2445 1382 2652 1444 dicens,
2705 1401 2726 1434 ι
2766 1383 2910 1451 quod
2947 1396 3014 1435 ex
3069 1381 3224 1435 Patre
3276 1390 3377 1434 est.
3420 1397 3438 1430 ι
3472 1380 3529 1432 Si

1959 1489 2091 1544 ergo
2155 1473 2448 1530 manifesm
2503 1476 2627 1528 hinc
2662 1482 2925 1543 apparet,
2984 1488 3089 1527 non
3152 1471 3256 1526 alia
3319 1471 3529 1525 ratione

1960 1563 2158 1621 Filium
2194 1568 2495 1620 secundum
2542 1582 2572 1620 a
2626 1564 2784 1620 Patre
2815 1565 2946 1629 dici,
2999 1565 3104 1619 nisi
3149 1560 3527 1617 tantummodo

1963 1658 2194 1724 quodex
2237 1656 2395 1711 Patre
2429 1669 2685 1726 tanquam
2736 1672 2901 1711 causa
2938 1656 3055 1724 ipse
3078 1662 3181 1717 est,
3222 1653 3364 1722 quod
3396 1651 3531 1709 alias

1964 1749 2231 1812 dixeram,
2264 1757 2317 1803 et
2350 1764 2495 1803 nunc
2536 1757 2745 1819 repeto.
2776 1750 2823 1802 si
2874 1747 3146 1804 secundas
3178 1755 3361 1816 partes
3406 1743 3530 1798 Filii

1962 1857 2088 1912 erga
2122 1841 2333 1895 Patrem
2366 1850 2620 1895 accurate
2648 1839 3106 1902 consideraveris,
3131 1836 3354 1906 {poteris
3378 1849 3533 1890 com-

1964 1930 2298 2000 prehendere
2356 1931 2737 1984 mediationem
2775 1929 2896 1983 Filii
2939 1928 3239 1984 secundum
3278 1926 3524 1981 eamdem

1963 2022 2229 2075 rationem
2261 2035 2440 2076 causai
2497 2029 2551 2073 et
2597 2018 2829 2074 eﬂectus
2854 2018 3053 2074 dictam
3089 2031 3209 2073 esse
3239 2056 3254 2079 ,
3287 2013 3536 2084 quando-

1963 2114 2180 2183 quidem
2215 2124 2297 2169 est
2358 2121 2411 2167 et
2458 2112 2577 2166 Filii
2626 2127 2863 2182 persona
2903 2126 2969 2165 ex
3007 2110 3169 2169 Patre
3219 2108 3481 2179 producta
3516 2123 3532 2160 :

1962 2213 2047 2259 est
2076 2206 2238 2259 etiam
2291 2214 2343 2258 et
2373 2193 2633 2274 Spiritus,
2680 2203 2773 2258 sed
2818 2204 2910 2256 illa
2934 2202 3153 2270 quidem
3186 2200 3534 2256 continenter

1961 2311 2025 2351 ex
2075 2296 2245 2366 prima
2269 2335 2285 2358 .
2314 2296 2428 2349 haec
2461 2311 2588 2349 vero
2625 2310 2689 2350 ex
2730 2310 2829 2359 eo,
2863 2294 2957 2364 qui
2986 2292 3330 2348 continenter
3352 2301 3528 2345 estex

1962 2387 2160 2457 primo.
2193 2388 2475 2441 continens
2503 2387 2649 2442 illius
2672 2386 2815 2456 quod
2844 2401 2908 2440 ex
2948 2387 3054 2439 alio
3084 2393 3187 2447 est,
3218 2383 3520 2439 secundum
3573 2390 3581 2398 '

1964 2493 1993 2532 a
2014 2477 2172 2532 Patre
2195 2478 2391 2532 Filium
2415 2480 2674 2543 ostendit,
2698 2479 3051 2548 mediumque.
3076 2477 3217 2531 inter
3240 2476 3451 2530 Patrem
3480 2483 3530 2528 et

1934 2566 2251 2639 .Spiritum.
2283 2570 2636 2625 Continenter
2683 2571 2828 2625 enim
2875 2585 2999 2624 cum
3054 2568 3126 2623 sit
3150 2584 3213 2622 ex
3264 2567 3439 2631 Patre,
3474 2575 3533 2620 ut

1962 2660 2210 2728 eﬂ‘eetus,
2242 2659 2410 2714 Filius
2440 2661 2713 2716 secundus
2750 2661 2818 2715 ab
2841 2676 2906 2715 eo
2936 2660 3156 2715 dicitur.
3192 2658 3378 2729 Neque
3408 2674 3531 2713 cor-

1966 2768 2130 2823 poree
2167 2754 2253 2807 hic
2288 2753 2519 2821 primum
2546 2760 2599 2807 et
2626 2753 2925 2808 secundum
2961 2752 3366 2821 intelligendum
3423 2762 3534 2817 est,

1964 2858 2143 2915 neque
2182 2844 2414 2898 divisum
2448 2859 2476 2897 a
2517 2844 2695 2912 primo
2723 2844 3025 2898 secundum
3053 2860 3067 2903 ;
3098 2842 3245 2912 quod
3279 2856 3407 2896 vero
3439 2855 3537 2910 per

1966 2916 2024 2987 se
2058 2930 2315 2999 Spiritum
2364 2929 2508 2985 Patri
2542 2931 2845 3002 coniungit,
2900 2923 3111 2987 medius
3139 2933 3282 2986 inter
3314 2930 3526 2985 Patrem

1964 3033 2019 3078 et
2061 3022 2320 3093 Spiritum
2351 3023 2574 3085 dicitur,
2630 3032 2682 3077 et
2714 3023 2948 3093 Spiritus
2996 3023 3186 3077 tertius
3221 3039 3250 3075 a
3300 3020 3458 3076 Patre
3482 3029 3535 3075 et

1968 3117 2162 3172 ordine
2185 3123 2239 3169 et
2265 3115 2554 3181 dignitate,
2587 3114 2732 3185 quod
2764 3130 2829 3169 ex
2864 3116 3023 3168 Patre
3059 3129 3151 3183 per
3181 3113 3377 3168 Filium
3409 3129 3534 3182 pro-

291 3209 396 3264 ἀπὸ
424 3208 647 3277 Πατρδς
680 3208 782 3262 καὶ
820 3208 971 3274 τάξει
1019 3209 1117 3261 καὶ
1150 3205 1424 3276 ἀξιώματι
1471 3206 1714 3274 λέγεται,
1771 3205 1860 3259 διά

1963 3210 2142 3265 cedat.
2188 3205 2374 3276 Neque
2424 3206 2514 3260 hic
2546 3220 2807 3275 corporee
2847 3204 3065 3259 tertium
3121 3206 3531 3274 intelligendum

292 3303 350 3354 τὸ
382 3304 447 3356 ὲκ
487 3300 711 3372 Πατρδς
748 3301 820 3355 δι’
848 3299 982 3354 Υἱοῦ
1016 3297 1429 3371 ἐκπορεύεσθαι.
1463 3299 1573 3352 Καὶ
1614 3297 1715 3351 οὐκ
1743 3297 1859 3351 ἔστι

295 3392 631 3462 σωματικῶς
654 3392 764 3446 οὐδ’
803 3390 1040 3446 ἐνταῦθα
1072 3392 1132 3445 τὸ
1157 3391 1343 3461 τρίτον
1374 3391 1539 3453 νοεῖν,
1588 3389 1706 3442 οὐδὲ
1738 3389 1859 3460 διῃ-

295 3486 537 3556 ρημένον
560 3486 665 3538 ἀπὸ
693 3480 795 3537 τοῦ
819 3481 1037 3553 πρώτον
1072 3483 1131 3536 τὸ
1156 3480 1343 3552 τρίτον
1363 3481 1451 3534 διὰ
1479 3482 1580 3551 τὴν
1612 3481 1706 3534 τοῦ
1740 3480 1860 3534 δευ-

291 3577 448 3646 τέρου
471 3576 782 3644 μεσιτείαν,
813 3575 928 3630 ἀλλ’
962 3575 1244 3648 ἡνωμένον
1272 3573 1594 3644 θεοπρεπῶς
1630 3576 1709 3637 είς
1739 3574 1859 3628 ἑνό-

291 3683 427 3739 τητα
458 3669 655 3732 οὐσίας
685 3666 1006 3738 ἀσύγχυτον.
1045 3666 1217 3719 Τοῦτο
1239 3665 1391 3735 δηλοῖ
1421 3669 1447 3718 ὀ
1471 3665 1861 3734 θεολογικώτα-

294 3778 380 3823 τος
415 3762 647 3832 Νύσσης
706 3760 901 3829 λέγων,
948 3760 1046 3828 τῆς
1100 3758 1194 3812 τοῦ
1227 3758 1356 3813 Υἱοῦ
1419 3760 1697 3829 μεσιτείας
1765 3762 1859 3814 καὶ

297 3852 469 3923 εαυτῷ
509 3853 574 3905 τὸ
605 3851 891 3921 μονογενὲς
922 3848 1321 3918 φυλαττούσης,
1380 3853 1473 3903 καὶ
1528 3852 1588 3904 rb
1636 3851 1861 3922 Πνεῦμα

295 3942 391 4011 τῆς
420 3942 665 4011 φυσικῆς
688 3940 823 4008 πρὸς
853 3940 944 3992 τὸν
990 3939 1207 4017 Πατέρα
1255 3939 1495 4009 σχέσεως
1549 3940 1623 4010 μὴ
1658 3941 1858 4011 ἀπειρο

298 4035 527 4105 τούσης.
561 4033 622 4086 El
649 4031 780 4101 γοῦν
822 4030 884 4084 τὸ
905 4030 999 4083 τοῦ
1054 4029 1303 4083 αἰτιατοῦ
1365 4030 1650 4100 προσεχὲς,
1686 4030 1749 4084 τό
1800 4048 1858 4085 τε

299 4125 433 4196 πρὸς
457 4125 559 4179 τὸν
589 4122 812 4193 Πατέρα
839 4108 1144 4192 δευτερεῖον
1172 4121 1266 4175 τοῦ
1290 4122 1419 4175 Υίοῦ
1446 4122 1685 4176 νοεῖσθαι
1703 4123 1859 4177 δίδω-

302 4234 373 4281 σι,
396 4217 495 4271 καὶ
529 4216 629 4286 τὴν
656 4218 791 4282 πρὸς
818 4214 947 4283 ὅλην
1002 4212 1100 4284 τὴν
1126 4214 1288 4282 ἁγίαν
1329 4211 1535 4283 Τριάδα
1579 4215 1859 4283 μεσιτείαν

301 4306 483 4367 αὐτοῦ.
513 4303 655 4359 διατί
686 4303 751 4356 σὺ
775 4302 942 4373 τριῶν
971 4301 1122 4354 Θεῶν
1152 4301 1458 4370 φαντασίαν
1487 4300 1562 4355 ὡς
1583 4301 1692 4353 ἀπὸ
1722 4301 1859 4353 ταύ-

302 4414 394 4469 της
421 4358 748 4465 ἀναπλάττῃ
784 4358 885 4463 τῆς
903 4392 1125 4456 λέξεως,
1152 4358 1291 4461 μήτε
1314 4390 1376 4444 τὸ
1398 4393 1491 4444 τοῦ
1519 4391 1653 4445 Θεοῦ
1682 4393 1857 4445 δυσω-
1886 4358 1891 4364 .

305 4488 575 4558 ποῦμενος
601 4484 853 4555 φοϐερὸν,
892 4482 1032 4554 μήτε
1082 4482 1142 4535 τὸ
1178 4482 1270 4536 τοῦ
1301 4481 1585 4554 εἰρηκότος
1609 4483 1860 4554 αἰδούμε-

301 4598 383 4646 νος
407 4580 750 4648 ἀδιάϐλητον.

365 4672 427 4726 δ’.
457 4673 571 4725 Καὶ
596 4671 770 4732 ἄλλως
801 4668 880 4724 δέ.
908 4669 1005 4733 τίς
1029 4685 1160 4723 ποτε
1190 4667 1413 4723 δύναται
1437 4685 1565 4740 τρια
1592 4671 1882 4742 πρόσωπα

301 4764 491 4834 νοῆσαι
520 4762 827 4833 ὑφεστῶτα,
856 4762 952 4815 καὶ
982 4760 1103 4815 καθ’
1132 4760 1304 4813 ἑαυτά
1341 4760 1573 4815 κατὰ-τὺ
1605 4764 1704 4829 τῆς
1729 4779 1857 4816 συν-

306 4852 530 4923 αλοιφῆς
586 4852 859 4923 ἀνώτερον
888 4854 982 4906 καὶ
1012 4854 1350 4923 συγχύσεως,
1400 4856 1496 4908 καὶ
1543 4855 1619 4927 μὴ
1669 4857 1860 4926 νοῆσαι

311 4944 583 5011 μεσιτείαν
616 4946 673 4998 ὲν
698 4947 811 5008 τοῖς
845 4947 1058 5016 τρισίν;
1096 4947 1157 5000 Et
1202 4946 1312 5016 γὰρ
1363 4950 1437 5016 μή
1491 4949 1609 5003 ἐστι
1673 4951 1856 5020 μέσον,

304 5036 415 5091 οὐδὲ
439 5037 610 5107 Τριάς
634 5055 645 5065 ·
670 5038 764 5090 καὶ
784 5038 833 5091 εί
874 5038 949 5108 μὴ
975 5039 1269 5109 συναλοιφὴ
1293 5043 1358 5111 τῇ
1384 5041 1577 5112 Τριάδι
1618 5059 1855 5110 παρεισ-

307 5128 557 5199 φθαρείη,
603 5129 660 5181 τὸ
695 5128 860 5197 μέσον
907 5130 966 5187 ἐν
997 5129 1134 5199 αὐτῇ
1166 5130 1382 5193 πάντως
1428 5132 1597 5185 ἐστίν.
1632 5132 1698 5186 Ἦ
1719 5133 1850 5200 γοῦν

308 5219 430 5287 ἁγία
462 5223 553 5275 καὶ
585 5220 832 5289 μακαρία
864 5219 1055 5292 Τριάς,
1097 5223 1217 5274 ἐπεὶ
1267 5222 1408 5292 ὑπὲρ
1467 5222 1661 5277 πάνταί
1705 5225 1860 5293 λόγον

307 5314 392 5365 καὶ
416 5314 601 5367 πᾶσαν
617 5311 921 5382 κατάληψιν
946 5314 1040 5365 καὶ
1060 5315 1228 5383 μονάς
1258 5296 1378 5367 ἔστι
1406 5314 1501 5368 καὶ
1529 5316 1718 5386 Τριάς,
1738 5316 1860 5371 καθ’

307 5402 493 5475 ἂνμὲν
522 5406 678 5473 λόγον
702 5406 851 5459 ἐστὶν
892 5404 1063 5475 Τριὰς
1123 5406 1334 5475 ἀληθὴς
1383 5408 1478 5460 καὶ
1533 5407 1857 5477 ἀσὺγχυτος,

309 5496 494 5565 Exurit
519 5498 706 5568 μέσον,
737 5497 861 5552 καθ’
889 5498 950 5550 ὃν
980 5499 1037 5551 δὲ
1062 5499 1220 5566 λόγον
1249 5501 1416 5568 μονάς
1446 5501 1615 5564 ἐστιν,
1648 5498 1772 5553 οὔτε
1798 5501 1861 5553 τὸ

310 5590 398 5643 τοῦ
423 5592 701 5662 δευτέρου,
733 5589 855 5644 οὔτε
889 5590 950 5644 τὸ
972 5589 1064 5643 τοῦ
1091 5591 1296 5660 τρίτου,
1325 5591 1449 5644 οὔτε
1480 5593 1540 5645 τὸ
1564 5591 1659 5644 τοῦ
1696 5593 1860 5662 μέσον

311 5680 472 5754 ὅνομα
500 5684 737 5756 δέχεται.
769 5683 877 5736 Καὶ
897 5682 1018 5736 ἐπεὶ
1048 5685 1074 5734 ὁ
1099 5684 1208 5736 τῶν
1236 5683 1544 5753 προσώπων
1568 5685 1725 5753 λόγος
1749 5687 1864 5738 ἐστὶ

313 5777 425 5831 καθ’
452 5777 509 5829 ὂν
539 5779 654 5830 ἔστι
684 5773 857 5846 Τριὰς
889 5777 916 5828 ὁ
939 5775 1089 5836 Θεὸς,
1121 5774 1265 5828 κατά
1293 5770 1384 5827 τὶν
1419 5778 1656 5829 τοιοῦτον
1705 5776 1860 5843 λόγον

314 5867 515 5940 νοηθείη
550 5866 616 5920 ἀν
642 5867 735 5921 καὶ
763 5866 823 5920 τὸ
856 5867 1039 5937 μέσον·
1080 5870 1221 5921 κατὰ
1261 5868 1314 5921 δὲ
1341 5868 1431 5921 τὸν
1460 5868 1563 5938 τῆς
1610 5871 1738 5940 μιᾶς
1775 5870 1858 5922 οὺ-

1962 3311 2064 3368 est,
2082 3315 2259 3369 neque
2289 3300 2521 3352 divisum
2550 3314 2579 3352 a
2606 3301 2783 3368 primo
2809 3300 3025 3353 tertium
3062 3307 3283 3367 propter
3302 3298 3530 3351 secundi

1961 3393 2368 3453 mediationem,
2404 3392 2497 3446 sed
2557 3391 2937 3460 coniunctum,
2990 3400 3048 3444 ut
3082 3391 3248 3444 Deum
3286 3390 3534 3456 addecet,

1962 3486 2016 3540 in
2076 3485 2284 3539 unitate
2338 3484 2590 3537 essentia:
2650 3483 3022 3538 inconlusnm.
3077 3483 3191 3538 Hoc
3229 3484 3433 3537 indicat
3478 3485 3530 3536 in

1960 3570 2124 3633 rebus
2173 3577 2490 3646 theologicis
2554 3572 2824 3630 maxiinns
2876 3574 3194 3646 Nyssenus,
3243 3590 3363 3629 cum
3405 3573 3529 3627 ait:

1969 3687 1988 3721 ‹
2021 3667 2141 3723 Filii
2175 3668 2503 3725 mediatione
2541 3676 2595 3721 et
2645 3667 2721 3720 illi
2756 3666 3095 3736 unigenitum
3147 3674 3530 3728 conservante,

1960 3771 2013 3816 et
2039 3760 2303 3830 Spiritum
2344 3775 2374 3813 a
2405 3759 2638 3814 naturali
2686 3775 2812 3830 erga
2864 3758 3074 3812 Patrem
3127 3756 3387 3810 relatione
3422 3770 3527 3809 non

1962 3861 2198 3906 arcente.
2240 3872 2258 3904 ι
2298 3851 2354 3906 Si
2387 3868 2516 3923 ergo
2548 3852 2870 3914 continens,
2906 3859 2960 3906 et
3003 3850 3225 3904 cﬂ‘ectus
3259 3864 3383 3918 erga
3430 3849 3536 3903 Pa-

1963 3951 2097 3998 trem
2137 3944 2405 4000 secundas
2439 3943 2559 3998 Filii
2594 3955 2780 4014 partes
2834 3945 2928 3998 dat
2958 3942 3280 4012 intelligere.
3315 3949 3431 4019 tum
3463 3941 3529 3993 ad

1961 4036 2273 4092 universam
2332 4045 2579 4091 sanctam
2614 4038 2867 4090 Triadem
2925 4036 3076 4090 illius
3118 4033 3529 4098 mediationem,

1960 4143 2067 4196 qua
2091 4137 2151 4181 tu
2181 4128 2391 4181 ratione
2433 4127 2594 4182 trium
2643 4127 2873 4180 Deorum
2911 4124 3230 4194 imaginem,
3268 4133 3526 4192 tanquam

1960 4233 2025 4273 ex
2068 4220 2167 4272 hac
2196 4218 2437 4273 dictione
2487 4218 2540 4272 id
2585 4217 2899 4281 haberetur,
2954 4217 3053 4271 tibi
3089 4214 3321 4285 ellingis,
3355 4229 3530 4282 neque

1965 4311 2055 4365 Dei
2094 4312 2286 4367 timore
2323 4311 2670 4382 perterritus,
2711 4324 2884 4381 neque
2924 4310 3161 4364 auctoris
3189 4308 3525 4377 inculpatum

1962 4405 2229 4460 reveritus
2249 4403 2274 4457 τ

2032 4691 2082 4745 ὁ.
2117 4690 2230 4743 Alia
2263 4704 2481 4760 quoque
2511 4689 2744 4743 ratione.
2777 4690 2913 4754 Quis
2944 4702 3187 4755 unquam
3219 4686 3521 4753 intelligere

1958 4784 2158 4855 poterit
2194 4795 2303 4838 tres
2334 4797 2595 4851 personas
2625 4792 2676 4837 et
2698 4796 2758 4836 se
2796 4782 2928 4850 ipsis
2955 4780 3338 4845 subsistentes,
3369 4778 3518 4831 omni

1959 4874 2337 4937 commistione
2385 4885 2439 4928 et
2494 4872 2822 4929 confusione
2860 4873 3207 4943 superimes,
3274 4879 3329 4925 et
3379 4871 3525 4924 inter

1959 4966 2176 5021 easdem
2219 4965 2598 5020 mediationem
2632 4964 2836 5018 nullam
2870 4963 3197 5032 concipere?
3232 4961 3440 5015 Etenim
3476 4960 3520 5014 si

1961 5057 2198 5111 medium
2233 5072 2337 5110 non
2384 5065 2469 5110 est
2492 5065 2666 5125 neque
2690 5056 2793 5110 erit
2821 5053 2997 5115 Trias.
3035 5063 3088 5109 ct
3119 5053 3162 5106 si
3218 5053 3526 5107 commistio

1958 5143 2143 5200 Triadi
2176 5161 2284 5198 non
2315 5145 2600 5206 inferatur,
2629 5144 2871 5224 medium
2899 5144 2952 5197 in
2983 5145 3173 5197 eadem
3203 5143 3380 5198 modis
3402 5158 3525 5196 om-

1960 5236 2120 5291 nibus
2151 5235 2328 5290 l'uerit.
2363 5235 2558 5291 Sancta
2600 5236 2782 5305 itaque
2814 5243 2869 5289 et
2922 5236 3077 5288 beata
3108 5233 3367 5296 Trinitas,
3400 5250 3523 5287 cum

1962 5342 2245 5382 sermones
2287 5342 2499 5391 omnes,
2546 5335 2600 5379 et
2638 5326 3187 5393 comprehensionem
3217 5333 3526 5392 exsuperet,

1961 5418 2142 5473 ttnitas
2170 5432 2253 5474 eat
2290 5426 2346 5473 et
2372 5418 2608 5472 Trinitas
2640 5434 2655 5471 :
2687 5429 2741 5471 et
2768 5417 3064 5473 serundum
3090 5434 3209 5470 eam
3241 5416 3534 5477 rationem,

1961 5525 2068 5578 qua
2100 5509 2340 5565 Trinitas
2366 5520 2449 5563 est
2477 5525 2602 5564 vera
2636 5520 2690 5564 et
2720 5510 3026 5571 incnnfusa,
3059 5506 3293 5561 medium
3321 5505 3483 5561 habet
3508 5522 3531 5571 ;

1963 5599 2256 5655 secundum
2293 5615 2421 5654 vero
2436 5600 2721 5662 rationem,
2750 5615 2855 5668 qua
2886 5599 3063 5652 unitas
3098 5606 3202 5663 est,
3235 5611 3411 5664 neque
3438 5611 3527 5651 str-

1962 5687 2148 5752 cundi,
2201 5702 2375 5756 neque
2407 5688 2567 5753 tertii.
2610 5703 2788 5757 neque
2819 5687 2977 5740 medii
3029 5700 3226 5740 nomen
3266 5685 3534 5741 adiuittit.

1964 5779 2032 5834 Et
2063 5795 2186 5833 cum
2222 5793 2573 5850 personarum
2627 5778 2765 5834 ratio
2813 5778 2906 5839 sit,
2948 5791 3052 5846 «tua
3097 5774 3336 5829 Trinitas
3382 5776 3533 5831 Deus

1965 5880 2075 5935 est,
2098 5871 2395 5926 secundum
2426 5855 2569 5927 hanc
2606 5869 2865 5925 rationem
2894 5877 2949 5921 et
2985 5867 3225 5922 medium
3262 5868 3530 5936 intelligo.
