3974 6570
265 390 363 451 Ξῗὸ

1274 387 1371 450 DE
1415 385 1937 449 PROCESSIONE
1977 389 2039 447 ἓ.
2085 388 2467 449 SPiRlTUS.

3396 388 3509 452 2°26

258 508 416 561 ὠπων
447 505 664 578 συνεχές
693 523 749 560 τε
780 506 875 559 καὶ
910 506 1153 576 συμφυὲς
1178 506 1322 559 κατὰ
1355 503 1455 574 τὴν
1483 504 1592 557 τῶν
1631 502 1823 556 αἰτίων

1931 512 2151 560 sanctus
2214 504 2479 574 procedit,
2524 514 2578 561 et
2608 518 2673 561 eo
2696 520 2788 575 per
2822 503 3018 560 Filium
3059 502 3250 558 unitur
3270 502 3508 572 coniun-

258 601 385 670 πρὶς
416 597 731 652 τὰαίτιατα
768 600 955 668 σχέσιν
984 601 1047 650 ἐκ
1084 600 1183 666 τῆς
1220 596 1479 663 τοιαύτης
1525 595 1821 665 ἀναφαινό-

248 705 412 759 ,μενον
458 687 663 752 τάξεως
703 688 788 740 διὰ
828 688 889 740 τὸ
926 691 989 741 ἐκ
1026 688 1240 758 Πατρός
1269 685 1336 740 δι’
1374 685 1505 738 Υἰοῦ
1553 683 1821 756 ἐκπορεύο

255 781 403 831 εσθαι
442 780 511 832 τὸ
574 779 793 851 Πνεῦμα
850 780 911 832 τὺ
961 780 1137 848 ἅγιον,
1197 780 1291 831 καὶ
1357 777 1529 848 ταύτῃ
1582 776 1672 830 διὰ
1723 775 1817 829 τοῦ

254 868 375 922 Υῐοῦ
412 868 667 938 ἡνῶσθαι,
708 873 805 923 καὶ
836 868 1204 924 συνάπτεσθαι
1238 869 1371 922 αὐτὸ
1409 869 1489 939 τῷ
1521 868 1717 936 Πατρί.
1756 867 1816 920 Εἰ

251 958 373 1027 γοῦν
434 961 495 1012 ἐν
551 961 628 1031 τῷ
690 963 782 1013 τὸν
832 962 1050 1030 Πατέρα
1090 960 1457 1030 προτετάχθαι
1496 958 1591 1011 τοῦ
1660 957 1815 1022 Υίοῦ,

1927 594 2179 664 giturque
2225 611 2350 650 cum
2416 594 2594 651 Patre.
2645 596 2701 651 Si
2736 599 2919 668 itaque
2959 611 3082 651 cttm
3128 595 3289 651 Pater
3316 598 3508 653 ordine

1927 686 2075 753 prior
2103 694 2187 740 est
2222 684 2381 752 Filio,
2416 697 2468 741 et
2495 687 2666 742 Filius
2697 687 2934 757 Spiritus
2984 687 3266 758 bypnstasi
3311 688 3509 757 prasin-

1927 776 2211 845 telligitur,
2258 792 2364 831 una
2419 779 2583 833 trium
2625 794 2983 844 persnuartun
3038 789 3251 840 natura.
3285 794 3510 847 unaque

1926 867 2258 922 continuitas
2292 868 2580 924 manifesto
2609 880 2857 938 apparet,
2890 870 3165 937 quomodo
3194 869 3338 924 ordo
3372 870 3510 922 divi-

1924 958 2159 1020 sionem,
2183 966 2239 1011 et
2266 973 2373 1012 non
2403 962 2584 1028 potius
2634 960 2934 1014 naturalem
2978 960 3233 1015 unionem
3267 961 3511 1018 iudicati

248 1054 338 1104 ut
367 1055 424 1106 ὲν
461 1054 544 1124 τῷ
571 1055 666 1107 τὸν
691 1053 818 1107 Υίδν
880 1053 1319 1126 προθεωρείσθαι
1353 1054 1450 1123 τῆς
1516 1051 1611 1105 τοῦ
1676 1051 1995 1119 Πνεῦματος
2048 1051 2408 1117 ὑποστάσεως
2457 1054 2518 1105 τὸ
2570 1054 2793 1122 συνεχές
2861 1069 2921 1106 τε
2977 1053 3073 1106 καὶ
3112 1052 3358 1123 συμφυὲς
3405 1053 3511 1106 τίον

249 1147 406 1213 τριῶν
454 1146 770 1217 προσώπων
817 1148 912 1217 τῆς
974 1147 1228 1216 θεότητος
1276 1145 1658 1214 ἀναφαίνεται,
1700 1143 1819 1208 πῶς
1893 1144 2165 1214 διαίρεσιν
2207 1147 2241 1217 ἡ
2274 1145 2446 1211 τάξις,
2485 1148 2582 1199 καὶ
2628 1147 2751 1216 οὐχὶ
2791 1147 2994 1216 μᾶλλον
3072 1148 3308 1217 φυσικὴν
3374 1161 3510 1217 παρ·

251 1238 450 1307 ίστησιν
491 1239 722 1305 ξνωσινς
766 1238 834 1291 ’Λ
887 1239 986 1306 μὲν
1034 1237 1126 1291 οὖν
1176 1240 1351 1291 εἰπεῖν
1400 1238 1547 1307 ἡμᾶς
1584 1236 1694 1288 ἔδει
1720 1239 1811 1289 τὸν
1846 1236 1943 1307 τῆς
1989 1238 2200 1305 τάξεως
2242 1237 2406 1305 λόγον
2474 1238 2835 1307 βουλομένους
2912 1239 3272 1308 διασαφῆσαι,
3315 1239 3510 1316 ταῦτα.

306 1328 370 1399 γ’.
403 1332 466 1384 Εἰ
490 1333 549 1385 δέ
584 1350 647 1402 γε
687 1336 739 1384 oi
767 1332 1142 1400 ἀντιλέγοντες
1176 1333 1340 1387 παντὶ
1374 1333 1580 1403 τρόπῳ,
1618 1329 1821 1400 ταύτην

246 1426 569 1496 ἀνατρέπειν
606 1425 949 1497 βουλόμενοι,
978 1427 1100 1497 οὐχὶ
1131 1425 1201 1479 δι’
1239 1425 1368 1478 Υίοῦ
1400 1427 1464 1479 ἐκ
1485 1425 1579 1478 τοῦ
1606 1424 1820 1492 Πατρός

247 1535 373 1585 qaut
420 1518 483 1571 τὸ
544 1519 771 1588 Πνεῦμα
820 1520 882 1572 τὸ
929 1520 1088 1588 ἅγιον
1119 1519 1538 1588 ἐκπορεύεσθαι,
1592 1523 1687 1571 καὶ
1733 1516 1823 1569 διὰ

244 1610 392 1663 τιῦτο
411 1611 534 1663 οὐδὲ
595 1611 841 1682 ἡνῶσθαι
870 1612 958 1664 διὰ
1007 1611 1101 1665 τοῦ
1164 1612 1296 1664 Υἰοῦ
1345 1609 1423 1680 τῷ
1457 1610 1660 1679 εΠατρί,
1688 1607 1823 1662 ἀλλὰ

236 1703 520 1773 τροτεχῶς
582 1706 679 1757 καὶ
733 1705 869 1757 αὐτὸ
936 1703 1372 1775 ἐκπορευόμενον
1466 1704 1530 1755 ὲκ
1587 1702 1821 1771 Πατρός,

243 1799 437 1866 ἄμεσον
470 1798 664 1868 αὐχεῖν
696 1800 792 1850 καὶ
828 1796 962 1850 αὐτὸ
995 1796 1100 1866 τὴν
1129 1797 1265 1863 πρὸς
1298 1796 1388 1848 τὸν
1443 1795 1665 1866 Πατέρα
1704 1794 1825 1847 ἐνό-

2001 1331 2055 1385 3.
2089 1330 2220 1397 Quae
2261 1331 2426 1401 igitur
2455 1333 2749 1387 asserenda
2788 1331 2945 1385 nobis
2982 1342 3155 1398 erant,
3193 1332 3401 1387 ordinis
3427 1348 3511 1386 ra-

1929 1425 2132 1479 tionem
2162 1425 2437 1493 explicare
2489 1426 2913 1490 intetnleutibus,
2964 1428 3076 1478 haec
3107 1437 3256 1481 sunt.
3286 1425 3439 1491 Quod
3466 1426 3512 1479 si

1929 1517 2022 1586 qui
2081 1519 2490 1579 contradicunt,
2542 1519 2720 1572 modis
2776 1519 3030 1572 omnibus
3088 1533 3213 1576 eum
3270 1529 3513 1572 evertere

1932 1612 2233 1679 cupientes,
2261 1626 2367 1663 non
2402 1626 2496 1679 per
2530 1609 2731 1663 Filium
2762 1626 2827 1663 ex
2855 1608 3015 1663 Patre
3041 1609 3225 1663 dicant
3244 1606 3509 1677 Spiritum

1931 1712 2180 1755 sanctum
2235 1704 2547 1770 procedere,
2598 1710 2996 1770 proptereaque
3047 1716 3221 1769 neque
3255 1701 3511 1772 conjungi

1930 1791 2077 1846 Patri
2113 1808 2206 1860 per
2234 1791 2454 1857 Filium,
2481 1794 2575 1845 sed
2614 1795 2962 1848 continenter
3012 1803 3067 1848 et
3121 1796 3294 1864 ipsum
3326 1809 3514 1863 proce-

240 1905 412 1959 τητα·
469 1866 783 1959 σκοπητέον
819 1889 1031 1959 μήποτε
1095 1888 1363 1958 διαίρεσιν
1416 1887 1673 1954 θεότητος
1717 1886 1823 1941 ἀπὸ

1931 1884 2142 1938 dentem
2174 1901 2240 1939 ex
2268 1883 2450 1949 Patre,
2492 1885 2863 1939 immediatam
2893 1894 2949 1941 et
2980 1886 3157 1956 ipsum
3191 1902 3320 1940 cum
3352 1886 3512 1939 Patre

241 1984 329 2050 τῆς
362 1983 774 2054 παραδοθείσης
820 1985 973 2053 παρὰ
1018 1982 1126 2034 τῶν
1165 1982 1338 2050 ἁγίων
1381 1978 1587 2045 τάξεως
1622 1991 1824 2048 φαντα-

243 2073 471 2143 ζᾶμενοι,
521 2074 681 2129 αὑτοί⁸
735 2074 938 2145 μᾶλλον
972 2074 1207 2145 οῦσιὼδη
1258 2073 1524 2143 διαίρεσιν
1564 2071 1693 2126 Υίοῦ
1727 2072 1824 2125 καὶ

245 2166 373 2218 Πνεύ
384 2184 556 2236 ματος
587 2166 981 2239 ἀπελεγχθεῖεν
1007 2166 1348 2232 δοξάζοντες.
1387 2166 1567 2218 Ἔστω
1590 2164 1719 2236 γὰρ’,
1742 2163 1823 2229 ὡς

245 2262 390 2315 αὐτοί
426 2280 621 2331 φασιν,
667 2263 790 2333 οὐχὶ
834 2264 925 2316 διὰ
957 2262 1051 2314 τοῦ
1102 2261 1233 2315 Υίοῦ
1280 2262 1339 2315 τὸ
1381 2262 1611 2332 Πνεῦμα
1661 2265 1822 2314 Eum-

245 2358 531 2425 ρευόμενον
578 2357 644 2409 ὲκ
678 2357 912 2428 Πατρὸς,
954 2356 1093 2411 ἀλλὰ
1120 2357 1404 2427 προσεχὼς
1443 2357 1540 2410 καὶ
1577 2354 1819 2426 ἀμέσως,

242 2449 309 2510 ὡς
335 2451 362 2501 ό
389 2447 518 2509 Υἱὸς
556 2452 623 2501 ἐκ
652 2448 748 2501 τοῦ
788 2450 1001 2520 Πατρός
1030 2451 1240 2520 προϊὸν,
1280 2445 1371 2519 ἆρ’
1407 2449 1528 2520 οὐχί
1566 2449 1822 2519 δεύτερον

242 2539 328 2591 καὶ
351 2540 484 2592 αὐτὸ
498 2540 609 2593 «τοῦ
654 2540 865 2610 Πατρός
895 2557 909 2605 ;
943 2541 1057 2594 Καὶ
1092 2541 1406 2595 εἰπάτωσαν
1439 2542 1531 2594 τὸν
1560 2542 1820 2611 εἰρηκότα

244 2630 492 2702 θεολόγον¹
534 2633 780 2703 Πατέρα,
851 2634 950 2687 καὶ
1012 2635 1318 2698 πείσουσιν,
1375 2633 1412 2705 ἢ
1475 2633 1553 2705 μὴ
1605 2633 1820 2702 ἔχοντες

244 2724 408 2777 εἰπεῖν
468 2741 531 2777 τε
587 2726 684 2778 καὶ
743 2724 1048 2789 ἀποδεῖξαι,
1109 2725 1506 2787 πειθέσθωσαν,
1560 2729 1656 2777 καὶ
1707 2727 1819 2786 τοῖς

242 2817 408 2884 ἁγίοις
445 2818 759 2885 ἀντιλέγειν
807 2816 1169 2872 όκνείτωσαν.
1209 2816 1408 2887 ,Ἡμεῖς
1457 2815 1588 2886 γὰρ,
1645 2816 1705 2869 τὸ
1749 2815 1818 2870 δι’

245 2907 360 2962 Υἱοῦ
406 2909 815 2983 ἐκπορεύεσθαι
854 2911 1129 2978 λέγοντες,
1180 2909 1274 2962 ἐπὶ
1322 2909 1417 2962 τοῦ
1475 2914 1644 2980 μέσου
1693 2910 1820 2977 τοὺς

241 3002 485 3067 εἰπόντας
519 3005 853 3072 παράγομεν
878 3017 894 3032 ·
928 3004 1111 3073 τρίτον
1131 3001 1240 3056 ἀπὸ
1267 3001 1475 3071 Πατρδς
1502 3003 1561 3055 τὸ
1596 3001 1819 3071 Πνεῦμα

243 3094 488 3162 τετάχθαι
540 3095 927 3165 κηρύττοντες,
979 3093 1108 3158 τοὺς
1170 3094 1467 3163 εἰρηκότας
1520 3093 1706 3160 ἁγίους
1738 3094 1818 3155 εἰς

1927 1976 2181 2032 unionem
2231 1976 2463 2048 jactare,
2509 1976 2971 2032 considerandum
3030 1989 3133 2042 est,
3180 1995 3246 2032 ne
3288 1977 3512 2032 Deitatis

1926 2068 2249 2124 divisionem
2282 2086 2347 2124 ex
2382 2070 2587 2125 tradito
2625 2086 2657 2125 α
2697 2074 2904 2125 sanctis
2960 2069 3155 2126 ordine
3184 2071 3514 2141 conﬁngen-

1928 2168 2037 2226 tes,
2068 2160 2171 2231 ipsi
2210 2162 2393 2231 potius
2415 2162 2763 2217 essentialem
2792 2163 3119 2219 dlvnsiouem
3153 2163 3270 2218 Filii
3300 2174 3353 2219 et
3386 2163 3513 2233 Spi-

1926 2253 2065 2309 l‘illls
2119 2261 2307 2309 tenere
2360 2254 2862 2323 deprehendantur.
2914 2257 3044 2310 listo
3073 2256 3241 2321 extitit,
3295 2264 3355 2310 ut
3410 2256 3513 2326 ipsi

1926 2345 2188 2412 fatentur,
2219 2361 2328 2401 non
2369 2336 2633 2416 procedat
2691 2362 2787 2417 per
2834 2346 3035 2402 Filium
3078 2364 3143 2402 ex
3170 2349 3342 2408 .Patre
3390 2348 3514 2419 Spi-

1925 2438 2086 2504 ritus,
2123 2438 2216 2493 sed
2252 2438 2598 2493 continenter
2649 2438 3081 2511 iuunediateque
3122 2441 3198 2495 uti
3244 2453 3298 2496 et
3341 2440 3514 2496 Filius

1923 2546 1992 2586 ex
2027 2531 2182 2585 Patre
2213 2539 2452 2596 emanet,
2499 2545 2567 2584 an
2612 2544 2720 2585 non
2745 2541 2824 2587 'et
2876 2532 2993 2602 ipse
3029 2534 3305 2587 secundus
3339 2545 3446 2587 el'll.
3479 2549 3510 2587 a

1924 2623 2123 2678 Patre?
2155 2623 2217 2677 Et
2271 2624 2594 2693 producant,
2633 2624 2727 2694 qui
2779 2624 2977 2678 similia
3028 2624 3248 2690 dixerit,
3288 2624 3509 2679 Patrem

1926 2717 2258 2786 theologum,
2302 2727 2360 2771 et
2396 2717 2842 2785 persuadebunt:
2874 2709 3018 2786 quod
3058 2719 3103 2770 si
3153 2733 3262 2771 non
3313 2718 3516 2773 habent

1925 2824 2103 2880 neque
2152 2808 2363 2874 dicere,
2430 2825 2607 2880 neque
2674 2812 3514 2875 connnonstrare,suadeantnr

1926 2898 2050 2971 ipsi,
2095 2913 2149 2956 et
2194 2901 2890 2965 l’a’trihuscontradicere
2937 2919 3043 2960 non
3070 2919 3224 2974 aque
3254 2905 3512 2961 audeant.

1924 2991 2032 3048 Nos
2057 2995 2205 3049 enim
2237 3010 2332 3064 per
2360 2991 2560 3048 Filium
2583 2995 2888 3064 procedere
2911 3004 3290 3050 asseverantes
3318 2997 3371 3049 in
3402 3013 3516 3048 nn-

1924 3086 2071 3142 dium
2097 3088 2451 3158 producimus
2480 3087 2725 3142 dicentes
2778 3089 2999 3142 tertium
3037 3102 3159 3142 esse
3191 3085 3451 3155 Spiritum
3484 3106 3514 3142 ιι

247 3184 436 3247 πίστιν,
485 3182 571 3240 ὧν
619 3188 1003 3257 προτείνομεν,
1058 3183 1483 3253 προϐαλλόμεθα
1512 3199 1528 3213 ⁸
1589 3183 1679 3237 διὰ
1722 3182 1823 3236 τοῦ

1931 3177 2088 3233 Patre
2137 3179 2334 3249 palam.
2363 3180 2680 3251 evulgautes
2718 3189 2972 3242 sanctos,
3023 3180 3284 3234 similium
3337 3196 3515 3234 enun-

246 3276 361 3330 Υίοῦ
385 3278 458 3349 τῷ
484 3280 669 3349 Πατρί.
692 3278 751 3331 τὸ
778 3277 1001 3347 Πνεῦμα
1026 3275 1397 3331 συνάπτεσθαι
1421 3276 1694 3345 λέγοντες,
1719 3277 1820 3331 οῦκ

246 3372 414 3438 ὀλίγας
440 3373 734 3442 γραφικάς
768 3372 865 3433 τὰς
898 3372 1030 3440 περὶ
1057 3370 1255 3423 τούτου
1287 3371 1513 3441 χρήσεις
1544 3372 1822 3441 προτείνο-

254 3479 341 3531 μεν
364 3479 378 3492 ο
406 3465 502 3516 καὶ
540 3466 567 3515 ὀ
599 3463 770 3516 θέλων
800 3462 858 3515 τὸ
890 3463 986 3514 ἐπὶ
1011 3462 1122 3523 τοῖς
1151 3462 1462 3543 εἰρημένοις
1497 3462 1672 3515 ἅπασι
1721 3479 1823 3532 μα-

248 3556 349 3607 θείν
395 3555 624 3622 ἀληθὲς,
681 3556 794 3618 τοῖς
839 3554 972 3625 παρ’
1016 3552 1177 3623 ἡμῶν
1224 3552 1639 3623 διατρανωθείσι
1695 3555 1822 3624 περὶ

249 3646 438 3701 τούτων
483 3651 551 3702 ὲν
604 3648 787 3712 ἄλλοις
831 3647 1263 3720 συγγράμμασιν
1301 3643 1564 3715 ἐντυχὼν,
1616 3644 1837 3699 eisesse

250 3740 497 3810 ὰκριδῶς.

309 3923 369 3979 δ’.
431 3920 599 3979 υῦτοι
653 3926 731 3990 δὲ,
789 3924 950 3994 εἴπερ
1004 3922 1090 3977 ὲπ⁴
1123 3924 1415 3993 ἀνατροπῇ
1452 3922 1556 3991 τῆς
1616 3921 1824 3988 τάξεως

252 4016 591 4081 σπεύδοντες,
641 4019 766 4087 οὐχὶ
825 4017 990 4086 μόνον
1054 4017 1149 4070 τὸν
1203 4016 1356 4075 Ὑίὸν.
1414 4014 1556 4067 αλλά
1615 4018 1711 4068 καὶ
1761 4013 1823 4065 τὸ

254 4109 461 4181 Πνεῦμα
491 4109 755 4181 δεύτερον
775 4108 872 4162 τοῦ
902 4108 1112 4178 Πατρδς
1134 4107 1398 4179 τετάχθαι
1431 4109 1609 4160 εἰπεῖν
1641 4108 1823 4159 ἅπανο

258 4205 726 4275 αισχυντήσουσιν,
789 4201 1170 4255 σκοπείτωσαν
1235 4202 1470 4270 μήποτε,
1523 4200 1601 4262 ὼς
1661 4200 1822 4268 ἔφην,

252 4292 510 4367 διαίρεσιν
537 4294 667 4347 Υίοῦ
700 4294 794 4347 καὶ
814 4292 1132 4363 Πνεῦματος
1161 4290 1551 4361 ἀπελεγχοείεν
1576 4288 1826 4355 δοξάζον-

259 4399 361 4449 τες.
380 4388 491 4440 Καὶ
531 4387 706 4452 ὅπως,
732 4385 896 4455 δῆλον
925 4384 1197 4438 ἐντεῦθεν.
1231 4384 1305 4436 Τὸ
1336 4381 1559 4452 Πνεῦμα
1585 4383 1643 4436 τὸ
1671 4385 1824 4449 ᾰγιον

254 4478 298 4528 εἰ
324 4476 577 4550 δεύτερόν
618 4482 738 4530 ἔστι
770 4476 865 4529 τοῦ
893 4475 1108 4547 Πατρὺς
1141 4475 1280 4529 κατὰ
1308 4474 1408 4545 τὴν
1440 4473 1538 4526 τοῦ
1573 4471 1822 4526 αἰτιατοῦ

1932 3274 2192 3327 tiatorum
2237 3282 2515 3335 auctores.
2565 3288 2801 3342 quorum
2843 3272 3200 3337 testimoniis,
3230 3288 3354 3342 qua:
3386 3288 3511 3327 con-

1929 3358 2226 3431 teudimus,
2279 3367 2727 3435 eomprobamus.
2786 3366 2886 3421 Per
2921 3364 3119 3420 Filium
3158 3367 3308 3420 l’atri
3342 3366 3513 3435 Spir;-

1931 3466 2044 3510 tum
2081 3458 2225 3510 uniri
2258 3464 2557 3524 tradentes,
2591 3474 2697 3513 non
2732 3473 2907 3530 pauca
2941 3463 3147 3529 scripto
3177 3459 3374 3513 tradita
3433 3470 3514 3514 te-

1930 3551 2190 3606 stimonia
2213 3552 2588 3619 producimus,
2611 3561 2665 3605 et
2683 3552 2776 3622 qui
2801 3563 2920 3606 avet
2943 3553 3210 3607 dictorum
3233 3556 3514 3606 veritatem

1930 3626 2235 3709 addiscere,
2271 3661 2393 3714 qlia:
2421 3661 2451 3699 a
2481 3647 2638 3700 nobis
2671 3646 2738 3699 de
2765 3647 2925 3700 rebus
2960 3646 3109 3701 hisce
3139 3647 3508 3701 inaliisCom-

1889 3804 1895 3810 _
1929 3738 2217 3793 mentariis
2253 3739 2493 3810 exposita
2543 3748 2694 3806 sunt,
2735 3755 3093 3811 percurrens,
3133 3753 3397 3796 accurate
3425 3757 3514 3796 eo-

1931 3840 2176 3901 gooscet.

1999 3924 2054 3977 4.
2091 3922 2153 3977 lli
2183 3939 2364 3995 porro,
2403 3926 2447 3977 si
2470 3923 2545 3978 ad
2582 3922 2998 3977 convellendum
3026 3923 3277 3978 ordinem
3304 3925 3514 3979 incum-

1930 4015 2144 4086 bentes,
2213 4030 2320 4070 non
2371 4026 2593 4079 tantum
2654 4015 2876 4078 Filium.
2940 4017 3035 4072 sed
3096 4028 3151 4072 et
3190 4018 3515 4087 Spirituma

1931 4106 2095 4162 Patre
2122 4107 2321 4162 ordine
2351 4111 2654 4164 secundum
2696 4124 2816 4164 esse
2851 4106 3123 4165 allirmare
3153 4110 3515 4165 inverecunde

1932 4209 2289 4272 praesumant,
2350 4202 2693 4256 conliderent
2745 4217 2834 4262 ne,
2882 4209 2943 4255 ut
2997 4201 3134 4263 dixi,
3190 4201 3514 4256 divisionem

1932 4290 2058 4345 Fdii
2090 4301 2143 4346 et
2167 4293 2408 4362 Spiritus
2437 4293 2718 4355 insinuare
2757 4291 3261 4360 deprehendantur.
3295 4291 3357 4345 Et
3383 4308 3516 4363 qua-

1931 4399 2057 4439 nam
2113 4385 2348 4447 ratione,
2410 4384 2558 4439 hisce
2616 4383 2964 4437 manifestum
3027 4383 3212 4438 fuerit.
3279 4383 3516 4452 Spiritus

1932 4489 2178 4540 sanctus,
2207 4478 2251 4530 si
2271 4477 2546 4532 secundus
2572 4486 2657 4531 est
2690 4494 2718 4528 a
2747 4476 3231 4539 Patre,'relatione
3264 4477 3513 4540 effectus,

257 4569 446 4639 σχέσιν,
482 4569 713 4647 εὔδηλον
741 4570 817 4632 ὠς
848 4568 970 4638 οὐχὶ
1008 4568 1098 4621 διὰ
1127 4567 1221 4621 τοῦ
1270 4564 1400 4621 Υίοῦ
1442 4569 1592 4620 ἐστιν
1630 4567 1694 4618 ὲκ
1727 4564 1821 4618 τοῦ

1931 4571 2102 4643 palam
2133 4579 2218 4623 est
2244 4582 2349 4622 non
2386 4569 2509 4622 esse
2545 4583 2640 4636 per
2667 4566 2863 4622 Filium
2891 4585 2956 4622 ex
2993 4568 3175 4623 Patre.
3208 4570 3517 4623 Destruetio

257 4658 475 4732 Πατρός.
555 4659 866 4730 ’Λναίρεσις
916 4660 1026 4730 γὰρ
1081 4657 1363 4731 προφανὴς
1409 4657 1504 4710 τοῦ
1559 4651 1702 4711 εἶναι
1764 4657 1824 4710 τὸ

257 4752 467 4824 Πνεῦμα
492 4753 587 4806 διὰ
613 4751 705 4805 τοῦ
740 4751 893 4817 Υἰοῦ,
931 4752 991 4805 τὸ
1020 4751 1155 4821 πρὸς
1191 4752 1282 4805 τὸν
1315 4750 1535 4818 Πατέρα
1563 4748 1706 4803 κατὰ
1726 4749 1825 4826 τὴν

259 4843 342 4896 τσῦ
361 4842 609 4899 αἰτιατοῦ
637 4844 823 4915 σχέσιν
849 4843 1153 4913 δευτερεῖον
1186 4840 1281 4895 τοῦ
1308 4841 1624 4911 Πνεύματος
1647 4840 1826 4896 ἔσται.

271 4935 397 4989 Ἀλλ’
457 4937 512 4990 εἰ
558 4937 720 4990 τοῦτο
776 4933 987 5002 δοθείη,
1031 4934 1148 4986 ἐστι
1195 4933 1253 4986 δὲ
1301 4933 1830 5002 προωμολογημένον

264 5029 402 5097 παρὰ
461 5033 536 5101 τῇ
570 5029 679 5082 τῶν
731 5028 996 5097 Πατὲρων
1057 5024 1336 5097 θεολογία,
1382 5025 1521 5096 μηδὲ
1575 5021 1717 5078 εἶναι
1768 5023 1830 5078 τδ

265 5120 475 5191 Πνεῦμα
500 5121 652 5175 δοτὸν
700 5122 767 5190 τῇ
798 5118 897 5172 τοῦ
943 5117 1075 5172 Υίοῦ
1107 5118 1268 5190 οὐσίᾳ
1315 5120 1411 5171 καὶ
1445 5118 1684 5188 θεότητι,
1709 5116 1828 5180 πῶς

266 5212 326 5266 ἂν
359 5217 507 5287 πηγὴ
558 5213 656 5266 τοῦ
702 5211 1021 5283 Πνεῦματος
1077 5210 1271 5283 ῥηθείη
1328 5213 1357 5265 ὁ
1417 5210 1567 5277 Υἱὸς,
1626 5210 1723 5264 καὶ
1768 5212 1829 5264 τὸ

272 5306 482 5377 Πνεῦμα
516 5306 771 5377 πηγαζον
811 5305 907 5358 καὶ
959 5302 1266 5367 ἁναδλύζον
1309 5305 1370 5356 ὲκ
1401 5303 1503 5372 τῆς
1553 5302 1648 5357 τοῦ
1695 5302 1826 5356 Υίσῦ

273 5398 442 5464 οὐσίας
476 5401 573 5453 καὶ
606 5398 903 5467 θεότητος;
947 5396 1009 5448 Εἰ
1057 5395 1113 5448 δὲ
1160 5396 1301 5465 μήτε
1343 5396 1371 5447 ό
1398 5393 1522 5457 Υἱός
1556 5394 1711 5466 πηγὴ
1738 5394 1832 5448 τοῦ

273 5489 602 5562 Πνεΰμιτος,
631 5492 770 5561 μήτε
800 5489 862 5541 τὸ
897 5487 1125 5558 Πνεῦμα
1167 5487 1440 5555 πηγάζον,
1474 5488 1566 5540 καὶ
1597 5485 1835 5539 ἀναόλύ-

276 5586 353 5647 ζον
378 5586 566 5657 ῥηθείη
593 5586 659 5640 ὲκ
686 5584 781 5638 τοῦ
811 5583 967 5648 Υίοῦ,
997 5584 1115 5647 πῶς
1149 5583 1250 5636 οὐκ
1280 5581 1347 5635 ἂν
1373 5583 1460 5652 εἴη
1506 5581 1568 5635 τὸ
1604 5581 1831 5652 Πνεῦμα

272 5671 583 5749 διῃρημένον
606 5676 882 5740 οὐσιωδῶς
908 5675 999 5729 τοῦ
1027 5674 1159 5728 Υίοῦ
1185 5691 1200 5741 ;
1237 5674 1301 5728 Ἡ
1321 5674 1378 5728 δὲ
1398 5676 1661 5745 διαίρεσις
1689 5673 1831 5745 αῦτη

277 5769 424 5823 πόθεν
452 5770 895 5843 ἐπηκολούθησεν
917 5766 1141 5823 ἄλλοθεν
1171 5764 1251 5821 δ’τι
1274 5751 1362 5837 ’μὴ
1388 5769 1452 5820 ὲκ
1481 5769 1582 5837 τῆς
1623 5765 1831 5838 τόλμης

1927 4664 2073 4719 enim
2140 4660 2428 4716 manifesto
2502 4661 2646 4716 illius
2707 4671 2865 4727 sunt,
2939 4663 3202 4731 Spiritum
3250 4677 3370 4718 esse
3422 4678 3516 4733 per

1929 4754 2155 4820 Filiutn,
2213 4756 2468 4809 secundae
2525 4753 2762 4823 Spiritus
2812 4763 2995 4822 partes
3046 4771 3172 4823 erga
3213 4754 3425 4810 Patrem
3470 4758 3515 4811 si

1930 4846 2158 4903 eﬂectus
2195 4846 2387 4901 relatio
2417 4847 2751 4900 attendatur.
2776 4844 2833 4899 ld
2885 4848 2930 4900 si
2974 4853 3331 4913 concedatur,
3365 4857 3419 4902 et
3447 4848 3515 4902 sit

1934 4951 2197 5012 prmterea
2256 4941 2366 5010 jam
2423 4941 2478 4993 in
2530 4938 2800 4995 confessis
2839 4954 2907 4993 ex
2943 4939 3165 4993 Patrum
3199 4939 3517 5012 tlteologiris
3583 5008 3592 5015 α

1934 5032 2174 5102 scriptis,
2214 5033 2456 5087 exhiberi
2492 5032 2755 5101 Spiritum
2784 5048 2815 5087 a
2847 5030 2971 5086 Fdii
3022 5034 3259 5087 essentia
3291 5042 3347 5087 et
3398 5033 3513 5087 Dei-

1937 5133 2068 5188 tate,
2098 5139 2209 5193 quo
2240 5133 2397 5193 pacto
2428 5123 2552 5180 fons
2587 5125 2824 5196 Spiritus
2851 5125 3065 5180 dicetur
3091 5123 3285 5190 Filius,
3318 5136 3372 5179 et
3400 5124 3516 5196 Spi-

1935 5216 2077 5272 ritus
2124 5231 2383 5271 emanans
2428 5227 2593 5287 atque
2632 5218 2893 5273 exsiliens
2936 5232 3003 5274 ex
3038 5215 3160 5271 Fdii
3201 5220 3436 5272 essentia
3464 5226 3516 5272 et
3560 5208 3563 5209 ⁷

1935 5305 2252 5361 divinitate?
2307 5309 2460 5372 Quod
2503 5309 2550 5363 si
2598 5323 2773 5378 neque
2802 5305 2973 5363 Filius
2996 5317 3079 5363 est
3104 5308 3227 5361 fons
3257 5306 3514 5376 Spiritus,

1914 5409 2116 5468 neque
2149 5398 2391 5469 Spiritus
2430 5414 2694 5456 emanans
2726 5409 2781 5456 et
2814 5401 3078 5456 exsiliens
3107 5415 3172 5454 ex
3211 5399 3343 5454 Filio
3370 5398 3495 5454 (ιω

1939 5500 2047 5553 tur,
2073 5492 2348 5561 quomodo
2378 5490 2614 5562 Spiritus
2640 5509 2748 5548 non
2788 5496 2895 5548 erit
2922 5493 3131 5549 divisus
3155 5499 3333 5547 essent
3360 5491 3514 5548 aliter

1936 5596 1967 5637 α
1991 5580 2155 5638 Filio.
2181 5583 2248 5638 Et
2275 5585 2393 5640 haec
2436 5585 2635 5641 divisio
2668 5588 2939 5641 undenam
2982 5586 3200 5641 aliunde
3226 5586 3516 5640 subsecuta

1934 5684 2038 5740 est,
2069 5689 2232 5745 quam
2253 5692 2317 5730 ex
2341 5678 2570 5733 audacia
2615 5678 2910 5735 dicentium
2925 5677 3226 5733 secundum
3254 5675 3521 5748 Spiritum

1936 5781 1966 5820 a
2001 5765 2161 5822 Patre
2190 5767 2387 5824 ordine
2416 5784 2541 5825 esse
2574 5771 2839 5825 relatione
2867 5769 3132 5825 euectus?

276 5864 372 5918 τῶν
396 5865 665 5932 ὶεγόντων
694 5865 949 5937 δεύτερον
981 5860 1082 5917 τοῦ
1117 5862 1331 5933 Πατρός
1363 5863 1421 5916 τὸ
1457 5861 1682 5933 Πνεῦμα
1711 5860 1853 5917 rati
1901 5860 1992 5933 τὴν
2022 5860 2118 5916 τοῦ
2150 5861 2398 5918 αἰτιατοῦ
2430 5867 2614 5935 σχέσιν
2642 5861 2900 5935 τετάχθαι
2928 5881 2944 5934 ;
