3974 6570
273 413 376 475 229

1287 403 1388 466 DE
1431 390 2063 464 PROCESSIONE'S.
2102 390 2485 455 SPIRITUS.

3412 378 3522 443 230

269 550 382 605 χειν
410 526 478 584 δι’
506 527 695 592 αὐτοῦ,
739 516 932 596 ,οὗπερ
963 523 1326 592 καλ-λέγεται,
1355 521 1434 582 ῶς
1476 517 1540 571 rb
1577 515 1692 586 φῶς
1733 513 1830 580 τῆς

1974 517 2045 568 st,
2078 508 2244 562 veluti
2280 508 2466 562 lumen
2495 502 2659 566 radii,
2691 499 2835 571 quod
2882 512 2978 569 per
3009 494 3246 556 radium,
3280 502 3335 549 et
3366 495 3523 572 solis.

268 585 502 684 ἀκτῖνος,
540 620 621 673 ὅτι
777 619 875 688 τῆς
901 585 1286 680 ἀκτῖνοςξκαὶ
1308 611 1404 666 τοῦ
1435 585 1627 680 ἡλίου,
1661 606 1744 659 ὃτι
1775 604 1838 656 ἐκ

1981 600 2202 653 ueniam
2237 614 2302 655 ex
2338 598 2475 655 sole.
2525 593 2766 669 Spiritus
2811 606 2944 657 ergo
2996 589 3199 643 dicitur
3247 585 3368 640 Filii
3406 585 3531 656 Spi-

266 676 357 765 τοῦ
388 676 567 778 ἡλίου.
616 708 722 760 Καὶ
766 676 1266 775 τδΓΠνεῦμανγοῦν
1314 700 1410 755 τοῦ
1454 676 1587 753 Ῡὶοῦ
1618 695 1839 764 λέγεται

1974 691 2104 754 itus,
2130 700 2387 759 tauquam
2415 688 2507 757 (μί
2535 696 2613 742 est
2661 701 2755 754 per
2797 683 3018 747 Filium,
3050 689 3106 734 et
3141 677 3322 732 Patris
3356 676 3534 747 Spiri-

266 801 511 870 Πνεῦμα,
551 800 624 863 ὡς
649 798 897 869 ὑπάρχον
948 797 1035 851 διὰ
1061 797 1154 849 τοῦ
1185 796 1340 860 Υἱυῦ,
1374 793 1472 847 καὶ
1496 789 1594 845 τοῦ
1626 789 1840 859 Πατρδς

263 895 508 965 Πνεῦμα,
536 892 610 957 ὡς
640 893 902 964 ὑπάρχων
930 892 994 943 ἐκ
1025 889 1121 943 τοῦ
1153 888 1392 960 Πατρός.

863 1005 1121 1059 ΚΕΦΑΛ.
1155 1001 1211 1057 θ’
1222 1045 1235 1059 .

267 1099 417 1169 Πρὸς
452 1099 603 1164 τοὺς
646 1098 942 1169 ,λέγοντάς
967 1096 1093 1169 ιὼς,
1138 1115 1173 1169 Δε
1220 1096 1380 1151 Ἐπεί
1408 1092 1841 1169 *συμπροτὲναρ

332 1161 443 1249 τιέξ,
486 1161 1318 1249 σιςᾷιπ-αρομςιρτεῖιςλξγξται
1360 1167 1425 1220 τὸ
1470 1161 1716 1234 Πνεῦμα
1762 1161 1842 1227 τῷ

339 1238 471 1305 Υίῷ,
501 1242 616 1294 οὐκ
645 1236 775 1293 sm
804 1238 903 1291 διὰ
926 1237 1032 1292 τοῦ
1072 1236 1230 1291 Υίοῦ.
1269 1256 1287 1290 ι

330 1361 402 1408 α’.
449 1353 727 1408 Ἐνταῦθα
774 1370 866 1422 μιι
899 1352 926 1403 ὁ
962 1354 1122 1422 λόγος
1163 1352 1300 1424 πρὸς
1355 1350 1546 1420 ἀγῶνα
1588 1348 1706 1404 οὔτι
1761 1366 1849 1419 μι-

266 1445 395 1515 κρὸν
421 1446 835 1516 ἀποδυσόμενο;
865 1444 1113 1515 ἔρχεται.
1158 1445 1421 1497 Βούλεται
1466 1446 1575 1514 γὰρ
1617 1446 1847 1515 χρήσεσι

263 1540 566 1608 γραφικαῖς
592 1537 1044 1607 ἀντιπαραθεῖναι
1079 1537 1219 1608 ρητά
1250 1536 1522 1608 γραφικὰ,
1554 1535 1613 1600 ἐξ
1639 1530 1713 1588 ὧν
1736 1537 1849 1598 τοῖς

267 1632 368 1700 μὲν
429 1631 873 1700 φιλονεικότερον
922 1631 1399 1695 ἀναγινώσκουσιν
1452 1630 1850 1701 ἢέπηρεαστιο

265 1722 509 1794 κώτερον
547 1724 733 1777 ἔπεισι
763 1723 1100 1777 διανοεῖσθαι
1132 1725 1349 1787 ἑαυτοῖς
1378 1723 1850 1793 ἐναντιοφωνῆσαι

263 1817 388 1880 τοὺς
447 1816 629 1869 ταῦτα
692 1816 1150 1887 θεολογήσαντας,
1221 1818 1334 1880 τοῖς
1386 1817 1443 1869 δὲ
1493 1812 1850 1884 ἀφιλονείκως

1945 791 2054 847 tus,
2100 792 2355 851 ta:.quani
2382 773 2482 849 qui
2512 792 2592 835 est
2629 795 2692 833 ex
2724 778 2901 831 Patre.

2556 985 2791 1043 CAPUT
2832 984 2921 1043 IX.

1947 1085 2029 1138 Ad
2067 1100 2174 1145 eos,
2213 1084 2300 1152 qui
2331 1080 2533 1142 dicunt,
2588 1097 2615 1152 ι
2647 1077 2875 1152 Quando
2923 1074 3244 1152 un_a_sinittl
3284 1089 3540 1152 emanare

2012 1172 2138 1207 cum
2177 1145 2337 1213 Filio,
2372 1161 2419 1203 et
2439 1166 2545 1202 uno
2573 1149 2733 1203 simul
2755 1150 3003 1219 consequi
3033 1145 3270 1217 Spiritus
3305 1147 3535 1208 diciiur,

2020 1242 2122 1278 non
2152 1240 2263 1280 esse
2284 1238 2375 1291 per
2410 1218 2632 1274 Filium.
2679 1238 2698 1271 ι

2025 1343 2074 1397 ι.
2126 1340 2226 1395 llic
2272 1347 2456 1393 nostra
2512 1336 2688 1392 oratio
2760 1335 2827 1388 ad
2884 1343 3161 1388 certamen
3228 1331 3536 1401 accingitur

1951 1435 2183 1487 celebre.
2248 1432 2494 1486 Conatur
2553 1428 2759 1483 etenim
2833 1426 3256 1481 auctoritatibus
3331 1424 3543 1491 scripto

1955 1526 2216 1591 traditis,
2259 1523 2362 1577 alia
2406 1522 2614 1590 scripto
2666 1519 2983 1588 consignata
3044 1517 3189 1571 dicta
3237 1529 3542 1585 opponere,

1953 1619 2155 1706 quibps
2206 1616 2296 1687 qui
2345 1612 2747 1669 contentiosius
2801 1627 2863 1665 ea
2913 1619 3266 1681 percurrunt,
3293 1609 3405 1662 sive
3445 1622 3544 1661 ea-

1953 1701 2285 1766 lumniosius
2332 1709 2668 1767 examinant,
2704 1703 2890 1759 animo
2921 1701 3410 1771 comprehendant,
3444 1714 3538 1753 eo-

1956 1821 2075 1860 rum
2128 1812 2385 1858 aut-tores
2437 1798 2680 1867 sibiipsis
2741 1794 3088 1851 adversantia
3153 1794 3538 1857 concinnasse,

268 1908 675 1978 ἐπερχομένοις
700 1908 865 1975 αὐτὰ,
903 1912 999 1961 καὶ
1035 1911 1111 1979 μὴ
1146 1909 1284 1980 πρὸς
1337 1910 1604 1979 ἐπήρειαν
1640 1907 1851 1976 ἐγγίνε-

1973 1898 2050 1970 qui
2086 1913 2213 1952 vero
2250 1913 2314 1952 ea
2345 1899 2464 1951 sine
2508 1892 2863 1950 contentione
2907 1899 2960 1944 et
3002 1889 3125 1943 rixa
3168 1887 3545 1947 considerant,

258 2019 375 2067 ται,
436 2001 752 2071 θαυμάζειν
794 2003 855 2056 rb
909 2003 1157 2057 ποικίλον
1198 2004 1297 2072 τῆς
1353 2002 1547 2071 σοφίας
1586 2001 1680 2054 τοῦ
1716 1999 1850 2053 Θεοῦ

268 2095 361 2149 καὶ
400 2093 775 2166 πολύτροπον,
809 2096 948 2150 καθὸ
982 2096 1109 2161 τοὺς
1161 2096 1354 2164 ἁγίους
1391 2095 1553 2167 ἡμῶν
1600 2095 1854 2164 Πατέρας

250 2188 519 2259 ιὼδήγησε
569 2189 664 2242 διὰ
713 2192 936 2244 πάντων
987 2189 1125 2261 ὁμοῦ
1176 2189 1238 2243 rb
1297 2191 1399 2258 τῆς
1447 2188 1731 2257 θεολογίας
1761 2188 1852 2241 εύ-

271 2281 495 2355 ρύθμως
531 2282 991 2353 συναρμόσασθαι
1009 2280 1347 2353 ’σύμφωνον.·
1370 2283 1492 2336 Τῶν
1524 2284 1635 2352 γὰρ
1678 2283 1856 2337 ἀπάν-

268 2393 373 2430 των
401 2376 581 2445 ἁγίων
616 2415 632 2440 ,
668 2374 784 2429 ὅσοι
821 2373 883 2429 rb
921 2375 1019 2442 τῆς
1051 2374 1332 2445 θεολογίας
1367 2375 1517 2447 βῆμα
1550 2373 1854 2445 περιεκάθ-

275 2485 409 2533 ισαν,
462 2466 936 2540 θεολογησάντων,
994 2466 1114 2521 ἐστι
1149 2468 1250 2538 μὲν
1284 2462 1345 2522 οὗ
1383 2469 1707 2539 συμπροῑδν,
1762 2467 1857 2520 καὶ

277 2559 789 2637 συμπαρομαρτοῦν
816 2559 893 2631 τῷ
925 2559 1041 2632 Υίῷ
1060 2561 1122 2614 τὸ
1146 2560 1375 2631 Πνεῦμα
1409 2565 1471 2614 ἐκ
1502 2563 1595 2614 τοῦ
1624 2561 1857 2631 Πατρὸς,

278 2653 393 2708 ἔστι
427 2655 485 2709 δὲ
513 2648 578 2708 οὗ
620 2654 709 2708 διὰ
757 2653 854 2707 τοῦ
924 2652 1059 2708 Υῖοῦ
1092 2654 1337 2726 ὑπάρχον
1366 2654 1501 2709 αὐτὸ
1530 2659 1623 2708 καὶ
1663 2657 1721 2709 ἐν
1779 2648 1860 2717 οἷς

277 2749 592 2818 ἐχρήσαντο
638 2746 1107 2819 παραδείγμασιν,
1159 2746 1276 2799 ἐστι
1324 2747 1425 2817 μέν
1450 2740 1546 2801 οὖν
1588 2764 1607 2798 ι
1633 2748 1854 2815 δίδυμον

276 2843 470 2896 ἀκτῖνα
504 2840 609 2893 τοῦ
648 2840 865 2912 Πατρὸς
900 2842 998 2894 καὶ
1028 2839 1283 2912 δίρῤυτον
1316 2840 1349 2913 ἢ
1376 2841 1659 2913 δίκρουνον
1696 2858 1863 2895 ποτα-

280 2933 397 3002 μὸν,
428 2930 557 2984 ἐστι
584 2929 644 2984 δὲ
672 2923 737 2985 οῦ
768 2931 843 2994 ὡς
874 2931 932 2997 ἐξ
960 2930 1113 3002 ἡλίου
1143 2932 1339 2985 ἀκτῖνα
1373 2932 1469 2984 καὶ
1502 2932 1640 3000 φῶς.
1669 2934 1763 2986 καὶ⁵
1788 2932 1864 2996 ὡς

277 3027 337 3079 ἐκ
365 3026 564 3096 πηγῆς
587 3026 835 3096 ποταμόν
860 3041 919 3077 τε
954 3025 1051 3079 καὶ
1083 3024 1248 3096 ὕδωρ,
1282 3024 1375 3078 τὸν
1406 3023 1537 3080 Υἱδν
1561 3025 1865 3096 εἰρηκότων

278 3121 369 3173 καὶ
401 3120 465 3172 rb
503 3118 747 3189 Πνεῦμα
769 3120 828 3173 rb
860 3119 1042 3189 ἅγιον,
1072 3120 1121 3171 οἱ
1155 3117 1296 3189 πρὸς
1330 3119 1430 3189 τὴν
1471 3118 1570 3188 τῆς
1619 3119 1867 3189 Ῥωμαῖ-

278 3211 381 3282 κῆς
432 3209 782 3281 Ἐκκλησίας
824 3211 1025 3266 ἕνωσιν
1061 3210 1412 3281 κακοσχόλως
1458 3209 1860 3281 διενιστάμενοι

276 3307 354 3366 εἰς
381 3304 481 3377 τὴν
516 3303 663 3374 πρὸς
698 3302 907 3374 ἄλληλα
934 3302 1362 3373 ἐναντιοφωνίαν
1390 3304 1464 3357 ιτά
1493 3301 1725 3357 τοιαῦτα
1752 3303 1863 3357 τῶν

283 3399 448 3467 ἁγίων
472 3400 631 3471 ρητά
653 3396 1121 3468 ἐκλαμϐάνοντες,
1163 3396 1233 3449 τὰ
1263 3395 1362 3467 μέν
1397 3399 1477 3460 εἰς
1507 3397 1866 3467 παράδειγμα

280 3492 387 3553 τοῖς
417 3489 609 3559 ἁγίοις
638 3488 1068 3560 παρειλημμένα
1095 3486 1190 3541 τοῦ
1228 3481 1369 3542 εἶναι
1403 3486 1492 3541 διὰ
1526 3486 1758 3559 θατέρου
1805 3486 1867 3541 τὸ

280 3582 463 3654 ἓτερον
494 3580 815 3652 παρορῶσι,
849 3580 918 3634 τὰ
933 3578 991 3634 δὲ
1029 3582 1109 3643 είς
1143 3579 1465 3650 ἀποτροπὴν
1481 3578 1576 3633 τοῦ
1596 3579 1867 3650 ὑπάρχειν

282 3676 367 3729 διὰ
401 3675 499 3729 τοῦ
552 3673 685 3728 Υίοῦ
729 3673 792 3727 τὸ
825 3671 1080 3741 Πνεῦμα,
1127 3670 1395 3726 δοκοῦντα
1436 3670 1739 3725 συντείνειν
1770 3671 1871 3725 αύ-

281 3768 414 3830 τοῖς,
445 3766 808 3837 προτείνουσι
843 3764 943 3817 καὶ
978 3763 1402 3835 προϐάλλονται.
1440 3763 1554 3818 Καὶ
1581 3763 1703 3816 δέον
1728 3761 1788 3816 ὃν
1808 3762 1869 3818 rb

282 3857 386 3911 τῶν
425 3858 719 3931 ἑκατέρων
757 3858 945 3930 ῥητῶν
984 3855 1280 3927 σύμφωνον
1310 3856 1538 3920 τούτους
1583 3857 1868 3911 κατανοεῖν

285 3949 344 4015 ἐξ
377 3950 500 4014 ἐνδς
543 3952 711 4020 μόνου
736 3951 830 4004 τοῦ
860 3951 1012 4020 παρά
1036 3951 1142 4002 τῶν
1181 3947 1364 4003 αὐτῶν
1393 3947 1662 4020 θεολόγων
1691 3949 1871 4021 ἀμφό-

287 4061 420 4114 τερα
452 4042 642 4098 ταῦτα
677 4041 1076 4111 θεολογεῖσθαι,
1107 4043 1162 4096 τί
1191 4044 1302 4114 γὰρ
1340 4042 1409 4097 ἂν
1453 4043 1548 4096 καὶ
1592 4040 1873 4112 βεῦαιότε-

289 4153 381 4205 ρον
403 4135 608 4189 τούτου
638 4134 776 4205 πρὸς
800 4133 1076 4198 ἀπόδειξιν
1099 4133 1256 4187 ἔσται
1293 4137 1392 4206 τῆς
1434 4135 1544 4188 τῶν
1578 4133 1871 4205 γραφικῶν

288 4229 513 4299 ,ῥήσεων
544 4226 894 4297 συμφωνίας,
941 4226 1060 4295 εἴγε
1089 4228 1300 4289 κοιναῖς
1328 4226 1561 4292 ἐννοίαις
1590 4225 1875 4297 ὡμολόγη-

287 4337 374 4374 ται
405 4320 625 4392 μηδένα
653 4320 764 4373 τῶν
806 4317 1067 4372 ἁπάντων
1101 4317 1324 4372 ἐναντία
1347 4317 1524 4387 ἐαυτῴ
1562 4318 1744 4386 λέγειν
1779 4317 1899 4372 καὶ.

288 4412 670 4482 δογματίζειν,
696 4414 791 4464 καὶ
820 4410 1061 4482 μάλιστα
1086 4411 1136 4463 εί
1175 4410 1330 4482 παρὰ
1369 4408 1464 4463 τοῦ
1498 4408 1813 4480 Πνεύματος
1841 4411 1870 4463 ὁ

288 4509 382 4577 τῆς
410 4506 703 4575 θεολογίας
755 4504 1032 4573 ἐγγίνεται
1075 4503 1357 4574 φωτισμὸς
1393 4505 1507 4568 τοῖς
1533 4501 1662 4573 περὶ
1706 4501 1873 4556 αὑτοῦ

1886 3253 1933 3317 0

1968 1990 2175 2044 variam
2210 2003 2274 2043 ac
2300 1984 2657 2056 multiplicem
2695 1980 2788 2036 Dei
2817 1981 3138 2050 sapientiam
3177 1977 3541 2037 admirentur,

1961 2098 2085 2156 qua:
2120 2074 2344 2138 sanctos
2391 2078 2583 2134 Patres
2632 2084 2855 2131 nostros
2903 2075 2974 2128 ita
3005 2072 3292 2142 dispomit,
3351 2076 3411 2123 ut
3449 2082 3547 2137 per

1961 2177 2145 2230 omnia
2177 2172 2466 2243 theologia;
2501 2183 2807 2225 consonum
2857 2166 3020 2221 simul
3052 2176 3107 2219 et
3148 2163 3419 2219 concinne
3447 2161 3545 2213 ad-

1961 2270 2185 2325 modum
2219 2271 2614 2336 componerent
2658 2277 2724 2316 ac
2765 2264 3214 2330 coagmentarcnt
3245 2272 3259 2309 :
3289 2251 3553 2308 omnibus

1964 2360 2231 2431 siquidem
2266 2357 2495 2420 sanctis,
2542 2353 2637 2424 qui
2677 2351 2965 2420 theologia:
3002 2356 3319 2423 suggestum
3353 2359 3550 2399 ascen-

1964 2455 2181 2516 derunt,
2210 2460 2266 2506 et
2298 2464 2385 2505 res
2412 2447 2753 2517 theologicas
2792 2450 3119 2505 tractarunt,
3148 2437 3548 2499 asscrentihus,

1964 2543 2260 2616 aliquando
2300 2563 2320 2596 ι
2355 2556 2463 2596 una
2494 2540 2661 2596 simul
2700 2550 2963 2593 emanare
3006 2549 3133 2588 cum
3164 2529 3322 2593 Filio,
3353 2538 3408 2583 et
3442 2542 3553 2583 una

1967 2638 2131 2697 simul
2181 2633 2444 2705 consequi
2502 2632 2766 2702 Spiritum
2818 2643 2887 2684 ex
2919 2625 3080 2680 Patre
3126 2643 3141 2680 :
3183 2642 3225 2675 οη
3260 2621 3557 2692 aliquando

1975 2752 1993 2786 ι
2032 2748 2128 2804 per
2177 2729 2376 2784 Filium
2439 2725 2593 2781 illum
2642 2720 2912 2776 exsistere
2950 2735 2966 2773 :
3013 2735 3034 2770 ι
3068 2726 3124 2771 et
3157 2716 3211 2770 in
3261 2715 3551 2782 exemplis,

1969 2822 2172 2895 quibus
2198 2820 2276 2875 illi
2331 2816 2415 2873 usi
2448 2824 2599 2879 sunt,
2638 2811 2958 2882 aliquando,
2995 2825 3016 2860 ι
3052 2806 3326 2877 duplicem
3377 2804 3559 2859 Patris

1972 2913 2211 2977 radium,
2263 2920 2317 2965 et
2368 2905 2662 2977 dupliciter
2713 2902 3008 2966 ﬂuentem;
3049 2914 3147 2966 ac,
3202 2915 3221 2950 ι
3259 2898 3553 2966 dupliciter

1974 3017 2221 3064 ruentem
2274 3002 2503 3058 ﬂuvium
2544 3015 2618 3052 ε.»
2666 2994 2985 3067 aliquando,
3029 3010 3049 3044 ι
3104 2990 3270 3044 veluti
3323 3005 3386 3044 cx
3438 2988 3555 3043 sole

1973 3102 2160 3158 lumen
2189 3106 2245 3154 et
2275 3095 2515 3159 radium,
2552 3109 2571 3143 ι
2602 3101 2678 3153 et,
2715 3107 2735 3142 ι
2776 3085 2945 3142 veluti
2972 3100 3040 3139 ex
3058 3082 3211 3139 fonte
3237 3081 3464 3137 ﬂuvium
3504 3089 3564 3134 et.

1975 3209 2177 3267 aquam
2220 3210 2239 3244 ι
2272 3188 2471 3244 Filium
2505 3195 2558 3242 et
2590 3183 2853 3256 Spiritum
2899 3187 3151 3235 sanctum
3184 3175 3561 3245 nuncupanti-

1974 3288 2099 3348 bus,
2133 3281 2377 3354 quicum
2417 3276 2667 3332 Romana
2716 3272 2959 3329 Ecclesia
2992 3270 3271 3333 unionem,
3299 3268 3414 3321 otio
3457 3281 3563 3321 suo

1974 3379 2287 3437 abutentes,
2314 3372 2611 3441 ettagitant,
2637 3366 2839 3423 similia
2864 3374 3183 3421 sanctorum
3209 3362 3375 3424 dicta,
3397 3363 3559 3431 quasi

1975 3470 2214 3540 sibiipsis
2255 3462 2599 3521 adversantia
2630 3461 2998 3528 accipientes,
3029 3469 3151 3526 quae
3199 3455 3254 3509 in
3293 3452 3561 3521 exemplis

1974 3565 2206 3621 adducta
2249 3569 2398 3623 sunt,
2429 3558 2495 3610 ad
2532 3550 3023 3625 comprobandum,
3065 3562 3235 3603 unum
3273 3562 3367 3617 per
3414 3546 3559 3599 aliud

1974 3671 2135 3721 esse,
2186 3653 2508 3724 negligant;
2559 3662 2684 3718 quae
2727 3660 2858 3700 vezo
2881 3643 2951 3699 ad
2999 3641 3404 3703 refellendum,
3437 3653 3571 3694 esse

1976 3765 2073 3823 per
2088 3747 2290 3803 Filium
2309 3743 2598 3815 Spiritum,
2617 3740 2867 3792 videntur
2889 3734 3225 3800 conducere,
3252 3730 3559 3802 proferunt,

1978 3858 2420 3927 proponuntque.
2449 3844 2513 3900 Et
2549 3857 2674 3900 cum
2708 3856 2847 3912 opus
2897 3850 3046 3897 esset
3077 3841 3454 3906 utrorumque;
3477 3835 3569 3889 di-

1978 3955 2191 4003 ciorum
2223 3939 2573 3998 concordiam
2609 3950 2672 3990 ac
2700 3932 3119 3991 consensiouem
3135 3929 3443 3998 concipere,
3475 3927 3562 3982 vel

1978 4054 2044 4095 eo
2074 4038 2214 4100 solo,
2258 4036 2402 4106 quod
2461 4038 2697 4099 utraque
2745 4028 2863 4082 haec
2920 4024 2988 4080 ab
3039 4023 3234 4079 iisdem
3293 4020 3572 4089 theologis

1977 4130 2264 4189 enuntiata
2294 4132 2424 4184 sunt
2446 4165 2460 4191 ,
2492 4122 2625 4195 quid
2665 4120 2812 4176 enim
2838 4107 3022 4190 aptius
3052 4116 3324 4170 dictorum
3358 4111 3567 4181 scripto

1981 4224 2312 4280 traditarum
2379 4217 2805 4274 consensionem
2878 4207 3355 4273 eonstahiliverit;
3429 4206 3567 4260 dum

1980 4313 2369 4374 communibus
2398 4308 2721 4365 notionihus
2752 4305 2874 4361 sine
2896 4302 3004 4358 ulla
3046 4299 3391 4356 hasitatioue
3417 4297 3563 4367 apud

1983 4421 2178 4464 omnes
2209 4405 2263 4460 in
2295 4399 2552 4459 confesso
2582 4398 2675 4464 sit,
2698 4395 2975 4452 neminem
3009 4393 3255 4448 omnium
3286 4390 3573 4445 contraria.

1984 4497 2202 4569 sibiipsi
2235 4493 2451 4550 tradere
2475 4500 2570 4546 aut
2595 4490 2917 4551 decernere,
2946 4494 3002 4541 et
3033 4483 3381 4555 potissimum
3416 4481 3462 4536 si
3496 4496 3564 4536 ex

224 4610 243 4672 ’γ
290 4573 609 4668 θεολογοῦσι
635 4598 728 4652 τοῦ
763 4598 1085 4673 Πνεύματος
1110 4618 1124 4664 ;
1152 4599 1218 4651 Oi
1244 4573 1302 4651 δὲ
1333 4596 1490 4663 ἀλλὰ,
1521 4600 1621 4668 τῆς
1644 4613 1862 4668 πεισμο-

1988 4589 2194 4661 Spiritu
2238 4587 2367 4641 dicti
2404 4584 2552 4639 illius
2587 4579 2878 4649 theologici
2931 4576 3117 4631 lumen
3170 4573 3405 4630 accessit
3433 4573 3561 4639 illis,

226 4680 388 4762 ξ’ένῆς
416 4691 582 4758 ἆπαξ
615 4690 710 4745 καὶ
743 4689 838 4744 τοῦ
873 4688 1224 4762 ἰδιορρύθμου
1255 4689 1562 4760 γενόμενοι,
1585 4690 1743 4767 ⁶’πρὸς
1773 4692 1871 4759 μὲν

290 4784 379 4835 rbv
412 4783 527 4836 τῶν
562 4782 1029 4852 παραδειγμάτων
1056 4781 1233 4852 ἥλιον,
1257 4781 1357 4852 τὴν
1387 4781 1586 4834 ἀκτῖνά
1616 4799 1674 4835 τε
1700 4783 1793 4835 καὶ
1812 4783 1873 4836 rb

294 4874 409 4945 φῶς
436 4876 570 4940 τοὺς
600 4875 821 4946 νοεροὺς
858 4876 1090 4945 μύουσιν
1119 4872 1461 4942 ὀφθαλμοὺς,
1508 4875 1609 4928 καὶ
1634 4876 1735 4943 τὴν
1761 4875 1871 4929 τῶν

293 4969 758 5040 παραδειγμάτων
788 4971 993 5041 πηγὴν,
1024 4967 1118 5020 τόν
1146 4982 1205 5018 τε
1237 4967 1487 5037 ποταμὸν
1517 4969 1613 5020 καὶ
1639 4967 1702 5020 rb
1724 4965 1871 5038 ὕδωρ

294 5061 401 5123 τοῖς
438 5061 677 5132 ῥεύμασι
732 5058 834 5129 τῆς
876 5058 1089 5113 ἑαυτῶν
1135 5057 1653 5129 ἐθελογνωμοσύνης
1693 5075 1871 5130 παρα-

304 5151 491 5224 σύρειν
529 5150 1005 5223 ἐπιτεχνάζονται,
1042 5152 1143 5220 τὴν
1174 5148 1234 5203 δὲ
1255 5150 1480 5222 δίδυμον
1519 5152 1741 5216 ἀκτῖνα,
1776 5151 1872 5205 καὶ

296 5241 385 5296 rbv
416 5243 696 5314 δίρρυτον,
737 5242 771 5313 ἢ
824 5243 921 5296 καὶ
972 5242 1259 5313 δίκρουνον
1291 5240 1563 5312 ποταμὸν,
1602 5241 1679 5305 ὼς
1728 5244 1871 5314 τάχα.

299 5334 516 5390 ἐναντία
546 5335 659 5389 τῶν
689 5335 1031 5407 είρημένων,
1074 5338 1171 5390 καὶ
1212 5336 1593 5405 ἀνατρεπτικά
1630 5334 1742 5389 ἄνω
1774 5336 1871 5390 καὶ

304 5427 452 5482 κάτω
477 5428 573 5483 τοῦ
602 5427 766 5497 λόγου
798 5429 1161 5501 προφέρουσι.
1193 5430 1304 5483 Καὶ
1335 5431 1385 5483 οἱ
1410 5428 1509 5502 μέν
1532 5428 1725 5495 οὕτως.

371 5613 437 5686 β’.
478 5615 673 5686 Ἡμεῖς
697 5614 777 5682 δὲ,
808 5617 906 5687 τῆς
937 5619 1163 5688 εἰρήνης
1210 5616 1318 5670 τῶν
1349 5616 1691 5689 Ἐκκλησιῶν
1740 5619 1870 5673 ἀντ-

306 5710 574 5778 εχόμενοι,
598 5709 667 5762 δι’
694 5709 761 5781 ἦν
787 5714 880 5763 τὸν
914 5709 1049 5778 πρὸς
1080 5711 1206 5772 τοὺς
1251 5710 1321 5763 τὰ
1344 5711 1571 5763 τοιαῦτα
1620 5714 1872 5781 τεχνολο-

308 5799 528 5866 γοῦντας
559 5800 747 5868 ἀγῶνα
777 5799 1073 5870 προθύμως
1104 5798 1472 5870 ύποδυόμεθα,
1494 5799 1638 5853 οὕτω
1662 5804 1866 5871 φαμέν.

321 5884 692 5961 ὐμολὸγηται’
735 5891 834 5961 μὲν
888 5889 1252 5963 συμπροῐέναι
1307 5891 1369 5945 rb
1442 5889 1688 5959 Πνεῦμα,
1764 5894 1863 5945 καὶ

1979 4685 2073 4756 qui
2113 4685 2181 4738 de
2220 4681 2409 4736 eodem
2444 4675 2653 4747 Spiritu
2696 4673 2862 4729 verba
2891 4668 3141 4726 faciunt?
3166 4666 3246 4723 Illi
3283 4669 3566 4723 enimvero

1978 4776 2293 4849 pertinacia:
2344 4770 2515 4828 semel
2583 4778 2640 4825 et
2693 4765 2927 4838 propria:
2980 4762 3285 4820 voluntatis
3345 4760 3563 4815 libidini

1974 4866 2202 4932 addicti,
2226 4866 2295 4921 ad
2325 4866 2519 4925 solem,
2541 4861 2779 4923 radium,
2820 4869 2876 4914 et
2909 4858 3094 4911 lumen
3143 4844 3377 4923 eiempli
3401 4867 3566 4907 causa

1975 4962 2188 5031 prolata
2249 4954 2650 5012 intellectuales
2686 4953 2879 5007 oculos
2934 4947 3281 5012 oet-ludunt,
3351 4961 3566 5001 necnon

1972 5053 2201 5115 fontem,
2224 5048 2472 5111 ﬂuvium,
2492 5055 2545 5100 et
2571 5059 2769 5114 aquam
2793 5056 2917 5096 cum
2949 5039 3035 5095 sui
3065 5038 3239 5108 ipsius
3271 5036 3568 5090 arbitratus

1972 5145 2217 5202 ﬂuxibus
2270 5152 2580 5196 transversa
2650 5137 2865 5192 trahere
2932 5143 3203 5189 conantur
3242 5148 3255 5185 :
3292 5129 3570 5198 duplicem

1972 5248 2154 5294 autem
2207 5234 2421 5289 radium
2472 5241 2526 5286 et
2568 5228 2867 5299 dupliciter
2894 5224 3149 5279 liuentem
3205 5230 3573 5287 ruentemque

1971 5332 2219 5393 ﬂuvium,
2251 5325 2407 5397 quasi
2434 5324 2595 5380 dictis
2621 5322 3078 5382 adversarentur,
3124 5329 3297 5385 eaque
3344 5311 3569 5367 convel-

1972 5429 2166 5487 lerent,
2187 5436 2404 5478 rursum
2428 5420 2795 5485 deorsumque
2817 5452 2832 5480 ,
2864 5413 2917 5467 in
2942 5410 3189 5467 oratione
3211 5406 3571 5463 conculcant.

1971 5523 2038 5579 Ει
2071 5524 2123 5578 lii
2160 5521 2377 5590 quidem
2415 5516 2486 5570 ita
2519 5528 2577 5568 se
2605 5518 2823 5583 ger'mt.

2041 5616 2096 5669 9..
2126 5612 2237 5665 Nos
2270 5625 2430 5679 porro
2479 5605 2572 5675 qui
2617 5600 3005 5659 ecclesiasticze
3047 5595 3167 5665 paci
3215 5594 3576 5662 inhaeremus,

1973 5710 2045 5761 ob
2075 5720 2236 5775 quam
2269 5702 2533 5755 adversus
2561 5695 2758 5752 similia
2792 5690 3280 5747 comminiseeutes
3312 5688 3573 5743 alacriter

1979 5808 2256 5853 certamen
2292 5792 2662 5863 aggredimur,
2696 5789 2768 5840 ita
2799 5785 3052 5839 dicimus.
3092 5780 3300 5837 Nemini
3334 5781 3565 5835 dubium

1978 5900 2403 5970 controlersum
2434 5898 2538 5951 est,
2572 5881 2832 5948 Spiritum
2883 5878 3049 5933 simul
3093 5892 3212 5933 cum
3260 5875 3394 5931 Filio
3425 5891 3576 5933 ema-
