3846 6574
437 382 537 447 231

1472 376 1687 437 JDAN.
1731 374 1944 434 \‘ECCI
1986 372 2097 434 (ΣΡ.
2137 372 2647 433 ΡΑΤίὶῘΛΒΟΗίΕ

3581 373 3676 441 232

435 514 588 564 Iitlt'e,
620 504 674 551 et
709 491 997 565 progredi,
1052 485 1353 543 secundum
1388 499 1544 539 suam
1575 497 1642 537 ex
1686 480 1846 536 Patre
1883 480 2029 535 exsi-

2139 480 2634 551 συμπαρομαρτεῖν
2668 475 2747 548 τῷ
2780 474 2895 547 Titi}
2920 474 3061 529 κατά
3094 476 3191 546 τὴν
3220 475 3296 529 ἐκ
3346 475 3553 548 Πατρὶς
3597 486 3684 539 αὑ-

436 592 719 653 stentiam,
750 599 802 642 et
833 588 885 640 in
918 582 1186 639 confessis
1217 592 1436 649 quoque
1474 585 1576 639 est,
1617 579 1867 629 eumdem
1902 586 2026 628 esse

434 696 489 740 et
520 699 612 754 per
641 678 863 741 Filium,
891 684 945 730 et
978 685 1234 729 neutrum
1269 670 1425 724 alteri
1456 668 1822 738 (adversatur,
1853 679 2027 734 neque

438 778 669 831 alterum
708 764 995 832 Convellit,
1039 774 1093 821 et
1136 763 1282 834 quod
1318 778 1385 817 ex
1419 776 1532 815 uno
1566 760 1799 815 alterum
1825 773 2028 813 conse-

436 869 654 938 quitur,
689 865 831 917 inter
881 874 1003 915 sese
1050 865 1281 926 utraque
1315 853 1662 909 concorditer
1693 860 2023 919 congruunt.

441 963 506 1014 Et
548 961 613 1012 de
637 958 702 1011 iis
727 961 1043 1009 accuratum
1067 963 1380 1004 sermonem
1406 946 1616 1009 haberi,
1653 945 1769 1000 ﬂeri
1817 943 2025 1013 nequit,

436 1053 507 1106 ab
537 1054 624 1111 iis,
657 1047 749 1116 qui
784 1044 1005 1108 callent,
1046 1056 1213 1111 supra
1240 1053 1462 1094 omnem
1496 1038 2023 1093 demonstrationem

435 1159 581 1203 esse,
611 1148 665 1193 et
694 1135 997 1192 naturalem
1035 1134 1301 1187 rationem
1334 1144 1669 1200 exsuperare
1696 1128 1843 1183 illius
1867 1136 2029 1180 natu-

438 1248 552 1288 rain
584 1232 821 1285 divinam
845 1237 1008 1298 atque
1032 1225 1563 1294 iucompreliensam.
1591 1218 1691 1275 Ubi
1710 1222 1852 1274 enim
1881 1220 2028 1273 illius

435 1325 957 1393 incotnprehrnsum
995 1317 1184 1382 fuerit,
1213 1317 1258 1371 si
1286 1317 1412 1386 quis
1446 1330 1507 1369 se
1538 1315 1679 1369 scire
1702 1314 2025 1375 contendat,

432 1433 545 1486 quo
576 1425 734 1485 pacto
762 1413 998 1483 Spiritus
1032 1427 1138 1465 una
1170 1425 1296 1463 cum
1321 1406 1461 1462 Filio
1489 1422 1775 1469 emanans,
1811 1420 1906 1474 per
1933 1403 2025 1458 Fi-

434 1510 567 1564 lium
614 1525 679 1563 ex
717 1509 874 1561 Patre
925 1501 1325 1575 progrediturl
1361 1500 1746 1553 Verumtamen
1793 1513 1921 1552 cum
1957 1496 2027 1551 ad

435 1603 831 1655 subobscuram
884 1598 1178 1666 quamdam
1227 1591 1555 1663 cognitionis
1586 1605 1764 1643 rerum
1819 1589 2027 1644 incom-

435 1692 828 1758 prt'IICIISal‘IIIII
855 1688 1091 1756 speciem
1115 1685 1586 1753 consequendum,
1606 1697 1768 1751 supra
1788 1668 2027 1751 digestas

436 1780 705 1847 imagines
758 1778 950 1833 Patres
1012 1776 1375 1839 tradiderint,
1409 1789 1476 1828 ex
1527 1773 1718 1828 iisdem
1762 1772 1894 1842 ipsis
1925 1787 2025 1827 nos

434 1844 656 1943 quoque
687 1887 945 1927 enarrare
971 1869 1321 1933 conabimur;
1344 1867 1622 1937 quomodo
1655 1868 1833 1935 possit
1859 1865 2021 1919 iutel-
2060 1844 2100 1898 Β

436 1968 552 2038 ligi,
585 1982 692 2021 una
752 1964 916 2020 simul
967 1976 1233 2017 emanans
1286 1975 1409 2015 cum
1462 1960 1637 2014 Verbo
1683 1956 1939 2027 Spiritus,
1974 1964 2024 2010 ct

439 2076 547 2113 una
596 2058 759 2112 simul
812 2072 937 2111 cum
972 2070 1039 2109 eo
1069 2053 1455 2125 progrediens,
1488 2062 1542 2106 et
1571 2055 1664 2120 per
1688 2048 1925 2104 Verbum
1960 2066 2027 2103 ex

436 2151 597 2207 Patre
627 2150 870 2215 rﬂluens,
905 2157 959 2203 et
989 2147 1271 2218 quomodo
1303 2146 1510 2200 nullum
1549 2159 1616 2200 ex
1648 2144 1732 2199 liis
1761 2144 1924 2199 dictis
1956 2144 2025 2198 ad

440 2244 584 2299 aliud
621 2242 1015 2297 destruendum
1049 2239 1335 2295 conducit.

510 2336 564 2391 3.
603 2333 737 2388 Νοιιι
775 2346 902 2388 ante
927 2332 1030 2385 alia
1069 2332 1122 2385 in
1149 2330 1265 2386 sole
1296 2344 1402 2384 una
1432 2328 1596 2384 simul
1626 2326 1862 2398 prosilit,
1893 2340 2028 2380 una-

442 2443 550 2496 que
590 2427 752 2481 simul
788 2423 1147 2493 consequitur
1191 2438 1314 2477 cum
1354 2419 1508 2475 radio
1544 2421 1752 2483 lumen,
1799 2431 1852 2472 et
1884 2415 2046 2471 nilail~

440 2519 659 2573 ominus
679 2534 771 2586 per
792 2516 999 2570 radium
1017 2515 1200 2568 lumen
1219 2527 1547 2585 promanare
1563 2510 1954 2580 conspicimus,
1976 2514 2032 2561 et

439 2611 492 2663 in
511 2609 657 2664 fonte
675 2607 821 2663 ﬂuvii
845 2616 896 2661 et
914 2620 1089 2677 aquae,
1107 2605 1265 2660 simul
1286 2604 1505 2676 prosilit
1522 2613 1576 2658 et
1597 2619 1705 2657 una
1722 2602 1886 2657 simul
1900 2616 2031 2656 con-

440 2704 687 2771 sequitur
712 2700 911 2755 ﬂuvius
950 2716 1145 2768 aquam
1179 2706 1231 2751 et
1253 2707 1432 2751 tamen
1451 2712 1542 2766 per
1575 2695 1798 2751 ﬂuvium
1830 2710 2027 2766 aquam

438 2791 704 2854 deﬂuere,
728 2800 783 2845 ct
812 2806 936 2845 vere
954 2788 1318 2859 concipimus.
1350 2785 1415 2841 Et
1447 2802 1552 2840 non
1579 2797 1862 2855 propterea
1884 2782 2030 2853 quod

438 2886 600 2939 simul
613 2898 738 2938 cum
755 2882 905 2936 radio
921 2882 1103 2935 lumen
1117 2888 1355 2944 emanat,
1374 2879 1555 2933 lumen
1573 2893 1695 2934 esse
1714 2893 1807 2948 per
1822 2875 2031 2931 radium

439 2977 647 3033 refellit
679 2993 693 3029 :
724 2991 899 3045 neque
920 2974 1063 3046 quod
1091 2989 1231 3044 aqua
1250 2988 1374 3027 cum
1409 2970 1573 3027 ﬂuvio
1606 2970 1837 3041 prosilit,
1866 2970 2031 3025 simul

440 3069 709 3137 proﬂuere
770 3068 1023 3123 destruit.
1094 3067 1350 3122 Sedenim
1406 3067 1649 3120 rationes
1710 3064 2027 3119 accuratius

2131 573 2245 626 τῶν
2278 570 2539 644 ὓπαρξιν,
2570 570 2705 625 ἀλλὰ
2757 569 3206 639 συνωμολόγηται
3256 569 3521 638 ὑπάρχειν
3566 574 3684 631 αὐτὸ

2137 664 2233 716 καὶ
2263 662 2361 714 -διά
2399 662 2493 715 τοῦ
2521 660 2676 723 Υίοῦ,
2711 660 2803 714 καὶ
2833 659 3120 729 οὐδέτερον
3149 658 3228 727 τῷ
3263 659 3436 730 ἑτέρῳ
3468 660 3682 731 μάχεται

2132 756 2214 818 είς
2237 755 2579 826 ἀνατροπὴν,
2610 754 2729 808 ἀλλ’
2760 755 2843 807 ὅτι
2876 753 3097 823 θατέρῳ
3148 753 3210 805 τδ
3247 753 3437 822 ἕτερον
3485 751 3683 823 ἕπεται,

2133 846 2407 916 σύμφωνα
2466 847 2717 916 ἀλλήλοις
2766 848 3003 916 ἑκάτερα
3052 844 3433 911 ἀναφαίνεται.
3485 845 3587 897 Καὶ
3633 848 3689 902 τὸ

2134 939 2235 1010 μὲν
2287 939 2515 1009 ἀκριϐές
2566 958 2619 992 τι
2669 939 2853 1005 λέγειν
2902 938 3032 1008 περὶ
3082 937 3266 990 αὐτῶν
3311 937 3411 988 οὐκ
3453 935 3689 1002 ἔστιτοῐς

2131 1028 2328 1082 εξδόσιν
2359 1030 2433 1092 ὠς
2465 1030 2646 1099 πάσης
2682 1028 3009 1093 ἀποδείξεως
3040 1028 3072 1099 ἡ
3106 1027 3223 1080 θεία
3269 1025 3429 1093 φύσις
3470 1027 3690 1096 ὑπερανο

2129 1121 2380 1194 ᾠκισται,
2435 1123 2526 1175 καὶ
2552 1122 2626 1185 ώς
2680 1124 2859 1176 πάντα
2893 1124 3125 1191 φυσικὸν
3178 1121 3338 1190 λόγον
3372 1122 3694 1192 ὑπερεκτρέ-

2132 1232 2217 1285 χει
2274 1218 2483 1285 ταύτης
2533 1216 2593 1267 τὸ
2640 1215 3040 1283 ἀκατάληπτον
3069 1230 3082 1245 ⁸
3123 1214 3224 1268 ποῦ
3267 1214 3380 1282 γὰρ
3410 1215 3467 1265 τὸ
3506 1215 3692 1279 ταύτης

2131 1307 2546 1377 ἀκατάληπτον,
2606 1306 2769 1373 εἴπερ
2814 1307 3015 1359 είδέναι
3060 1323 3144 1367 τις
3175 1306 3420 1373 ἐνσταίη,
3455 1304 3598 1366 ὅπως
3638 1306 3693 1359 τὸ

2138 1402 2449 1472 συμπροῖὺν
2487 1400 2566 1471 τῷ
2602 1400 2744 1471 Fidi,
2797 1401 2886 1453 διὰ
2921 1398 3016 1452 τοῦ
3061 1398 3193 1452 Υίοῦ
3237 1399 3351 1451 ἐστι
3405 1398 3589 1464 προϊὸν
3636 1402 3693 1451 ἐκ

2135 1494 2385 1563 Ιιατρός;
2427 1495 2580 1547 Ἐπεὶ
2607 1495 2664 1548 δὲ
2699 1496 2779 1556 είς
2824 1493 3076 1563 ὀμυδράν
3112 1509 3235 1544 τινα
3282 1492 3583 1558 φαντασίαν
3607 1492 3693 1562 τῆς

2132 1586 2240 1639 τῶν
2271 1588 2676 1659 ἀκαταλήπτων
2699 1587 2926 1640 ἒκείνυζἾ
2950 1586 3206 1654 γνώσεως
3242 1584 3339 1646 τὰς
3362 1586 3695 1654 ἀναγεγραμ-

2137 1678 2305 1748 μένας
2335 1679 2549 1741 εἰκόνας
2582 1680 2629 1731 οί
2664 1678 2907 1747 Πατέρες
2932 1675 3409 1746 παραδεδώκασιν,
3444 1672 3505 1738 ἐξ
3527 1676 3694 1727 αὐτῶν

2134 1770 2340 1823 τούτων
2387 1772 2564 1824 εἰπεῖν
2603 1770 2699 1823 καὶ
2741 1771 2904 1839 ἡμεῖς
2964 1767 3365 1838 πειρασόμεθα.
3426 1766 3544 1828 πῶς
3592 1768 3697 1820 ἐστι

2133 1863 2275 1914 νοεῖν
2305 1862 2395 1914 καὶ
2430 1860 2765 1931 συμπροῖδν,
2788 1862 2879 1913 καὶ
2902 1855 3411 1929 συμπαρομαρτοῦν
3441 1856 3522 1922 τῷ
3550 1858 3697 1926 Λόγῳ

2132 1956 2194 2008 τὸ
2226 1954 2451 2025 Πνεῦμα
2476 1958 2572 2009 καὶ
2595 1956 2684 2009 διὰ
2718 1955 2813 2008 τοῦ
2846 1955 3025 2023 Λόγου
3056 1955 3244 2025 προϊὸν
3268 1955 3331 2005 ἐκ
3358 1953 3591 2020 Πατρὸς,
3613 1954 3700 2007 καὶ

2132 2049 2250 2112 πῶς
2282 2049 2564 2119 οὐδέτερον
2585 2048 2696 2101 τῶν
2726 2048 2910 2118 ῥητῶν
2936 2048 3220 2117 ἑκατέρων
3240 2048 3318 2109 είς
3350 2046 3448 2115 τὴν
3480 2044 3697 2112 θατέρου

2133 2140 2468 2195 συντείνεται
2527 2140 2865 2212 ἀνατροπὴν.

2208 2329 2281 2393 γ’.
2317 2322 2526 2377 Αὐτίκα
2561 2326 2670 2394 γὰρ
2706 2324 2802 2379 ἐπὶ
2838 2324 2933 2378 τοῦ
2982 2323 3135 2395 ἡλίου
3188 2322 3555 2393 συμπρόεισι,
3619 2324 3703 2376 καὶ

2136 2415 2610 2489 συμπαρομαρτεῖ
2642 2419 2707 2488 τῇ
2742 2419 2949 2481 ἀκτῖνι,
2980 2417 3041 2469 τὸ
3075 2417 3190 2486 φώς
3217 2458 3232 2483 ,
3274 2416 3394 2470 ἀλλ’
3432 2418 3586 2484 ὅμως
3624 2414 3704 2467 διὰ

2131 2516 2230 2581 τῆς
2256 2513 2477 2575 ἀκτῖνος
2537 2510 2670 2565 αὐτὸ
2715 2513 2969 2582 προϊέναι
3015 2511 3544 2581 καταμανθάνομεν.
3606 2510 3706 2561 Καὶ

2132 2606 2227 2659 ἐπὶ
2266 2607 2364 2676 τῆς
2399 2605 2584 2675 πηγῆς
2624 2603 2720 2659 τοῦ
2765 2604 3020 2676 ποταμοῦ
3057 2606 3152 2658 καὶ
3199 2604 3295 2657 τοῦ
3345 2604 3546 2668 ὓδατος
3580 2620 3706 2672 συμ-

2133 2697 2356 2769 πρόεισι
2395 2698 2491 2751 καὶ
2538 2699 3013 2768 συμπαρομαρτεῖ
3042 2697 3101 2750 τὸ
3139 2694 3285 2767 ὕδωρ
3329 2696 3410 2767 τῷ
3461 2695 3705 2764 ποταμῷ,

2135 2788 2253 2845 ἀλλ’
2284 2791 2437 2859 ὅμως
2476 2789 2570 2843 διὰ
2605 2788 2700 2843 τοῦ
2731 2788 2979 2861 ποταμοῦ
3006 2788 3139 2842 αὐτὸ
3185 2792 3436 2861 προϊέναι
3485 2805 3709 2842 κατανοο

2134 2882 2310 2953 οῦμεν
2339 2898 2353 2912 ⁸
2391 2883 2488 2935 καὶ
2516 2880 2643 2936 οὔτε
2671 2882 2730 2935 τδ
2765 2882 3229 2959 συμπῳῖέναιθτῇ
3272 2884 3455 2935 ἀκτῖνι
3496 2882 3558 2934 τὸ
3601 2882 3709 2948 φῶς

2136 2977 2545 3048 ἀνατρεπτικόν
2569 2975 2665 3029 τοῦ
2696 2971 2843 3030 εἶναι
2876 2975 2966 3030 διὰ
2994 2978 3097 3045 τῆς
3128 2978 3349 3039 ἀκτῖνος
3391 2975 3548 3040 αὐτὸ,
3588 2973 3709 3026 οὔτε

2134 3071 2196 3125 τὸ
2222 3069 2308 3124 διὰ
2338 3067 2434 3122 τοῦ
2462 3066 2714 3138 ποταμοῦ
2754 3067 3002 3139 προϊέναι
3048 3067 3109 3120 τὸ
3163 3066 3307 3141 ὕδωρ
3337 3068 3586 3121 ἐναντίον
3622 3065 3710 3118 τοῦ

435 3162 833 3226 exaniiuautes,
866 3169 921 3214 et
948 3162 1185 3229 penitius
1218 3161 1563 3230 indagantes,
1595 3158 1878 3229 quomodo
1920 3170 2028 3210 una

2140 3164 2507 3237 συμπροῖέναι
2534 3162 2789 3235 ἀλληλοις
2831 3160 3006 3215 ταῦτα
3038 3161 3497 3230 διαγιιώσκομεν.
3548 3161 3619 3213 Τὸ
3659 3158 3712 3212 δὲ

435 3254 601 3308 simul
631 3270 754 3309 cum
786 3254 939 3309 radio
969 3253 1172 3318 exsilit,
1217 3263 1273 3307 et
1308 3268 1404 3323 per
1442 3252 1655 3306 radium
1702 3266 1765 3307 ex
1803 3250 1918 3305 sole
1944 3250 2032 3304 lu-

439 3360 561 3401 men
592 3357 832 3412 emanat,
860 3355 914 3400 et
937 3346 1215 3417 quomodo
1257 3345 1422 3401 simul
1472 3360 1598 3399 cum
1630 3342 1797 3398 ﬂuvio
1825 3341 2027 3408 eﬂluit,

437 3447 493 3492 et
541 3453 635 3506 per
666 3437 893 3493 ﬂuvium
940 3441 1125 3494 exsilit
1183 3453 1323 3509 aqua
1354 3454 1421 3493 ex
1456 3438 1604 3493 fonte
1631 3477 1646 3501 ,
1678 3445 1732 3492 et
1753 3435 2033 3507 quomodo

436 3539 692 3585 neutrum
724 3521 801 3585 ρι’
824 3530 933 3600 jam
964 3532 1125 3586 dictis
1153 3533 1219 3584 ad
1262 3529 1409 3584 aliud
1444 3529 1860 3584 convellendum
1890 3543 2029 3584 con-

439 3630 563 3696 fert,
600 3643 712 3687 tum
741 3632 974 3688 subinde
1022 3632 1099 3687 rei
1141 3632 1299 3685 tinem
1333 3632 1687 3702 imponimus.
1719 3630 2028 3696 Poscimus,

439 3734 495 3786 in
530 3727 834 3791 effectibus,
858 3727 951 3796 qui
984 3726 1058 3780 ita
1089 3740 1147 3779 se
1211 3724 1435 3788 habent,
1468 3733 1717 3792 potestne
1746 3739 1888 3779 unus
1913 3725 2033 3778 sine

436 3818 545 3871 alio
560 3817 720 3872 esse?
745 3821 812 3870 At
834 3820 991 3887 plane
1031 3816 1397 3871 discernimus
1419 3830 1595 3885 neque
1608 3815 1843 3884 {radium
1869 3830 2035 3885 posse

437 3926 557 3965 ιιεεε
572 3910 780 3978 absque
798 3909 1023 3972 lumine,
1040 3924 1219 3979 neque
1234 3908 1412 3963 solare
1428 3907 1612 3962 lumen
1632 3908 1838 3976 absque
1857 3907 2031 3970 radio,

442 4019 618 4072 neque
653 4003 925 4057 ﬂuvialem
956 4017 1156 4073 aquam
1192 4003 1311 4057 sine
1361 4000 1559 4067 ﬂuvio,
1596 4016 1776 4070 neque
1805 4000 2029 4054 ﬂuvium

442 4096 556 4149 sine
587 4111 751 4165 aqua,
771 4105 827 4150 et
854 4097 1130 4150 curiosius
1150 4096 1541 4165 eonquirentes
1565 4094 1831 4148 rationem
1868 4106 2031 4162 p:op-

441 4197 521 4238 ter
553 4201 718 4253 quam
756 4186 811 4239 in
858 4186 1131 4241 sintilibt's
1169 4184 1458 4239 effectibus
1499 4200 1654 4238 nnus
1683 4185 1891 4253 absque
1925 4182 2034 4237 alio

436 4293 556 4331 esse
592 4287 849 4346 nequeat,
894 4285 1081 4346 aperte
1119 4277 1507 4348 cognoscimus
1538 4275 1740 4329 nullam
1767 4275 1929 4328 aliam
1962 4274 2032 4348 ob

439 4385 660 4424 causam
698 4370 749 4424 id
784 4372 1136 4439 contingere,
1173 4384 1338 4438 quam
1367 4368 1512 4439 quod
1541 4383 1709 4422 unum
1742 4382 1806 4422 ex
1858 4346 2031 4420 altero

439 4473 540 4516 est.
582 4458 696 4516 lloe
724 4463 871 4515 enim
925 4477 1027 4517 nec
1056 4463 1202 4515 aliud
1237 4462 1520 4530 potissima
1553 4475 1724 4516 causa
1754 4469 2032 4525 censetur,

441 4568 610 4622 quare
641 4554 696 4606 in
719 4552 830 4621 jam
852 4552 1014 4610 dictis
1040 4551 1326 4608 eﬂ‘ecubus
1348 4568 1517 4606 unum
1552 4554 1761 4621 absque
1788 4551 1897 4607 alio
1918 4567 2038 4606 esse

441 4658 700 4716 nequeat.
736 4645 792 4700 Id
840 4648 987 4701 enim
1057 4647 1101 4701 si
1163 4662 1273 4701 non
1312 4654 1499 4710 esset,
1532 4646 1669 4700 nibil
1727 4644 2033 4714 impediret,

440 4754 551 4808 quo
584 4740 765 4793 minus
789 4754 957 4792 unutn
991 4739 1197 4807 absque
1227 4738 1337 4792 alio
1362 4751 1533 4801 esset,
1566 4736 2032 4806 quemadmodum

442 4833 511 4886 de
542 4834 758 4887 duobus
783 4848 847 4886 ex
880 4845 992 4886 uno
1036 4831 1151 4886 sole
1186 4831 1377 4897 radiis,
1407 4840 1464 4885 et
1489 4831 1556 4885 de
1582 4830 1797 4885 duobus
1822 4846 1886 4885 ex
1925 4842 2035 4883 uno

451 4923 600 4979 fonte
628 4923 1020 4996 proﬂuentibus
1053 4922 1255 4980 ﬂuviis.
1406 4913 1413 4920 ’

517 5205 572 5260 ό.
600 5204 718 5260 lam
753 5202 937 5271 itaque
956 5214 1083 5255 eum
1107 5197 1485 5263 didicerimus,
1507 5211 1572 5252 ex
1604 5211 1669 5251 co
1692 5197 1835 5267 quod
1869 5211 2036 5250 unum

448 5314 548 5371 per
566 5298 711 5351 aliud
731 5306 835 5361 est,
861 5293 976 5348 ﬂeri
1006 5308 1112 5345 non
1138 5305 1317 5361 posse,
1340 5300 1399 5344 ut
1422 5305 1591 5344 unum
1614 5289 1732 5345 sine
1756 5292 1928 5345 altero
1945 5289 2039 5353 sit,
2066 5282 2069 5285 ’

453 5392 637 5446 statim
665 5386 969 5443 certissima
992 5382 1457 5439 demonstratione
1481 5392 1713 5445 constat,
1747 5398 1853 5437 una
1877 5381 2042 5438 simul

448 5482 710 5539 continuo
740 5476 1009 5549 progredi.
1041 5473 1115 5529 Ea
1147 5473 1435 5543 siquidem,
1458 5488 1691 5543 quorum
1726 5489 1892 5527 unum
1923 5474 2045 5529 sine

449 5575 561 5630 alio
578 5585 700 5627 esse
720 5569 930 5638 nequit,
949 5581 1058 5636 quo
1076 5575 1233 5637 pacto
1257 5566 1420 5622 simul
1444 5581 1550 5620 non
1575 5564 1814 5621 fuerint?
1834 5565 2041 5620 Etcum

448 5679 489 5722 υ
514 5682 558 5718 ia
576 5662 734 5719 simul
746 5675 1021 5723 emanare.
1038 5669 1402 5731 consequatur
1413 5675 1475 5714 ex
1493 5656 1729 5729 eo,quod
1743 5673 1906 5712 unum
1922 5661 2046 5713 abso

452 5774 559 5828 que
574 5756 678 5811 alio
698 5769 820 5813 esse
848 5764 1101 5825 nequeat,
1124 5763 1176 5809 et
1199 5768 1367 5808 unum
1390 5752 1596 5821 absque
1615 5753 1722 5806 alio
1770 5766 1892 5805 esse
1929 5765 2039 5805 non

455 5863 638 5921 posse,
663 5858 1013 5920 cumparetex
1031 5863 1095 5903 eo
1114 5847 1257 5919 «illud
1292 5861 1457 5902 unum
1479 5861 1572 5917 per
1599 5845 1762 5900 alium
1787 5848 1878 5911 sit,
1902 5860 2037 5919 qna-

2136 3258 2247 3311 τῶν
2280 3257 2461 3326 λόγων
2498 3254 3008 3325 ὲξεταστικώτερον
3049 3255 3597 3326 μεταχειριζόμενοι,
3624 3256 3709 3306 καὶ

2138 3350 2728 3423 πολυπραγμονοῦντες
2755 3350 3113 3419 κατανοῆσαι,
3149 3350 3263 3406 πώς
3289 3366 3346 3401 τε
3378 3347 3713 3417 σιμπρόεισι

2135 3448 2203 3518 τῇ
2246 3447 2452 3510 ἀκτῖνι,
2486 3445 2584 3498 καὶ
2616 3444 2705 3498 διὰ
2733 3444 2829 3514 τῆς
2862 3444 3081 3506 ἀκτῖνος
3110 3443 3359 3512 πρόεισιν
3387 3442 3451 3506 ἐξ
3476 3443 3632 3502 ἡλίου
3657 3440 3713 3493 τὸ

2111 3539 2278 3610 .φῶς,
2302 3538 2396 3593 καὶ
2424 3538 2543 3601 πῶς
2576 3538 2913 3609 συμπρόεισι
2943 3538 3021 3607 τῷ
3052 3535 3287 3606 ποταμῷ
3311 3578 3325 3601 ,
3358 3535 3457 3588 καὶ
3492 3535 3583 3587 διὰ
3623 3532 3713 3586 τοῦ

2136 3633 2389 3704 ποταμοῦ
2435 3637 2655 3705 πρόεισι
2697 3636 2761 3688 τὸ
2806 3633 2954 3704 ὕδωρ
2983 3635 3048 3687 ἐκ
3087 3632 3189 3701 τῆς
3226 3634 3434 3702 πηγῆς,
3473 3631 3717 3693 καὶπῶς

2134 3728 2421 3798 οὐδέτερον
2468 3728 2577 3780 τῶν
2618 3727 2929 3798 είρημένων
2977 3728 3060 3789 είς
3109 3726 3207 3797 τὴν
3235 3726 3328 3779 τοῦ
3357 3726 3558 3798 ἐτέρου
3602 3743 3718 3779 συν·

2136 3820 2311 3874 τείνει
2350 3818 2693 3891 ἀνατροπὴν,
2725 3821 2807 3898 είς
2852 3817 3014 3872 τοῦτο
3047 3819 3395 3887 διαγνώσεως
3455 3819 3715 3889 λήγομεν.

2136 3911 2426 3983 Ζητοῦμεν
2460 3914 2510 3965 εί
2538 3909 2687 3964 ἐστιν
2716 3912 2811 3964 ἐπὶ
2836 3910 2946 3963 τῶν
2972 3909 3143 3973 οὕτως
3169 3911 3409 3979 ἐχόντων
3449 3911 3606 3964 αῖτια
3627 3908 3716 3981 τοῦ

2133 3999 2279 4058 είναι
2312 4004 2375 4056 τὸ
2402 4004 2592 4074 ἓτερον
2622 4002 2718 4056 τοῦ
2761 4005 2958 4073 ἑτέρου
2995 4020 3163 4073 χωρ.ς
3191 4043 3205 4066 ,
3234 4004 3328 4057 καὶ
3357 4001 3490 4056 οὔτε
3530 4004 3722 4055 ἀκτῖνα

2134 4096 2579 4167 διαγινώσκομεν
2626 4095 2893 4150 δύνασθαι
2955 4093 3099 4148 εἶναι
3156 4096 3278 4165 δίχα
3333 4097 3545 4163 φωτὸς,
3600 4094 3720 4146 οὔτε

2139 4190 2255 4258 φώς
2287 4187 2516 4256 ἡλιακὸν
2560 4189 2783 4250 ἀκτῖνος
2823 4188 2993 4257 χωρὶς
3022 4225 3038 4249 ,
3091 4184 3218 4241 οὕτε
3270 4188 3548 4255 ποτάμιον
3585 4185 3712 4254 ὕδωρ

2140 4281 2394 4353 ποταμοῦ
2449 4280 2596 4352 δίχα,
2656 4279 2786 4334 οὔτε
2852 4280 3100 4350 ποταμὸν
3154 4280 3348 4344 ὓδατος
3395 4280 3547 4353 δίχα.
3620 4282 3703 4333 Κα

2142 4370 2737 4445 πολυπραγμονοῦντες
2760 4370 2851 4424 τὸν
2885 4370 3066 4438 λόγον,
3102 4372 3225 4425 καθ’
3250 4373 3311 4426 ὅν
3342 4374 3499 4426 ἐστιν
3525 4371 3713 4428 ἀδύνα·

2140 4482 2233 4519 τον
2263 4465 2323 4518 ἐν
2347 4467 2458 4528 τοῖς
2485 4462 2755 4527 τοιούτοις
2798 4465 3088 4527 αίτιατοῖς,
3130 4460 3273 4518 εἶναι
3308 4464 3368 4518 τὸ
3398 4466 3597 4534 ἕτερον
3634 4464 3718 4517 τοῦ

2143 4556 2335 4627 ἑτέρου
2364 4559 2554 4627 χωρὶς,
2597 4553 2655 4621 ἐξ
2684 4553 2922 4619 οὐδενος,
2976 4554 3138 4607 ἄλλου
3189 4555 3348 4610 τοῦτο
3397 4558 3725 4625 συμϐαίνειν

2144 4646 2606 4720 διαγινώσκομεν,
2634 4640 2754 4697 ἀλλ’
2800 4644 2833 4714 ἢ
2865 4646 2929 4697 ὲκ
2960 4643 3054 4697 τοῦ
3091 4638 3232 4697 εἶναι
3261 4645 3350 4699 διὰ
3390 4644 3636 4717 θατέρου
3669 4645 3725 4694 τὸ

2135 4739 2346 4809 ἕτερον.
2394 4737 2568 4791 Τοῦτο
2597 4738 2706 4809 γὰρ
2738 4738 2901 4807 μόνον
2931 4741 3027 4789 καὶ
3053 4737 3206 4789 οὐδὲν
3240 4737 3368 4790 ἄλλο
3389 4736 3722 4790 αἰτιώτατόν

2142 4834 2266 4887 ἐστι
2295 4832 2394 4886 τοῦ
2445 4835 2521 4903 μὴ
2570 4832 2838 4888 δύνασθαι
2897 4834 2955 4886 ὲν
2996 4836 3110 4895 τοῖς
3155 4833 3401 4903 ῥηθεῖσιν
3457 4850 3496 4887 α
3530 4837 3726 4894 τιατοίς

2138 4922 2282 4979 εἶναι
2310 4927 2371 4979 τὸ
2399 4925 2587 4996 ἕτερον
2612 4922 2707 4980 τοῦ
2740 4926 2932 4997 ἑτέρου
2983 4924 3174 4995 χωρὶς,
3220 4924 3295 4988 ώς
3344 4926 3444 4977 ἐπὶ
3505 4925 3622 4978 τῶν
3674 4924 3730 4989 ἐξ

2139 5019 2261 5082 ἑνὸς
2297 5017 2450 5088 ἡλίου
2491 5018 2584 5071 δύο
2617 5019 2893 5083 ἀκτίνων,
2931 5020 3025 5070 καὶ
3058 5017 3155 5070 ἐπὶ
3199 5015 3312 5069 τῶν
3343 5019 3485 5086 μιᾶς
3541 5018 3728 5089 πηγῆς

2139 5110 2527 5182 προχεομένων
2562 5110 2658 5163 δύο
2686 5110 2972 5179 ποταμῶν.

2214 5204 2277 5257 δ’.
2312 5203 2453 5272 Ἤδη
2496 5202 2630 5270 γοῦν
2660 5205 2725 5256 ἐκ
2755 5202 2848 5256 τοῦ
2874 5197 3016 5256 εἶναι
3045 5202 3132 5256 διά
3175 5203 3408 5277 θατέρου
3440 5205 3509 5259 τὸ
3541 5206 3731 5276 ἕτερον

2144 5291 2560 5362 καταμαθόντες
2590 5292 2650 5351 τὸ
2688 5291 2951 5346 ἀδύνατον
3003 5293 3097 5347 τοῦ
3139 5288 3283 5348 εἶναι
3312 5295 3371 5348 τὸ
3404 5295 3608 5367 ἕτερον
3638 5299 3731 5352 τοῦ

2144 5382 2336 5454 ἑτέρου
2366 5383 2554 5453 χωρὶς,
2590 5384 3149 5455 συναποδεδειγμένον
3182 5386 3345 5449 εὐθὺς
3392 5387 3609 5460 ἔχομεν
3645 5393 3735 5444 καὶ

2146 5479 2207 5532 τὸ
2237 5479 2606 5548 συμπροῖέναι
2634 5478 2886 5547 ἀλλήλοις
2918 5479 3080 5533 αὐτὰ.
3132 5471 3234 5532 Ὧν
3272 5479 3381 5553 γὰρ
3427 5481 3498 5535 τὸ
3543 5481 3736 5556 ἕτερον

2145 5564 2242 5620 τοῦ
2286 5568 2479 5639 ἑτέρου
2521 5569 2691 5639 χωρὶς
2732 5564 2874 5621 εἶναι
2918 5566 3207 5636 ἀδύνατον,
3252 5571 3374 5636 πῶς
3408 5572 3605 5628 ταῦτα
3638 5576 3734 5645 erit

2151 5661 2311 5730 ape;
2348 5659 2459 5713 Καὶ
2488 5663 2611 5714 ἐπεὶ
2655 5660 2719 5714 τὸ
2755 5659 2856 5723 μὲν
2897 5662 3264 5733 συμπροῖέναι
3296 5664 3564 5737 ἀλλήλοις
3598 5672 3739 5723 αὐτὰ

2150 5751 2523 5822 ἠκολούθησεν
2554 5752 2664 5805 ἀπὸ
2701 5751 2798 5805 τοῦ
2852 5752 3223 5824 μὴδύνασθαι
3272 5758 3451 5827 χωρὶς
3488 5761 3739 5831 ἀλλῄὶων

2156 5841 2299 5902 εἶναι
2330 5846 2489 5913 αὐτὰ,
2527 5846 2586 5899 τὸ
2612 5844 2667 5899 δὲ
2706 5845 2781 5918 μὴ
2813 5846 2981 5917 χωρὶς
3014 5846 3260 5922 ἀλλήλων
3296 5844 3443 5904 εἶναι
3472 5854 3622 5918 etim
3649 5853 3739 5909 δύ-
