3974 6568
240 420 336 485 2.53
1258 433 1356 492 DE
1396 433 1917 497 PROCESSIONE
1959 439 2018 498 S.
2062 439 2441 505 SPIRITUS.
3356 454 3461 519 214

238 537 449 602 νασθαι,
485 538 852 609 ἀναφαίνεται
883 542 992 596 ἀπὸ
1018 541 1112 596 τοῦ
1144 538 1287 598 εἶναι
1318 544 1405 599 διὰ
1451 544 1685 616 θατέρου
1727 564 1756 600 τ

1891 566 2015 606 nam
2073 554 2285 610 ratione
2309 572 2415 611 una
2455 555 2639 623 simul,
2685 573 2943 615 emanare
2984 562 3385 635 adversabitur,
3410 582 3465 627 et

239 635 420 704 ἓτερον
452 634 575 698 πῶς
604 634 664 687 τὸ
709 637 1071 707 συμπροῗέναι
1103 636 1350 707 ἀλλήλοις
1388 638 1527 691 αὐτὰ
1552 638 1761 692 ὲναντίο

1896 641 2161 712 destruet,
2198 660 2364 701 unum
2395 663 2460 703 cx
2490 648 2556 704 iis
2584 664 2679 720 per
2699 649 2844 706 aliud
2873 655 3029 709 esse?
3057 655 3299 729 Namque
3318 667 3463 732 quod

232 725 295 779 ἂν
322 725 405 796 εἴη
430 727 510 796 τῷ
552 727 642 781 διὰ
672 728 901 799 θατέρου
953 728 1015 781 τὸ
1058 728 1248 800 ἕτερον
1286 728 1466 784 αὐτῶν
1501 726 1681 796 εἷναις
1720 732 1761 784 Τ

1893 747 1961 788 ex
1992 733 2175 805 aliquo
2201 746 2455 808 tauquam
2483 757 2546 795 ex
2578 743 2745 812 priori
2778 749 3153 817 consequitur,
3183 766 3464 823 nunquam

230 819 332 887 γὰρ
353 818 428 880 ὡς
454 820 750 890 ἡγουμένῳ
772 821 880 872 τινὶ⁹
904 819 1171 891 ἑπόμενον
1196 820 1295 873 οὐκ
1322 820 1386 875 ἂν
1408 819 1494 892 εἴη
1526 823 1761 875 ἐναντίον

1894 831 2228 885 contrarium
2251 836 2352 888 erit
2382 834 2460 889 illi
2489 850 2556 889 ex
2582 851 2690 906 quo
2722 840 3097 911 consequitur.
3130 843 3247 898 Non
3277 844 3461 916 igitur,

228 904 373 978 ᾧπερ
403 910 621 964 ἕπεται.
658 912 773 964 Οὐκ
805 911 916 981 ἀρα
954 911 1016 965 τὸ
1064 910 1126 964 τὸ
1154 910 1381 980 Πνεῦμα
1424 914 1761 983 συμπροῖένα

1894 923 2153 998 Spiritum
2185 945 2289 982 una
2323 944 2447 985 cum
2494 904 2631 988 Filio
2671 949 2737 990 ex
2771 933 2929 992 Patre
2962 928 3211 1008 prosilire
3239 949 3461 998 contra-

226 1003 300 1074 τῷ
330 1002 438 1074 Υίῷ
462 1005 528 1057 ἐκ
557 1004 773 1074 Πατρδς
805 1000 947 1057 εἶναι
975 1002 1131 1058 αὐτό.
1188 1004 1297 1056 Καὶ
1328 1002 1518 1057 τούτου
1548 1004 1757 1075 δειχθέν

1891 1018 2033 1074 rium
2060 1020 2223 1075 fuerit
2246 1020 2343 1088 illi,
2380 1038 2475 1092 per
2505 1023 2704 1080 Filium
2743 1041 2808 1101 ex
2855 1027 3014 1085 Patre
3036 1031 3287 1086 eumdem
3317 1049 3459 1089 esse.

225 1111 332 1158 τος,
360 1093 857 1169 συναποδέδεικταί
906 1110 960 1147 τι
1012 1094 1314 1164 ἐπισφαλὲς
1369 1094 1477 1149 τῶν
1526 1096 1761 1167 οἰομένω·

1888 1107 2054 1181 ldque
2087 1126 2211 1166 cum
2262 1111 2696 1171 demonstratum
2746 1098 2836 1185 sit,
2896 1135 3002 1174 una
3050 1122 3214 1177 simul
3243 1139 3463 1195 quoque

223 1188 467 1258 ἀλλήλοις
500 1187 727 1241 ἐναντία
772 1184 913 1242 εἶναι
957 1189 1119 1253 αὐτὰ,
1167 1187 1262 1242 καὶ
1289 1186 1380 1240 διὰ
1410 1188 1571 1243 τοῦτο
1597 1188 1760 1259 λεγόν

1888 1214 2044 1255 error
2069 1203 2471 1262 demonstratus
2507 1214 2828 1272 esteorum,
2871 1211 2966 1280 qui
3000 1227 3064 1267 ea
3092 1213 3194 1268 sibi
3229 1216 3460 1272 invicem

220 1294 321 1330 των
367 1277 483 1342 ὡς,
523 1278 650 1330 ἐπεὶ
714 1278 1081 1348 συμπροῖέναι
1143 1277 1240 1333 καὶ
1295 1284 1761 1351 συμπαρομαρτεῖε

1888 1293 2167 1349 adversari
2220 1296 2564 1366 [opinantur;
2616 1310 3011 1373 pmptereaque
3075 1308 3459 1374 asscrentium,

219 1370 426 1429 λέγεται
452 1369 516 1420 τὸ
553 1369 780 1439 Πνεῦμα
825 1368 901 1438 τῷ
928 1368 1065 1438 Υίῷ,
1102 1369 1202 1423 οὐκ
1229 1368 1345 1422 εστι
1378 1369 1468 1422 διὰ
1499 1369 1593 1422 τοῦ
1627 1371 1756 1424 Υίοῦ

1885 1399 2010 1439 cum
2045 1386 2207 1440 simul
2261 1402 2383 1442 cum
2427 1387 2563 1443 Filio
2595 1405 2885 1460 emanare,
2917 1404 2968 1449 et
2999 1394 3162 1450 simul
3212 1403 3460 1468 progredi

221 1463 323 1516 Καὶ
370 1462 452 1516 δεῖ
500 1464 790 1517 πεπαῦθαι
837 1463 1026 1518 λοιπὸν
1070 1464 1199 1526 τοὺς
1232 1464 1617 1527 ἀνυποστόλως
1648 1465 1761 1519 ἀπε·

1885 1474 2120 1546 Spiritus
2174 1478 2390 1534 dicatur
2441 1495 2565 1535 cum
2617 1480 2774 1548 Filio,
2827 1499 2933 1537 non
2965 1500 3084 1541 esse
3114 1462 3459 1557 per-Filium.

225 1555 591 1627 ρευγομένους
649 1554 876 1622 σύμπαν
926 1555 990 1608 τὸ
1037 1555 1473 1625 παριστάμενον.
1510 1555 1570 1608 Εἰ
1620 1555 1761 1624 δὲ,τέ

1889 1564 2028 1622 Hinc
2061 1567 2115 1621 in
2172 1578 2453 1638 posterum
2514 1572 2623 1628 illis
2653 1554 3138 1632 obmutescendum
3195 1588 3318 1644 est,
3369 1583 3461 1653 qui

224 1648 575 1719 παράδειγμα
609 1646 709 1715 τῆς
745 1645 972 1715 διδύμου
1004 1647 1223 1710 ἀκτῖνος
1267 1647 1360 1700 καὶ
1389 1645 1481 1699 τοῦ
1525 1646 1761 1718 διρρῦτοι

1884 1655 2147 1726 quidquid
2177 1657 2231 1712 in
2258 1658 2480 1715 buccam
2514 1663 2740 1728 venerit,
2789 1664 3153 1721 inverecunde
3188 1645 3461 1727 cﬂ‘utiunt.

218 1738 483 1809 ποταμοῦ,
516 1739 612 1792 διὰ
645 1739 708 1791 τὸ
738 1738 796 1791 ἐν
827 1740 941 1802 τοῖς
973 1738 1097 1792 κατ’
1132 1738 1272 1793 αὐτα
1303 1738 1570 1803 αἰτιατοῖς
1610 1738 1761 1793 δῦναι

1876 1743 2034 1811 Quod
2067 1747 2114 1802 si
2140 1750 2446 1820 exemplum
2497 1751 2729 1824 duplicis
2781 1757 2939 1822 radii,
2987 1767 3041 1812 et
3100 1760 3152 1814 in
3211 1761 3322 1817 duo
3382 1765 3465 1845 di-q

218 1833 330 1885 σθαι
360 1828 504 1885 εἶναι
539 1833 609 1884 τὸ
630 1832 825 1902 ἕτερον
870 1828 965 1883 τοῦ
999 1829 1191 1901 ἑτέρου
1229 1830 1399 1925 χωρὶς
1421 1873 1436 1897 ,
1470 1830 1761 1925 προόάλλε-

1877 1839 2090 1908 spartiti
2154 1838 2323 1907 ﬂuvii,
2375 1844 2520 1912 quod
2568 1846 2622 1900 in
2661 1845 2942 1905 cifectibus
2978 1851 3279 1908 secundum
3312 1855 3460 1925 ipsos

216 1920 330 1972 σθαι
385 1918 643 1973 θέλουσιν
696 1922 777 1983 εἰς
833 1919 1265 1988 ὲνάντιοφωνίαν
1318 1920 1461 1989 τάχα
1502 1921 1627 1972 τινὰ
1667 1920 1761 1974 τῶι

1884 1947 2052 1987 unum
2086 1931 2294 2004 absque
2347 1935 2458 1990 alio
2490 1952 2611 1994 esse
2640 1949 2840 2010 potest,
2896 1941 3216 2010 obtendent,
3253 1918 3459 2016 aliquid

214 2012 483 2083 ῥηθέντων
516 2030 531 2044 ·
567 2013 707 2067 ἀλλὰ
734 2012 1035 2082 γνώτωσαν
1050 2011 1146 2076 ὡς,
1185 2012 1310 2065 ἐπεὶ
1334 2011 1596 2065 ἀδύνατόν
1623 2013 1774 2067 ἔστιν

214 2103 680 2171 ἑναντιοφωνῆσαι
727 2101 867 2155 κατά
893 2118 947 2153 τι
976 2102 1196 2164 ἑαυτοῖς
1222 2103 1352 2165 τοὺς
1382 2103 1671 2174 ἀμφότερα
1705 2102 1772 2156 τά

214 2192 340 2262 μέλη
379 2193 495 2244 τῶν
550 2192 1025 2262 παραδειγμάτων
1065 2188 1537 2261 θεολογήσαντας,
1567 2194 1634 2246 τὰ
1671 2193 1771 2262 μὲν

210 2281 307 2339 τῶν
329 2282 799 2352 παραδειγμάτων
833 2280 1103 2352 ὲξελήφθη
1127 2281 1357 2344 ἐκείνοις
1378 2283 1459 2344 εἰς
1485 2284 1770 2353 παράστα-

210 2388 286 2423 σιν
308 2370 398 2423 τοῦ
424 2366 569 2425 εἶναι
598 2371 711 2426 τῶν
732 2371 829 2425 δύο
866 2371 1131 2425 αἱτιατῶν
1164 2371 1224 2423 τὸ
1254 2372 1352 2441 μὲν
1380 2372 1666 2443 προσεχῶς
1707 2374 1770 2425 ὲκ

208 2454 291 2509 τοῦ
314 2457 555 2527 πρώτου,
586 2459 648 2511 τὸ
674 2458 730 2511 δὲ
757 2456 844 2510 διὰ
873 2456 967 2510 τοῦ
991 2456 1277 2528 προσεχῶς
1308 2460 1372 2511 ἐκ
1401 2460 1493 2511 τοῦ
1524 2458 1767 2532 πρώτουο

207 2549 268 2600 τὰ
326 2547 382 2600 δὲ
444 2548 725 2621 ἐξελήφθη
776 2548 1007 2610 ἐκείνοις
1084 2550 1165 2611 είς
1259 2550 1604 2619 παράστασιν
1672 2552 1767 2606 τοῦ

208 2633 332 2692 εἷναι
384 2639 621 2694 ἕκαστον
656 2641 764 2693 τῶν
814 2640 1070 2695 τοιούτων
1130 2642 1393 2694 αἰτιλτῶν
1453 2641 1573 2696 καθ’
1634 2644 1768 2698 αὑτό

207 2748 260 2785 τε
305 2733 395 2786 καὶ
450 2733 890 2788 ἰδιοϋπόστατον.
944 2734 1114 2788 Τοῦτο
1159 2735 1268 2805 γὰρ
1315 2735 1679 2806 σημαίνουσιν
1729 2739 1763 2808 ή

207 2823 408 2895 δίδυμος
439 2826 607 2890 ἀκτὶς
636 2829 729 2879 καὶ
753 2827 781 2879 ό
801 2826 1053 2899 δίρρυτος
1071 2827 1336 2897 ποταμός.
1366 2827 1478 2881 Καὶ
1516 2830 1765 2884 πείσειαν

209 2916 267 2967 ἂν
305 2916 458 2984 πρὸς·
485 2916 657 2970 τοῦτο
701 2919 797 2970 τὸν
843 2919 1201 2985 ἀντιλέγοντα
1246 2920 1348 3002 καὶ.
1368 2919 1428 2972 τὸ
1458 2920 1763 2991 τρισήλιον,

209 3006 291 3059 καὶ
327 3008 386 3058 τὸ
432 3009 793 3078 τρισάχτινον
843 3010 940 3079 τῆς
973 3010 1260 3079 Θεότητος,
1293 3011 1580 3079 γραφικῶς
1614 3014 1766 3083 εἰρη-

210 3094 335 3162 μένα
359 3094 445 3150 διὰ
476 3098 539 3148 τὸ
570 3097 1029 3166 τρισυπόστατον.

794 3208 1052 3262 ΚΕΦΑΛ.
1101 3206 1159 3263 l'.

210 3316 345 3385 Πρὸς
378 3319 517 3392 τοὺς
546 3321 845 3387 λέγοντας
867 3336 879 3349 ·
918 3340 937 3374 ι
987 3321 1231 3392 Ἐπειδὴ
1278 3322 1633 3386 ἀναϐλύζειν
1664 3328 1761 3381 καὶ

269 3390 546 3463 {tardam
573 3395 814 3460 λέγεται
840 3394 910 3463 ,τὸ
938 3394 1185 3463 Πνεῦμα
1215 3390 1314 3447 eral
1353 3396 1422 3447 ἐκ
1450 3399 1559 3450 τοῦ
1600 3398 1754 3463 Υἱοῦ,

196 3486 203 3497 ~
270 3458 416 3533 διατι
452 3462 545 3531 μὴ
592 3458 1032 3530 ἐκπορεύεσθαι
1097 3458 1337 3533 λέγεται
1391 3466 1492 3518 καὶ
1540 3468 1608 3521 ἐκ
1658 3458 1766 3523 rei?

281 3531 429 3584 Ποῦ.
475 3550 495 3582 ι

272 3647 338 3696 α’.
375 3645 440 3697 ’Δ
463 3644 567 3715 μὲν
603 3648 731 3717 περὶ
761 3647 859 3719 τῆς
883 3667 903 3701 ι
939 3651 1298 3721 ἐκπορεύεται
1329 3671 1349 3704 ι
1384 3653 1582 3721 λέξεως
1603 3655 1765 3725 ἡμεῖς

213 3733 439 3806 εἴπομεν,
467 3741 532 3792 τὸ
570 3741 711 3810 πρὸς
739 3742 800 3795 τὸ
831 3743 1180 3812 ἁναϐλύζειν,
1225 3747 1322 3799 καὶ
1350 3747 1644 3817 πηγάζειν,
1671 3748 1766 3801 καὶ

221 3830 522 3898 προχεῖσθαι
593 3833 918 3906 ίσιοδύναμον
950 3835 1119 3907 αὐτῆς
1147 3836 1666 3910 διασκοπησάμενοι,
1705 3840 1766 3894 ἐν

215 3917 402 3990 ἑτέροις
453 3926 617 3996 ἡμῶν
675 3925 856 3994 λόγοις
904 3928 1108 4000 ἐρρέθη
1136 3945 1150 3961 ο
1196 3931 1322 3989 ἐπεὶ
1348 3930 1406 3985 δὲ
1458 3930 1611 4003 παρὰ
1653 3931 1765 3985 τῶν

216 4009 620 4088 διενισταμένων
683 4020 1144 4093 φιλονεικότερον,
1204 4023 1297 4078 καὶ
1341 4024 1422 4078 ἔτι
1477 4027 1603 4096 περὶ
1653 4025 1763 4079 τῶν

217 4103 376 4159 αὐτῶν
407 4110 751 4182 σαφέστερόν
777 4129 829 4167 τι
861 4113 1044 4181 λέγειν
1101 4117 1660 4189 προσαπαιτούμεθα,
1695 4118 1762 4172 τὰ

215 4192 451 4253 δοκοῦντα
476 4206 576 4256 καὶ
610 4205 775 4257 πάλιν
799 4204 938 4274 πρὸς
967 4205 1029 4257 τὸ
1061 4207 1159 4276 τῆς
1186 4208 1397 4272 ἑννοίας
1431 4209 1760 4278 συμϐάλλειν

215 4288 332 4357 ἡμῖν
363 4294 774 4367 καθαρώτερον,
800 4299 1063 4367 οὐδαμῶς
1088 4301 1360 4371 ὀκνοῦμεν
1400 4303 1761 4374 ἐπεξεργάζε-

219 4382 345 4438 σθαι.
378 4387 528 4442 Ἐπεὶ
565 4389 679 4460 γὰρ
707 4393 759 4444 oi
792 4392 1131 4463 ἀποροῦντες
1155 4392 1500 4465 διαποροῦσι,
1533 4398 1650 4455 πῶς
1699 4397 1759 4449 τὸ

217 4473 271 4527 ἐκ
302 4478 388 4533 τοῦ
431 4481 563 4536 Υἰοῦ
591 4483 917 4551 ἀναϐλύζον,
954 4486 1050 4540 καὶ
1086 4485 1359 4555 πηγάξον,
1403 4490 1497 4539 καί
1524 4488 1756 4559 προχεό-

1881 2022 2137 2091 proferri,
2173 2025 2317 2095 quod
2351 2029 2687 2084 contrarium
2721 2041 2879 2086 sonet
2904 2031 3019 2103 jam
3050 2034 3226 2104 dictis,
3261 2040 3456 2103 sciant,

1887 2127 2010 2167 cum
2031 2113 2148 2169 ﬁeri
2170 2106 2426 2181 nequeat,
2447 2129 2502 2172 ut
2523 2119 2764 2198 sibiipsis
2785 2122 3160 2192 adversentur,
3177 2128 3271 2198 qui
3295 2133 3457 2185 ambo

1876 2204 1989 2258 haec
2019 2206 2159 2262 dicta
2196 2210 2426 2278 exempli
2453 2194 2619 2265 causa
2666 2214 3070 2282 produxerunt,
3099 2220 3358 2276 nOnnulla
3392 2240 3456 2276 ex

1873 2295 2137 2366 exemplis
2157 2298 2224 2352 ab
2245 2298 2351 2355 illis
2371 2310 2649 2372 assumpta
2673 2318 2796 2360 esse
2812 2305 2877 2361 ad
2905 2309 3373 2379 comprobandum
3394 2331 3455 2368 ex

1874 2384 1957 2440 his
1986 2385 2201 2444 duobus
2232 2388 2547 2459 eﬂ‘ectibus,
2582 2392 2811 2449 alterum
2848 2397 3063 2468 quidem
3116 2403 3461 2459 continenter

1871 2490 1935 2530 ex
1964 2477 2161 2547 primo,
2195 2480 2422 2536 alterum
2452 2498 2549 2553 per
2574 2499 2698 2540 eum
2724 2525 2739 2553 ,
2774 2488 2864 2557 qui
2912 2490 3252 2548 continenter
3281 2508 3363 2550 est
3391 2513 3455 2551 cx

1869 2566 2047 2636 primo
2079 2587 2091 2624 :
2121 2570 2228 2625 alia
2281 2570 2348 2626 ad
2392 2572 2880 2633 demonstrandum
2923 2596 2988 2636 ex
3036 2581 3121 2638 his
3175 2582 3457 2641 eﬂ‘ectibus

1870 2673 2310 2731 unumquemque
2332 2678 2454 2720 esse
2470 2668 2767 2724 secundum
2787 2684 2865 2736 se,
2880 2680 2931 2727 et
2946 2674 3160 2743 pr0pria
3179 2675 3455 2747 hypostasi

1870 2751 2289 2812 subsistentem.
2324 2755 2439 2814 lloc
2472 2760 2616 2815 enim
2648 2762 2868 2818 denotat
2915 2765 3113 2836 duplex
3149 2769 3334 2826 radius
3357 2816 3369 2835 ,
3402 2788 3457 2850 (ιι

1868 2842 2158 2913 dupliciter
2188 2858 2372 2904 sectus
2404 2849 2621 2909 ﬂuvius.
2656 2853 2710 2909 Id
2747 2871 2965 2928 quoque
2989 2859 3301 2917 adversario
3332 2842 3455 2935 per:

1870 2936 2159 3007 suadebit,
2197 2950 2249 2997 et
2292 2943 2564 3000 trisolinm
2590 2987 2605 3014 ,
2642 2956 2695 3002 et
2729 2949 3018 3006 triradium
3058 2951 3285 3013 Deitatis
3329 2974 3453 3028 gra-

1866 3030 2027 3099 phice
2057 3048 2317 3104 expressa
2351 3048 2575 3111 propter
2604 3041 2812 3096 trinum
2849 3044 3239 3115 byposlaseon.

2492 3248 2722 3305 CAPUT
2766 3253 2832 3309 Χ.

1875 3351 1962 3437 Ad‘
1982 3358 2216 3437 eoquni
2245 3359 2425 3414 dicunt
2448 3362 2683 3437 :__t_Cum
2710 3368 2930 3437 efﬂuere,
2956 3383 3005 3424 et
3034 3389 3281 3429 emanare
3302 3377 3448 3430 dica-

1946 3433 2034 3476 tur
2071 3424 2302 3505 Spirims
2351 3430 2621 3505 eanilzo,
2668 3424 2830 3505 quare
2887 3424 2986 3495 non
3037 3424 3446 3501 dico-t'ur'ewtioin

1942 3498 2220 3562 procedere
2253 3508 2299 3552 et
2323 3516 2388 3553 ea:
2420 3498 2613 3558 Filio?
2635 3525 2653 3556 ι

1945 3679 1995 3735 1.
2029 3681 2160 3748 Quae
2190 3684 2257 3739 de
2288 3688 2655 3755 processiouis
2683 3690 2921 3748 dictione
2952 3695 3193 3753 diximus
3213 3740 3226 3763 ,
3259 3716 3443 3772 aequas

1872 3769 2021 3826 illius
2053 3787 2177 3829 cum
2211 3779 2581 3845 emanatione,
2628 3782 2936 3852 cﬂluxione,
2973 3798 3025 3842 et
3062 3794 3445 3860 progressione

1869 3864 2013 3921 vires
2047 3868 2454 3941 examinantes,
2490 3873 2543 3928 in
2576 3875 2698 3932 aliis
2738 3879 2939 3936 nostris
2977 3883 3320 3943 orationibus
3348 3887 3439 3943 ha-

1866 3956 2085 4013 bentur.
2115 3961 2253 4017 Cum
2299 3979 2425 4020 rero
2450 3966 2519 4021 ab
2562 3967 2663 4036 iis,
2710 3971 2801 4041 qui
2847 3979 3239 4035 contentiosins
3278 3982 3441 4037 rebus

1866 4051 1988 4108 istis
2018 4054 2326 4125 obsistunt,
2362 4059 2428 4115 de
2460 4062 2649 4118 iisdem
2686 4066 2892 4135 aliquid
2915 4108 2930 4135 ,
2965 4069 3110 4141 quod
3148 4071 3438 4130 dilucidius

1865 4145 1956 4209 sit,
1983 4155 2037 4200 et
2066 4162 2180 4202 rem
2215 4162 2584 4221 reprzcsentet.
2617 4155 2813 4214 aﬂ‘erre
2835 4160 2888 4213 in
2917 4161 3151 4218 medium
3181 4176 3437 4233 praeterea

1866 4237 2157 4309 erigimur,
2217 4258 2339 4314 quae
2393 4246 2549 4303 nobis
2597 4262 2924 4319 occurrunt,
2979 4255 3046 4310 ad
3108 4259 3431 4316 sententiam

1867 4330 2105 4397 apertius
2164 4335 2507 4392 enodandam
2563 4351 2906 4410 opportuna,
2957 4346 3238 4404 elaborare
3288 4352 3436 4407 nullo

1866 4420 2027 4475 modo
2054 4425 2451 4482 cunctabimur.
2487 4428 2718 4497 Etcum,
2750 4435 2843 4504 qui
2876 4436 3216 4505 addubitant,
3243 4440 3298 4496 in
3328 4444 3431 4498 du-

1867 4511 2014 4567 bium
2076 4523 2325 4582 vertant,
2373 4522 2648 4589 quomodo
2699 4525 2791 4594 qui
2850 4543 2916 4581 ex
2970 4524 3107 4584 Filio
3151 4547 3431 4599 emanare,

223 4582 362 4634 μενον
393 4573 642 4646 Πνεῦμα,
675 4577 798 4648 οὐχὶ
842 4579 941 4630 καὶ
968 4579 1410 4650 ἐκπορευόμενον
1452 4580 1669 4649 λέγεται
1700 4582 1758 4646 ἐξ

2311 4573 2324 4582 ,
2390 4573 2406 4589 ,
2703 4573 2791 4594 Ἰ--
2852 4573 2916 4581 α
2970 4573 3106 4584 -.ην
3151 4573 3431 4599 υ..........ι,

1872 4603 2107 4669 illinere,
2144 4617 2197 4661 et
2226 4606 2428 4664 effundi
2461 4613 2658 4667 dicitur
2687 4614 2944 4686 Spiritus,
2980 4636 3088 4675 non
3121 4621 3248 4678 item
3282 4626 3432 4682 dica-

219 4660 395 4729 αὺτοῦς
423 4666 563 4721 Τάδε
597 4668 900 4737 σαφηνείας
924 4669 1084 4738 χάριν
1108 4669 1309 4738 φαμέν.

278 4846 338 4917 β’.
379 4851 439 4904 Ἦ
493 4853 828 4924 ὲκπόρευσις
889 4871 948 4907 ου
1000 4854 1063 4907 τὸ
1112 4853 1302 4917 ἁπλῶς
1354 4858 1420 4909 ὲκ
1457 4857 1671 4929 Πατρδς
1696 4859 1758 4912 τὸ

222 4938 422 5009 Πνεῦμα
459 4946 636 5016 δηλοῖ,
680 4946 820 4998 ἀλλὰ
851 4946 913 4999 τὸ
958 4947 1077 5011 πῶς
1122 4942 1288 5001 εἶναι.
1320 4949 1419 5002 Διά
1449 4949 1560 5019 γὰρ
1596 4950 1757 5004 τοῦτο

222 5034 303 5085 καὶ
342 5038 538 5106 τρόπος
592 5036 905 5107 ὑπάρξεως,
961 5039 989 5091 ὅ
1035 5042 1152 5092 ἐστι
1203 5040 1436 5111 διαφορὰ
1470 5041 1755 5113 ὑπάρξεως

226 5125 352 5193 παρά
369 5134 477 5193 τοῖς
517 5131 766 5201 ιιατράσι
795 5132 856 5185 τὸ
883 5131 982 5200 τῆς
1023 5133 1407 5203 ὲκπορεύσεως
1433 5135 1754 5204 τεθεολόγη-

227 5225 302 5263 ται
329 5217 505 5288 δνομα.
540 5224 652 5283 Καὶ
683 5223 831 5277 ἐστιν
864 5225 897 5293 ἡ
924 5223 1067 5279 κατά
1098 5229 1196 5294 τὴν
1217 5227 1546 5297 ὲκπόρευσιν
1569 5229 1757 5298 δηλου-

231 5305 344 5394 μένη
394 5311 627 5386 ὓπαρξις
678 5316 1012 5388 διαφέρουσα
1076 5318 1210 5390 πρός
1261 5336 1321 5371 τε
1374 5322 1475 5389 τὴν
1518 5321 1755 5394 ἄναρχον

229 5392 429 5468 ὓπαρξιν
460 5405 554 5458 τοῦ
584 5406 794 5477 Πατρὸς
826 5409 903 5479 τῷ
956 5409 1053 5461 τοῦ
1082 5410 1383 5481 ἀγεννήτου
1412 5392 1754 5484 δηλουμένην

227 5486 439 5563 ὀνόματι,
470 5499 561 5552 καὶ
593 5500 730 5572 πρὸς
762 5503 863 5572 τὴν
898 5500 1138 5573 ὓπαρξιν
1170 5503 1266 5556 τοῦ
1292 5504 1425 5558 Υίοῦ
1460 5508 1747 5572 ἐξιδιωσά-

233 5582 376 5655 μένην
405 5590 462 5642 τὸ
502 5593 788 5664 γεννητόν.
823 5593 964 5665 Τρία
999 5594 1129 5663 γοῦν
1152 5595 1324 5649 ταῦτα
1352 5597 1592 5667 ὀνόματα
1635 5603 1752 5663 ταῖς

228 5673 319 5725 τῶν
356 5682 517 5749 τριῶν
588 5685 899 5756 προσώπων
977 5687 1369 5758 ἁφωρίσθησαν
1448 5689 1706 5761 ἰδιότησιν
1740 5734 1752 5756 ,

234 5761 431 5825 ἑκάστου
497 5778 606 5831 τῶν
665 5777 946 5846 ὀνομάτων
1008 5777 1153 5829 οὕτω
1214 5794 1278 5845 γε
1335 5778 1638 5847 δυναμένου
1694 5780 1755 5833 τὸ

233 5856 579 5939 ὠνομασμένον
630 5871 688 5937 ἐξ
745 5870 912 5923 αὑτοῦ
965 5873 1261 5939 πρόσωπον
1308 5872 1365 5929 ἐν
1396 5876 1460 5943 τῇ
1502 5876 1754 5947 μακαρίᾳ

506 5968 770 6029 Parnm.
813 5972 927 6030 GR.
961 5966 1155 6029 CXLI.

1861 4707 1950 4754 tur
1990 4707 2045 4752 et
2086 4712 2153 4753 ex
2197 4700 2389 4755 eodem
2439 4706 2775 4772 procedere?
2813 4707 2956 4775 haec,
3012 4721 3070 4766 ut
3120 4714 3293 4786 magis
3344 4732 3431 4774 res

1859 4786 2152 4854 elucescat,
2188 4791 2578 4859 proponimus.

1932 4876 1988 4934 2.
2030 4877 2317 4935 l’rocessio
2371 4896 2480 4936 non
2535 4892 2683 4937 notat
2730 4885 3086 4955 simpliciter,
3147 4907 3212 4946 ex
3269 4893 3427 4949 Patre

1861 4966 2125 5038 Spiritum
2162 4984 2319 5036 esse,
2357 4972 2455 5028 sed
2491 4974 2736 5040 modum,
2776 4993 2883 5047 quo
2919 4989 3023 5035 est.
3067 4980 3295 5053 Propter
3325 4986 3428 5042 hoc

1858 5061 2002 5115 enim
2053 5070 2108 5116 et
2151 5064 2345 5120 modus
2397 5068 2747 5133 exsistentim,
2800 5082 3052 5140 quaest
3095 5077 3428 5134 exsistentizu

1857 5151 2182 5220 diﬂerentia,
2215 5172 2244 5211 a
2284 5158 2538 5216 Patr-ibus
2578 5164 2947 5231 processiouis
2982 5183 3179 5223 nomen
3218 5174 3423 5227 euneti-

1860 5250 2033 5296 tntum
2073 5252 2176 5298 est.
2218 5243 2285 5298 Et
2326 5249 2627 5302 secundum
2672 5252 3070 5318 processionem
3123 5254 3423 5323 signiﬁcatu

1857 5333 2174 5390 existentia
2209 5334 2420 5401 differt,
2457 5346 2510 5390 et
2536 5337 2602 5392 ab
2642 5340 2960 5394 exsistentia
2990 5341 3105 5396 sine
3133 5344 3418 5412 principio,

1858 5424 2082 5494 ingeniti
2122 5426 2343 5482 nomine
2387 5438 2697 5493 connotata,
2730 5440 2784 5486 et
2829 5432 2898 5487 ab
2938 5434 3255 5489 exsistertia
3298 5433 3419 5489 Filii

1859 5513 1960 5567 sibl
2011 5514 2252 5583 genitum
2317 5516 2643 5573 vindicante.
2703 5518 2827 5575 llaec
2872 5536 2999 5591 ergo
3048 5520 3148 5575 tria
3198 5522 3421 5578 nomina

1860 5604 2024 5659 trium
2094 5620 2452 5674 personarum
2517 5610 2942 5681 proprietatibus
2999 5614 3212 5668 decreta
3269 5626 3420 5682 sunt,

1858 5709 1980 5749 cum
2011 5695 2224 5767 singula
2254 5696 2366 5753 haec
2391 5713 2612 5754 nomina
2642 5700 2847 5756 viribus
2877 5702 2949 5756 ita
2980 5702 3234 5771 polleant,
3267 5714 3325 5760 ut
3353 5718 3420 5762 ex

1859 5800 1917 5838 se
1943 5800 2231 5854 personam
2254 5799 2620 5859 nuncupatam
2650 5789 2703 5843 in
2728 5791 2885 5847 beata
2913 5790 3110 5848 Triade
3141 5793 3419 5852 denOtent.

1863 5873 1929 5932 Ut
1955 5876 2094 5933 idem
2134 5877 2296 5948 plane
2339 5878 2409 5934 sit
2449 5880 2750 5950 ingenitum
2788 5891 2842 5938 et
2885 5881 3065 5951 Pater,
3098 5886 3335 5953 genitum
3368 5896 3421 5940 et
