3846 6574
431 392 537 455 235

1454 393 1665 454 JOAN.
1707 393 1928 455 \‘ECCI
1965 392 2069 452 (ΖΡ.
2119 388 2635 451 I‘ATlllARClI/E
3562 386 3650 455 2'36

436 506 649 573 Filius,
719 507 1017 575 procedens
1079 515 1130 560 et
1184 505 1441 576 Spiritus.
1500 505 1753 577 Namque
1811 505 1905 575 qui
1960 505 2014 560 in

2135 505 2318 576 Γριάδι
2347 504 2565 573 δηλοῦν,
2602 504 2676 568 ὡς
2703 504 2896 558 ταυτὸν
2923 500 3063 558 εἶναι
3092 504 3385 573 ἀγέννητον
3413 506 3594 571 εἰπεῖν,
3624 512 3653 581 ἢ

439 599 637 656 Triade
691 600 989 672 ingenitam
1042 614 1328 671 personam
1384 599 1622 664 dixerit,
1677 599 1814 654 nihil
1865 597 2014 654 aliud

437 706 601 761 quam
652 690 829 759 ipsum
890 688 1105 746 Patrem
1161 688 1405 755 notavit;
1466 697 1522 743 et
1567 689 1665 759 qui
1717 689 1917 744 dixerit
1960 689 2014 742 in

438 782 641 841 Triade
685 783 923 853 genitam
974 795 1305 853 personam,
1366 780 1574 835 nullum
1630 780 1797 837 alium
1848 796 2013 852 quant

438 873 640 930 Filium
676 871 980 944 expressit;
1017 881 1072 928 et
1094 871 1187 943 qui
1225 873 1278 927 in
1305 869 1505 927 Triade
1532 872 1835 942 procedens
1865 872 2018 927 dixe-

439 968 533 1034 rit,
571 966 781 1021 nullout
817 964 983 1019 alium
1009 978 1172 1034 quam
1213 962 1483 1030 Spiritum
1523 972 1773 1019 sanetum
1809 961 2018 1033 signiﬁ-

438 1059 622 1115 cavit:
656 1067 713 1114 et
736 1066 953 1122 contra,
987 1057 1080 1128 qui
1112 1055 1331 1112 Patrem
1362 1056 1582 1121 dixerit,
1615 1056 1668 1111 in
1696 1054 1897 1111 Triade
1935 1053 2019 1109 in—

440 1152 679 1222 genitam
712 1165 1000 1221 personam
1027 1149 1321 1214 indicavit;
1358 1160 1412 1204 et
1440 1149 1534 1220 qui
1562 1146 1762 1202 Filium
1793 1146 2016 1210 dixerit,

440 1242 676 1311 genitam
709 1255 997 1312 personam
1023 1238 1219 1304 innuit,
1248 1239 1303 1293 e1
1322 1240 1415 1309 qui
1444 1237 1710 1309 Spiritum
1742 1236 2021 1290 intellexe-

442 1334 530 1397 rit,
563 1333 711 1404 quod
750 1332 804 1386 in
839 1331 1037 1387 Triade
1077 1330 1360 1402 procedit,
1400 1338 1647 1385 actutum
1680 1327 1862 1382 animo
1887 1342 2020 1382 con-

439 1426 602 1495 cepit.
632 1424 700 1478 Et
728 1439 852 1479 cum
894 1425 1061 1479 semel
1082 1438 1112 1477 a
1144 1422 1410 1491 tlteolOgis
1439 1418 1695 1475 Patr-ibus
1729 1417 2021 1486 unicuique

438 1531 710 1587 personae,
754 1531 877 1587 qua:
923 1530 992 1569 ex
1031 1530 1200 1569 causa
1237 1524 1341 1581 est,
1386 1511 1728 1568 exsistentiae
1770 1509 2017 1574 nomina,

440 1609 759 1666 earumdem
798 1611 942 1665 inter
972 1623 1031 1665 se
1063 1607 1358 1663 discrimen
1388 1604 1704 1668 indicantia,
1740 1601 2021 1674 generatio

441 1715 639 1771 nempe
680 1710 735 1755 et
778 1698 1054 1771 processio
1087 1697 1305 1753 decreta
1353 1703 1518 1760 sunt,
1567 1703 1622 1749 et
1661 1691 1782 1747 Filii
1819 1704 2018 1746 nomen

441 1793 685 1863 genitum
712 1791 815 1848 sibi
843 1790 1088 1855 asciscit,
1116 1800 1170 1845 et
1211 1787 1648 1859 quandocunque
1676 1786 1839 1839 etiam
1868 1784 2021 1837 dica-

445 1898 533 1940 tur
567 1885 635 1941 de
670 1883 910 1954 Spiritus
942 1882 1180 1948 nomine,
1211 1880 1395 1937 statim
1435 1878 1735 1950 procedens
1774 1870 2021 1944 concipi-
2053 1867 2095 1927 Β

445 1990 557 2045 tur,
586 1977 701 2034 sive
734 1975 1180 2047 pronuntiatione
1217 1974 1483 2029 orationis
1517 1970 1762 2027 enuntiet
1794 1983 2023 2036 genera-

447 2074 652 2127 tionem
683 2071 751 2125 de
786 2069 927 2125 Filio
950 2109 965 2136 ,
1002 2069 1093 2139 qui
1127 2065 1294 2132 dicit,
1326 2079 1620 2132 emanare,
1655 2072 1750 2117 aut
1782 2062 2022 2127 diluere,

443 2176 541 2220 aut
572 2161 815 2230 effundi,
851 2171 944 2217 aut
974 2161 1225 2233 progredi
1263 2174 1388 2215 eum
1433 2174 1501 2213 ex
1536 2155 1724 2222 Patre,
1759 2157 1878 2212 site
1918 2171 2025 2209 non

445 2257 712 2323 enuntiet,
748 2254 1052 2311 secundum
1084 2267 1300 2308 omnem
1337 2248 1751 2307 consecutiouis
1788 2248 2029 2302 necessi-

448 2359 641 2413 tatem,
679 2349 925 2419 genitum
961 2342 1295 2415 deprehendi
1332 2342 1502 2410 illius,
1534 2341 1628 2411 qui
1659 2349 1901 2405 emanat,
1935 2347 2029 2393 aut

448 2441 649 2506 ellluit,
684 2452 781 2495 aut
822 2437 1141 2503 eﬂunditur,
1185 2448 1279 2491 aut
1326 2434 1692 2506 progreditur,
1741 2430 1861 2487 Filii
1900 2445 2028 2501 pro-

449 2548 735 2604 gressum;
777 2541 831 2588 et
876 2530 969 2602 qni
1012 2530 1145 2585 dicit
1180 2543 1476 2592 emanare,
1518 2535 1613 2582 aut
1655 2524 1908 2591 ellluere,
1938 2532 2032 2577 aut

449 2625 677 2694 eﬂ‘uldi,
709 2633 804 2679 aut
833 2622 1085 2694 progredi
1113 2621 1380 2692 Spirituut
1409 2633 1474 2673 ex
1498 2617 1680 2684 Patre,
1710 2616 1824 2673 sive
1850 2615 2033 2686 prola-

444 2721 599 2775 tione
644 2719 798 2774 vocis
844 2717 1255 2788 processionem
1291 2711 1528 2784 Spiritus
1575 2710 1874 2782 exprimat,
1914 2707 2031 2763 sive

428 2829 559 2868 ⁸ιιοιι
584 2812 877 2883 exprimat,
911 2825 1138 2879 prorsus
1170 2808 1487 2864 necessario
1518 2802 1877 2873 consequitur
1899 2814 2026 2871 pro-

426 2904 732 2958 «madentem
759 2899 987 2969 intelligi
1020 2898 1187 2962 illius,
1211 2897 1303 2968 qui
1329 2904 1569 2961 emanat,
1598 2902 1693 2949 aut
1715 2891 1903 2957 emisit,
1935 2899 2031 2946 aut

452 2995 769 3058 e‘ﬂunditnr,
819 3002 912 3046 aut
958 2992 1328 3061 progreditur,
1366 2987 1604 3059 Spiritus
1650 3000 2029 3057 progressum.

451 3086 667 3142 Etenim
698 3085 873 3141 Filius
904 3099 1172 3139 etnanans
1207 3096 1335 3137 cum
1374 3097 1474 3135 sua
1512 3080 1851 3152 proprietate
1876 3094 2031 3133 ema-

454 3188 571 3244 nat,
612 3178 776 3233 modu
816 3177 1027 3232 scilicet
1060 3174 1452 3241 generationis,
1490 3188 1599 3229 non
1639 3171 2026 3242 processiunis.

2118 596 2454 669 ὲκπορευτδν
2496 599 2691 662 εἰπεῖν,
2751 598 2841 650 καὶ
2889 597 3117 667 Πνεῦμα
3144 598 3343 651 εἰπεῖν.
3386 594 3442 649 '0
3468 600 3566 671 γὰρ
3593 603 3661 655 ιι-

2120 689 2237 741 πὼν
2288 689 2347 741 τὸ
2404 690 2462 742 ιν
2494 691 2560 759 τῇ
2598 688 2792 756 Τριὰδι
2828 689 3129 759 ἀγέννητον
3179 688 3472 761 πρόσωπον
3524 694 3659 749 οὐδὲν

2120 778 2390 851 ἐδήλωσεν
2425 779 2614 850 ἕτερον
2647 780 2679 851 ἦ
2724 782 2816 834 τὶν
2857 782 3081 850 Πατέρα
3107 797 3120 811 ·
3157 780 3252 833 καὶ
3281 782 3309 833 ὁ
3342 779 3503 835 εἰπὼν
3529 785 3584 837 τὸ
3612 789 3661 840 ὲν

2118 874 2186 945 τῇ
2217 873 2411 944 Τριάδι
2448 874 2705 943 γεννητὸν
2737 875 3052 945 πρόσωπον,
3085 873 3240 926 οὐδὲν
3276 874 3537 944 ἐδήλωσεν
3556 877 3662 931 ἓτε-

2124 982 2215 1036 ρον
2238 965 2271 1036 ἦ
2295 966 2387 1019 τὸν
2415 966 2542 1018 Υίόν
2569 981 2584 996 ο
2615 966 2713 1018 καὶ
2742 965 2769 1017 ό
2793 965 2966 1020 εἰπὼν
3002 969 3061 1019 τὸ
3095 967 3155 1018 ὲν
3190 968 3258 1036 τῇ
3308 965 3495 1035 Τριὰδι
3517 970 3663 1024 ἐκπο-

2123 1059 2338 1130 ρευτὸν,
2370 1057 2523 1111 οὐδὲν
2578 1055 2846 1128 ἐδήλωσεν
2894 1057 3083 1129 ἕτερον
3134 1058 3167 1129 ἢ
3228 1056 3290 1110 τὸ
3343 1057 3561 1129 Πνεῦμα
3611 1062 3665 1116 τὸ

2121 1149 2317 1216 ἅγιον·
2373 1150 2469 1203 καὶ
2519 1149 2792 1203 ἀνάπαλιν
2850 1150 2878 1203 ό
2932 1150 3154 1220 Πατέρα
3196 1148 3370 1203 εἰπὼν
3415 1151 3476 1203 τὸ
3518 1154 3571 1205 ὲν
3607 1156 3666 1224 τῇ

2121 1240 2318 1312 Τριάδι
2377 1242 2676 1311 ἀγέννητον
2721 1243 3043 1313 πρόσωπον,
3075 1241 3428 1313 παρεδήλωσε
3462 1258 3476 1273 ο
3532 1246 3669 1297 καὶὸ

2129 1335 2258 1388 Yle
2291 1334 2463 1390 είπὼν
2492 1335 2553 1388 τὸ
2584 1335 2847 1405 γεννητὸν
2894 1336 3138 1405 ὲσήμανε
3172 1335 3466 1406 πρόσωπον
3495 1350 3508 1366 ·
3530 1338 3619 1391 καὶ
3646 1340 3671 1392 ὁ

2123 1426 2347 1495 Πνεῦμα
2364 1426 2627 1491 ἀκούσας,
2650 1429 2712 1480 τδ
2733 1429 2790 1481 ὲν
2812 1431 2879 1499 τῇ
2898 1427 3087 1498 Τριάδι
3111 1427 3446 1496 ὲκπορευτδν
3466 1430 3672 1500 νενόηκε

2122 1519 2425 1590 παρευθύς.
2495 1522 2603 1573 Καὶ
2663 1522 2791 1574 ἐπεὶ
2851 1518 3001 1585 ἅπαξ
3055 1522 3209 1591 παρὰ
3257 1520 3368 1571 τῶν
3422 1520 3673 1590 θεολόγων

2123 1613 2383 1683 Πατέρων
2413 1616 2479 1683 τῇ
2517 1614 2754 1667 ἑκάστου
2784 1614 2895 1667 τῶν
2949 1613 3044 1667 δύο
3090 1613 3358 1667 αἰτιατῶν
3385 1616 3676 1683 προσώπων

2122 1704 2357 1773 ὑπάρξει
2384 1706 2628 1774 ὀνόματα
2658 1705 2686 1759 δ
2711 1706 2938 1774 ⁸λωτικιίι
2970 1708 3067 1777 τῆς
3104 1707 3239 1776 προς
3274 1704 3482 1775 ἄλληλα
3503 1706 3676 1774 diapa-

2125 1798 2225 1867 ρᾶς
2253 1797 2433 1850 αὐτῶν
2468 1798 2501 1868 ἡ
2528 1800 2789 1866 γέννησις
2821 1799 2916 1851 καὶ
2947 1799 2982 1867 ἡ
3012 1799 3347 1869 ὲκπόρευσις
3378 1797 3678 1869 ἀφωρίσθη-

2126 1908 2248 1955 σαν,
2278 1890 2375 1944 καὶ
2419 1891 2479 1943 τὺ
2512 1889 2607 1943 τοῦ
2641 1889 2773 1943 Υἱοῦ
2803 1890 2975 1961 ὄνομα
3020 1892 3081 1943 τὸ
3111 1889 3375 1960 γεννητὸν
3419 1892 3682 1959 προσεπά-

2125 2000 2307 2050 γεται,
2336 1984 2575 2053 ὁπηνίκα
2597 1983 2663 2038 ἂν
2698 1984 2791 2038 καὶ
2830 1984 3046 2055 ῥηθείη,
3076 1985 3173 2038 καὶ
3202 1984 3280 2054 τῷ
3307 1983 3406 2036 τοῦ
3445 1983 3683 2052 Πνεῦμα-

2126 2093 2214 2139 to;
2266 2075 2494 2145 ὀνόματι
2560 2076 2622 2130 τὸ
2684 2074 3022 2147 ὲκπορευτὺν
3082 2077 3489 2128 σννεπινοείται
3523 2115 3538 2138 ,
3589 2073 3684 2127 κᾶν

2126 2166 2442 2238 προενέγκῃ
2493 2170 2557 2239 τῇ
2590 2168 2844 2239 προφορᾷ
2872 2167 2967 2221 τοῦ
2998 2167 3174 2236 Λόγον
3198 2167 3298 2238 τὴν
3326 2166 3582 2238 γέννησιν
3602 2167 3688 2220 ἐπὶ

2128 2256 2227 2311 τοῦ
2256 2257 2387 2311 Υίοῦ
2440 2259 2468 2311 ό
2508 2258 2682 2327 λέγων
2711 2255 3057 2322 ἀναδλύζειν,
3089 2258 3122 2327 ἢ
3158 2257 3454 2326 πηγάζειν,
3501 2257 3533 2328 ἢ
3571 2275 3692 2329 προ-

2128 2349 2371 2420 χεῖσθαι,
2398 2350 2431 2422 ἢ
2478 2350 2730 2421 προϊέναι
2759 2350 2924 2404 αὑτὸν
2950 2350 3015 2402 ix
3043 2350 3278 2419 Πατρος,
3310 2349 3418 2404 κᾶν
3457 2347 3530 2420 μὴ
3567 2365 3692 2420 προ-

2130 2443 2355 2513 ενέγκῃ,
2382 2443 2525 2496 κατὰ
2554 2443 2738 2495 πᾶσαν
2771 2439 3067 2496 ἀκολουθεί
3095 2442 3192 2512 την
3221 2441 3480 2510 ἀνάγκην
3511 2458 3698 2513 γεννη-

2129 2534 2229 2607 τὴν
2266 2533 2511 2588 νοεῖσθαι
2543 2534 2644 2605 τὴν
2667 2533 2762 2587 τοῦ
2801 2532 3224 2599 ἀναϐλύςοντος,
3262 2534 3295 2606 ἢ
3336 2534 3693 2603 πηγάζοντος,

2131 2628 2164 2697 ἢ
2199 2625 2654 2698 προχεομένου,ῆ
2687 2626 3102 2697 προερχομένου
3136 2625 3268 2679 Υίοῦ
3312 2625 3569 2697 πρόοδον.
3602 2626 3699 2679 Καὶ

2132 2721 2160 2773 ὁ
2208 2719 2385 2788 λέγων
2435 2718 2786 2783 ἀναϐλύζειν,
2821 2719 2853 2789 ἢ
2895 2716 3187 2786 πηγάςειν,
3234 2717 3697 2790 ἢπροχείσθαι,ἢ

2133 2809 2387 2880 προϊέναι
2429 2809 2489 2863 τὸ
2518 2807 2749 2877 Πνεῦμα
2774 2809 2839 2863 ὲκ
2867 2810 2962 2862 τοῦ
2998 2810 3235 2881 Πατρὸς,
3264 2810 3376 2864 κᾶν
3403 2811 3703 2883 προενέγκῃ

2132 2902 2200 2970 τῇ
2263 2899 2517 2970 προφορᾷ
2567 2897 2663 2962 τοῦ
2710 2898 2871 2968 λόγου
2920 2900 3015 2953 ἐπὶ
3076 2900 3172 2954 τοῦ
3227 2899 3556 2973 Πνεύματος
3611 2902 3702 2971 τὴν

2134 2991 2491 3059 ἐκπόρενσιν,
2521 2989 2625 3045 κᾶν
2656 2992 2730 3062 μὴ
2772 2992 3106 3065 προενέγκῃ,
3158 2996 3303 3048 κατὰ
3353 2996 3541 3048 πᾶσαν
3586 2996 3708 3048 ἁκο-

2134 3081 2320 3135 λουθεί
2351 3083 2450 3153 τὴν
2492 3084 2740 3153 ἀνάγκην
2791 3087 3135 3158 ἐκπορευτὴν
3184 3088 3437 3142 νοεῖσθαι
3478 3087 3579 3159 τὴν
3618 3085 3706 3139 τοῦ

2135 3174 2555 3241 ἀναϐλύξοντος,
2584 3179 2617 3249 ἢ
2668 3178 3030 3247 πηγὰζοντος,
3061 3180 3093 3250 ἢ
3139 3183 3520 3252 προχεομόνου
3552 3180 3709 3233 Πνεύ-

454 3270 520 3323 Et
551 3267 788 3339 Spiritus
828 3282 1092 3321 emanaus
1124 3280 1248 3320 cum
1291 3278 1389 3319 sua
1418 3262 1751 3334 proprietate
1787 3271 2025 3327 emanat,

2140 3286 2311 3340 ματος
2348 3234 2899 3343 πρῦοδον..Υἰὸς’γαρ
2932 3234 3281 3337 admiscet."
3299 3234 3447 3343 μετὰ
3491 3274 3591 3343 τῆς
3637 3275 3709 3325 οἰ-

454 3362 617 3418 modo
645 3374 843 3429 nempe
875 3356 1269 3429 processiouis,
1305 3371 1411 3410 non
1439 3353 1823 3427 generationis.

457 3455 685 3525 ρευτῶς,
720 3455 813 3506 καὶ
856 3450 1083 3522 Πνεῦμα
1118 3450 1444 3515 ἁναὸὶῦζον,
1489 3448 1632 3518 μετὰ
1706 3448 1809 3518 τῆς
1854 3448 2065 3513 οἰκείας
2142 3452 2407 3524 ἰδιότητος
2457 3452 2755 3519 ἀναόλύζει
2806 3472 2820 3487 ·

453 3566 752 3621 γεννητως.

526 3648 579 3702 5.
622 3645 850 3713 Propter
883 3641 997 3696 haec
1025 3641 1207 3710 itaque
1236 3655 1359 3695 eum
1387 3652 1578 3693 uinues
1608 3638 1719 3693 I'ere
1741 3637 2032 3701 dictiones,

453 3756 575 3811 qua:
626 3736 948 3807 simpliciter
1006 3750 1130 3790 esse
1178 3732 1525 3804 signiﬁcant,
1576 3730 1926 3786 inveniantur
1967 3732 2035 3785 de

456 3828 667 3901 Spiritu
701 3841 767 3881 ex
804 3823 965 3890 Filio,
1004 3838 1233 3894 prorsus
1262 3822 1574 3893 periculose
1608 3819 1743 3875 milii
1782 3821 2036 3875 videntur

454 3924 724 3979 obsistere
772 3916 1157 3974 ecclesiasticae
1208 3914 1365 3985 paci,
1408 3911 1501 3983 qui
1552 3911 1731 3966 modis
1778 3910 2034 3966 omnibus

458 4018 600 4088 piam
636 4011 964 4070 sententiam
1002 4008 1121 4064 lanii
1161 4008 1476 4075 opinantur,
1512 4003 1657 4073 quod
1693 4002 1877 4057 dicant
1912 4002 2031 4058 Itali

455 4124 522 4162 ex
553 4105 693 4161 Filio
742 4102 1071 4175 procedere,
1114 4099 1209 4170 qui
1244 4114 1308 4152 ex
1346 4097 1464 4166 ipso
1505 4104 1724 4151 emanat
1745 4104 1798 4150 et
1828 4093 2022 4160 ellluit,

456 4196 825 4271 progreditur,
856 4202 913 4249 et
946 4192 1219 4248 emittitur
1255 4188 1519 4259 Spiritus.
1560 4184 2035 4253 Quemadmodum

456 4294 603 4346 enint
642 4287 814 4343 Filius
845 4300 1109 4341 emauans
1147 4290 1203 4338 et
1249 4280 1474 4336 ellluens
1498 4294 1567 4334 ex
1612 4277 1793 4344 Patre,
1839 4275 2036 4341 Filius,

458 4393 774 4455 generatus,
812 4394 923 4435 non
958 4390 1087 4433 vero
1120 4377 1424 4446 procedens
1454 4370 1771 4437 etIunditur,
1805 4377 1859 4424 et
1886 4383 2041 4424 ema-

460 4484 575 4530 nat.
605 4477 675 4529 ita
702 4482 757 4528 et
783 4471 1020 4541 Spiritus
1043 4484 1111 4525 ex
1134 4468 1294 4522 Patre
1322 4474 1377 4521 et
1403 4463 1545 4519 Filio
1571 4462 1801 4527 effusus,
1833 4469 1888 4516 et
1911 4474 2039 4531 pro-

2142 3360 2299 3423 κείας
2330 3361 2594 3432 ἰδιότητος
2612 3362 2715 3414 ἀνα
2728 3362 2929 3428 λελύςει,
2953 3363 3231 3433 γεννητῶς
3257 3367 3397 3435 γὰρ,
3422 3369 3526 3420 οὐκ
3553 3367 3711 3419 ἔκπο-

2877 3457 3233 3527 ὲκπορευτῶς
3271 3460 3421 3529 γὰρ,
3481 3460 3600 3513 ἀλλ’
3652 3460 3709 3510 οὐ

2206 3636 2275 3705 γ’.
2311 3636 2408 3690 Διὰ
2437 3637 2567 3706 γοῦν
2616 3638 2809 3705 ταῦτα,
2843 3640 2965 3693 ἐπεὶ
3011 3641 3230 3705 ἁπάσας
3264 3642 3464 3714 σχεδὶν
3497 3644 3597 3709 τὰς
3628 3646 3714 3715 δη-

2135 3730 2333 3795 λούσας
2368 3732 2428 3785 τό
2456 3732 2643 3796 ἁπλῶς
2699 3734 2968 3806 ὑπάρχειν
2995 3735 3169 3803 λέξεις
3198 3736 3351 3790 ἐστιν
3405 3740 3594 3810 εὑρεῖν
3628 3740 3715 3792 ἐπὶ

2135 3822 2228 3875 τοῦ
2266 3823 2584 3892 Πνεύματος
2631 3823 2692 3889 ἐξ
2744 3824 2897 3890 Υἰοῦ,
2932 3827 3111 3897 πάντη
3144 3827 3473 3897 ἐπισφαλῶς
3502 3829 3715 3885 δοκοῦσί

2139 3927 2231 3979 μοι
2273 3912 2643 3968 διενίστασθαι
2679 3914 2814 3985 πρὸς
2852 3915 2951 3986 τὴν
2988 3916 3464 3991 ἐκκλησιαστικὴν
3496 3923 3719 3991 εἰρήνην

2136 4004 2186 4055 οἱ
2222 4005 2316 4057 καὶ
2369 4005 2719 4075 ἀμωσγέπως
2769 4007 3127 4077 λυμαίνεσθαι
3160 4009 3260 4081 τὴν
3297 4011 3403 4081 τῆς
3437 4011 3721 4077 εὐσεϐείας

2138 4096 2379 4164 οἰόμενοι
2427 4097 2638 4152 ἔννοιαν
2688 4100 2801 4154 ἀπὸ
2848 4099 2944 4153 τοῦ
2994 4098 3174 4169 λέγειν
3202 4104 3331 4167 τοὺς
3381 4104 3629 4168 Ἰταλοὺς
3664 4106 3725 4158 ὲκ

2136 4186 2228 4240 τοῦ
2265 4187 2396 4241 Υίοῦ
2446 4189 2846 4259 ἐκπορεύεσθαι
2878 4191 2939 4244 τὸ
2964 4191 3024 4255 ἐξ
3050 4192 3217 4245 αὺτοῦ
3272 4195 3600 4259 ἀναὸλύζον
3634 4196 3725 4249 καὶ

2139 4278 2407 4346 πηγὰξον,
2467 4282 2656 4351 προῖόν
2708 4297 2792 4347 τε,
2851 4284 2946 4336 καὶ
2996 4284 3421 4355 προερχόμενον
3480 4284 3727 4357 Πνεῦμα.

2139 4371 2356 4443 Ὥσπερ
2402 4372 2511 4441 γὰρ
2556 4375 2586 4427 ό
2620 4373 2769 4438 ,Υἱὸς
2811 4374 3131 4442 ἀναϐλύζων
3183 4378 3278 4432 καὶ
3308 4379 3729 4452 προερχόμενος

2136 4462 2202 4516 ὲκ
2254 4466 2469 4534 Πατρὸς
2521 4465 2649 4531 Υίδς
2691 4468 3002 4539 γεπητῶς,
3060 4469 3328 4540 οῦμενονν
3371 4470 3731 4543 Ιιιιπορεντῶς

459 4568 673 4627 sitiens.
709 4564 952 4634 Spiritus
983 4571 1065 4617 est
1094 4559 1429 4629 procedens,
1454 4566 1508 4611 et
1538 4553 1688 4610 nullo
1729 4552 1893 4623 modo
1941 4567 2029 4620 ge-

2141 4558 2446 4627 προχεῖται,
2499 4558 2593 4610 καὶ
2639 4556 2932 4623 ἀναϐλύζει
2953 4575 2968 4591 ’
2999 4560 3143 4614 οὕτω
3170 4561 3269 4615 καὶ
3306 4560 3375 4615 τὸ
3404 4562 3645 4632 Πνεῦμα
3673 4564 3734 4614 ἐκ

456 4668 703 4716 neralus.

1079 4855 1313 4915 CAPUT
1356 4855 1445 4911 ΧΙ.

459 4979 719 5034 Adrersus
771 4994 896 5039 eos,
938 4976 1027 5045 qui
1078 4973 1291 5037 dicunt,
1342 4966 1936 5045 entangnet__eﬂlttere
1973 4979 2037 5017 ea:

533 5049 677 5103 Filio
704 5038 986 5119 Spiritum,
1019 5061 1122 5100 non
1165 5042 1453 5095 secundum
1491 5038 1649 5119 ‘i’e'rbi
1678 5038 2036 5115 divinitatem,

531 5122 621 5174 sed
651 5110 936 5173 secundum
971 5110 1083 5171 rem
1113 5123 1444 5181 assumptum
1468 5110 1597 5176 dici,
1626 5119 1845 5178 propter
1877 5110 2039 5175 spiri-

531 5190 667 5261 tqﬁa
697 5191 856 5243 dona.

541 5308 598 5364 1.
628 5307 766 5363 Cum
797 5318 928 5359 vero
952 5316 1061 5356 non
1095 5298 1275 5354 desint
1307 5297 1398 5351 alii
1423 5295 1517 5366 qui
1548 5309 1613 5350 ex
1648 5292 1788 5348 Filio
1819 5292 2043 5350 eﬂusio-

465 5419 589 5460 nem
611 5412 665 5457 et
689 5399 946 5453 ellluxum
979 5392 1219 5463 Spiritus
1249 5405 1359 5444 non
1390 5389 1691 5445 secundum
1716 5382 1876 5441 Verbi
1906 5384 2045 5439 divi-

466 5502 690 5550 nitatem
713 5505 780 5546 ex
806 5504 873 5544 eo
905 5501 1029 5542 esse
1056 5484 1425 5547 contendant,
1461 5481 1556 5536 sed
1587 5479 1886 5535 secundum
1917 5490 2042 5531 car-

467 5597 589 5645 neut
631 5594 686 5641 et
725 5597 840 5636 rem
872 5585 1247 5648 assutnptatn,
1295 5575 1438 5645 quod
1483 5570 1788 5645 spiritalia,
1834 5577 1892 5624 ut
1942 5568 2042 5638 ipsi

469 5680 713 5740 tradunt,
746 5674 888 5727 dona
923 5669 1227 5739 signiticet,
1263 5679 1326 5720 ex
1359 5663 1496 5717 Filio
1528 5677 1794 5718 entanans
1822 5671 1878 5717 et
1918 5676 2046 5730 pru-

470 5771 628 5825 iusus
657 5762 919 5834 Spiritus,
946 5768 1226 5816 certamen
1253 5756 1569 5811 adeundum
1593 5764 1695 5821 est,
1716 5762 1770 5808 et
1792 5768 1914 5824 qua:
1941 5751 2043 5821 ipsi

470 5867 537 5920 de
565 5856 858 5925 similibus,
894 5852 1165 5925 inquiunt,
1202 5841 1594 5906 examinanda.
1619 5841 1908 5911 Joannem,
1944 5857 2039 5896 au-

1904 6094 1937 6106 Δ

2142 4649 2358 4721 Πατρὸς
2404 4650 2500 4703 καὶ
2543 4651 2677 4705 Υίοῦ
2727 4653 3096 4723 προχεόμενόν
3147 4671 3207 4707 τε
3264 4655 3369 4708 καὶ
3422 4655 3736 4719 ἀναελύςον

2147 4741 2376 4813 Πνεῦμα
2405 4745 2760 4815 ὲκπορευτον,
2796 4746 3063 4816 οῠμενουν
3091 4748 3355 4818 γεννητόν
3384 4750 3572 4803 ἐστιν.

2744 4858 2997 4913 ΚΕΦΛΛ.
3039 4856 3139 4912 IA'.

2143 4968 2300 5036 Πρὸς
2331 4967 2475 5035 τοὺς
2498 4968 2809 5039 λέγοντας,
2841 4970 2907 5023 τὸ
2928 4970 3286 5032 ἀναϐλύζειν
3310 4988 3419 5026 και
3451 4975 3743 5041 πηγὰζειν

2213 5040 2282 5092 ἐκ
2322 5040 2428 5092 τοῦ
2464 5041 2598 5091 Υίοῦ
2625 5040 2693 5091 τὸ
2723 5040 2966 5093 Πνεῦιια
3003 5043 3078 5093 οὐ
3126 5046 3276 5093 κατὰ
3305 5044 3437 5093 τὴν
3470 5045 3587 5093 τοῦ
3636 5043 3743 5093 Δό-

2214 5043 2282 5092 ἐκ
2322 5043 2428 5092 τοῦ
2464 5043 2598 5091 Ποῦ
2625 5043 2693 5091 τὸ
2723 5043 2966 5110 Πνεῦμα
3003 5043 3078 5095 οὐ
3126 5046 3276 5096 κατὰ
3305 5044 3437 5111 τὴν
3470 5045 3587 5097 τοῦ
3636 5043 3744 5095 Λό-

2214 5125 2327 5177 του
2380 5112 2652 5183 (ἰσότητα,
2723 5111 2887 5165 ἀλλὰ
2924 5114 3074 5183 κατὰ
3117 5114 3182 5166 τὸ
3223 5114 3619 5183 πρόσλημμα
3664 5114 3747 5165 εῖ-

2210 5196 2385 5248 ρηται
2418 5179 2516 5233 διὰ
2546 5182 2617 5232 τὰ
2649 5181 3025 5251 πνευματικὰ
3053 5179 3435 5252 χαρίσματα.

2217 5290 2285 5345 α’.
2329 5291 2483 5344 Ἐπεὶ
2508 5290 2565 5343 δέ
2592 5291 2733 5344 εἰσιν
2763 5291 2943 5362 ἕτεροι
2988 5291 3088 5363 τὴν
3119 5295 3185 5346 ὲκ
3221 5291 3316 5346 τοῦ
3352 5292 3494 5345 Υίοῦ
3540 5292 3747 5362 πρόχν-

2149 5399 2232 5435 σιν
2263 5381 2360 5435 καὶ
2384 5380 2703 5446 ἁνὰσλυσιν,
2732 5381 2825 5435 τὸν
2858 5382 3158 5452 πηγασμόν
3189 5398 3248 5435 τε
3275 5380 3380 5435 τοῦ
3411 5381 3746 5450 Πνεύματος

2151 5473 2225 5542 μὴ
2268 5472 2411 5524 κατὰ
2465 5473 2565 5543 τὴν
2613 5471 2709 5524 τοῦ
2760 5472 2935 5538 Λόγου
2984 5472 3214 5542 θεότητα
3262 5469 3323 5535 ἐξ
3375 5470 3561 5524 αὐτοῦ
3612 5466 3751 5523 εἰναι

2145 5564 2564 5633 διενιστάιμενοι,
2584 5562 2720 5616 ἀλλὰ
2751 5562 2892 5617 κατὰ
2917 5562 3038 5632 τὴν,
3050 5563 3231 5635 σάρκα
3258 5574 3319 5615 τε
3360 5565 3467 5615 καὶ
3485 5562 3553 5615 τὸ
3586 5560 3755 5632 πρόσ-

2147 5656 2361 5726 λημμα,
2432 5655 2521 5709 διὰ
2569 5655 2633 5708 τὸ
2685 5654 2756 5708 τὰ
2812 5655 3188 5725 πνευματικὰ,
3235 5653 3309 5719 ὡς
3366 5654 3542 5708 αὐτοί
3595 5669 3754 5723 φασι,

2146 5747 2341 5819 δηλοῦν
2386 5747 2727 5819 χαρίσματα,
2767 5746 2829 5801 εδ
2880 5748 2945 5800 ἑκ
2978 5746 3075 5800 τοῦ
3128 5746 3260 5800 Υίοῦ
3293 5746 3634 5811 ἀναϐλύζον
3664 5743 3754 5797 καὶ

2149 5836 2517 5909 προχεόμενον
2569 5839 2813 5908 Πνεῦμα,
2849 5836 3195 5909 γυμναστέον
3232 5835 3296 5907 δὴ
3337 5837 3446 5889 καὶ
3482 5836 3640 5903 ἅπερ
3667 5824 3756 5884 οὗ·
