3974 6574
346 440 448 504 ΞΠ

1382 438 1478 498 DE
1524 431 2044 498 PROCESSIONE
2086 433 2146 496 S.
2191 429 2573 492 SPIRITUS.

3493 419 3600 482 938

347 574 428 607 τοι
459 555 590 626 περὶ
620 555 730 608 τῶν
759 553 1018 608 τοιούτων
1061 550 1247 623 φασίν.
1292 550 1544 618 Ἰωάννην
1576 549 1668 600 τὸν
1700 545 1933 617 χρυσορ-

2044 560 2186 598 reum
2244 542 2372 597 illud
2402 539 2726 611 eloquentiae
2765 536 2991 598 ﬂumen,
3028 543 3081 589 et
3104 548 3168 589 ex
3201 546 3336 586 auro
3363 530 3600 602 Spiritus

347 649 583 718 ρήμονα,
615 648 715 716 τὴν
745 646 839 700 τοῦ
875 646 1194 718 Πνεύματος
1226 643 1570 715 χρυσήλατον
1618 641 1920 709 σάλπιγγα,

347 739 672 810 εὑρίσκουσι
727 739 994 808 λέγοντα,
1052 741 1111 791 ἐν
1163 736 1244 807 τῷ
1308 739 1436 806 περὶ
1489 733 1582 788 τοῦ
1651 734 1921 800 παναγὶου

349 830 672 900 Πνεῦματος
706 831 850 901 λόγῳ
882 830 1068 894 αὐτοῦ,
1109 825 1171 884 οὗ
1202 831 1235 900 ἠ
1277 829 1460 899 ἀρχή·
1510 845 1528 878 t
1587 825 1727 888 Χθές
1764 825 1920 895 ἡμῖν,

346 917 394 975 ὦ
452 923 792 994 φιλόχριστοι
827 963 842 988 ,
911 925 944 993 ἡ
1012 922 1106 976 τοῦ
1163 922 1321 990 ἁγίου
1381 919 1477 973 καὶ
1539 915 1924 988 προσκυνητοῦ

350 1013 678 1082 Πνεῦμα-τος
730 1014 1082 1084 ἐπιφοίτησις
1137 1013 1443 1082 ἁνυμνεῖτο.
1486 1009 1578 1062 Ἐκ
1634 1007 1728 1061 τοῦ
1791 1005 1924 1077 ἐμοῦ

345 1103 607 1175 λήψεται,
639 1104 700 1169 ἐξ
728 1100 802 1158 ὦν
838 1104 1144 1176 ἐχορήγησέ
1181 1121 1270 1175 μοι
1313 1103 1390 1174 τῷ
1417 1100 1683 1173 Κυριακῷ
1717 1099 1928 1170 ἀνθρώ·

349 1213 466 1266 ττῳ.
499 1196 746 1266 Λήψεται
772 1197 924 1262 αὐτὸ,
953 1197 1016 1250 τὸ
1040 1195 1290 1261 δεδωκὸς,
1313 1195 1372 1248 τὸ
1403 1194 1577 1258 ἐλθὸν,
1610 1194 1704 1246 καὶ
1740 1193 1926 1262 μεῖναν

348 1287 412 1337 ἐν
467 1287 611 1356 ἐμοὶ,
668 1288 728 1340 τὸ
771 1287 966 1358 χρίσάν
1019 1303 1108 1358 με,
1144 1288 1204 1340 τὸ
1244 1287 1500 1354 ἁγιάσαν,
1554 1286 1614 1338 τὸ
1650 1283 1928 1351 ἀναγαγδν

346 1376 436 1437 είς
467 1375 565 1446 τὴν
597 1375 825 1446 ἔρημον,
855 1377 916 1429 τὸ
950 1376 1299 1447 ὑποστρέψαι]
1339 1394 1407 1447 με
1459 1377 1708 1446 νικητήν.
1755 1393 1774 1426 ι
1817 1374 1928 1426 Καὶ

350 1468 562 1520 πάλιν
603 1486 623 1520 ι
676 1469 772 1522 Ἐκ
820 1469 914 1523 τοῦ
971 1469 1106 1540 ἐμοῦ
1155 1469 1425 1540 λήψεται,
1491 1469 1586 1522 καὶ
1637 1467 1930 1536 ἀναγγελεῖ

357 1560 537 1629 ἡμῖν’
584 1578 602 1612 ›
645 1561 741 1616 καὶ
782 1561 870 1615 ἵνα
894 1561 1041 1634 δείξῃ
1079 1563 1162 1615 ὅτι
1201 1562 1260 1615 οὐ
1307 1561 1400 1614 τοῦ
1429 1562 1586 1630 ἁγίου
1615 1562 1930 1633 Πνεῦματος

343 1652 784 1720 ἐμνημόνευσεν,
835 1653 974 1708 ἀλλὰ
1020 1654 1131 1706 τῶν
1184 1654 1423 1725 δωρεῶν,
1456 1655 1651 1724 ἐπάγει
1704 1653 1843 1724 μετὰ
1871 1654 1930 1708 τὸ

344 1744 567 1794 εἰπεῖν·
600 1762 618 1794 ι
673 1743 768 1798 Ἐκ
794 1744 888 1798 τοῦ
925 1745 1060 1816 ἐμοῦ
1087 1745 1320 1816 λήψεται
1355 1761 1368 1818 _'
1410 1765 1428 1797 ι
1465 1745 1648 1810 εὐθὺς,
1691 1763 1708 1797 ι
1747 1745 1931 1799 Πάντα

344 1835 462 1887 ὅσα
495 1835 608 1906 ἔχει
635 1839 664 1889 ὁ
694 1839 884 1908 Πατὴρ
911 1839 1023 1908 ἐμά
1089 1840 1262 1896 ἐστιν’
1335 1838 1528 1892 ἔλαϐον
1568 1839 1709 1893 αὐτὰ
1741 1841 1805 1893 ἐκ
1833 1837 1928 1893 τοῦ

2031 634 2332 690 confectam
2379 634 2564 688 tubam
2609 631 2878 685 dicentem
2922 625 3231 696 reperiunt,
3278 625 3334 678 in
3391 637 3490 678 sua
3535 623 3603 678 de

1979 723 1985 728 ’
2033 726 2382 782 sanctissimo
2436 723 2642 794 Spiritu
2705 722 2984 784 oratione,
3043 717 3201 787 cujus
3252 716 3602 788 principium,

2037 839 2055 871 ι
2093 819 2244 884 lleri,
2277 835 2309 872 ο
2343 817 2544 872 Christi
2579 826 2867 878 amatores,
2900 812 3074 868 sancti
3104 821 3158 864 et
3191 810 3447 864 adorandi
3483 808 3606 878 Spi-

2033 911 2172 965 ritus
2217 909 2590 963 celebrabatur
2636 907 2917 961 adventus.
2965 904 3041 959 De
3084 918 3205 956 meo
3252 900 3502 971 accipiet,
3539 913 3606 953 ex

2035 1003 2122 1058 his
2151 1017 2272 1072 quae
2304 1001 2436 1054 mihi
2474 1000 2678 1054 homini
2715 999 2994 1052 Dominico
3031 994 3417 1066 suppeditavit.
3454 991 3611 1046 Acci-

2031 1095 2143 1166 piet
2171 1095 2288 1164 ipse
2321 1093 2414 1164 qui
2439 1092 2710 1155 exhibuit,
2735 1090 2828 1160 qui
2857 1089 3096 1152 advenit,
3129 1098 3183 1141 et
3212 1085 3414 1141 mansit
3441 1097 3606 1151 super

2035 1202 2143 1251 me,
2171 1185 2262 1255 qui
2291 1185 2444 1239 unxit
2466 1199 2571 1250 me,
2602 1184 2696 1254 qui
2728 1180 3107 1247 sanctiﬁcavit,
3133 1180 3225 1250 qui
3254 1179 3408 1233 duxit
3436 1192 3520 1232 me
3547 1175 3602 1230 in

2035 1280 2336 1342 desertum,
2381 1285 2437 1332 et
2476 1277 2738 1331 victorem
2780 1274 3018 1329 reduxit.
3059 1292 3078 1324 ι
3127 1271 3191 1326 Ει
3230 1285 3439 1334 rursus,
3474 1287 3494 1321 ι
3529 1266 3608 1324 De

2036 1385 2158 1426 meo
2183 1369 2434 1440 accipiet,
2466 1377 2520 1424 et
2549 1366 2893 1421 annuntiabit
2923 1364 3074 1420 vobis
3098 1365 3163 1429 ³²,
3199 1381 3219 1415 ι
3251 1372 3309 1416 ιιι
3332 1360 3607 1422 ostendat,

2037 1477 2098 1519 se
2145 1478 2254 1516 non
2305 1461 2477 1516 sancti
2533 1458 2771 1528 Spiritus
2819 1458 2911 1513 sed
2961 1458 3226 1510 donorum
3275 1453 3609 1516 meminisse,

2037 1552 2217 1609 subdit
2241 1559 2363 1622 post
2388 1549 2503 1616 illa,
2525 1565 2592 1604 ex
2622 1563 2745 1604 meo
2769 1548 3020 1618 accipiet,
3046 1547 3329 1617 protinus:
3367 1561 3386 1594 ι
3415 1540 3610 1596 Omnia

2038 1658 2376 1717 quaecunque
2404 1643 2569 1698 habet
2599 1641 2758 1697 Pater
2796 1657 2914 1697 mea
2954 1649 3082 1695 sunt
3118 1639 3186 1704 ³⁸,
3226 1657 3244 1690 ι
3281 1637 3462 1706 accepi
3495 1636 3608 1707 ipsa

2037 1753 2103 1793 ex
2137 1735 2344 1808 Spiritu
2373 1745 2583 1791 sancto.
2623 1734 2686 1789 Et
2722 1737 2940 1797 iterum,
2973 1753 2991 1785 ι
3033 1732 3321 1802 Pr0pterea
3347 1729 3502 1793 dixit,
3534 1727 3611 1782 De

2040 1845 2160 1886 meo
2187 1830 2450 1900 accipiet,
2494 1828 2752 1899 quoniam
2799 1825 2942 1882 Deus
2986 1823 3345 1880 sanctilicavit
3391 1836 3611 1877 carnem

349 1926 521 1992 ἁγίου
555 1925 894 1998 Πνεῦματος.
935 1946 954 1979 ι
991 1929 1101 1981 Καὶ
1141 1928 1302 1982 πάλιν
1331 1945 1344 1960 ·
1380 1947 1399 1981 ι
1435 1928 1537 1981 Διὰ
1562 1927 1723 1982 τοῦτο
1761 1924 1933 1997 εἷπεν,

2044 1923 2247 1994 Spiritu
2281 1932 2492 1982 sancto.
2527 1921 2836 1977 Adveniens
2873 1935 3005 1975 vero
3037 1919 3210 1992 gratia
3249 1916 3430 1973 omnia
3470 1915 3613 1970 dona

358 2007 468 2069 Ἐκ
515 2018 609 2071 τοῦ
662 2019 797 2088 ἐμοῦ
850 2019 1106 2090 λήψεται,
1141 2021 1328 2091 ἐπειδὴ
1355 2022 1384 2074 ὁ
1421 2020 1550 2084 Θεδς
1592 2021 1790 2093 ηγίασε
1837 2021 1936 2092 τὴν

351 2111 547 2180 σάρκα
597 2111 874 2183 Πνεῦματι
924 2115 1086 2184 ἁγίῳ,
1138 2115 1230 2168 καὶ
1280 2113 1567 2168 ἀπέστειλε
1597 2117 1698 2187 τὴν
1728 2114 1938 2186 δωρεάν

345 2202 459 2256 τοῦ
503 2204 822 2276 Πνεῦματος
871 2206 900 2257 ὁ
951 2207 1142 2278 Πατὴρ
1186 2208 1268 2272 είς
1313 2208 1415 2280 τὴν
1447 2208 1628 2279 σάρκα
1677 2207 1772 2262 τοῦ
1803 2206 1936 2277 Χρι-

360 2295 524 2349 στοῦ.
574 2315 592 2348 ι
643 2298 904 2353 Ἐλθοῦσα
938 2299 996 2354 δέ
1045 2300 1264 2372 ἠχάρις
1309 2301 1405 2354 ὅλα
1433 2301 1500 2353 τά
1529 2301 1676 2373 δῶρα
1716 2301 1938 2371 ἐνέθηκε

348 2387 441 2457 τῷ
487 2388 728 2460 Χριστῷ,
781 2390 948 2461 λέγει,
987 2409 1006 2444 ‹
1057 2392 1152 2446 Ἐκ
1203 2389 1298 2446 τοῦ
1354 2391 1488 2462 ἐμοῦ
1530 2391 1784 2461 λήψεται,
1841 2392 1937 2446 καὶ

349 2481 656 2550 ἀναγγελεῖ
703 2484 856 2554 ἡμῖν.
897 2502 917 2537 ι
953 2483 1139 2536 Ταῦτα
1190 2484 1281 2538 τὸν
1334 2486 1770 2556 Χρυσορῤἡμονα
1795 2485 1942 2558 εὑρί-

351 2587 589 2636 σκοντες
619 2573 986 2644 ἐξηγούμενον
1016 2575 1073 2627 ἐν
1103 2573 1182 2645 τῷ
1217 2573 1434 2646 ῥηθέντι
1479 2575 1619 2646 λόγῳ
1650 2575 1814 2628 αὐτοῦ
1848 2577 1938 2630 ἐπὶ

349 2663 431 2731 τῇ
465 2662 791 2734 εὐαγγελικῇ
821 2665 980 2735 ῥήσει
1011 2667 1100 2736 τῇ,
1143 2683 1161 2717 ι
1211 2667 1306 2718 Ἐκ
1343 2665 1438 2720 τοῦ
1475 2665 1610 2736 ἐμοῦ
1645 2665 1932 2736 Maps-rat,»

349 2754 552 2818 ἀδείας
607 2755 796 2827 ὥσπερ
850 2756 1142 2828 λαϐόμενοι
1202 2758 1404 2827 λέγειν,
1453 2757 1489 2812 ἃ
1551 2757 1850 2828 βούλονται,
1891 2763 1940 2814 οί

361 2850 552 2902 πάντα
583 2850 720 2922 πρὸς
755 2851 820 2905 τὸ
863 2851 1058 2906 δοκοῦν
1087 2854 1304 2918 ἑαυτοῖς
1345 2854 1629 2925 μεθέλκειν
1660 2854 1940 2927 πειρώμε-

359 2959 479 3004 νοι,
525 2940 675 3009 Ἰδοὺ,
699 2944 887 3014 φασὶν,
918 2945 978 2998 τὸ
1003 2937 1099 3000 τοῦ
1133 2947 1596 3020 Χρυσορρήμονος
1629 2948 1942 3014 ἀξιόπιστον

359 3034 704 3107 παρίστησιν
739 3037 989 3109 ἐναργῶς
1041 3039 1185 3092 κατὰ
1215 3039 1276 3092 τδ
1305 3038 1650 3109 ἀνθρώπινον
1699 3040 1792 3093 τοῦ
1831 3042 1943 3094 Ku-

363 3121 494 3196 ρίου
521 3123 773 3193 λέγεσθαι
805 3127 865 3180 τὸ
903 3127 962 3193 ἐξ
996 3128 1161 3180 αὑτοῦ
1205 3128 1507 3198 λαμϐάνειν
1539 3129 1600 3182 τὸ
1629 3128 1853 3200 Πνεῦμα
1881 3129 1942 3183 τὸ

356 3217 546 3317 ἅγιον,
590 3217 685 3270 an:
713 3217 867 3284 θείας
897 3218 1066 3273 αὑτοῦ
1090 3220 1290 3292 σαρκὸς
1320 3220 1624 3290 δεξαμενῆς
1651 3222 1943 3292 γεγονυίας
1966 3261 2012 3326 C

355 3306 464 3359 τοῦ
519 3309 858 3381 Πνεύματος.
907 3313 1016 3365 Καὶ
1050 3313 1166 3376 πῶς
1207 3313 1267 3366 οὑ
1301 3313 1570 3384 πρόδηλόν
1602 3315 1720 3368 ἐστι
1751 3315 1838 3368 διὰ
1869 3316 1938 3370 τά

361 3405 722 3470 πνευματικὰ
750 3401 1068 3474 χαρίσματα
1099 3403 1259 3458 τοῦτο
1309 3403 1596 3476 είρῆσθαις
1638 3407 1747 3458 Καὶ
1783 3405 1941 3459 τοῦτο

358 3495 511 3546 κατὰ
551 3494 610 3546 τὸ
639 3494 829 3549 δοκοῦν
863 3497 1046 3560 αὐτοῖς
1076 3495 1150 3561 ὡς
1186 3496 1435 3550 ἐντεῦθεν
1491 3497 1943 3568 ὰποδεδειγμένδν

358 3584 763 3654 λαμϐάνοντες,
799 3588 998 3659 ἐφεξῆς
1029 3588 1245 3655 ἀξιοῦσι
1276 3587 1480 3659 μηδένα
1533 3587 1614 3640 ἔτι
1655 3587 1942 3642 λείπεσθαι

357 3677 528 3748 λόγον
556 3679 652 3733 τοῦ
685 3681 870 3735 πίστιν
900 3683 1262 3754 προσκεῖσθαι
1313 3683 1520 3737 ἅπασιν
1569 3681 1942 3751 ἁναμφίόολον

359 3770 433 3822 τὸ
470 3769 566 3824 τοῦ
600 3773 758 3841 ἁγίου
819 3773 1140 3840 Πνεῦματος
1187 3773 1362 3844 ὄνομα
1421 3773 1521 3827 οὐκ
1574 3775 1656 3836 εἰς
1709 3772 1942 3841 δήλωσιν

2037 2021 2257 2077 Christo
2288 2019 2504 2085 indidit,
2537 2017 2670 2072 dicit
2698 2035 2712 2074 :
2750 2016 2824 2070 De
2857 2030 2980 2070 meo
3011 2013 3270 2083 accipiet,
3312 2022 3366 2066 et
3400 2024 3617 2064 annun-

2039 2113 2382 2168 tiabitvobis.
2410 2131 2428 2164 ι
2456 2111 2580 2166 llaec
2600 2111 3048 2182 Chrysostomum
3072 2108 3145 2162 ita
3173 2113 3529 2176 exponentem
3557 2101 3614 2155 in

2039 2205 2262 2259 laudata
2325 2203 2577 2258 oratione
2647 2201 3026 2263 invenientes,
3079 2213 3246 2268 super
3301 2194 3616 2264 evangelico

2040 2299 2207 2362 dicto,
2238 2315 2256 2350 ι
2292 2297 2367 2351 Ex
2406 2310 2525 2351 meo
2559 2295 2808 2364 accipiet,
2846 2313 2863 2346 ι
2899 2292 3052 2363 quasi
3079 2291 3421 2346 securitatem
3451 2285 3613 2348 nacti,

2041 2405 2379 2463 quaecunque
2404 2390 2512 2445 illis
2534 2389 2854 2443 collubitum
2885 2385 3068 2452 fuerit,
3094 2383 3267 2449 ell’ari,
3292 2381 3385 2452 qui
3410 2380 3614 2442 omnia,

2043 2493 2102 2540 ut
2129 2486 2231 2540 sibi
2253 2484 2485 2546 videtur,
2507 2491 2560 2538 et
2589 2499 2685 2553 pro
2710 2481 2928 2537 libidine
2955 2482 3167 2534 trahere
3189 2485 3481 2540 conantur,
3510 2472 3615 2537 En,

2042 2576 2213 2641 aiunt,
2246 2574 2621 2645 Chrysostomi
2655 2573 2953 2628 auctoritas
2979 2579 3165 2639 aperte
3197 2573 3617 2631 commonstrat,

2043 2669 2343 2724 secundum
2378 2667 2771 2720 humanitatem
2809 2664 3022 2718 Domini
3061 2663 3192 2726 dici,
3228 2677 3292 2715 ex
3329 2661 3446 2728 ipso
3476 2658 3620 2712 acci-

2043 2775 2169 2830 pere
2220 2757 2482 2828 Spiritum
2527 2754 3021 2824 sanctum,'quasi
3071 2752 3252 2806 divina
3302 2751 3445 2804 illius
3492 2765 3620 2803 caro

2043 2851 2282 2922 Spiritus
2314 2849 2759 2919 conceptaculum
2793 2847 2993 2901 factum
3032 2851 3202 2900 esset.
3227 2843 3292 2898 Et
3323 2857 3430 2912 quo
3463 2849 3620 2912 pacto

2045 2945 2221 3015 palam
2265 2959 2371 2998 non
2407 2951 2522 3007 est,
2571 2949 2789 3012 propter
2834 2938 3094 3008 spiritalia
3129 2939 3271 2991 dona
3310 2935 3430 2990 haec
3475 2934 3622 2988 dicta

2046 3036 2247 3092 fuisse?
2276 3037 2340 3091 Et
2372 3035 2496 3100 hoc,
2527 3042 2586 3090 ut
2631 3034 2735 3104 ipsi
2776 3033 3110 3096 existimant,
3157 3029 3310 3099 quasi
3355 3027 3480 3082 inde
3523 3024 3622 3079 de-

2046 3139 2408 3185 monstratum
2443 3128 2536 3192 sit,
2571 3135 2936 3191 assumentes,
2973 3125 3309 3180 contendunt
3339 3119 3618 3187 deinceps,

2047 3223 2251 3277 nullam
2300 3220 2535 3292 relinqui
2581 3221 2882 3284 rationem,
2929 3233 3038 3288 quo
3079 3218 3262 3271 minus
3309 3214 3438 3268 lides
3481 3210 3622 3282 apud

2046 3331 2238 3371 omnes
2280 3315 2390 3382 sit,
2423 3329 2598 3384 eaque
2630 3314 2961 3375 certissima,
3013 3310 3183 3365 sancti
3232 3308 3493 3378 Spiritus,
3525 3319 3625 3358 no-

2041 3425 2164 3464 men
2195 3450 2210 3477 ,
2242 3424 2355 3464 non
2389 3408 2454 3462 ad
2489 3407 2835 3461 indicandam
2873 3404 3109 3474 Spiritus
3141 3402 3314 3457 sancti
3350 3409 3621 3461 naturam,

2041 3503 2136 3556 sed
2180 3500 2246 3556 ad
2288 3499 2576 3554 indicanda
2615 3497 2883 3568 Spiritalia
2934 3497 3078 3550 dona
3118 3494 3329 3564 accipi,
3385 3493 3437 3546 in
3484 3507 3626 3561 quo-

2041 3606 2257 3662 cunque
2283 3590 2693 3661 Scripturarum
2717 3590 2838 3644 loco
2863 3588 3168 3643 inveniatur
3195 3589 3450 3658 Spiritus,
3476 3601 3626 3642 ema-

2040 3699 2201 3749 nans,
2236 3682 2463 3738 eﬂluens
2495 3693 2548 3739 et
2598 3683 2888 3754 prosiliens
2922 3697 2986 3736 ex
3017 3679 3179 3738 Filio.
3217 3679 3281 3735 Et
3311 3681 3365 3736 hi
3401 3681 3622 3749 quidem

2044 3776 2157 3829 hazc
2191 3773 2492 3844 proferunt.

359 3865 542 3935 αὐτῆς
577 3867 678 3938 τῆς
727 3867 824 3920 τοῦ
872 3868 1031 3937 ἁγίου
1090 3868 1411 3940 Πνεῦματος
1443 3868 1680 3938 φύσεως,
1715 3867 1831 3921 ἀλλ’
1893 3870 1974 3933 εἰς
2012 3869 2247 3942 δήλωσιν
2314 3869 2702 3939 πνευματικῶν
2767 3868 3126 3940 χαρισμάτων
3188 3845 3628 3939 ἐκλαμϐάνεσθαι

358 3961 430 4012 ἐν
453 3957 720 4029 οίῳδήτινι
755 3958 822 4012 ἂν
858 3959 1012 4028 μέρει
1046 3959 1144 4026 τῆς
1177 3960 1326 4022 θείας
1354 3959 1580 4029 Γραφῆς
1611 3958 1936 4030 εὑρίσκηται
1973 3959 2274 4029 λεγόμενον
2328 3958 2388 4012 τὸ
2437 3958 2663 4029 Πνεῦμα
2727 3957 3030 4021 ἁναϐλύζον
3097 3957 3192 4011 καὶ
3235 3959 3503 4030 πηγάζον,
3531 3944 3628 4012 κειὶ

361 4053 736 4126 προχεόμενον
768 4053 828 4118 ἐξ
857 4053 1006 4108 Υίοῦ.
1042 4054 1150 4107 Καὶ
1179 4056 1228 4107 οἱ
1263 4054 1362 4122 μὲν
1391 4055 1584 4108 ταῦτα.

447 4147 518 4217 β’.
563 4147 755 4218 Ἡμεῖς
786 4145 842 4198 δὲ
879 4146 969 4200 τὸν
1001 4145 1246 4216 ἔλεγχον,
1293 4144 1354 4198 ὃν
1399 4143 1818 4216 πριεξηγεῖσθαι
1849 4143 1945 4213 οὐχ

364 4237 818 4304 ὑποστέλλονται,
867 4237 968 4291 οὐκ
1013 4236 1260 4299 ἂλλοθεν,
1309 4235 1424 4289 ἀλλ’
1451 4235 1510 4300 ἐξ
1542 4235 1708 4289 αὑτοῦ
1735 4231 1830 4287 τοῦ
1862 4231 1949 4285 λό-

364 4348 496 4398 γου,
555 4326 726 4401 οὗπερ
773 4330 866 4382 καλ⁸
912 4331 946 4400 ὴ
996 4329 1222 4399 meam
1277 4328 1558 4400 περικοπὴ
1587 4327 1752 4399 μέρος
1804 4324 1946 4389 ἐστὶ,

370 4417 742 4489 ποιησάμεθα.
777 4418 842 4472 El
877 4418 986 4488 γὰρ
1023 4419 1275 4489 εὑρεθείη
1307 4422 1334 4472 ό
1371 4419 1548 4487 ἆγιος,
1584 4418 1751 4487 πρινὴ
1809 4416 1947 4486 πρὸς

367 4513 503 4574 τοὺς
533 4511 726 4579 λόγους
757 4511 1052 4578 εἰσϐαλεῖν,
1077 4513 1175 4583 τῆς
1201 4531 1218 4563 ι
1243 4511 1341 4565 Ἐκ
1362 4510 1456 4564 τοῦ
1493 4509 1626 4580 ἐμοῦ
1657 4507 1941 4578 λήψεται,›

2124 4144 2178 4197 2.
2222 4141 2331 4199 Nos
2361 4157 2494 4197 vero
2521 4141 2910 4197 refutationem
2948 4159 3157 4205 eorum.
3193 4159 3313 4214 quae
3342 4144 3442 4214 ipsi
3467 4160 3632 4215 expo-

2053 4249 2181 4289 nere
2225 4249 2334 4288 non
2379 4234 2774 4300 reformidant,
2809 4249 2913 4288 non
2949 4235 3168 4289 aliunde
3191 4273 3204 4298 ,
3237 4251 3398 4305 quam
3431 4252 3494 4291 ex
3531 4240 3631 4293 hac

2052 4327 2167 4396 ipsa
2204 4327 2452 4381 oratione
2477 4369 2493 4394 ,
2530 4327 2687 4396 cujus
2731 4335 2783 4380 et
2811 4327 3101 4380 adductum
3137 4337 3474 4396 segmentum
3504 4345 3630 4395 pars

2052 4427 2155 4483 est,
2187 4417 2620 4486 auspicabimur.
2650 4415 2861 4470 Etenim
2896 4419 2940 4471 si
2973 4428 3196 4472 sanctus
3228 4419 3480 4473 inventus
3517 4419 3632 4472 fne-

2053 4509 2158 4574 rit,
2203 4520 2496 4580 antequam
2543 4511 2610 4564 ad
2643 4511 2803 4564 verba
2832 4509 2954 4574 illa,
2996 4529 3013 4562 ι
3052 4511 3126 4565 De
3161 4527 3284 4566 meo
3317 4511 3566 4581 accipiet,
3607 4532 3625 4564 ι

369 4600 547 4672 ῥητοῦ
582 4602 920 4674 ἐξηγήσεως,
973 4580 1142 4656 πολὺν
1190 4602 1432 4672 ὑφαίνων
1463 4602 1554 4656 τὸν
1611 4601 1768 4669 λόγον
1817 4600 1938 4669 rupi

2053 4601 2370 4670 exponenda
2413 4601 2723 4672 perveniat,
2761 4603 2970 4672 prolixo
3003 4619 3258 4660 sermone
3292 4605 3356 4659 de
3397 4605 3635 4660 nomini-

368 4694 486 4747 τῶν
535 4695 816 4765 ὀνομάτων
872 4693 968 4749 τοῦ
1000 4694 1348 4765 Πνεύματος,
1381 4695 1475 4748 καὶ
1506 4693 1732 4766 διαιρῶν
1759 4692 1820 4745 τὸ
1849 4691 1944 4747 τοῦ

375 4783 912 4855 ιινεύματος-δνομα
966 4787 1045 4849 εῖς
1083 4800 1145 4837 τε
1195 4784 1292 4856 τὴν
1347 4784 1580 4856 δήλωσιν
1630 4783 1800 4854 αὐτῆς
1848 4783 1948 4854 τῆς

372 4876 666 4941 αὑθεντίας
716 4879 810 4931 καὶ
857 4878 956 4948 τῆς
1003 4877 1223 4947 φύσεως
1267 4876 1361 4931 τοῦ
1412 4879 1510 4948 τῆς
1542 4877 1772 4946 Τριάδος
1811 4891 1949 4944 συμ-

373 4967 728 5039 πληρωτικοῦ
784 4971 1130 5040 Πνεῦματος,
1187 4970 1278 5024 καὶ
1315 4971 1394 5033 είς
1441 4969 1539 5040 τὴν
1572 4969 1808 5040 δήλωσιν
1847 4967 1946 5037 τῆς

374 5064 489 5116 τῶν
533 5064 925 5132 πνευματικῶν
974 5064 1332 5134 χαρισμάτων
1363 5061 1646 5132 διανομῆς,
1685 5062 1777 5114 καὶ
1833 5060 1948 5113 δα-

376 5157 572 5224 capth
600 5156 864 5228 ἀκριὸῶς,
901 5157 992 5208 καὶ
1025 5154 1398 5227 διερμηνειῖων
1430 5155 1574 5208 πάνυ
1606 5153 1843 5220 λεπτῶς,
1871 5155 1945 5225 πῆ

379 5247 484 5315 μέν
535 5251 683 5300 ἐστιν
723 5247 956 5301 ἀκοῦσαι
1005 5247 1068 5300 τὸ
1113 5245 1207 5299 τοῦ
1264 5245 1580 5316 Πνεῦματος
1624 5243 1819 5314 ὄνομα,
1853 5244 1948 5298 καὶ

375 5340 572 5408 νοῆσαι
611 5339 772 5392 αὐτὸν
802 5340 892 5393 τὸν
926 5338 1302 5410 Παράκλητον,
1327 5341 1400 5408 πῆ
1429 5337 1486 5392 δέ
1522 5339 1754 5390 ἀκοῦσαι
1787 5337 1948 5392 πάλιν

374 5430 556 5499 ὄνομα
580 5429 923 5500 Πνεῦματος,
957 5432 1051 5482 καὶ
1090 5430 1282 5500 νοῆσαι
1323 5430 1478 5500 χάριν
1509 5428 1630 5482 τινὰ
1680 5427 1949 5498 δηλουμέ-

375 5541 479 5593 νην
514 5525 915 5596 πνευματικὴν,
941 5524 1024 5588 τίς
1055 5522 1121 5577 ἂν
1156 5525 1242 5594 εἴη
1271 5523 1480 5586 δίκαιος
1510 5521 1720 5584 ἔκτοτε,
1753 5521 1826 5584 ὡς
1857 5521 1950 5574 τοῦ

379 5615 700 5684 Πνεύματος
767 5613 1112 5684 καταγώγιον
1179 5615 1568 5686 καθαρώτερον
1650 5613 1792 5685 τάχα
1857 5612 1950 5666 τοῦ

377 5707 862 5778 Χρυσορῤήμονος,
898 5709 991 5762 καὶ
1025 5707 1102 5772 ὡς
1133 5707 1462 5780 ὑψηλότερος
1493 5705 1662 5762 αὑτοῦ
1698 5707 1947 5776 θεολόγο,

447 5863 676 5934 "Joau,
711 5883 822 5939 m,
864 5868 954 5927 is.
1025 5868 1070 5900 υ
1097 5867 1232 5923 ibid.
1277 5839 1288 5859 '

2049 4692 2151 4748 bus
2176 4690 2415 4764 Spiritus
2440 4704 2802 4765 pertractans,
2827 4705 2881 4750 et
2898 4695 3146 4750 dividens
3171 4697 3624 4768 Spiritusnomen

2048 4793 2161 4840 tum
2196 4787 2261 4841 ad
2293 4787 2708 4857 exprimendum
2743 4789 3085 4843 dominatum
3117 4801 3170 4844 et
3204 4800 3497 4855 naturam,
3539 4793 3630 4860 qui

2048 4875 2331 4934 Trinitatis
2365 4879 2727 4949 completivus
2761 4889 2865 4944 est,
2903 4877 3160 4950 Spiritus,
3198 4889 3313 4934 tum
3350 4881 3415 4934 ad
3448 4881 3632 4950 expri-

2049 4972 2305 5026 mendum
2371 4973 2739 5042 spiritualium
2793 4973 3062 5027 donorum
3132 4973 3531 5043 partitionem,
3581 4982 3636 5026 et

2057 5072 2310 5118 accurate
2337 5062 2674 5132 explanatis,
2717 5071 2771 5116 et
2805 5077 3067 5134 perquam
3112 5063 3422 5117 minutatim
3465 5063 3637 5116 inter-

2057 5166 2302 5226 pretans,
2338 5155 2633 5226 aliquando
2673 5154 2756 5210 fas
2789 5165 2871 5210 est
2916 5157 3104 5211 audire
3138 5153 3378 5226 Spiritus
3413 5168 3634 5216 nomen,

2057 5257 2111 5302 et
2144 5248 2322 5318 ipsum
2366 5245 2706 5302 Paracletum
2743 5248 3064 5318 concipere,
3110 5247 3399 5319 aliquando
3446 5263 3639 5302 rursus

2057 5339 2248 5393 audire
2284 5337 2522 5408 Spiritus
2554 5354 2774 5403 nomen,
2805 5348 2858 5394 et
2891 5341 3117 5410 gratiam
3143 5341 3380 5410 aliquam
3417 5338 3639 5409 spirita-

2054 5429 2156 5485 lem
2193 5445 2257 5485 eo
2287 5430 2600 5485 denotatam
2638 5431 2941 5501 intelligere
2967 5470 2983 5496 ,
3025 5432 3150 5500 quis
3177 5431 3383 5501 justius
3415 5429 3638 5500 poterit,

2054 5523 2278 5591 perinde
2321 5539 2382 5578 ac
2405 5524 2450 5578 si
2486 5523 2603 5594 ipso
2632 5522 3026 5594 Chrysostomo
3071 5527 3260 5594 purius
3300 5521 3534 5593 Spiritus
3560 5521 3642 5577 di-

2055 5616 2397 5679 versorium,
2433 5624 2487 5669 et
2537 5630 2604 5670 eo
2656 5616 2870 5670 acutior
2914 5615 3296 5685 excelsiorque
3354 5614 3640 5684 tbe010gus

2053 5719 2222 5776 esset,
2269 5707 2562 5763 decernere
2609 5717 2663 5763 et
2708 5705 3096 5772 determinare,
3139 5705 3386 5773 spiritale
3433 5707 3639 5762 donum
