3846 6560
378 396 485 458 239

1406 393 1618 456 JOAN.
1660 391 1877 456 VECCI
1921 392 2031 454 ΕΡ.
2075 388 2579 453 PATRIARCILE

3512 382 3621 450 240

383 508 584 574 ubique
633 500 953 571 signiﬁcari,
999 502 1052 555 in
1092 515 1417 571 quacunque
1455 515 1623 557 sacra:
1663 500 1958 570 Scriptura

2068 498 2411 569 δογματίζειν
2445 496 2538 550 καὶ
2565 494 2983 564 αποφαίνεσθαι,
3016 495 3073 550 τὸ
3127 499 3498 565 πνευματικὸν
3528 500 3627 567 χά-

381 602 533 666 parte
560 592 762 648 dicitur
789 592 1047 661 Spiritus,
1096 607 1238 656 esse,
1268 607 1527 648 emanare
1552 602 1610 648 et
1640 593 1858 649 exsilire
1883 608 1949 647 ex

381 683 560 740 Filio?
602 683 664 739 Et
700 698 766 737 ne
797 682 1001 739 diutius
1033 699 1248 748 eorum,
1278 684 1372 754 qui
1404 684 1602 739 similia
1638 683 1949 739 inconside-

383 785 499 831 rate
548 774 894 846 praeliniunt,
945 773 1325 830 refutationem
1383 777 1811 846 protrahamus,
1860 775 1950 830 illa

380 868 573 925 eadem
630 882 660 922 ιι
702 867 1094 937 Chrysostomo
1135 867 1485 936 pronuntiata
1524 867 1591 922 de
1636 868 1953 924 nominibus

385 961 624 1031 Spiritus
667 959 719 1013 in
753 959 943 1012 eadem
976 973 1140 1026 supra
1185 958 1405 1013 laudata
1447 958 1716 1019 oratione,
1743 974 1807 1011 ex
1838 958 1957 1026 qui-

383 1051 505 1115 bus,
529 1051 620 1120 qui
653 1051 836 1107 omnia
871 1064 967 1117 pro
999 1048 1244 1115 libidine,
1278 1062 1330 1105 et
1356 1050 1422 1103 ad
1456 1050 1601 1120 quod
1637 1049 1951 1112 allubest-it,

383 1144 742 1213 detorquent,
794 1144 877 1197 sui
930 1143 1197 1197 euuntiati
1253 1158 1444 1199 ansam
1495 1144 1843 1212 arripuerunt
1899 1151 1958 1198 ut

384 1253 504 1294 sese
534 1239 753 1300 habent,
792 1236 1050 1291 verbatim
1095 1236 1542 1308 hicdigerentur.
1579 1235 1668 1291 Sic
1697 1238 1839 1292 enim
1871 1235 1953 1289 lo-

385 1330 568 1399 quitur
593 1347 608 1388 :
636 1344 656 1381 ι
684 1327 872 1398 Operae
896 1329 1124 1397 pretium
1146 1340 1322 1383 autem
1355 1337 1438 1382 est
1471 1331 1957 1404 utfperseveremus

384 1419 589 1474 diutius
625 1419 679 1473 in
714 1418 886 1473 sancti
914 1417 1288 1488 adorandique
1313 1418 1552 1487 Spiritus
1588 1417 1957 1486 enarratione,

386 1519 441 1563 et
472 1507 819 1564 manifestius
850 1507 1054 1576 aliquid
1085 1508 1149 1561 de
1184 1519 1374 1562 saneta
1404 1506 1749 1576 gloriosaque
1785 1504 1958 1560 facul-

390 1611 499 1658 tate
527 1602 796 1667 dicamus,
834 1616 943 1655 non
984 1616 1078 1671 per
1109 1616 1194 1666 ea,
1233 1615 1353 1671 qua:
1382 1601 1707 1672 cegitamus,
1738 1597 1834 1653 sed
1865 1614 1962 1669 per

389 1709 512 1764 quae
537 1692 817 1757 docemur,
849 1691 1113 1762 Spiritum
1146 1701 1394 1749 sanctum
1433 1700 1625 1745 natura
1663 1705 1780 1745 esse
1812 1689 1960 1744 iuse-

390 1784 709 1855 parabilem,
747 1793 927 1847 utpote
952 1783 1045 1852 qui
1078 1798 1144 1837 ex
1175 1782 1524 1852 inseparabili
1557 1792 1610 1836 et
1641 1782 1958 1837 indivisibili

2054 607 2228 660 ρισμα
2255 589 2549 660 δηλοῦσθαι
2616 586 2953 657 ἁπανταχοῦ,
2988 588 3048 639 ὲν
3094 587 3368 671 οίῳδήτινί⁵
3409 587 3477 640 ἂν
3531 590 3630 656 τῆς

2054 683 2203 746 θείας
2238 680 2463 753 Γραφῆς
2521 680 2678 750 μέρει
2717 680 2934 749 λέγεται
2988 677 3050 732 τὸ
3085 677 3310 749 Πνεῦμα
3357 679 3628 752 ὑπάρχον,

2055 777 2145 828 καὶ
2175 774 2478 838 ὰναϐλῦζον
2509 774 2603 826 καὶ
2636 771 2885 843 πηγάζον
2915 773 2979 824 ὲκ
3026 771 3121 825 τοῦ
3156 771 3327 838 Υίοῦ;
3382 762 3490 826 Καὶ
3541 772 3632 824 ἵνα

2059 869 2134 939 μὴ
2163 870 2257 920 ἐπὶ
2284 866 2447 921 πλέον
2488 867 2514 918 ὁ
2548 868 2705 933 λόγος
2736 865 2827 919 τὸν
2864 865 3088 935 ἔλεγχον
3121 865 3494 936 άναϐάλλητίι
3521 865 3631 917 τῶν

2056 960 2476 1030 ἀπερισκέπτως
2532 958 2604 1012 τὰ
2655 958 2883 1011 τοιαῦτα
2943 957 3429 1025 δογματιζόντων,
3488 958 3633 1010 αὐτὰ

2056 1049 2241 1103 ἐκεῖνα
2288 1048 2358 1100 τὰ
2407 1050 2677 1117 εἰρημένα
2729 1047 2810 1118 τῷ
2865 1048 3295 1119 Χρυσορρήμονι
3335 1049 3466 1118 περὶ
3522 1047 3636 1102 τῶν

2057 1138 2335 1207 ὀνομάτων
2370 1138 2462 1191 τοῦ
2528 1138 2851 1207 Πνεῦματος
2884 1141 2943 1192 ὲν
2976 1137 3128 1208 αὐτῷ
3160 1139 3236 1210 τῷ
3271 1140 3636 1210 ἀναγεγραμ-

2062 1232 2208 1302 μένῳ
2256 1231 2402 1300 λόγῳ
2433 1232 2618 1297 αὐτοῦ,
2655 1232 2713 1298 ἐξ
2751 1225 2928 1301 οὗπερ
2982 1232 3084 1293 τὰς
3114 1234 3371 1302 ἀφορμάς
3399 1233 3558 1303 ἔσχον
3587 1234 3636 1285 ci

2060 1323 2239 1375 πάντα
2278 1322 2761 1394 διαστρεϐλοῦντες
2789 1322 2927 1395 πρὸς
2954 1323 3016 1376 τὸ
3043 1324 3237 1387 δοκοῦν
3287 1325 3525 1387 ἑαυτοῐς,
3557 1322 3636 1386 ὡς

2062 1414 2276 1486 ἔχουσιν
2333 1416 2428 1469 ἐπὶ
2490 1415 2690 1480 λέξεων
2747 1416 2985 1470 ἐνταῦθα
3052 1417 3638 1487 καταστρωοήσονται.

2060 1507 2197 1578 Φησὶ
2231 1507 2339 1578 γὰρ
2388 1507 2562 1573 οὕτως
2589 1525 2605 1539 ο
2646 1527 2665 1560 ι
2717 1509 3037 1577 Ἀναγκαῖον
3064 1510 3121 1562 δέ
3154 1512 3303 1563 ἐστιν
3355 1511 3640 1578 ἐπιμεῖναι

2060 1602 2126 1670 τῇ
2150 1598 2244 1654 τοῦ
2277 1599 2434 1668 ἁγίου
2467 1602 2562 1652 καὶ
2594 1601 2976 1671 προσκυνητοῦ
3008 1600 3324 1671 Πνεῦματος
3352 1599 3641 1670 ἐξηγήσει,

2063 1692 2158 1744 καὶ
2206 1692 2544 1762 σαφέστερόν
2574 1709 2626 1744 τι
2660 1693 2790 1762 περὶ
2834 1694 2934 1763 τῆς
2977 1693 3140 1762 ἁγίχς
3171 1694 3264 1751 καὶ
3293 1693 3509 1756 ἐνδόξου
3550 1692 3644 1743 δυ-

2064 1783 2281 1852 νάμεως
2333 1784 2527 1848 εἰπεῖν,
2561 1776 2661 1836 οῦέι
2710 1784 2773 1848 ἐξ
2830 1777 2906 1838 ὧν
2938 1783 3289 1854 λογιζόμεθα,
3321 1783 3438 1836 ἀλλ’
3467 1783 3525 1848 ἐξ
3565 1777 3642 1834 ὧν

392 1887 587 1932 natura
615 1889 937 1946 progressus
982 1885 1085 1937 est,
1113 1890 1308 1929 nomen
1349 1883 1529 1928 autem
1568 1873 1688 1943 ejus
1727 1873 1961 1944 Spiritus

2068 1847 2453 1946 διδασκόμεθα.
2511 1847 2584 1929 Τὸ
2638 1878 2865 1947 Πνεῦμα
2892 1877 2952 1931 τὸ
2982 1847 3141 1944 arma
3191 1878 3291 1948 τὴν
3340 1876 3440 1946 μὲν
3475 1877 3643 1945 φύσιν

387 1977 631 2031 sanctus,
676 1966 914 2037 Spiritus
955 1968 1219 2034 veritatis,
1273 1966 1504 2035 Spiritus
1552 1966 1675 2033 Dei,
1724 1965 1963 2036 Spiritus

391 2058 639 2124 Domini,
690 2057 927 2129 Spiritus
977 2059 1189 2127 Patris,
1235 2057 1471 2129 Spiritus
1518 2058 1676 2122 Filii,
1726 2057 1964 2128 Spiritus

387 2152 611 2209 Christi.
651 2171 671 2206 ι
709 2153 774 2208 Et
806 2161 931 2223 post
969 2168 1276 2223 perpauca:
1318 2171 1336 2204 ι
1372 2152 1560 2223 itaque
1602 2152 1803 2207 dicitur
1836 2152 1962 2222 Spi-

384 2246 526 2302 ritus
555 2256 797 2302 sanctus.
827 2244 931 2302 Ista
957 2247 1102 2301 enim
1132 2256 1215 2300 est
1241 2247 1414 2316 prima
1449 2254 1504 2301 et
1530 2246 1749 2319 propria
1778 2245 1963 2315 appel-

388 2338 559 2403 latio,
610 2347 665 2394 et
724 2348 781 2393 ut
836 2339 1227 2395 evidentior-em
1281 2339 1487 2395 habens
1550 2340 1961 2411 intelligentiam

389 2430 627 2500 Spiritus
671 2434 842 2486 sancti
898 2440 1146 2486 naturam
1201 2432 1563 2489 demonstrat.
1614 2451 1633 2486 ι
1667 2432 1732 2486 Et
1776 2433 1963 2504 paucis

388 2523 732 2591 interjectis:
773 2543 790 2575 ι
837 2524 893 2580 Si
933 2525 1056 2594 quis
1097 2534 1276 2580 autem
1327 2522 1590 2595 Spiritum
1623 2524 1823 2580 Christi
1854 2540 1962 2580 non

391 2617 573 2681 habet,
602 2628 654 2671 et
684 2632 814 2671 sane
847 2618 1131 2686 oportebat
1159 2618 1364 2685 dicere,
1397 2618 1442 2672 si
1474 2619 1598 2688 quis
1625 2627 1804 2673 autem
1838 2618 1961 2688 Spi-

390 2709 554 2764 ritum
586 2709 676 2764 Dei
720 2724 825 2763 non
870 2711 1051 2772 habet,
1094 2711 1186 2764 sed
1230 2711 1389 2777 dixit,
1428 2708 1691 2779 Spiritum
1734 2712 1987 2779 Citristi._

392 2799 590 2855 Verum
632 2802 734 2855 hoc
762 2800 919 2866 dixit,
953 2809 1007 2855 ut
1050 2801 1393 2868 ostenderet,
1439 2801 1579 2857 idem
1625 2817 1745 2858 esse
1787 2803 1966 2858 dicere

390 2893 655 2963 Spiritum
714 2893 839 2958 Dei,
886 2901 943 2947 et
989 2893 1251 2963 Spiritum
1299 2893 1525 2948 Christi.
1571 2892 1695 2949 llaec
1743 2895 1963 2950 nomina

390 2997 590 3040 sanctae
619 2993 673 3039 et
714 2985 1078 3041 immaculata:
1107 2986 1328 3040 virtutis
1373 2986 1549 3040 sancti
1578 2998 1701 3040 sunt
1734 2995 1789 3041 et
1832 2989 1966 3042 ado-

391 3076 545 3131 randi
573 3075 822 3145 Spiritus.
850 3076 987 3129 Sunt
1022 3090 1150 3129 rero
1179 3084 1233 3129 et
1264 3076 1370 3131 alia
1404 3076 1630 3131 nomina
1662 3092 1769 3129 non
1802 3083 1963 3130 natu-

390 3180 466 3222 rae
498 3166 897 3228 conienientia,
929 3166 1023 3221 sed
1054 3167 1375 3235 operationi.
1413 3166 1722 3223 Prol‘undus
1760 3181 1960 3231 sermo,
1992 3191 2033 3249 ο

391 3267 445 3310 ct
465 3270 604 3325 Opus
635 3256 794 3311 habet
822 3258 1047 3311 auribus
1073 3258 1313 3322 attentis,
1342 3257 1566 3312 munitis
1609 3266 1664 3310 et
1690 3257 1959 3312 ﬁdelibus.

395 3345 603 3399 Dicitur
633 3349 832 3399 etenim
869 3346 1105 3415 Spiritus
1148 3344 1384 3416 Spiritus
1430 3349 1573 3409 vitm,
1618 3360 1740 3399 eum
1775 3348 1965 3400 Salva-

390 3445 479 3490 tor
520 3438 657 3492 dicm
686 3478 700 3502 ,
740 3456 758 3489 ι
792 3436 904 3507 Ego
946 3453 1065 3493 sum
1114 3436 1312 3494 veritas
1360 3450 1414 3493 et
1455 3440 1563 3493 vita
1592 3437 1653 3493 “.
1707 3456 1725 3489 ι
1763 3435 1967 3491 Dicitur

395 3527 631 3598 Spiritus
661 3542 807 3595 vute,
844 3541 901 3583 ut
930 3529 1127 3584 Paulus
1157 3531 1312 3596 dicit,
1357 3549 1375 3583 ι
1414 3529 1523 3585 Lex
1554 3531 1697 3587 enim
1731 3532 1965 3601 Spiritus

395 3621 516 3676 vitae
537 3621 603 3676 ".
637 3640 657 3674 ι
690 3621 814 3678 Haec
838 3625 1057 3678 nomina
1088 3623 1331 3694 ejusdem
1363 3635 1493 3679 sunt
1522 3623 1885 3689 auctoritatis,
1915 3631 1968 3679 et

393 3715 636 3781 ejusdem
676 3724 903 3769 naturae.
949 3718 1086 3770 Sunt
1131 3725 1183 3771 et
1231 3720 1335 3770 alia
1386 3717 1645 3783 nomina,
1687 3731 1809 3785 qua:
1860 3731 1968 3770 non

395 3807 746 3861 ascribuntur
788 3809 1013 3877 Spiritui
1057 3819 1277 3875 sancto,
1322 3808 1418 3862 sed
1465 3810 1654 3862 virtuti
1700 3808 1869 3874 illius,
1917 3818 1970 3862 et

397 3900 726 3965 operationi,
760 3909 816 3953 ut
846 3909 974 3955 sunt
1004 3899 1146 3955 dona
1172 3902 1311 3969 ejus.
1353 3900 1485 3954 Dico
1521 3902 1703 3969 itaque
1733 3910 1785 3955 et
1814 3902 1971 3955 insu-

397 4004 490 4056 per
519 3989 734 4044 declaro
767 3994 1115 4058 sententiam,
1149 4001 1337 4062 postea
1373 3994 1747 4047 testimoniqu
1780 3994 1972 4047 subin-

397 4083 684 4138 ducturus.
732 4081 960 4149 Quando
1003 4087 1097 4140 dat
1159 4085 1397 4153 Spiritus
1446 4099 1665 4141 sanctus
1715 4085 1969 4155 precibus

397 4186 706 4228 sanctorum
739 4177 822 4231 vel
853 4175 1019 4241 mihi,
1067 4177 1150 4230 rel
1181 4177 1335 4232 alteri
1371 4175 1805 4231 Christianorum
1839 4188 1971 4228 sano

399 4264 803 4329 ctiilcationem,
825 4267 1033 4336 accipio
1052 4264 1255 4319 donum
1278 4267 1350 4319 ita
1374 4278 1431 4319 ut
1450 4274 1699 4319 sanetum
1721 4264 1968 4329 trabeam,

398 4364 452 4408 et
476 4369 678 4424 corpus
707 4365 761 4409 et
793 4359 1053 4408 animam.
1081 4356 1293 4409 Donum
1326 4356 1458 4409 mihi
1489 4355 1791 4409 exhibitum
1814 4367 1969 4417 roceo

400 4456 488 4500 'ur
520 4444 753 4515 Spiritus
787 4446 1092 4501 sanctitatis
1123 4463 1135 4499 :
1178 4447 1277 4500 hoc
1328 4456 1411 4500 est
1460 4461 1680 4500 munus.
1722 4443 1778 4499 Si
1811 4444 1973 4499 dede-

2066 1970 2215 2022 ὲστὶν
2266 1968 2597 2039 ἀδιαίρετον,
2656 1968 2751 2024 ἆτε
2798 1969 2864 2038 δὴ
2918 1970 2983 2023 ὲκ
3039 1974 3137 2041 τῆς
3181 1969 3490 2039 ἀδιαιρέτου
3541 1968 3643 2022 καὶ

2064 2059 2364 2130 ἀμερίστου
2392 2061 2606 2130 φύσεως
2634 2061 2919 2129 προελθὸν,
2942 2062 3112 2131 ὄνομα
3136 2062 3195 2115 δὲ
3222 2061 3386 2115 αὐτοῦ
3411 2060 3644 2130 Πνεῦμα

2064 2153 2240 2221 ἅγιον,
2276 2154 2501 2221 Πνεῦμα
2528 2154 2806 2226 ἀληθείας,
2840 2154 3065 2224 Πνεῦμα
3092 2156 3185 2208 τοῦ
3219 2154 3378 2221 Θεοῦ,
3414 2154 3647 2223 Πνεῦμα

2064 2246 2296 2315 Κυρίου,
2352 2246 2576 2316 Πνεῦμα
2624 2246 2720 2299 τοῦ
2778 2247 3010 2317 Πατρὸς,
3054 2246 3280 2317 Πνεῦμα
3332 2246 3426 2299 τοῦ
3482 2246 3645 2309 Υἱοῦ,

2066 2335 2289 2406 Πνεῦμα
2320 2336 2580 2409 Χριστοῦ.
2623 2357 2643 2390 ι
2682 2339 2793 2393 Καὶ
2829 2339 2947 2406 μετ’
2976 2340 3132 2408 ὀλίγα
3161 2354 3177 2371 ο
3214 2358 3232 2392 ι
3269 2338 3503 2408 Λέγεται
3528 2339 3650 2391 τοί-

2064 2443 2159 2479 νυν
2212 2424 2439 2496 Πνεῦμα
2471 2427 2648 2495 ἆγιον.
2696 2429 2844 2500 Αὕτη
2883 2430 2990 2502 γάρ
3041 2431 3193 2485 ἐστιν
3241 2431 3275 2501 ὴ
3335 2431 3502 2498 κυρία
3549 2429 3651 2481 καὶ

2066 2516 2257 2591 πρώτη
2290 2518 2653 2588 προσηγορία,
2693 2521 2724 2590 ἡ
2757 2522 3247 2592 ἐμφαντικωτέραν
3297 2519 3500 2591 ἔχουσα
3545 2521 3649 2589 τὴν

2064 2610 2326 2674 διάνοιαν,
2359 2609 2455 2663 καὶ
2487 2613 2810 2680 παριστῶσα
2838 2612 2930 2666 τοῦ
2965 2613 3122 2680 ἁγίου
3178 2614 3496 2683 Πνεῦματος
3543 2613 3650 2683 τὴν

2067 2704 2247 2775 φύσιν.
2293 2721 2312 2754 ι
2349 2705 2460 2756 Καὶ
2492 2705 2612 2775 μετ’
2639 2705 2823 2773 ὀλίγα·
2863 2723 2881 2756 ε
2922 2706 2983 2757 Εἰ
3015 2707 3073 2759 δέ
3113 2723 3197 2769 τις
3248 2705 3472 2777 Πνεῦμα
3501 2707 3650 2776 Χριη

2067 2796 2195 2850 στοῦ
2255 2796 2353 2851 οὐκ
2404 2796 2542 2866 ἔχει,
2599 2798 2694 2851 καὶ
2749 2798 2858 2867 μὴν
2908 2797 3079 2867 ἐχρῆν
3127 2799 3325 2861 είπεῖν,
3381 2800 3431 2852 εί
3465 2797 3523 2850 δέ
3557 2814 3652 2857 τις

2067 2888 2290 2961 Πνεῦμα
2332 2889 2468 2943 Θεοῦ
2518 2891 2617 2943 οὐκ
2667 2890 2802 2960 ἔχει,
2838 2891 2954 2944 ἀλλ’
2991 2888 3136 2955 εἶπε,
3165 2890 3429 2960 Χριστοῦ.
3480 2889 3654 2943 Ἀλλὰ

2065 2981 2224 3034 τοῦτο
2255 2978 2432 3048 εἶπεν,
2461 2983 2547 3035 ἵνα
2579 2982 2729 3052 δείξῃ
2759 2984 2842 3036 ὅτι
2876 2983 2990 3036 ἴσον
3023 2985 3172 3035 ἐστὶν
3201 2985 3379 3036 είπεῖν
3412 2981 3650 3053 Πνεῦμα

2068 3071 2203 3125 Θεοῦ
2243 3075 2337 3125 καὶ
2369 3071 2593 3143 Πνεῦμα
2632 3072 2890 3143 Χριστοῦ.
2928 3073 3115 3127 Ταῦτα
3148 3076 3214 3128 τὰ
3243 3076 3484 3143 ὀνόματα
3541 3073 3656 3143 τῆς

2068 3164 2231 3234 ἁγίας
2280 3166 2373 3218 καί
2426 3166 2700 3235 ἁχράιτου
2746 3165 3033 3232 δυνάμεως
3067 3166 3163 3218 τοῦ
3193 3167 3353 3233 ἁγίου
3396 3166 3516 3218 ἐστὶ
3548 3166 3657 3218 καὶ

2069 3248 2450 3323 προσκυνητοῦ
2512 3254 2852 3325 Πνεῦμα-ξος.
2899 3256 3057 3307 Ἐστι
3098 3256 3155 3307 δὲ
3210 3256 3348 3308 ἄλλα
3394 3254 3656 3323 ὀνόματα

2066 3346 2127 3399 οὐ
2160 3348 2227 3416 τῇ
2262 3346 2423 3414 φύσει
2454 3347 2824 3415 προσήκοντα,
2861 3345 2996 3398 ἀλλὰ
3047 3349 3111 3416 τῇ
3148 3346 3420 3418 ἐνεργείᾳ..
3463 3345 3656 3408 Βαθὺς

2067 3437 2096 3489 ὁ
2121 3437 2299 3504 λόγος,
2331 3438 2425 3489 καὶ
2473 3437 2664 3507 χρῄζει
2689 3438 2858 3507 ἀκοῆς
2889 3436 3190 3507 προσεχοῦς
3246 3439 3341 3491 καὶ
3370 3436 3658 3506 ἀσφαλοῦς

2068 3530 2165 3585 καὶ
2219 3532 2437 3600 πιστῆς.
2472 3530 2706 3598 Λέγεται
2759 3529 2817 3583 δὲ
2874 3531 3035 3582 πάλιν
3088 3530 3148 3583 τὸ
3200 3528 3425 3598 Πνεῦμα
3491 3529 3651 3599 ζωῆς

2069 3620 2312 3692 Πνεῦμα,
2344 3622 2531 3693 ἐπειδὴ
2561 3624 2587 3676 ό
2614 3621 2805 3691 Σωτὴρ
2838 3620 3008 3690 λέγει,
3054 3639 3072 3673 ι
3117 3621 3260 3690 Ἐγώ
3294 3622 3470 3691 είμιή
3510 3620 3660 3691 sta.

2069 3713 2192 3767 θεια
2221 3716 2316 3766 καὶ
2343 3714 2375 3783 η
2400 3713 2536 3785 ζωή.
2571 3732 2590 3764 ι
2622 3714 2855 3782 Λέγεται
2886 3711 2979 3768 οὖν
3007 3715 3237 3782 Πνεῦμα
3264 3712 3432 3783 ζωῆς,
3460 3713 3657 3774 καθὼς

2070 3808 2164 3859 καὶ
2203 3806 2233 3858 ό
2264 3806 2475 3868 Παῦλος
2513 3806 2682 3873 λέγει’
2721 3824 2739 3857 r
2788 3806 2846 3859 Ὀ
2873 3808 2982 3875 γὰρ
3013 3809 3173 3876 νόμος
3202 3805 3296 3859 τοῦ
3325 3806 3657 3874 Πνεῦματες

2069 3898 2168 3968 τῆς
2220 3898 2389 3969 ζωῆς.
2431 3917 2450 3948 ι
2493 3897 2681 3951 Ταῦτα
2718 3897 2789 3951 τά
2836 3899 3077 3967 ὀνόματα
3109 3899 3278 3966 αὐτῆς
3309 3897 3408 3967 τῆς
3443 3895 3653 3949 αὐθενο

2069 3992 2211 4056 τίας,
2246 3991 2414 4059 αὐτῆς
2447 3991 2546 4062 τῆς
2586 3992 2823 4059 φύσεως.
2860 3992 3017 4044 Ἔστι
3046 3991 3103 4043 δὲ
3132 3990 3265 4043 ἄλλα
3313 3990 3581 4060 ὀνόματα,
3616 3988 3659 4042 5t

2070 4082 2131 4135 οὐ
2180 4081 2599 4150 προσγράφεται
2644 4081 2723 4151 τῷ
2754 4082 2895 4152 ἁγίῳ
2927 4082 3226 4152 Πνεῦματι,
3258 4080 3398 4136 ἀλλά
3436 4084 3506 4151 τῇ
3555 4080 3658 4133 δυ-

2071 4171 2232 4241 νάμει
2272 4176 2366 4225 καὶ
2393 4175 2457 4242 τῇ
2490 4174 2746 4244 ἐνεργείᾳ
2779 4173 2967 4238 αὐτοῦ,
2998 4171 3110 4228 οἷον
3140 4175 3196 4227 αἱ
3224 4172 3426 4245 δωρεαὶ
3451 4171 3653 4230 αὑτοῦ.

2071 4266 2229 4330 Λέγω
2275 4267 2329 4318 δὲ
2373 4267 2469 4319 καὶ
2521 4268 3040 4339 προσδιασαφηνίζω
3095 4269 3498 4339 τὴνιέννοιαν,
3553 4265 3660 4319 καὶ

2073 4359 2266 4427 ἐπάγω
2336 4359 2435 4430 τὴν
2502 4361 2835 4431 μαρτυρίαν.
2910 4360 3162 4414 Ἐπειδὰν
3224 4360 3524 4431 χαρίσηται
3590 4360 3662 4414 τὸ

2076 4450 2298 4521 Πνεῦμα
2336 4454 2396 4503 τὸ
2430 4450 2584 4519 ἆγιον
2619 4452 2806 4522 εὐχαῖς
2834 4451 2942 4503 τῶν
2976 4452 3142 4519 ἁγίων
3168 4452 3202 4522 ἢ
3234 4454 3359 4520 ἐμοὶ
3406 4452 3438 4521 ἢ
3475 4453 3662 4522 ἑτέρῳ

403 4542 470 4593 lii.
514 4539 1015 4609 Spiritus_sauctus
1068 4539 1303 4608 cuipiam
1341 4540 1543 4592 donum
1578 4554 1684 4592 non
1752 4537 1965 4591 habenti

2079 4543 2388 4614 Χριστιανῴ
2434 4545 2730 4613 ἁγιασμὺν,
2768 4544 2861 4596 καὶ
2906 4543 3055 4597 λάϐω
3087 4543 3280 4613 δῶρον,
3314 4542 3452 4597 ὥστε
3494 4543 3661 4609 ἇγιον

402 4631 745 4701 sapientiam,
786 4645 894 4684 non
931 4631 1150 4684 habenti
1203 4629 1640 4702 intelligentiam,
1673 4630 1765 4684 sed
1785 4630 1875 4683 det
1900 4629 1977 4683 illi

402 4725 573 4776 solam
608 4723 787 4785 Iidem,
817 4723 1007 4790 quales
1035 4732 1161 4776 sunt
1190 4723 1343 4776 multi
1377 4723 1634 4775 habentes
1657 4720 1882 4786 donum,
1919 4729 1975 4774 ut

403 4815 624 4868 credant
641 4813 819 4868 solum
853 4813 1177 4884 Scriptnris,
1202 4814 1514 4882 ignorantes
1548 4815 1880 4883 Scripturas,
1924 4823 1977 4867 et

409 4907 703 4975 Scripturis
744 4907 1051 4969 credentes,
1089 4906 1220 4961 illud
1254 4906 1457 4960 donum
1490 4916 1733 4971 vocatur,
1765 4916 1817 4959 et
1860 4906 1978 4975 Spi-

408 5002 542 5054 titus
570 4999 716 5053 fidei.
749 4998 807 5053 Si
847 4999 972 5068 quis
992 4998 1224 5067 accipiat
1280 5001 1507 5062 donum,
1552 5009 1601 5052 et
1634 4998 1887 5052 virtutem
1942 5012 1973 5051 a

409 5092 608 5159 Spiritu
656 5100 866 5155 saneto,
910 5103 968 5144 ut
1025 5092 1210 5145 credat
1266 5091 1614 5159 promissioni
1683 5091 1971 5154 bonorum,

422 5198 524 5250 tua:
553 5183 754 5237 dantur
781 5183 835 5236 in
870 5182 1053 5235 futuro
1079 5182 1299 5244 smeulo,
1330 5182 1419 5235 ille
1448 5180 1707 5250 Spiritqu
1736 5184 1974 5251 promis-

408 5275 576 5326 sionis
636 5276 865 5343 accepit.
912 5272 969 5327 Si
1002 5274 1125 5343 quis
1170 5273 1369 5343 accipit
1414 5274 1694 5341 sapientia:
1742 5274 1972 5337 donum,

408 5374 608 5419 donum
643 5367 769 5419 illud
818 5376 1036 5420 vocatur
1069 5363 1302 5434 Spiritus
1336 5368 1633 5435 sapientia),
1694 5377 1746 5421 et
1796 5368 1981 5420 omnia

409 5463 544 5509 .‘tona
588 5456 826 5526 Spiritus
857 5460 1031 5511 sancti
1070 5465 1455 5526 nuncupantur
1511 5456 1768 5527 Spintus.
1806 5458 1870 5511 Et
1903 5468 1981 5511 at-

2074 4638 2219 4707 ἕχειν
2258 4636 2317 4690 τὸ
2349 4637 2510 4704 σῶμα
2544 4639 2634 4690 καὶ
2678 4639 2777 4706 τὴν
2822 4636 3021 4707 ψυχὴν,
3072 4638 3105 4706 ή
3153 4636 3335 4707 δωρεὰ
3365 4637 3399 4706 ἡ
3431 4635 3661 4691 δοθεῖσα

2079 4746 2170 4799 μοιι
2205 4730 2451 4781 καλεῖται
2484 4728 2710 4796 Πνεῦμα
2740 4729 3072 4797 ἁγιωσύνης,
3104 4730 3352 4781 τουτέστι
3373 4729 3654 4797 χάρισμα.

2088 4822 2212 4873 Ἐὰν
2239 4820 2314 4892 δῷ
2347 4823 2408 4874 τὸ
2438 4821 2659 4891 Πνεῦμα
2684 4822 2746 4874 τὸ
2791 4822 2946 4889 ἆγιον
2985 4821 3196 4889 δωρεάν
3224 4837 3330 4874 τινι
3361 4821 3436 4890 μὴ
3472 4819 3660 4890 ἔχοντι

2080 4913 2294 4982 σοφίαν,
2340 4914 2417 4985 μὴ
2444 4913 2621 4982 ἔχοντι
2646 4912 2869 4983 γνῶσιν,
2900 4913 3035 4965 ἀλλὰ
3067 4912 3140 4981 δῷ
3171 4911 3320 4980 αὐτῴ
3350 4912 3522 4980 μόνην
3566 4911 3663 4963 πί-

2083 5020 2221 5067 στιν,
2248 4998 2351 5057 οἶοί
2379 5005 2487 5058 εισι
2513 5005 2697 5057 πολλοὶ
2730 5006 2975 5076 χάρισμα
3004 5005 3221 5075 ἔχοντες
3245 5003 3340 5056 τοῦ
3372 5003 3663 5056 πιστεύειν

2084 5096 2245 5166 μόνον
2283 5095 2549 5165 Γραφαίς,
2602 5096 2704 5149 οὐκ
2731 5095 2931 5160 ειδότες
2961 5098 3058 5158 τὰς
3094 5095 3343 5166 Γραφάς,
3379 5093 3477 5147 καὶ
3535 5096 3663 5155 ταῖς

2082 5189 2199 5239 ἐκεῖ
2260 5186 2505 5258 Γραφαῖς
2571 5187 2957 5253 πιστεύοντες,
3027 5187 3272 5241 καλεῖται
3332 5186 3512 5254 δωρεά
3562 5186 3662 5236 καὶ

2084 5279 2311 5349 Πνεῦμα
2359 5282 2614 5341 πίστεως.
2665 5280 2791 5334 Ἐάν
2822 5297 2904 5342 τις
2941 5279 3080 5350 λάϐῃ
3124 5279 3335 5349 δωρεὰν
3367 5277 3463 5329 καὶ
3492 5274 3667 5327 δῦναι

2081 5388 2174 5440 μιν
2212 5373 2363 5441 παρὰ
2388 5372 2480 5425 τοῦ
2513 5372 2670 5439 ἁγίου
2704 5371 3016 5439 Πνεῦματος
3052 5373 3332 5425 πιστεύειν
3372 5371 3436 5437 τῇ
3485 5369 3667 5431 ἐπαγ-

2078 5464 2234 5535 γελίᾳ
2260 5467 2369 5518 τῶν
2401 5466 2691 5534 διδομένων
2716 5465 2938 5530 ἀγαθῶν
2975 5468 3035 5517 ὲν
3074 5464 3152 5532 τῷ
3188 5463 3455 5533 μέλλοντι,
3490 5458 3663 5511 ἔλαϐε

410 5550 569 5602 tende
603 5549 912 5617 diligenter,
948 5549 1074 5618 quia
1126 5548 1242 5603 haec
1294 5552 1457 5603 modo
1516 5550 1609 5603 tibi
1645 5551 1965 5619 speculativr

2082 5556 2305 5624 Πνεῦμα
2337 5556 2687 5622 ἐπαγγελίας.
2744 5556 2867 5609 Ἐάν
2900 5571 2984 5619 τις
3032 5554 3172 5625 λάϐῃ
3220 5553 3414 5621 σοφίας
3457 5551 3668 5620 δῶρον,

412 5641 768 5695 declaramus.
821 5639 1052 5705 Quando
1096 5642 1220 5710 quis
1255 5641 1418 5696 habet
1436 5643 1639 5698 donum
1674 5643 1977 5713 charitatis,

479 5794 703 5850 “Joan.
740 5812 848 5863 xiv,
887 5796 941 5854 6.
983 5796 1063 5829 "'
1089 5795 1250 5852 Rom.
1283 5812 1400 5863 vni,
1437 5797 1492 5850 2.
1556 5852 1573 5862 ί

2081 5646 2327 5701 καλεῖται
2378 5649 2410 5716 ἡ
2461 5648 2642 5717 δωρεά
2697 5644 2920 5716 Πνεῦμα
2969 5645 3206 5713 capia;-
3237 5647 3332 5700 καὶ
3361 5644 3540 5697 πάντα
3590 5640 3671 5694 τὰ
