3974 6570
357 516 456 578 ΞΗ

1395 525 1490 585 DE
1530 522 2046 585 PROCESSIONE
2088 525 2146 584 S.
2191 485 2578 584 SPlRlil'US.

3524 498 3635 577 24?

352 636 681 705 χαρίσματα
728 637 823 689 τοῦ
873 636 1192 706 Πνεύματος
1242 637 1491 691 καλεῖται
1531 637 1780 709 Πνεῦμα.
1834 638 1942 691 Καὶ

2060 636 2250 692 licitur
2284 636 2481 690 habere
2511 632 2772 702 Spiritum
2800 629 3105 685 elraritatis.
3136 626 3364 695 Quando
3399 627 3525 696 quis
3544 642 3634 680 ac-

354 726 597 798 πρόσεχε
643 728 822 782 τύπον
865 729 1365 800 διασαφηνιςόντων
1421 729 1577 799 ἡμῶν
1629 730 1692 784 ἐκ
1738 729 1937 801 μέρους

352 819 465 882 τάς
492 818 752 888 θεωρίας.
784 821 956 873 Ὀταν
984 838 1071 885 τις
1101 820 1199 893 ἔχῃ
1231 822 1479 893 χάρισμα
1509 822 1752 893 ἀγάπης,
1782 821 1935 890 λέγε.

352 927 455 964 ται
479 910 565 964 ὃτι
597 910 828 981 Πνεῦμα
855 911 1077 982 ἀγάπης
1123 912 1257 983 ἔχει.
1290 913 1460 967 Ὅταν
1490 912 1635 987 λάϐῃ
1669 931 1753 978 τις
1782 914 1942 983 χάρι-

358 1020 485 1073 σμα
534 1003 861 1075 μαρτυρίου,
908 1004 1131 1071 λέγεται
1184 1004 1414 1075 Πνεῦμα
1443 1005 1728 1078 δυνάμεως
1772 1005 1938 1076 ἔχειν,

352 1094 619 1148 τουτέστι
647 1092 912 1165 χάρισμα·
943 1093 1247 1166 ἐπειδήπερ
1268 1095 1329 1148 τὸ
1351 1094 1692 1165 δωρούμενον
1716 1093 1944 1164 Πνεῦμα

354 1188 527 1255 ἅγιον
571 1186 838 1253 καλεῖται,
870 1186 965 1239 καὶ
998 1187 1059 1240 τὸ
1104 1186 1278 1257 δῶρον
1310 1186 1618 1258 ὁμωνύμως
1653 1189 1731 1258 τῷ
1782 1185 1941 1259 χαρί-

356 1277 543 1340 (om.
579 1296 599 1329 ι
631 1277 741 1331 Καὶ
795 1277 916 1347 μετ’
940 1278 1099 1346 ὀλίγα
1129 1293 1144 1309 ⁸
1183 1296 1202 1331 r
1246 1279 1402 1333 Πῦτω
1450 1280 1546 1333 καὶ
1584 1282 1611 1333 δ
1672 1280 1943 1349 μακάριος

372 1371 620 1432 ἰσαῖαςο
655 1389 674 1422 r
718 1370 1112 1437 Ἐξελεύσεται,
1150 1373 1304 1442 φησὶ,
1336 1373 1531 1443 ῥάϐδος
1562 1374 1625 1425 ὲκ
1652 1372 1756 1443 τῆς
1788 1371 1946 1443 ῥίζης

370 1461 601 1526 Ἰεσσαὶ,
646 1461 743 1516 καὶ
773 1461 931 1525 ἄνθος
956 1463 1016 1528 ἓξ
1047 1464 1219 1533 αὐτῆς
1253 1463 1590 1532 ἀναϐήσεται
1621 1464 1715 1518 καὶ
1746 1465 1947 1519 ὲπαναο

356 1553 640 1606 παύσεται
692 1553 972 1608 ὲπάῦτδν
1009 1554 1235 1624 Πνεῦμα
1293 1554 1389 1607 τοῦ
1444 1553 1603 1608 Θεοῦ.
1647 1572 1666 1607 ι
1705 1550 1834 1607 Ὧδε
1887 1552 1948 1606 τὸ

353 1646 545 1714 ὄνομα
578 1646 675 1713 τῆς
705 1647 922 1714 φύσεως
954 1647 1117 1700 αὐτοῦ
1151 1646 1247 1699 τοῦ
1281 1646 1598 1717 Πνεύματος
1627 1662 1641 1676 '
1673 1645 1861 1699 λοιπον
1889 1642 1948 1699 δὲ

353 1738 440 1789 τὰ
460 1737 777 1806 χαρίσματα
805 1754 818 1769 ⁸
846 1738 1064 1808 πνεῦμα
1090 1740 1282 1808 σοφίας
1300 1741 1394 1793 καὶ
1423 1740 1715 1804 συνέσεως,
1732 1737 1950 1808 πνεῦμα

356 1825 569 1896 βουλῆς
599 1829 690 1880 καὶ
723 1826 923 1897 ἰσχύος,
958 1829 1179 1897 πνεῦμα
1226 1830 1503 1898 γνώσεως,
1534 1830 1753 1901 πνεῦμα
1794 1832 1949 1884 εύσε-

356 1917 563 1980 σείας,
620 1917 839 1988 πνεῦμα
905 1920 1074 1988 φόϐου
1129 1921 1289 1978 Θεοῦ.
1360 1941 1378 1973 ι
1424 1922 1536 1976 Καὶ
1601 1922 1945 1993 μετ’ὁλίγα·

366 2026 391 2057 ε
443 2008 677 2062 Ἔλαϐεν
704 2012 732 2063 ὁ
758 2008 1026 2065 διδάσκων
1056 2010 1276 2083 πνεῦμα
1312 2014 1527 2084 σοφίας,
1569 2016 1596 2068 δ
1626 2015 1948 2086 διδασκόμε-

358 2117 465 2164 νος
498 2102 715 2172 πνεῦμα
746 2103 1038 2172 συνέσεως,
1082 2104 1171 2159 ἵνα
1201 2109 1361 2178 συνῇ.
1416 2108 1514 2162 Διὰ
1547 2109 1707 2161 τοῦτο
1748 2107 1950 2171 Ἰσαΐας

356 2192 473 2263 τὴν
509 2195 700 2262 σοφίαν
745 2196 1044 2266 ἐπιγράφει
1077 2198 1155 2267 τῷ
1186 2199 1426 2268 λέγοντι,
1473 2200 1574 2270 τὴν
1605 2201 1825 2253 σύνεσιν
1872 2199 1949 2269 τῷ

355 2285 646 2352 ἀκούοντι,
675 2289 769 2342 καί
798 2307 954 2357 φησι,
990 2292 1152 2358 σοφὸν
1182 2292 1567 2363 ἀρχιτέκτονα,
1600 2293 1694 2346 καὶ
1727 2294 1949 2347 συνετὸν

355 2378 670 2449 ἀκροατήν.
704 2380 927 2451 Πνεῦμα
958 2381 1155 2453 βουλῆς
1189 2384 1391 2439 δίδοται
1427 2384 1504 2455 τῷ
1542 2385 1947 2455 γνωμοδοτοῦν-

355 2485 448 2533 τι,
480 2470 696 2541 πνεῦμα
726 2470 912 2543 ἰσχύος
940 2474 1019 2545 τῷ
1044 2475 1142 2543 τὴν
1176 2474 1403 2546 γνώμην
1440 2477 1741 2547 δεχομένῳ.
1775 2494 1794 2529 ι
1836 2477 1944 2530 Καὶ

365 2561 518 2630 μετά
541 2578 662 2616 τινα
697 2564 799 2634 τῆς
830 2569 1162 2637 περικοπῆς·
1202 2585 1222 2619 r
1265 2566 1741 2636 Ἐπαναλαμϐάνω
1770 2565 1949 2620 τοίνυν

356 2652 442 2705 τά
494 2653 735 2723 ὀνόματα
780 2655 879 2727 τῆς
931 2657 1210 2727 ἁφράστου
1243 2658 1480 2727 φύσεως,
1534 2657 1754 2729 πνεῦμα
1787 2658 1948 2724 Θεοῦ,

362 2739 595 2813 πνεῦμα
638 2743 699 2797 τδ
748 2744 814 2799 ὲκ
869 2745 965 2798 τοῦ
1014 2745 1173 2810 Θεοῦ,
1210 2746 1430 2818 πνεῦμα
1460 2748 1689 2818 Κυρίου,
1728 2748 1950 2818 πνεῦμα

361 2834 608 2905 Πατρδς,
638 2832 853 2907 πνεῦμα
879 2837 1033 2902 Υίοῦ,
1053 2839 1284 2911 πνεῦμα
1310 2839 1576 2909 Χριστοῦ,
1606 2841 1827 2911 πνεῦμα
1854 2837 1949 2892 τοῦ

362 2926 688 2996 ἐγείραντος
739 2928 832 2983 τὸν
883 2928 1141 3002 Χριστὸν,
1199 2930 1425 3004 πνεῦμα
1480 2931 1669 3004 ζωῆς,
1732 2929 1951 3003 πνεῦμα

2043 728 2247 798 ceperit
2306 728 2509 783 donum
2571 722 2839 796 martyrii,
2901 722 3102 778 dicitur
3162 720 3355 775 habere
3413 720 3630 776 virtutis

2046 820 2333 891 Spiritum,
2409 823 2511 875 hnc
2560 826 2643 876 est
2684 819 2889 874 donum
2923 837 2940 873 :
2974 816 3118 886 quod
3158 814 3345 870 datum
3396 812 3632 881 Spiritus

2045 922 2272 969 sanctus
2302 914 2626 984 appellatur,
2666 914 2730 967 et
2762 912 2961 969 donum
3003 908 3190 966 eodem
3221 907 3468 970 nomine,
3515 919 3624 975 quo

2045 1006 2116 1072 is,
2141 1007 2232 1077 qui
2271 1007 2457 1062 donat.
2491 1025 2508 1059 ι
2554 1005 2619 1060 Et
2653 1005 2844 1073 paucis
2879 1002 3200 1073 interiectis.
3248 1020 3266 1053 r
3306 1001 3383 1055 ita
3423 1008 3475 1055 et
3506 1002 3634 1053 bea'

2049 1098 2371 1154 tuslsaias:
2410 1116 2429 1149 r
2498 1097 2839 1168 Egredietur,
2893 1095 3090 1165 inquit.
3126 1093 3193 1148 de
3248 1090 3429 1146 radice
3479 1087 3634 1146 Iesse

2047 1192 2225 1262 virga,
2255 1200 2308 1245 et
2339 1190 2441 1246 llos
2473 1205 2535 1245 ex
2594 1203 2655 1242 ea
2687 1187 2961 1250 ascendet,
3024 1193 3076 1241 et
3130 1185 3433 1254 requiescet
3471 1198 3634 1251 super

2053 1297 2178 1337 eum
2211 1282 2449 1352 Spiritus
2469 1279 2562 1335 Dei
2595 1280 2663 1335 ³⁸.
2710 1297 2727 1331 ι
2765 1278 2862 1333 Hic
2888 1286 2970 1333 est
2994 1293 3189 1332 nomen
3224 1275 3393 1344 ipsius
3430 1281 3635 1327 natura:

2054 1373 2318 1444 Spiritus,
2350 1373 2607 1441 deinceps
2657 1377 2958 1439 sequuntur
3008 1369 3149 1423 dona
3180 1385 3193 1421 :
3219 1366 3450 1437 Spiritus
3486 1364 3634 1434 sapi-

2051 1466 2212 1521 entia:
2246 1473 2300 1519 et
2334 1466 2658 1528 intellectus,
2701 1462 2936 1532 Spiritus
2967 1461 3177 1516 consilii
3205 1457 3633 1520 etiortitudinis,

2059 1555 2296 1626 Spiritus
2325 1554 2670 1627 cognitionis.
2720 1551 2955 1622 Spiritus
2993 1552 3229 1622 pietatis,
3281 1548 3515 1618 Spiritus
3566 1547 3635 1601 ti-

2051 1648 2220 1703 moris
2254 1646 2377 1701 Dei.
2416 1666 2435 1699 ι
2469 1644 2535 1700 Et
2571 1653 2691 1716 post
2722 1659 2892 1715 pauca
2934 1662 2948 1698 :
2988 1661 3006 1694 ι
3036 1641 3259 1711 Accepit
3285 1640 3488 1695 docens
3513 1638 3637 1709 Spi—

2052 1741 2216 1795 ritum
2250 1739 2548 1808 sapientiae,
2584 1746 2638 1791 et
2689 1736 2977 1791 addiscons
3027 1732 3288 1804 Spiritum
3325 1730 3633 1800 intelligvn.

2052 1829 2162 1890 tim,
2192 1837 2251 1881 ut
2274 1827 2556 1895 intelligat.
2591 1825 2879 1895 Propterea
2922 1824 3088 1879 lsaias
3110 1821 3427 1892 sapientiam
3458 1820 3632 1875 ascri-

2053 1922 2136 1979 bit
2159 1923 2379 1987 dicenti,
2410 1923 2738 1979 intellectum
2770 1920 3036 1976 audienti.
3072 1919 3135 1974 Et
3165 1919 3367 1989 inquit,
3409 1918 3627 1987 sapien—
3669 1930 3675 1935 '

2052 2016 2157 2068 lem
2198 2012 2581 2079 architectum,
2606 2022 2661 2069 et
2688 2012 3070 2081 intelligentern
3104 2010 3430 2066 auditorem.
3460 2007 3638 2078 Spiri-

2051 2111 2138 2158 tus
2170 2101 2388 2158 consilii
2439 2102 2602 2159 datur
2632 2101 2970 2166 consiliario,
3006 2099 3244 2169 Spiritus
3293 2095 3636 2153 fortitudinis

2048 2194 2343 2249 consilium
2365 2195 2676 2264 accipienti.
2712 2213 2729 2246 ι
2762 2193 2826 2249 Ει
2856 2202 2977 2263 post
3006 2193 3110 2247 alia
3140 2190 3397 2245 nonnulla
3424 2188 3637 2259 pericu-

2049 2302 2146 2358 pes
2186 2303 2201 2345 :
2241 2305 2261 2338 r
2301 2286 2507 2356 Repeto
2561 2287 2726 2358 igitur
2773 2286 2993 2341 nomina
3064 2276 3354 2339 ihell'aliilis
3411 2290 3638 2335 natura»

2049 2378 2277 2448 spiritus
2305 2378 2420 2443 Dei,
2456 2379 2679 2449 spiritus
2705 2378 2797 2449 qui
2840 2393 2906 2432 ex
2958 2372 3090 2445 Deo,
3132 2375 3352 2445 spiritus
3399 2370 3637 2433 Domini,

2051 2469 2278 2539 spiritus
2310 2469 2507 2534 Patris,
2539 2469 2762 2540 spiritus
2784 2468 2932 2533 Filii,
3003 2468 3227 2538 spiritus
3256 2464 3479 2528 Christi,
3519 2461 3635 2531 spi-

2056 2561 2198 2616 ritus
2226 2563 2319 2631 qui
2359 2562 2617 2617 excitavit
2646 2562 2947 2624 Christum,
2969 2560 3196 2631 spiritus
3231 2559 3376 2623 ritre,
3414 2554 3640 2626 spiritus

2055 2653 2329 2709 veritatis.
2364 2653 2494 2710 Dein
2518 2655 2684 2718 dona,
2714 2654 2941 2724 spiritus
2984 2652 3221 2716 virtutis,
3253 2650 3476 2721 spiritus
3509 2648 3639 2702 elia-

2056 2744 2257 2810 ritatis,
2286 2744 2510 2817 spiritus
2551 2747 2947 2817 temperantiae,
2977 2744 3205 2815 spiritus
3236 2739 3640 2814 promissionis.

2057 2837 2283 2907 spiritus
2329 2838 2477 2906 ﬁdei,
2526 2837 2754 2910 spiritus
2801 2836 3171 2903 revelationis,
3224 2831 3452 2905 spiritus
3507 2829 3644 2885 ado-

2056 2929 2261 3001 ptionis
2286 2930 2541 2986 tiliorum.
2570 2948 2589 2982 ι

363 3023 654 3094 ἀληθείας.
685 3025 888 3079 Λοιπὸν
907 3026 975 3079 τὰ
1010 3027 1356 3099 χαρίσματα,
1426 3029 1647 3099 πνεῦμα
1708 3027 2013 3099 δυνάμεως,
2069 3026 2291 3098 πνεῦμα
2345 3028 2608 3099 ἀγάπης,
2664 3023 2884 3096 πνεῦμα
2934 3018 3363 3094 σωφρονισμοῦ,
3423 3017 3643 3089 πνεῦμα

363 3118 730 3186 ἐπαγγελίας,
751 3119 971 3190 πνεῦμα
991 3121 1246 3187 πίστεως,
1269 3121 1491 3192 πνεῦμα
1520 3121 1939 3193 ἀποκαλύψεως,
1976 3123 2197 3194 πνεῦμα
2233 3120 2529 3185 υἱοθεσίας.
2574 3140 2593 3174 ι

444 3214 519 3285 γ’.
573 3216 760 3269 Ταῦτα
815 3217 1002 3286 σαφῶς
1057 3217 1151 3272 τοῦ
1213 3221 1675 3292 Χρυσορρήμονος
1731 3220 1948 3293 Πατρδς

364 3305 829 3376 διηυκρινηκὸτος
876 3306 972 3360 καὶ
1026 3308 1495 3378 παραδεδωκότος,
1534 3310 1612 3381 πῆ
1647 3310 1747 3379 μέν
1803 3312 1951 3364 ἐστιν
1978 3294 2025 3360 C

367 3397 609 3451 ἀκοῦσαι
635 3398 696 3449 τὸ
733 3397 830 3452 τοῦ
862 3398 1172 3467 πνεύματος
1206 3400 1402 3470 ὄνομα,
1435 3403 1529 3455 καὶ
1560 3402 1754 3474 νοῆσαι
1785 3402 1951 3457 αὐτὸν

368 3487 467 3539 τὸν
509 3485 891 3556 Παράκλητον,
927 3489 1003 3559 πῆ
1033 3488 1090 3541 δὲ
1120 3489 1355 3543 ἀκοῦσαι
1391 3489 1552 3543 πάλιν
1581 3489 1755 3562 ὄνομα
1789 3492 1979 3546 πνεύηΔ

374 3594 571 3647 ματος,
613 3579 707 3630 καὶ
737 3578 931 3649 νοῆσαι
982 3579 1144 3649 χάριν
1176 3581 1297 3636 τινὰ
1331 3582 1673 3653 δηλουμένην
1710 3601 1954 3655 πνευμα-

366 3669 557 3739 τικὴν.
595 3666 704 3721 Ποῦ
755 3669 895 3723 εἰσιν
940 3671 987 3723 οί
1024 3671 1247 3741 σύμπαν
1279 3673 1340 3728 τὸ
1366 3673 1563 3728 δοκοῦν
1598 3675 1781 3739 αὐτοῖς
1813 3677 1954 3731 ἀπυ-

369 3758 536 3829 λώτῳ
587 3761 1026 3831 άπερευγόμενοι
1081 3764 1351 3834 στόματι,
1406 3767 1501 3818 καὶ
1553 3765 1956 3836 διενιστάμενοι

378 3850 511 3920 οὐχὶ
552 3850 652 3921 τὴν
701 3851 866 3920 φύσιν
911 3853 1008 3906 τοῦ
1061 3854 1217 3923 άγίου
1272 3854 1593 3926 Πνεύματος
1635 3857 1952 3928 δηλοῦσθαι,

372 3942 519 3998 ἀλλὰ
567 3942 637 3996 τά
678 3944 1028 4014 πνευματικά
1058 3946 1377 4016 χαρίσματα
1418 3949 1695 4018 πανταχοῦ
1737 3951 1796 4001 ἐν
1825 3950 1956 4019 οίῳο

375 4030 558 4102 δήτινι
607 4034 674 4087 ἂν
721 4032 824 4102 τῆς
862 4033 1014 4097 θείας
1062 4036 1283 4107 Γραφῆς
1340 4036 1496 4107 μέρει
1536 4038 1865 4109 εὑρίσκηται
1897 4038 1958 4093 τὸ

377 4121 609 4195 Πνεῦμα
630 4126 692 4179 τὸ
719 4126 875 4194 ἆγιον
905 4125 1176 4197 ὑπάρχον,
1211 4130 1308 4182 καὶ
1333 4128 1659 4194 ἀναὸλύξον,
1702 4132 1795 4184 καὶ
1822 4147 1958 4201 προ-

378 4216 643 4285 χεόμενον
683 4216 742 4282 ἐξ
787 4212 939 4282 Υίοῦ,
966 4217 1043 4280 ὡς
1075 4218 1141 4271 ἂν
1172 4219 1315 4272 κατὰ
1344 4220 1406 4273 τὸ
1432 4219 1623 4274 δοκοῦν
1650 4221 1836 4285 αὐτοῖς
1866 4223 1951 4275 ὲν-

378 4306 575 4361 τεῦθεν
606 4307 957 4379 ἀποδειχθείη
986 4307 1061 4378 μὴ
1092 4309 1192 4380 τὴν
1218 4310 1361 4363 κατᾶ
1388 4310 1484 4364 τοῦ
1523 4313 1701 4379 Λόγου
1730 4310 1961 4381 θεότητα

379 4402 446 4454 ἐκ
484 4399 577 4452 τοῦ
629 4395 761 4453 Υίοῦ
813 4400 911 4469 τὴν
948 4397 1111 4469 φύσιν
1141 4396 1279 4455 εῖναι
1319 4401 1413 4455 τοῦ
1447 4402 1787 4476 Πνεῦματος,
1824 4404 1961 4474 μηδὲ

382 4492 705 4563 προχεῖσθαι
756 4491 964 4561 ταύτην
1011 4492 1108 4545 καὶ
1158 4492 1219 4557 ἐξ
1257 4490 1446 4556 αὑτοῦ,
1479 4494 1734 4565 καθάπερ
1766 4495 1961 4566 ἀμέλει

2125 3223 2180 3277 5.
2210 3220 2335 3276 Ilaec
2368 3220 2547 3291 palam
2601 3218 2991 3289 Chrysostomo
3035 3212 3400 3277 discernente,
3423 3208 3644 3263 traden-

2057 3321 2219 3385 teque
2267 3310 2563 3382 aliquando
2602 3308 2855 3363 audimus
2882 3305 3105 3377 spiritus
3137 3318 3356 3365 nomen,
3393 3309 3445 3356 et
3472 3300 3643 3355 Para-

2059 3403 2257 3459 cletum
2291 3403 2469 3473 ipsum
2496 3400 2869 3470 intelligimus,
2909 3396 3201 3465 aliquando
3245 3407 3437 3448 rursus
3486 3390 3641 3445 audir

2055 3509 2180 3549 mus
2214 3509 2409 3549 nomen
2435 3491 2683 3563 spiritus,
2718 3499 2769 3545 et
2794 3489 3011 3559 aliquod
3047 3485 3291 3556 spiritale
3312 3483 3517 3537 donum
3547 3496 3642 3549 per

2056 3586 2187 3641 illud
2212 3586 2510 3640 indicatum
2543 3582 2948 3653 cognoscimus.
2977 3578 3209 3635 Ubinam
3241 3584 3368 3631 sunt
3392 3575 3491 3641 illi,
3523 3573 3640 3643 qui,

2058 3677 2325 3751 quidquid
2359 3678 2536 3732 risum
2575 3674 2765 3738 fuerit,
2808 3672 2995 3728 eﬂ‘reni
3045 3684 3140 3724 ore
3173 3667 3444 3731 eil‘uliunt,
3512 3679 3643 3719 cono

2058 3770 2414 3837 tenduntque,
2455 3782 2559 3821 non
2585 3776 2833 3820 naturam
2868 3763 3039 3818 sancti
3070 3761 3308 3831 Spiritus
3368 3756 3638 3819 denotari,

2060 3861 2154 3917 sed
2190 3874 2404 3930 semper
2442 3857 2704 3927 spiritalia
2734 3856 2877 3911 dona
2919 3857 2969 3908 in
2995 3865 3318 3922 quacunque
3345 3846 3642 3916 Scriptura:

2062 3962 2214 4024 parte
2241 3951 2533 4021 reperitur,
2566 3948 2833 4018 Spiritum
2892 3955 3141 4001 sanctum
3198 3956 3338 4007 esse,
3384 3951 3641 3994 emanare

2059 4053 2111 4101 et
2158 4042 2359 4097 eﬂ'undi
2387 4056 2452 4095 ex
2500 4038 2662 4098 Filio.
2703 4047 2761 4092 nt
2796 4038 2939 4096 inde,
2971 4051 3069 4104 pro
3092 4032 3342 4096 arbitrio,
3398 4040 3643 4098 nutuque

2062 4152 2164 4194 suo
2186 4136 2579 4198 demonstrent,
2609 4147 2713 4184 non
2754 4130 3055 4183 secundum
3091 4124 3254 4180 Verbi
3278 4122 3639 4182 divinitatem,

2063 4244 2128 4284 ex
2158 4226 2295 4280 Filio
2329 4236 2577 4280 naturam
2602 4237 2720 4278 esse
2751 4219 3012 4290 Spiritus,
3046 4232 3145 4272 nec
3179 4213 3381 4273 effundi
3425 4226 3545 4267 eam
3576 4226 3641 4263 ex

2063 4320 2204 4389 ipso,
2246 4316 2707 4388 quemadmodum
2739 4314 2943 4369 scilicet
2974 4321 3026 4364 et
3056 4326 3121 4364 ex
3150 4307 3348 4365 Patre?
3395 4305 3642 4373 Namque

2065 4411 2109 4467 si
2145 4412 2208 4464 de.
2242 4409 2558 4463 nominibus
2588 4405 2822 4476 Spiritus
2857 4405 3022 4458 verba
3045 4401 3250 4456 faciens
3269 4406 3512 4459 sanctus,
3543 4394 3639 4456 ait.

2072 4523 2089 4555 ι
2120 4501 2326 4557 Nomen
2363 4514 2486 4553 vero
2517 4497 2709 4566 ipsius,
2749 4495 2985 4565 Spiritus
3024 4502 3267 4557 sanctus,
3294 4490 3518 4560 spiritus
3547 4501 3641 4540 ve-

381 4602 468 4636 τοι
509 4585 604 4637 καὶ
651 4585 717 4637 ὲκ
762 4580 857 4637 τοῦ
898 4584 1153 4654 Πατρός;
1197 4585 1262 4639 Ei
1292 4588 1400 4657 γάρ
1426 4589 1516 4641 τὸν
1544 4588 1673 4659 ’περὶ⁵
1709 4587 1819 4642 τῶν
1850 4590 1952 4644 ὀνο-

2069 4592 2265 4650 ritatis.
2296 4589 2520 4658 spiritus
2548 4587 2660 4654 Dei,
2694 4586 2917 4655 spiritus
2963 4582 3161 4647 Patris,
3190 4579 3413 4659 spiritus
3438 4575 3580 4631 Filii.
3619 4594 3638 4627 ι

386 4677 575 4745 μάτων
605 4675 764 4745 λόγον
810 4678 838 4729 ὁ
872 4649 1031 4744 ἅγιος
1073 4649 1400 4748 ποιούμενός
1444 4649 1648 4748 φησιν’·
1687 4699 1706 4733 ι
1749 4682 1952 4752 ὀνομα

2071 4684 2136 4739 Ει
2175 4649 2375 4738 additu
2426 4699 2445 4732 ι
2492 4679 2617 4735 Πινο
2645 4649 2798 4734 enim
2836 4684 2916 4731 est
2961 4674 3175 4745 propria
3332 4670 3507 4740 prima
3548 4682 3644 4736 ap-

381 4766 442 4819 ss
483 4766 670 4830 αὑτοῦ,
704 4762 927 4837 Πνεῦμα
957 4766 1136 4837 ἅγιον,
1171 4764 1388 4839 πνεῦμα
1432 4770 1711 4840 ἀληθείας,
1744 4765 1962 4840 πνεῦμα

381 4856 482 4914 τοῦ
510 4859 673 4926 Θεοῦ,
705 4860 925 4930 πνεῦμα
958 4856 1050 4914 τοῦ
1084 4862 1321 4931 Πατρός,
1356 4861 1576 4932 πνεῦμα
1609 4859 1699 4917 τοῦ
1738 4865 1889 4919 Υίοῦ.
1937 4885 1955 4918 ι

393 4953 506 5006 Καὶ
538 4952 897 5023 προστίθησιν
926 4968 942 4983 ’
977 4971 995 5004 ι
1029 4953 1183 5023 Αὕτη
1242 4953 1352 5021 γάρ
1402 4954 1551 5007 ἐστιν
1584 4956 1617 5025 η
1648 4956 1815 5026 κυρία
1870 4956 1967 5009 καὶ

387 5045 583 5114 πρώτη
642 5044 1011 5115 προσηγορία,
1044 5045 1079 5115 ἠ
1110 5046 1598 5115 ὲμφαντικωτέραν
1625 5046 1823 5115 ἔχουσα
1862 5046 1964 5119 τὴν

385 5139 653 5201 διάνοιαν,
700 5139 791 5190 καὶ
846 5135 1168 5209 παριστῶσα
1199 5136 1291 5190 τοῦ
1333 5137 1490 5206 ἁγίου
1520 5138 1837 5209 Πνεύματος
1867 5143 1966 5211 τὴν

388 5231 576 5300 φύσιν,
604 5231 698 5283 καὶ
730 5231 928 5299 ἐπάγει
954 5229 1130 5284 ταῦτα
1158 5231 1225 5284 τά
1266 5233 1508 5301 ὀνόματα
1539 5232 1708 5300 αὐτῆς
1739 5232 1836 5300 τῆς
1865 5233 1932 5285 αὐ
1951 5265 1966 5276 ο

388 5323 629 5386 θεντίας,
659 5322 831 5391 αὐτῆς
857 5322 957 5391 τῆς
981 5319 1075 5375 τοῦ
1112 5321 1269 5390 ἁγίου
1298 5322 1614 5390 Πνεύματος
1649 5323 1864 5392 φύσεως
1890 5342 1904 5355 ο
1944 5344 1961 5377 ι

387 5415 475 5476 τίς
506 5414 575 5467 ἂν
607 5416 681 5483 μὴ
716 5413 1041 5483 βουλόμενος
1075 5415 1172 5484 τὴν
1201 5412 1463 5482 ἀλήθειαν
1491 5415 1819 5486 ἐπηρεάζειν
1846 5416 1966 5469 διαο·

388 5507 557 5576 κενῆς
600 5505 699 5575 οὐχ
744 5506 1099 5577 ὁμολογήσειε
1124 5506 1185 5557 τὸ
1218 5508 1275 5559 ὲν
1305 5509 1422 5569 ταῖς
1470 5507 1709 5572 Γραφαίς
1760 5507 1966 5577 ἀδιορί-

389 5613 535 5658 στως
586 5596 874 5667 εἰρημένον
922 5599 1077 5664 ἅγιον
1128 5592 1352 5668 Πνεῦμα
1389 5597 1562 5665 αὐτῆς
1588 5598 1687 5666 τῆς
1717 5597 1960 5668 φύσεως,

390 5688 566 5754 αὐτῆς
595 5687 692 5751 τῆς
728 5687 1014 5750 αύοεντίας
1039 5684 1131 5741 τοῦ
1179 5687 1541 5759 Παρακλὴτου
1586 5688 1758 5758 ὄνομα
1786 5685 1959 5755 sint;

388 5775 506 5827 Καὶ
560 5775 608 5824 εἰ
654 5773 833 5839 τοῦτο,
884 5775 1000 5839 πῶς
1034 5777 1101 5830 ἂν
1132 5777 1457 5848 τολμήσειεν
1489 5780 1661 5831 εἰπεῖν
1716 5780 1962 5849 χάρισμα

466 5931 513 5962 ³⁶
542 5934 643 5988 lsa.
677 5952 752 5997 ιι,
786 5936 833 5997 ι,
870 5936 923 5988 2.

2072 4774 2315 4846 pellatio,
2366 4788 2490 4842 quae
2539 4769 2866 4825 sententiam
2922 4766 3084 4820 habet
3131 4761 3551 4833 expressiorem,
3592 4764 3647 4811 et

2072 4877 2323 4923 naturam
2357 4864 2593 4936 Spiritus
2639 4862 2815 4919 sancti
2852 4869 3222 4931 repraesentat.
3267 4875 3285 4908 ι
3326 4854 3463 4908 Tum
3513 4850 3645 4905 sub-

2074 4957 2410 5014 ditdeinde:
2450 4975 2468 5008 ι
2509 4953 2633 5010 Haec
2664 4961 2795 5009 sunt
2820 4952 3038 5007 nomina
3078 4949 3249 5019 ipsius
3286 4942 3631 5013 sanetiSpir-i-

2077 5059 2163 5105 tus
2193 5060 2439 5115 naturae,
2499 5067 2517 5099 ι
2562 5047 2709 5117 quis,
2741 5044 3039 5101 dummodo
3095 5041 3378 5097 veritatem
3444 5036 3648 5091 frustra

2074 5156 2390 5213 oppugnare
2421 5157 2529 5195 non
2556 5139 2780 5210 appetit,
2816 5153 2920 5192 non
2955 5135 3228 5198 fatebitur,
3266 5131 3357 5202 qui
3419 5131 3471 5183 in
3504 5126 3648 5182 Scri—

2076 5234 2250 5303 pturis
2290 5232 2604 5286 indistincte
2639 5230 2876 5301 Spiritus
2902 5238 3126 5284 sanctus
3163 5222 3454 5285 vocitatur,
3476 5218 3648 5287 ipsius

2076 5332 2303 5385 naturm,
2331 5321 2505 5392 ipsius
2543 5322 2856 5377 dominatus
2912 5316 3179 5373 Paracleti
3225 5328 3419 5369 nomen
3474 5308 3647 5363 esse?

2077 5413 2141 5467 Et
2187 5414 2233 5467 si
2262 5413 2314 5467 id
2348 5424 2458 5479 est,
2486 5429 2720 5483 quanam
2749 5413 2957 5466 ratione
2991 5408 3214 5464 audebit
3243 5405 3509 5460 aﬂirmare
3551 5398 3648 5453 do-

2076 5521 2205 5559 num
2250 5505 2495 5574 spiritaie
2534 5505 2780 5559 rlenotari
2804 5518 2936 5569 cum
2991 5514 3157 5570 prope
3189 5495 3323 5550 locis
3355 5491 3649 5561 Scriptura:

2072 5596 2680 5665 innumerisreperitur,
2712 5609 2854 5648 nunc
2893 5592 3111 5661 quidem
3146 5587 3378 5656 Spiritus
3423 5588 3648 5637 sanctus

2071 5703 2136 5741 ex
2177 5686 2334 5739 l’aire
2357 5696 2421 5740 et-
2450 5685 2585 5739 Filio
2613 5684 2981 5754 progrediens,
3011 5693 3154 5733 nunc
3191 5692 3254 5732 ex
3290 5682 3520 5743 utroque
3548 5685 3647 5723 ex-

2074 5783 2295 5846 sistens,
2336 5790 2388 5835 ct
2414 5796 2557 5835 nunc
2591 5796 2654 5835 ex
2685 5778 2842 5835 Patre
2876 5788 3160 5839 emanans,
3189 5785 3335 5827 nunc
3381 5783 3447 5824 ex
3509 5763 3649 5821 Filio
