3974 6586
450 453 559 519 243

1481 468 1694 533 JOAN.
1734 471 1950 533 VECCI
1989 473 2096 535 (ΣΡ.
2139 475 2655 541 PATRIARCHJZ

3594 481 3700 548 254

451 564 710 621 exsiliens
762 568 1087 626 naturaliter
1142 580 1197 627 et
1266 575 1671 632 essentialiter?
1718 577 1911 642 Nemo,
1968 587 2027 634 ttt

2137 582 2425 653 δηλοῦσθαι
2452 586 2844 656 πνευματικὸν,
2876 588 3007 644 ὅταν
3039 587 3307 661 μυριαχοῦ
3341 589 3442 663 τῆς
3471 591 3698 664 Γραςθῖκ
3736 621 3746 635 ·

451 676 599 725 reor,
660 659 923 719 adversus
948 666 1229 720 veritatem
1275 667 1347 721 ita
1404 668 1804 728 inverecundus
1832 672 2019 739 fuerit,

452 762 514 803 ιιι
562 766 628 806 ex
655 751 759 819 bis,
787 770 907 824 quae
959 755 1377 829 Cbrysostomus
1410 759 1476 815 de
1515 764 1828 820 nominibus
1864 766 2036 837 δρίτι-

454 850 545 896 tus
574 846 924 914 praescripsit,
953 857 1154 903 certam
1186 859 1566 920 patentemque
1619 855 2035 911 demonstratio-

458 946 584 987 nem
618 949 723 989 non
775 934 994 1001 habeat,
1022 936 1195 1006 ipsam
1228 937 1491 996 Paracleti
1523 951 1774 998 naturam
1810 946 2024 1016 signifi-

2128 674 2474 747 εὑρίσκηται,
2502 676 2596 731 νῦν
2628 678 2726 749 μὲν
2751 678 2810 732 τδ
2844 680 3067 750 Πνεῦμα
3099 683 3159 736 τὸ
3205 683 3362 751 ἅγιον
3388 685 3452 738 ἐκ
3483 685 3700 754 Πατρὸς
3736 664 3741 673 ’

2136 767 2231 821 καὶ
2266 768 2396 823 Υίοῦ
2447 771 2658 841 προϊὸν,
2700 766 2794 825 νῦν
2825 772 2881 825 δὲ
2931 772 2991 838 ἐξ
3039 774 3244 844 ἀμφοῖν
3288 775 3555 845 ὑπάρχον,
3605 779 3702 831 καὶ

2133 857 2226 913 νῦν
2261 860 2359 928 μὲν
2381 861 2444 915 ἐκ
2470 861 2562 916 τοῦ
2596 864 2812 933 Πατρὸς
2842 864 3113 935 πηγάζον,
3143 862 3237 920 νῦν
3264 866 3322 921 δὲ
3346 866 3412 920 ἐκ
3439 866 3537 921 τοῦ
3569 865 3702 921 Υίοῦ

2130 950 2433 1016 ἀναϐλύζον
2484 955 2732 1023 φυσικῶς
2778 973 2837 1010 τε
2887 958 2983 1010 καὶ
3020 958 3339 1026 οὐσιωδῶςς
3391 960 3584 1024 οὐδεὶς
3610 960 3700 1025 ἂν,

458 1024 592 1091 cari,
625 1040 750 1081 cum
787 1027 910 1097 quis
952 1028 1274 1099 simpliciter
1318 1042 1374 1087 et
1427 1032 1734 1092 indistincte
1765 1036 2026 1107 Spiritum

2137 1034 2302 1110 οἶμαι,
2334 1043 2433 1113 τῆς
2465 1044 2721 1116 ἀληθείας
2750 1045 2892 1101 οῦτω
2919 1024 3447 1121 καταναιδεύσηται,
3482 1052 3562 1115 ὡς
3630 1037 3733 1122 μὴ’

454 1122 703 1169 sanctum
737 1118 1068 1186 pronuntiat.

2128 1132 2189 1198 ἐξ
2219 1127 2294 1188 ὧν
2319 1136 2347 1188 6
2385 1136 2808 1210 Χρυσοῤῥήμων
2838 1137 2948 1211 ἐφη
2980 1141 3107 1211 περὶ
3136 1141 3245 1194 τῶν
3282 1142 3567 1212 ὀνομάτων
3608 1143 3704 1198 τοῦ

455 1208 771 1279 Πνεῦματος
814 1209 1254 1283 ὁμολογουμένην
1295 1213 1442 1285 ἔχειν
1491 1217 1766 1283 ἀπόδειξιν
1798 1214 1890 1274 τοῖ
1958 1220 2131 1293 αὐτὴν
2161 1224 2258 1296 τὴν
2292 1225 2389 1281 τοῦ
2457 1208 2820 1303 Παραιιλήτου
2879 1208 3401 1307 φῦσιν-δηλοῦσθαι,
3463 1236 3707 1306 ὁπηνίκα

450 1320 536 1369 τις
570 1300 793 1377 Πνεῦμα
820 1305 976 1376 ἅγιον
1001 1306 1136 1379 λέγῃ
1162 1309 1349 1375 ἁπλῶς
1382 1312 1479 1367 καὶ
1522 1314 2015 1385 ἀπροσδιορίστως.

525 1401 578 1455 4.
604 1398 717 1457 Hac
749 1401 1217 1461 demonstratione
1256 1422 1357 1476 pro
1383 1418 1534 1465 certo
1561 1409 1764 1475 babita,
1793 1428 2028 1480 quanam

452 1495 666 1550 ratione
695 1495 822 1550 hinc
852 1495 986 1549 citra
1017 1498 1504 1555 contradictionem
1535 1516 1643 1557 non
1668 1513 1924 1573 sequetur
1944 1520 2029 1558 re-

452 1582 649 1640 futatio
683 1585 1001 1653 dicentium,
1044 1602 1109 1643 ex
1153 1587 1291 1645 Filio
1333 1605 1612 1658 emanare,
1670 1596 2031 1664 prosilireqne

455 1677 718 1748 Spiritum
752 1692 1026 1746 sanctum,
1065 1680 1230 1738 veluti
1288 1682 1492 1741 donum
1532 1686 1806 1756 quoddam
1868 1690 2027 1758 spiri-

454 1769 599 1825 tale?
629 1769 731 1825 Sed
754 1771 935 1827 adbuc
982 1771 1124 1829 ultra
1172 1773 1499 1832 blaterantes
1541 1778 1880 1848 obstrepunt.
1940 1781 2028 1846 Et,

449 1860 765 1930 ubicunque
787 1860 1020 1932 Spiritus
1040 1865 1215 1920 sancti
1239 1867 1443 1923 mentio
1472 1867 1857 1937 introducitur,
1889 1888 2031 1928 sem-

2205 1412 2269 1468 6‘.
2320 1414 2538 1486 Ταύτης
2589 1416 2636 1471 δ’
2690 1417 3124 1490 ὀμολογηθείσης
3170 1419 3271 1489 τῆς
3346 1420 3701 1486 ἀποδείξεως.

2138 1505 2256 1568 πῶς
2278 1506 2380 1562 οὐκ
2409 1508 2807 1581 ἀναντίρῤητος
2835 1509 3190 1582 ἀκολουθήσει
3222 1510 3472 1566 ἐντεῦθεν
3491 1514 3520 1566 6
3550 1514 3709 1581 ἐλεγ-

2133 1597 2357 1667 χοςτῶν
2408 1599 2676 1670 λεγόντων
2729 1603 2795 1656 ἐκ
2844 1601 2940 1656 τοῦ
2998 1602 3132 1657 Υίοῦ
3172 1604 3498 1670 ἀναϐλύζειν
3525 1610 3709 1662 τεκαὶ

2131 1686 2514 1759 ἀναπηγάζειν
2567 1690 2628 1745 τὸ
2683 1692 2911 1762 Πνεῦμα
2954 1693 3016 1747 τδ
3076 1693 3254 1762 ἆγιον,
3319 1694 3397 1758 ὡς
3461 1696 3708 1767 χάρισμά

2131 1791 2185 1828 τι
2228 1780 2594 1848 πνευματικόν
2617 1819 2633 1837 .
2670 1779 2812 1833 Ἀλλ’
2837 1780 2945 1835 ἰδοὺ
2974 1779 3139 1834 πάλιν
3159 1779 3521 1849 λαλαγοῦντές
3537 1800 3671 1852 φασι
3691 1801 3705 1815 ·

2132 1865 2243 1919 Καὶ
2274 1868 2322 1920 εί
2353 1866 2429 1939 μὴ
2462 1869 2741 1941 πανταχοῦ
2791 1870 3163 1939 πνευματικὸν
3230 1869 3490 1940 δηλοῦται
3550 1871 3709 1941 χάρι-

451 1968 550 2025 per
586 1954 792 2010 donum
821 1955 1064 2027 spiritale
1094 1957 1366 2026 denotari,
1398 1968 1452 2015 et
1480 1968 1740 2033 tanquam
1773 1980 1803 2020 a
1833 1980 2029 2024 conce-

2139 1973 2272 2025 σμα,
2300 1958 2433 2012 ὅπου
2483 1959 2551 2012 ἂν
2582 1958 2775 2031 ῥηθείη
2807 1963 2865 2012 τὸ
2894 1961 3120 2030 Πνεῦμα
3166 1961 3226 2014 τὸ
3266 1962 3445 2030 ἀγιον,
3473 1962 3551 2024 ὡς
3599 1964 3709 2017 ἀπὸ

452 2044 675 2114 ptaculo
690 2060 856 2102 carne
881 2047 1119 2115 Domini,
1150 2050 1292 2106 dona
1323 2051 1503 2120 dignis
1534 2053 1794 2125 impendi.
1824 2056 2033 2124 Quibus

452 2150 554 2193 nos
587 2153 779 2195 rursus
804 2138 920 2196 haec
965 2141 1201 2211 obiicere
1230 2159 1337 2200 non
1368 2144 1754 2204 detrectamus.
1784 2148 2034 2206 Addece-

451 2226 548 2283 bat
571 2242 690 2294 vos,
718 2231 811 2301 qui
856 2231 1258 2290 inconsiderate
1319 2235 1387 2291 de
1426 2238 1743 2295 nominibus
1797 2239 2035 2312 Spiritus

453 2317 772 2387 decernitis,
823 2322 951 2391 illis,
982 2342 1103 2394 qua:
1153 2326 1267 2397 jam
1322 2342 1486 2398 supra
1537 2338 1723 2387 nostra
1772 2332 2036 2402 {oratione

452 2413 720 2483 complexi
751 2432 963 2486 sumus,
991 2418 1232 2484 suaderi,
1268 2430 1324 2475 at
1353 2436 1502 2490 cum,
1537 2423 1668 2478 licet
1694 2424 1915 2492 exilem,
1947 2441 2035 2480 re-

455 2505 840 2573 prehensionis
869 2516 1052 2565 tamen
1085 2526 1273 2567 ansam
1324 2512 1482 2569 vobis
1514 2515 1756 2584 praebent
1785 2516 1840 2571 in
1870 2532 2034 2588 supra

462 2595 685 2652 laudata
724 2598 974 2655 oratione
1025 2615 1055 2654 a
1111 2602 1273 2657 beato
1322 2603 1712 2675 Cbrysostomo
1765 2609 2032 2678 exposita,

465 2686 553 2741 illa
589 2689 899 2760 evangelica
933 2691 1352 2771 interpretante,
1394 2715 1411 2748 ι
1455 2699 1527 2752 De
1558 2712 1679 2754 meo
1716 2701 1971 2771 accipiet,
2009 2720 2028 2753 ι

457 2791 557 2847 age
584 2777 694 2848 jam
727 2795 789 2834 ea
813 2780 1108 2840 dilucidius
1148 2765 1514 2856 exponentur,
1545 2790 1794 2858 utmagis
1822 2805 1884 2845 ac
1915 2810 2033 2846 tua-

457 2870 542 2938 gis
579 2880 771 2927 vestra:
793 2872 1260 2944 interpretationis
1284 2878 1521 2935 absurda
1551 2882 1818 2936 sententia
1849 2883 2036 2939 redar-

458 2969 675 3028 guatur.
716 2962 900 3020 Aureo
958 2966 1181 3036 eloquio
1226 2970 1491 3039 praeditus
1551 2970 1715 3027 Pater
1769 2972 2036 3029 adversus

465 3052 593 3108 illos
617 3062 892 3111 certamen
924 3056 1172 3123 subiens,
1219 3062 1311 3129 qui
1349 3077 1417 3116 ex
1465 3063 1570 3117 boc
1597 3063 1761 3127 dicto,
1800 3061 2035 3134 Spiritus

460 3154 708 3200 naturam
738 3145 878 3201 infra
923 3162 1046 3204 esse
1079 3159 1326 3206 naturant
1357 3150 1481 3208 Filii
1514 3154 1870 3222 comprobare
1894 3156 2034 3209 nite-

459 3236 693 3303 bantur;
726 3254 835 3309 quo
865 3240 1011 3297 enim
1038 3252 1215 3312 pacto,
1246 3245 1514 3309 dicentes,
1538 3261 1660 3300 esse
1692 3257 1873 3316 potest
1903 3246 2028 3318 Spi-

457 3329 595 3385 ritus
623 3329 761 3387 Filio
787 3334 1038 3404 aequalis,
1066 3336 1160 3405 qui
1185 3350 1248 3392 ex
1280 3352 1345 3392 eo
1379 3338 1577 3409 accipit
1604 3348 1657 3394 et
1706 3340 2028 3395 mutuatur?

456 3422 513 3478 in
547 3440 652 3480 una
712 3426 986 3496 pradicta:
1018 3430 1283 3486 orationis
1313 3441 1466 3503 parte
1517 3433 1632 3489 lucc
1688 3433 1753 3487 ad
1804 3434 2031 3489 verbum

453 3515 731 3584 edisserit,
768 3536 788 3572 ‹
822 3517 899 3576 De
935 3535 1054 3576 meo
1085 3522 1335 3592 accipiet,
1362 3532 1416 3578 et
1445 3525 2027 3591 annuntiabitvobisn

466 3617 521 3663 et
570 3618 630 3665 ut
674 3612 929 3667 ostendat
966 3629 1074 3668 non
1123 3611 1359 3683 Spiritus
1404 3616 1578 3672 sancti
1623 3619 1718 3673 sed
1766 3618 2032 3673 donorum

458 3702 788 3759 intentionem
816 3703 1032 3769 fecisse,
1063 3706 1247 3761 subdit
1272 3717 1559 3779 postquam
1582 3708 1719 3765 dixit
1754 3727 1769 3764 :
1806 3710 1879 3766 De
1913 3724 2034 3766 meo

457 3794 689 3865 accipiet
728 3798 1015 3854 confestim
1048 3814 1063 3852 :
1102 3796 1451 3871 Quaecunque
1503 3800 1667 3857 habet
1699 3798 1880 3867 Pater,
1913 3815 2033 3857 mea

458 3894 607 3941 sunt.
650 3907 669 3940 ι

527 4172 582 4227 5.
614 4170 682 4226 Ει
727 4187 893 4229 aurea
945 4174 1254 4247 eloquentia
1313 4176 1473 4233 Pater
1510 4178 1625 4234 haec
1689 4179 1869 4234 tradit.
1928 4177 2035 4236 Vos

413 4278 587 4319 .vero
618 4265 950 4323 dictionibus
1011 4268 1280 4324 malitiose
1336 4270 1685 4337 insistentes,
1751 4272 2035 4328 audientes

457 4368 705 4413 sanctum
744 4358 977 4423 tradere,
1004 4375 1110 4415 non
1145 4359 1380 4431 Spiritus
1416 4363 1615 4428 sancti,
1647 4365 1741 4421 sed
1767 4363 2033 4420 donorum

461 4449 793 4506 mentionem
819 4449 1037 4518 fecisse,
1080 4450 1321 4508 Verbum
1355 4454 1680 4526 arripientes
1712 4471 1780 4510 ex
1808 4456 1992 4511 animo
2018 4472 2033 4511 :

461 4538 597 4596 Vide
629 4540 812 4607 modo,
841 4542 1085 4612 inquitis,
1140 4558 1207 4600 en
1236 4544 1454 4614 eloquio
1486 4560 1655 4601 aureo
1678 4546 1840 4601 Pater
1880 4546 2033 4608 illud,

2134 2047 2436 2120 δεξαμενῆς
2470 2051 2569 2122 τῆς
2599 2051 2693 2105 τοῦ
2749 2052 2956 2120 Κυρίου
3005 2053 3232 2123 σαρκὸς,
3288 2055 3382 2108 καὶ
3432 2054 3708 2125 διανέμειν

2133 2139 2202 2193 τὰ
2258 2141 2579 2212 χαρίσματα
2621 2146 2737 2208 τοῖς
2787 2143 2986 2211 ἀξίοις.
3050 2146 3196 2214 Πρὸς
3248 2138 3350 2211 οὒς
3389 2147 3518 2201 οὐδὲ
3547 2148 3710 2217 ἡμεῖς

2135 2231 2299 2286 πάλιν
2353 2232 2533 2301 λέγειν
2599 2236 2961 2307 ἀναδυόμεθα.
3024 2238 3171 2291 Ἔδει
3232 2237 3331 2310 μὲν
3378 2240 3525 2308 ὑμᾶς
3583 2241 3709 2304 τοὺς

2135 2329 2566 2400 ἀπερισκέπτως
2593 2332 2724 2402 περὶ
2754 2330 2864 2385 τῶν
2895 2333 3175 2401 ὀνομάτων
3229 2332 3324 2386 τοῦ
3385 2332 3708 2403 Πνεῦματος

2135 2422 2570 2492 δογματίζοντας
2602 2424 2888 2495 πεισθῆναι
2915 2427 3025 2487 τοῖς
3057 2424 3258 2489 ἱκανῶς
3309 2425 3410 2496 ἤδη
3456 2424 3536 2494 τῷ
3565 2423 3707 2490 λόγῳ

2137 2513 2266 2583 περὶ
2291 2512 2499 2567 τούτων
2526 2513 2958 2583 διειλημμένοις,
2995 2517 3117 2567 ἐπεὶ
3143 2516 3199 2569 δὲ
3248 2515 3377 2586 ὑμῖν
3400 2516 3481 2577 είς
3538 2514 3707 2582 ἀγενῆ
3769 2557 3780 2565 .

2134 2618 2257 2655 τινα
2289 2601 2499 2670 γίνεται
2534 2603 2808 2673 πρόφασιν
2837 2602 2906 2656 τὰ
2945 2601 3019 2673 τῷ
3064 2604 3321 2674 μακαρίῳ
3373 2602 3702 2675 Χρυσορρἠ

2139 2713 2264 2767 μονι
2302 2695 2642 2766 ἐξηγηθέντα
2673 2696 2853 2760 καλῶς
2886 2696 2944 2749 ἐν
2990 2695 3070 2767 τῷ
3099 2697 3202 2767 ἤδη
3232 2696 3535 2766 δηλωθέντι
3565 2696 3707 2766 λόγῳ

2135 2786 2302 2843 αὑτοῦ
2372 2789 2464 2840 ἐπὶ
2513 2791 2577 2859 τῇ
2632 2788 2975 2859 Εὐαγγελικῆ
3033 2788 3189 2859 ῥήσει
3236 2790 3325 2858 τῇ,
3361 2806 3380 2839 ι
3453 2787 3553 2840 Ἐκ
3615 2786 3709 2841 τοῦ

2135 2880 2275 2951 ἐμοῦ
2320 2879 2574 2950 λήψεται,
2604 2897 2622 2929 ι
2661 2879 2794 2948 φέρε
2853 2878 2923 2946 δὴ
2961 2879 3054 2933 καὶ
3101 2879 3182 2932 ἐτι
3227 2878 3593 2949 διασαφητέον
3641 2877 3708 2932 τά

2137 2973 2268 3043 περὶ
2303 2971 2533 3034 τούτων,
2568 2972 2643 3033 ὡς
2668 2970 2735 3023 ἂν
2766 2969 2852 3039 εἴη
2880 2969 2971 3023 ἐπὶ
3006 2970 3167 3023 πλέον
3220 2969 3318 3038 τὴν
3379 2970 3582 3025 ἄτοπον
3628 2969 3710 3022 ἐν·

2138 3079 2289 3115 νοιαν
2322 3061 2724 3134 ἀπελέγχεσθαι
2758 3061 2857 3131 τῆς
2910 3060 3182 3129 ὑμετέρας
3243 3058 3700 3130 παρεξηγήσεως.

2148 3154 2206 3207 '0
2229 3154 2651 3225 Χρυσοῤῥήμων
2699 3152 2911 3222 Πατὴρ,
2941 3149 3061 3204 κατ’
3089 3150 3318 3204 ἐκείνων
3372 3149 3464 3202 τὸν
3524 3147 3710 3215 ἀγῶνα

2139 3242 2482 3312 ποιοῦμεν-ς,
2513 3244 2674 3314 οἵπερ
2702 3245 2765 3296 ἐκ
2788 3244 2883 3311 τῆς
2916 3242 3126 3313 ρήσεως
3177 3240 3382 3310 ταύτης
3446 3241 3707 3308 συστῆσαι

2136 3334 2472 3400 ἐσπούδαζον
2498 3334 2596 3406 τὴν
2628 3334 2720 3387 τοῦ
2756 3333 3068 3403 Πνεῦματος
3122 3332 3287 3402 φύσιν
3317 3332 3414 3400 τῆς
3445 3331 3541 3385 τοῦ
3582 3329 3708 3383 Υἱοῦ

2135 3426 2502 3495 καθυφίεσθαι
2547 3426 2784 3494 φύσεως,
2834 3423 2950 3487 πῶς
2994 3424 3103 3495 γὰρ
3129 3424 3195 3477 ἂν
3226 3424 3334 3494 εἴη,
3359 3423 3570 3491 ἔλεγον,
3598 3422 3708 3474 ἴσον

2142 3515 2254 3586 Υξῷ
2283 3515 2344 3569 τὸ
2373 3516 2622 3586 Πνεῦμα,
2664 3514 2724 3579 ἐξ
2766 3513 2928 3567 αὑτοῦ
2963 3513 3240 3582 λαμϐάνον
3265 3515 3358 3567 καὶ
3383 3513 3706 3583 δανειζόμε-

2140 3626 2231 3663 νον
2257 3625 2272 3675 ;
2306 3610 2364 3662 ἐν
2401 3608 2560 3679 μέρει
2586 3605 2680 3660 τοῦ
2718 3606 2974 3678 ῥηθέντος
2999 3606 3158 3674 λόγου
3189 3606 3364 3671 οὕτως
3396 3609 3494 3660 ἐπὶ
3513 3606 3709 3671 λέξεων

2135 3700 2264 3773 ἔφη·
2304 3718 2324 3754 ί
2373 3701 2469 3754 Ἐκ
2498 3698 2591 3754 τοῦ
2627 3698 3164 3777 ἐμοῦλήψεταιῃκαλ
3182 3699 3472 3769 ἀναγγελεῖ
3497 3700 3650 3770 ὑμῖν.
3683 3718 3702 3752 ι

2134 3797 2250 3861 καὶ,
2289 3794 2378 3850 ῐνα
2401 3793 2573 3865 δείξη,
2607 3793 2689 3848 ὅτι
2715 3793 2774 3848 οῦ
2795 3793 2890 3848 τοῦ
2920 3792 3078 3862 ἁγίου
3110 3794 3429 3864 Πνεῦματος
3462 3793 3706 3864 ἐμνημό-

2133 3905 2345 3954 νευσεν,
2375 3888 2511 3944 ἀλλά
2538 3888 2647 3942 τῶν
2678 3887 2917 3958 δωρεῶν,
2952 3888 3146 3956 ἐπάγει
3204 3888 3343 3958 μετά
3406 3887 3468 3942 τὸ
3512 3888 3705 3941 είπείν.

2140 3996 2161 4031 ι
2205 3979 2305 4034 Ἐκ
2338 3980 2432 4035 τοῦ
2464 3980 2601 4050 ἐμοῦ
2622 3979 2872 4051 λήψεται,
2909 3998 2927 4032 ι
2964 3980 3150 4049 εὐθὺς,
3190 3998 3209 4033 ι
3243 3980 3427 4035 Πάντα
3463 3980 3568 4035 ὅσα
3597 3980 3705 4051 ἔχει

2132 4073 2160 4125 6
2184 4072 2374 4143 Πατὴρ
2404 4072 2513 4144 ἐμά
2541 4075 2711 4127 ἐστιν.
2745 4090 2766 4126 r

2202 4174 2267 4232 ε’.
2302 4177 2412 4232 Καὶ
2438 4177 2467 4230 6
2503 4178 2602 4247 μὲν
2629 4178 3047 4251 Χρυσοῤῥήμων
3072 4177 3260 4248 Πατὴρ
3282 4176 3478 4232 ταῦτα.
3519 4177 3705 4247 Ὑμεῖς

2142 4268 2201 4323 δὲ
2231 4274 2352 4334 ταῖς
2379 4270 2557 4334 λέξεσι
2592 4269 2923 4339 πανούργως
2955 4270 3353 4339 ἐπικαθήμενοι
3405 4269 3700 4330 ἀκούοντες

2133 4357 2209 4422 ὡς
2244 4360 2272 4412 6
2303 4359 2457 4427 ἅγιος
2492 4359 2598 4426 ἔφη
2632 4359 2714 4412 ὅτι
2746 4359 2807 4413 οὐ
2838 4358 2933 4412 τοῦ
2982 4360 3139 4428 ἁγίου
3177 4359 3496 4430 Πνεύματος
3538 4362 3705 4429 ἐμνη-

2141 4434 2424 4518 μόνευσεν,
2466 4447 2606 4503 ἀλλὰ
2637 4448 2745 4502 τῶν
2774 4447 3017 4519 δωρεῶν,
3043 4448 3154 4502 ὅλοι
3208 4448 3304 4517 τῆς
3336 4446 3536 4511 λέξεως
3562 4447 3704 4514 γίνεο

2142 4539 2259 4603 σθε,
2311 4541 2408 4594 καλ⁸
2460 4540 2625 4611 Ὅρα,
2694 4541 2850 4609 φατέ·
2921 4539 3030 4593 ἰδοὺ
3077 4539 3185 4609 γάρ
3228 4542 3257 4593 6
3291 4540 3702 4611 Χρυσορῤήμων

466 4649 485 4683 «ι
515 4630 592 4685 De
611 4645 734 4685 meo
752 4632 1013 4700 accipiet;
1046 4651 1064 4685 ι
1101 4649 1209 4689 non
1241 4636 1307 4691 ad
1337 4635 1514 4706 ipsum
1537 4635 1818 4707 Spiritum,
1840 4636 1936 4693 sed
1967 4638 2031 4692 ad

2142 4630 2333 4702 Πατὴρ
2366 4632 2449 4695 τὸ,
2477 4648 2497 4683 ι
2545 4631 2639 4685 Ἐκ
2669 4630 2765 4685 τοῦ
2820 4630 2956 4700 ἐμοῦ
2989 4628 3243 4700 λήψεται,
3282 4649 3302 4682 ι
3337 4628 3437 4683 οὐκ
3467 4630 3548 4692 εἰς
3578 4626 3702 4681 αὐτὸ

458 4722 606 4777 dona
640 4722 789 4777 illius
829 4722 1017 4780 refert.
1043 4723 1156 4780 Nos
1185 4733 1369 4781 autem
1391 4742 1497 4781 non
1526 4727 1670 4794 aliis,
1716 4728 1810 4784 sed
1846 4728 1914 4785 iis
1941 4744 2034 4784 so.

456 4814 760 4882 lummodo,
784 4832 906 4887 qua:
923 4819 1035 4890 jam
1063 4818 1242 4874 dictus
1272 4816 1435 4873 Pater
1464 4828 1591 4875 ante
1621 4829 1677 4875 et
1718 4829 1841 4891 post
1871 4823 2030 4877 verba

457 4908 695 4967 adducta
730 4911 1108 4978 concinnavit,
1151 4920 1387 4966 vestram
1438 4910 1598 4982 plane
1627 4910 1939 4972 absurdam.
1978 4922 2032 4968 et

455 5016 485 5055 a
526 5003 739 5060 ratione
769 5003 1004 5059 alienam
1042 5003 1560 5060 demonstrabimus.
1596 5001 1686 5059 Ait
1711 5005 1855 5058 enim
1871 5006 2032 5075 paulo

456 5103 584 5149 ante
611 5096 776 5150 verba
811 5095 977 5149 allata
1003 5111 1017 5149 :
1046 5113 1064 5146 ι
1096 5093 1169 5149 De
1189 5108 1314 5149 meo
1347 5093 1598 5164 accipiet,
1622 5111 1641 5146 ι
1663 5094 1732 5150 de
1756 5096 1865 5161 his,
1910 5111 2033 5167 qua:

460 5182 597 5237 mibi
624 5183 835 5239 bomini
870 5184 1149 5238 Dominico
1188 5183 1575 5254 sttppeditavit,
1604 5184 1853 5255 accipiet,
1919 5187 2031 5257 ipse

454 5274 551 5345 qui
592 5275 759 5341 dedit,
790 5276 885 5347 qui
915 5274 1061 5330 venit
1099 5285 1154 5330 ct
1196 5277 1345 5331 stetit
1373 5290 1543 5345 super
1584 5291 1694 5340 me,
1724 5276 1819 5347 qui
1872 5277 2032 5332 unxit

457 5382 569 5434 me,
593 5366 689 5438 qui
714 5367 1098 5431 sanctiﬁcavit,
1150 5368 1243 5439 qui
1285 5370 1338 5423 in
1387 5382 1631 5424 eremum
1683 5368 1950 5425 conduxit
1977 5381 2031 5426 et

458 5458 724 5515 victorem
753 5459 991 5514 reduxit.
1027 5478 1046 5511 ι
1079 5459 1222 5526 Quid
1270 5459 1357 5516 hic
1388 5475 1486 5515 vos
1511 5460 1714 5525 dicitis,
1734 5461 1826 5531 qui
1859 5461 2029 5518 nimia

457 5551 681 5606 licentia
730 5549 1088 5621 libertateque
1135 5551 1346 5606 dicendi
1383 5551 1646 5622 quidquid
1703 5552 1760 5606 in
1802 5552 2028 5608 buccam

457 5642 688 5706 venerit,
723 5644 1012 5698 enuntiare
1046 5658 1155 5699 non
1184 5643 1490 5699 veremini?
1537 5643 1895 5713 Spiritnmne,
1936 5643 2029 5714 qui

456 5750 524 5788 ex
556 5733 845 5787 Dominico
867 5732 1086 5790 homine
1142 5734 1354 5804 accipit,
1397 5735 1640 5806 spiritale
1665 5734 1868 5789 donum
1898 5735 2030 5790 dici-

459 5826 549 5893 tis,
580 5835 636 5881 et
670 5840 778 5881 non
813 5825 1149 5883 Paracletnm
1194 5828 1370 5900 ipsum
1392 5827 1428 5884 T
1459 5829 1841 5885 Verumtamen
1866 5828 2029 5884 dictis

461 5918 722 5975 attentius
749 5919 994 5983 animum
1029 5922 1338 5990 advertens,
1389 5919 1797 5991 pronuntiatum
1855 5919 2026 5988 Spiri-

2137 4723 2199 4776 τὺ
2228 4722 2477 4793 Πνεῦμα,
2535 4723 2651 4778 ἀλλ’
2685 4723 2767 4786 είς
2804 4722 2872 4776 τὰ
2927 4720 3022 4774 τοῦ
3072 4720 3390 4791 Πνεῦματος
3446 4720 3699 4788 ἀναφέρει

2135 4814 2474 4885 χαρίσματα.
2513 4814 2704 4884 Ἡμεῖς
2733 4813 2790 4867 δὲ
2826 4813 2927 4867 οὐκ
2952 4813 3012 4881 ἐξ
3047 4813 3247 4875 ἄλλων,
3279 4811 3395 4866 ἀλλ’
3427 4812 3486 4876 ἐξ
3512 4805 3587 4865 ὧν
3611 4810 3700 4863 καὶ

2136 4907 2245 4977 πρὸ
2271 4906 2371 4976 τῆς
2409 4909 2622 4978 ρήσεως
2652 4906 2860 4977 ταύτης
2890 4908 2981 4959 καὶ
3017 4905 3159 4974 μετά
3191 4904 3288 4976 τὴν
3310 4906 3468 4976 ῥῆσιν
3502 4901 3699 4970 ταύτην

2134 4996 2298 5060 αὐτὸς
2333 4998 2360 5049 6
2388 4997 2803 5068 Χρυαρρήμων
2848 4995 2976 5067 ἔφη,
3022 4995 3086 5049 τὸ
3130 4996 3229 5065 τῆς
3260 4994 3417 5063 ὑμῶν
3467 4993 3700 5051 διανοίας

2136 5086 2421 5157 ἀλόγιστον
2454 5088 2853 5159 ἁπελέγξομεν.
2884 5089 3024 5158 Φησὶ⁵
3048 5087 3157 5156 γὰρ
3180 5086 3345 5155 ὀλίγῳ
3376 5085 3475 5155 τῆς
3496 5087 3697 5156 ρήσεως

2136 5180 2425 5252 πρότερον,
2470 5199 2488 5232 ι
2536 5180 2631 5232 Ἐκ
2655 5179 2747 5233 τοῦ
2773 5178 2908 5240 ἐμοῦ
2934 5178 3186 5248 λήψεται.
3228 5197 3246 5231 υ
3295 5176 3388 5242 Ἐξ
3414 5171 3488 5230 ὧν
3516 5176 3700 5244 ἐχορή-

2134 5271 2273 5338 γησέ
2307 5262 2502 5341 μοιτῷ
2540 5270 2809 5341 Κυριακῷ
2841 5268 3141 5341 ἀνθρώπῳ,
3197 5268 3430 5339 λήψεται
3478 5266 3607 5321 αὐτὸ
3641 5263 3696 5316 τὺ

2132 5362 2387 5424 δεδωκὸς,
2420 5362 2482 5415 τὸ
2514 5360 2688 5427 ἐλθὸν,
2720 5362 2815 5415 καὶ
2850 5363 3037 5430 μεῖναν
3093 5361 3152 5413 ἐν
3199 5360 3347 5429 ἐμοὶ,
3397 5360 3457 5413 τὸ
3505 5356 3695 5428 χρῖσάν

2138 5471 2230 5525 με,
2262 5455 2322 5508 τὸ
2353 5454 2609 5524 ἀγιάσαν,
2664 5455 2723 5508 τὸ
2757 5454 3040 5524 ἀναγαγδν
3088 5454 3166 5516 είς
3218 5451 3316 5522 τὴν
3371 5451 3597 5522 ἔρημον.
3639 5448 3696 5501 τὸ

2132 5547 2486 5618 ὐποστρέψαν
2518 5565 2585 5618 με
2613 5547 2866 5619 νικητήν.
2898 5565 2918 5600 ι
2958 5546 3024 5600 Ti
3066 5546 3199 5615 γοῦν
3254 5544 3413 5615 ὑμεῖς
3467 5559 3621 5612 φατε,
3644 5540 3690 5592 oi

2132 5640 2278 5693 κατά
2309 5639 2513 5708 πολλὴν
2543 5638 2727 5693 ἄδειαν
2767 5637 2828 5692 τὸ
2856 5637 3261 5709 παριστάμενον
3316 5638 3414 5706 οὐχ
3445 5633 3686 5689 ὑποστελ-

2130 5732 2354 5803 λόμενοι
2385 5732 2568 5799 λέγειν
2592 5748 2607 5797 ;
2631 5726 2781 5801 'Apa
2810 5730 2869 5783 τὸ
2910 5729 3139 5798 Πνεῦμα
3172 5730 3231 5782 τὸ
3264 5731 3326 5782 ἐκ
3355 5728 3451 5781 τοῦ
3490 5728 3688 5796 Κυριαο

2133 5824 2230 5878 κοῦ
2272 5819 2562 5894 ἀνθρώπου
2615 5821 2894 5891 λαμϐάνον
2928 5820 3301 5890 πνευματικον
3343 5820 3587 5890 χάρισμα
3614 5808 3685 5866 εἷ-

2132 5913 2221 5971 ναί
2249 5930 2407 5983 φατε,
2445 5914 2539 5968 καὶ
2570 5913 2692 5984 οὐχὶ
2723 5912 2885 5969 αὐτὸν
2911 5911 2997 5967 τὸν
3028 5911 3385 5982 Παράκλητον
3412 5927 3425 5966 :
3499 5904 3635 5962 Ἀλλ’
3658 5904 3683 5955 6
