3974 6568
263 496 362 558 2ίῦ

1264 470 1383 558 ns
1422 489 1942 557 paocsssmns
1982 491 2043 557 s.
2083 492 2470 561 smnus.

3394 489 3509 551 246

261 611 366 670 τοῖς
396 609 711 679 είρημένοις
746 611 1244 684 ὲπιστατικὼτερον
1287 613 1616 683 ὲμϐαθύνων
1654 612 1821 669 αύτδν

1949 631 2014 669 ns
2043 630 2265 681 nomen,
2314 612 2661 670 Paracielum
2712 610 2994 668 insinuare
3039 608 3348 676 amrmabit,
3400 609 3505 664 nisi

260 702 370 771 ἐρεῖ
397 702 490 754 τδν
529 703 889 774 Παράκλητον
912 703 1107 774 δηλοῦν
1159 706 1221 759 τὸ
1250 705 1550 776 εἰρημένον
1584 705 1824 759 ἐνταῦθα

260 792 346 845 τοῦ
372 790 685 858 Πνεύματος
706 792 896 863 ὄνομα.
922 794 984 846 Ei
1006 794 1082 865 μὴ
1098 795 1311 864 γάρτδν
1343 796 1712 865 Παράκλητον
1739 796 1827 848 ἐν·

258 881 425 936 ταῦθα
446 882 607 951 δηλοῖ
621 884 679 937 τὸ
697 883 790 938 τοῦ
807 883 1118 954 πνεύματος
1141 887 1331 957 ὄνομα,
1348 893 1466 951 πῶς
1483 888 1700 943 ἀπὸτοῦ
1717 890 1828 941 Κυ-

262 975 596 1044 ρίουόἀγιος
625 978 774 1046 λέγει
795 980 876 1032 ὅτι
907 998 927 1033 ι
973 978 1072 1034 Ἐκ
1109 978 1205 1034 τοῦ
1239 980 1370 1050 ἐμοῦ
1401 980 1652 1052 λήψεται,
1675 980 1733 1046 ἐξ
1755 975 1830 1034 ὧν

257 1067 659 1138 ἑχορήγησέμοι
674 1067 753 1139 τῷ
774 1071 1042 1143 Κυριακῷ
1060 1072 1354 1144 ἀνθρώπῳ,
1372 1073 1505 1127 αὐτὸ
1524 1073 1586 1127 τὸ
1597 1072 1832 1138 δεδωκδς

256 1162 313 1213 τὸ
340 1159 512 1220 ἐλθὸν.
540 1161 636 1213 καὶ
659 1163 849 1231 μεῖναν
870 1163 927 1215 ὲν
942 1164 1086 1232 ἐμοὶ,
1112 1164 1174 1218 τὸ
1190 1166 1385 1236 χρῖσάν
1407 1182 1497 1237 με.
1512 1165 1571 1219 τὸ
1593 1165 1832 1233 ἀγιάσαν

259 1266 321 1320 με
350 1268 366 1315 ;
410 1268 429 1301 ι
460 1249 556 1321 Μὴ
586 1251 836 1322 χάρισμα
867 1255 1047 1325 ὲρεῐτε
1097 1251 1239 1310 εἶναι
1288 1259 1664 1327 πνευματικὸν
1700 1258 1834 1311 αὐτὸ

256 1343 314 1396 τὸ
340 1342 578 1409 δεδωκδς
630 1344 707 1417 τῷ
740 1346 1134 1419 προσλήμματι
1171 1349 1239 1404 τὰ
1288 1350 1624 1421 χαρίσματα,
1656 1351 1718 1404 τὸ
1743 1350 1831 1405 ἐλ-

255 1434 363 1500 θὸν,
398 1434 498 1489 καὶ
541 1438 737 1508 μεῖναν
763 1440 821 1492 ὲν
842 1438 1012 1511 αὐτῷ,
1055 1441 1118 1494 τδ
1132 1441 1353 1512 χρίσαν,
1402 1447 1462 1496 τὸ
1502 1443 1742 1512 ἀγιάσαν
1768 1443 1830 1496 τὸ

258 1526 633 1597 πρόσλημμας
663 1530 907 1599 Ἔγνωτε
927 1531 1173 1598 πάντως,
1206 1535 1255 1587 εί
1288 1535 1362 1606 μὴ
1391 1535 1571 1589 ἑκοντὶ
1606 1536 1836 1606 μυωπά-

256 1612 365 1677 ζειν
388 1615 526 1685 πρὸς
546 1617 650 1688 τὴν
666 1618 922 1689 ἀλήθειαν
943 1622 1223 1693 βούλεσθε,
1243 1623 1319 1688 ὼς
1338 1626 1398 1679 τδ
1416 1628 1480 1680 ἐκ
1501 1624 1597 1681 τοῦ
1621 1628 1832 1699 Κυρια-

258 1704 350 1758 κοῦ
377 1704 674 1777 ἀνθρώπου
703 1708 980 1780 λαμϐάνον
1007 1714 1232 1786 Πνεῦμα
1256 1716 1421 1782 αὐτός
1440 1718 1627 1773 ἑστινό
1644 1718 1834 1791 Παρά-

258 1793 470 1866 κλητος.
513 1797 582 1853 Ei
637 1799 720 1867 δὲ,
748 1805 831 1859 ὅτι
865 1804 969 1877 ἔφη
1000 1807 1027 1859 ὁ
1059 1807 1480 1878 Χρυσορῤήμων
1533 1812 1616 1864 ὅτι
1646 1811 1707 1864 ού
1736 1809 1832 1866 τοῦ

261 1885 413 1955 ἁγίου
444 1891 773 1963 Πνεύματος
799 1897 1230 1967 ἐμνημόνευσεν,
1271 1899 1406 1955 ἀλλά
1450 1900 1561 1954 τῶν
1590 1902 1831 1972 δωρεῶν,

258 1980 334 2044 εἰς
359 1985 746 2053 πνευματικὸν
803 1986 1050 2059 χάρισμα
1102 1990 1287 2045 θέλετε
1332 1991 1703 2062 ἐκλαμϐάνειν
1743 1996 1832 2048 ὲν-

257 2070 423 2126 ταῦθα
445 2073 507 2128 τὸ
542 2074 641 2129 τοῦ
671 2079 989 2159 Πνεύματος
1020 2082 1209 2153 ὄνομα·
1259 2083 1375 2137 ἀλλ’
1427 2084 1676 2158 ἀκριϐῶς
1722 2087 1835 2150 τοῖς

260 2163 351 2219 νῦν
374 2167 779 2242 ῥηθησομένοις
831 2175 1214 2245 προσεχόντες,
1261 2179 1548 2251 γνωριεῖτε
1576 2178 1837 2252 ἑκάτερον

259 2257 331 2320 είς
352 2259 451 2331 τὴν
499 2261 656 2333 αὐτῷ
689 2268 940 2338 προσφυῆ
1001 2267 1213 2323 ἔννοιαν
1259 2270 1567 2325 ἀποτείνον.
1632 2272 1744 2327 Καὶ
1769 2273 1836 2343 δὴ

260 2352 556 2423 προσέχετε
585 2355 854 2426 ἀκριϐῶς.
892 2360 954 2412 '0
985 2359 1141 2427 ἅγιος
1197 2361 1364 2433 ὀλίγῳ
1413 2363 1686 2436 πρότερον
1738 2366 1837 2436 τῆς

264 2449 570 2519 περικοπῆς
590 2449 822 2522 ταύτης,
871 2456 998 2522 περὶ
1050 2449 1119 2526 ἦς
1150 2455 1178 2507 ὁ
1207 2455 1366 2524 λόγος
1412 2458 1569 2529 ἡμῖν,
1622 2457 1685 2512 τὸ
1727 2458 1836 2511 τῶν

262 2536 555 2604 αίρετικῶν
583 2539 796 2609 είσάγει
820 2543 1131 2614 πρόσωπον,
1166 2546 1461 2618 διαπῖροῦν
1516 2549 1653 2621 πρὸς
1675 2550 1838 2603 αύτὶν

274 2624 362 2677 καὶ
408 2626 591 2695 λέγοψ
652 2626 806 2694 Εἶδες
871 2631 988 2697 πῶς
1051 2635 1145 2704 ἀφ’
1205 2637 1405 2692 ἑαυτοῦ
1463 2639 1524 2694 οὐ
1565 2640 1722 2695 λαλεῖ
1774 2640 1836 2695 τὸ

264 2714 506 2787 Πνεῦμα,
538 2718 661 2774 ἀλλ’
686 2722 752 2775 ἐκ
790 2720 885 2777 τοῦ
938 2724 1069 2784 Υίοῦ
1120 2725 1431 2798 λαμϐάνει;
1488 2728 1581 2800 Μὴ
1610 2730 1838 2785 δύναται

264 2808 573 2877 ηαὺθεντία
601 2811 882 2885 δειχθῆναι
920 2816 1014 2870 τοῦ
1044 2818 1399 2890 Πνεύματοςς
1431 2823 1531 2876 οὐκ
1573 2822 1773 2889 ἔδειξεν
1805 2826 1838 2897 ἡ

266 2900 449 2972 Γραφὴ
507 2903 876 2975 ὑποκείμενον
935 2908 1071 2963 αὐτὸ
1117 2913 1184 2981 τῇ
1245 2913 1463 2986 ἐξουσίᾳ
1523 2915 1619 2970 τοῦ
1681 2917 1835 2985 Υίοῦ,

265 2991 642 3083 δανειζόμενον
688 2998 824 3068 παρ’
883 2999 1071 3068 αὑτοῦ,
1124 3004 1219 3058 καὶ
1278 3006 1464 3071 ἄλλοις
1514 3009 1837 3083 χορηγοῦνς

268 3081 476 3157 Ταύτην
501 3087 604 3158 τὴν
627 3091 861 3162 ἀπορίαν
896 3096 1047 3166 παρά
1069 3097 1175 3151 τῶν
1210 3099 1514 3172 αίρετικῶν
1561 3081 1840 3172 προτεινο-

270 3175 484 3246 μένηνό
520 3178 683 3247 ἆγιος
735 3182 814 3253 τῷ
846 3184 990 3257 λόγῳ
1032 3190 1477 3260 καταστρωννὺς,
1532 3192 1654 3262 οὐχὶ
1707 3192 1840 3264 περὶ

1929 708 2074 762 enim
2108 708 2195 762 hic
2228 706 2467 778 Spiritus
2516 720 2716 762 nomen
2750 703 3086 761 Paracletum
3119 701 3347 766 indicat,
3373 716 3509 771 quo-

1931 799 2094 855 modo
2123 814 2189 873 ett
2219 814 2450 869 persona
2479 796 2693 854 Domini
2734 805 2958 854 sanctus
2986 796 3095 852 ait:
3132 813 3150 848 ι
3176 793 3250 851 De
3272 808 3394 849 meo
3419 808 3506 848 ac-

1934 893 2123 964 cipiet,
2156 893 2223 948 de
2248 892 2356 959 his,
2392 907 2514 962 quae
2558 882 2693 947 mihi
2738 890 2950 946 homini
2978 887 3264 944 Dominico
3305 901 3504 957 suppe-

1933 984 2146 1052 ditavit,
2180 985 2317 1056 ipse.
2376 984 2471 1055 qui
2502 983 2669 1047 dedit,
2713 982 2804 1053 qui
2842 982 3013 1046 venit,
3064 989 3118 1036 et
3149 979 3299 1036 stetit
3346 994 3511 1050 super

1932 1093 2041 1143 me,
2097 1078 2191 1148 qui
2250 1077 2407 1133 unxit
2439 1092 2545 1139 me,
2594 1076 2685 1147 qui
2717 1074 3075 1133 sanctiﬁcavit
3105 1074 3225 1129 me?
3251 1093 3270 1125 ι
3293 1073 3508 1127 Annum

1933 1170 2138 1226 donum
2167 1184 2289 1226 esse
2320 1167 2659 1225 allirmabitis
2718 1167 2983 1238 spiritale,
3035 1167 3210 1236 ipsum
3240 1165 3334 1237 qui
3363 1164 3514 1221 dedit

1934 1260 2143 1317 homini
2176 1268 2461 1332 assumpto
2477 1259 2644 1325 dona,
2683 1257 2777 1330 qui
2810 1259 2976 1323 venit,
3009 1267 3065 1312 et
3102 1256 3250 1312 stetit
3281 1255 3336 1310 in
3367 1255 3510 1325 ipso.

1935 1356 2028 1426 qui
2065 1355 2244 1418 unxit.
2271 1355 2364 1425 qui
2394 1353 2752 1410 sanctiﬁcavit
2786 1360 3131 1422 assumptum
3157 1350 3180 1405 ?
3240 1346 3514 1403 Noveritis

1938 1455 2152 1517 aperte.
2185 1447 2241 1502 ni
2269 1455 2462 1518 sponte
2487 1446 2542 1500 in
2569 1444 3049 1513 veritate,soleque
3069 1442 3303 1512 caligare
3328 1439 3515 1502 vultis,

1939 1538 2203 1610 Spiritum
2236 1552 2302 1595 ex
2339 1537 2622 1593 Dominico
2665 1536 2888 1591 homine
2938 1545 3303 1590 assumentem
3338 1529 3514 1601 ipsum

1936 1628 2282 1685 Paraclctum
2314 1642 2457 1684 esse.
2499 1625 2567 1682 Et
2593 1625 2664 1689 si.
2691 1625 2840 1696 quod
2892 1625 3322 1696 Clirysostomns
3355 1617 3514 1684 dixit,

1939 1720 2176 1791 Spiritus
2206 1719 2379 1776 sancti
2409 1735 2515 1775 non
2543 1717 2877 1782 meminisse,
2901 1714 2995 1771 sed
3025 1714 3318 1777 donorum,
3341 1711 3396 1766 in
3426 1709 3518 1765 do-

1938 1829 2069 1868 num
2104 1812 2194 1867 hic
2223 1810 2490 1883 spiritale,
2524 1824 2720 1866 nomen
2755 1807 2992 1877 Spiritus
3031 1805 3281 1874 accipere
3308 1815 3517 1872 praesu-

1939 1905 2117 1974 mitis._
2143 1904 2405 1959 attentius
2438 1910 2685 1959 actutum
2732 1898 2979 1955 dicendis
3031 1898 3276 1951 animum
3330 1892 3522 1948 adver-

1940 2008 2137 2066 tentes,
2173 1996 2509 2067 intelligetis,
2564 2003 2867 2064 utrumque
2902 1990 3121 2045 sibimet
3175 1997 3352 2057 aptam
3391 2001 3519 2040 sen-

1940 2090 2188 2159 tentiam.
2216 2088 2523 2154 continere,
2556 2094 2610 2141 et
2645 2080 3032 2140 attentissimis
3068 2078 3267 2134 animis
3311 2075 3516 2130 audite.

1940 2181 2177 2236 Sanctus
2206 2178 2371 2250 paulo
2403 2187 2532 2234 ante
2556 2177 2755 2233 dictam
2779 2176 3110 2247 pericopem,
3137 2174 3204 2229 de
3237 2188 3343 2244 qua
3377 2185 3522 2226 nunc

1939 2274 2104 2330 nobis
2134 2287 2319 2330 sermo
2345 2277 2453 2339 est,
2484 2271 2866 2325 hmreticorum
2898 2283 3188 2340 personam
3218 2265 3520 2321 introducit

1939 2362 2307 2431 haesitantem,
2361 2364 2652 2434 ipsumque
2693 2361 3081 2431 alloquentem.
3113 2356 3309 2423 Viden,
3350 2368 3517 2410 nona

1939 2455 2121 2526 seipso
2153 2454 2421 2526 Spiritum
2458 2456 2629 2525 loqui.
2681 2454 2773 2510 sed
2816 2469 2845 2509 a
2880 2452 3019 2509 Filio
3057 2450 3343 2520 accipere?
3377 2447 3517 2502 Num

1938 2555 2118 2616 potest
2149 2547 2464 2602 dominatus
2499 2545 2733 2617 Spiritus
2763 2542 3170 2600 demonstrari?
3196 2539 3314 2596 Non
3342 2550 3526 2595 osten-

1940 2636 2022 2693 dit
2046 2637 2226 2707 ipsum
2276 2636 2562 2709 Scriptura
2592 2637 2894 2692 dominatui
2944 2634 3069 2690 Filii
3117 2632 3526 2695 obnoxium,et

1941 2729 2011 2784 ali
2040 2728 2132 2783 illo
2163 2737 2502 2785 mutuantem
2550 2728 2781 2798 reliquis
2812 2724 3197 2797 suppeditare?
3231 2721 3382 2777 Hanc
3419 2720 3523 2776 duo

1940 2821 2265 2877 bitationem
2298 2821 2368 2877 ab
2398 2820 2668 2877 haereticis
2692 2818 3028 2892 propositam
3062 2825 3283 2874 sanctus
3323 2814 3377 2868 in
3398 2827 3524 2867 ora-

1943 2915 2093 2971 tione
2126 2914 2401 2985 digerens,
2434 2930 2541 2969 non
2572 2914 2639 2970 de
2671 2914 2790 2984 ipso
2856 2912 3078 2967 nomine
3134 2904 3525 2964 contradictio.

1941 3024 2064 3063 nem
2105 3007 2341 3074 orditur,
2387 3021 2564 3077 neque
2596 3004 2866 3061 haereticis
2897 3002 3188 3072 respondet
3232 2998 3521 3068 Spiritum,

1943 3100 2036 3170 qui
2056 3115 2120 3153 ex
2137 3096 2275 3153 Filio
2298 3097 2519 3168 accipit,
2543 3094 2887 3151 Paracletum
2924 3108 3032 3148 non
3055 3105 3198 3157 esse,
3230 3089 3325 3144 sed
3353 3085 3525 3158 Spiri-

1943 3188 2296 3244 taiedonum.
2328 3186 2395 3243 Et
2419 3202 2656 3259 quanam
2694 3187 2746 3242 id
2774 3186 2985 3241 ratione
3006 3180 3256 3254 peragit?
3282 3178 3340 3235 Si
3372 3194 3529 3234 eum-

270 3269 427 3323 αὐτοῦ
471 3272 572 3325 τοῦ
622 3273 893 3345 ὀνόματος
953 3280 1046 3334 τὸν
1068 3280 1168 3350 τῆς
1235 3283 1616 3355 ἀντιρρήσεως
1681 3284 1841 3354 λόγον

1945 3281 2066 3337 dem
2091 3280 2272 3351 ipsum
2315 3294 2439 3337 esse
2484 3279 2751 3350 Spiritum
2774 3278 2924 3342 dicit,
2958 3276 3051 3349 qui
3108 3273 3280 3339 dedit,
3309 3272 3402 3341 qui
3434 3285 3527 3325 ve-

271 3364 517 3429 ποιεῖται,
556 3365 680 3419 οὐδὲ
727 3368 862 3439 πρὸς
898 3371 1028 3435 τοὺς
1087 3374 1402 3444 αἱρετικοὺς
1452 3374 1624 3443 λέγει,
1656 3376 1730 3439 ὡς
1781 3378 1843 3432 τὸ

270 3453 330 3507 ἐκ
359 3456 451 3509 τοῦ
500 3457 638 3511 Υίοῦ
677 3458 958 3531 λαμϐάνον
991 3465 1236 3536 Πνεῦμα,
1303 3468 1402 3540 οὐχ
1424 3470 1453 3521 ό
1484 3468 1842 3541 Παράκλητός

272 3545 435 3604 ἐστιν.
460 3548 604 3602 ἀλλά
631 3549 693 3602 τὸ
714 3554 1093 3623 πνευματικὸν
1124 3558 1394 3629 χάρισμα.
1427 3561 1536 3614 Καὶ
1559 3560 1673 3624 πῶς
1695 3562 1840 3634 γάρ;

273 3635 424 3710 είπερ
457 3640 599 3695 αὐτὸ
648 3644 826 3699 ἐκεῖνο
886 3642 1033 3703 εἶναι
1072 3650 1133 3702 τὸ
1189 3651 1412 3723 πνεῦμά
1465 3670 1622 3725 φησι,
1674 3655 1735 3709 τὸ
1758 3657 1844 3710 δε·

271 3730 458 3803 δωκδς,
508 3737 574 3791 τὸ
623 3738 800 3802 ἃλθδν,
863 3742 961 3795 καὶ
994 3745 1184 3813 μεῖναν
1226 3746 1285 3798 ὲν
1330 3745 1408 3818 τῷ
1444 3747 1712 3818 Κυριακῷ
1747 3752 1843 3804 ἀν·

275 3824 496 3898 θρώπῳ,
532 3833 595 3883 τδ
634 3831 852 3901 χρίσαν,
892 3835 988 3888 καὶ
1016 3835 1253 3904 ἀγιάσαν
1299 3838 1465 3892 αὐτόν
1495 3856 1509 3904 ;
1539 3837 1649 3893 ἀλλ’
1680 3840 1756 3905 ὡς
1780 3841 1845 3896 τά

277 3917 405 3992 βάθη
454 3922 552 3976 τοῦ
599 3924 919 3996 Πνεύματος
961 3929 1099 3999 μετὰ
1148 3929 1244 3984 τοῦ
1302 3930 1621 4001 Πνεύματος
1683 3934 1843 4005 ἔρευ-

276 4011 394 4074 νῶν,
441 4015 567 4068 ἐπεὶ
618 4018 743 4082 τοὺς
794 4021 1103 4090 αἱρετικοῦς
1147 4022 1263 4094 ᾔδει
1318 4025 1382 4079 ὲκ
1407 4024 1502 4078 τοῦ
1578 4027 1844 4080 ταπεινοῦ

276 4102 364 4173 τῆς
406 4105 671 4176 λήψεται
734 4109 931 4176 λέξεως
984 4113 1064 4177 είς
1123 4113 1348 4186 τὴντῆς
1408 4118 1847 4188 παρεξηγὴσεως

277 4193 485 4268 ἀπάτην
516 4198 771 4263 ἐλθόντας
803 4203 892 4256 ἐπὶ
954 4204 1032 4275 τῷ
1083 4205 1177 4258 τοῦ
1229 4208 1547 4278 Πνεύματος
1598 4210 1842 4278 ὀνόματι,

283 4292 558 4361 μονονουχὶ
614 4292 757 4346 οῦτω
792 4296 1057 4367 προφέρει
1113 4300 1205 4351 τὸν
1240 4297 1422 4368 λόγον.
1457 4301 1544 4365 Ὠς
1577 4303 1625 4355 εἰ
1661 4303 1754 4357 καὶ
1788 4303 1848 4357 τὸ

278 4382 526 4434 ταπεινὸν
559 4382 661 4452 τῆς
684 4384 945 4453 ,λήψεται
995 4388 1197 4455 λέξεως
1236 4390 1381 4462 ὑμᾶς
1414 4395 1558 4445 κινεῖ
1584 4396 1711 4457 τοὺς
1765 4394 1850 4447 al-

282 4470 522 4534 ρετικοὺς
547 4468 645 4541 τὴν
671 4472 762 4526 τοῦ
794 4474 1112 4545 Πνεύματος
1142 4478 1428 4533 αὐθεντίαν
1452 4480 1849 4548 καταϐιϐάζειν

280 4556 354 4619 είς
390 4556 606 4627 ὕφεσιν,
638 4562 714 4626 ὡς
749 4565 1112 4637 ὑποκείμενον
1137 4569 1300 4641 δῆθεν
1333 4570 1500 4626 αὑτοῦ
1536 4576 1603 4645 τῇ
1625 4573 1848 4646 ἐξουσίᾳ

1945 3372 2045 3439 nit,
2079 3371 2171 3443 qni
2200 3373 2350 3426 stetit
2370 3372 2425 3426 in
2450 3370 2743 3425 Dominico
2790 3369 3037 3430 nomine,
3088 3364 3182 3437 qui
3212 3360 3389 3425 unxit,
3427 3360 3525 3430 qui

1945 3463 2309 3521 sanctiﬁc‘avit
2364 3464 2541 3531 illum,
2575 3462 2672 3519 sed
2740 3460 3057 3515 altitudines
3116 3455 3354 3527 Spiritus
3401 3467 3527 3508 cum

1946 3558 2156 3629 Spiritu
2185 3557 2543 3627 investigans,
2568 3569 2693 3611 cum
2727 3553 2896 3610 sciret
2921 3551 3231 3615 haereticos,
3256 3563 3323 3603 ex
3351 3544 3529 3601 tenui-

1948 3660 2061 3705 tate
2110 3648 2371 3704 dictionis
2426 3647 2648 3717 accipiet
2705 3645 2759 3700 in
2796 3657 2977 3717 pravae
3063 3635 3532 3709 interpretationis

1946 3741 2194 3798 fraudem
2231 3741 2460 3811 gradum
2495 3738 2715 3804 fecisse,
2751 3737 2820 3793 de
2863 3734 3102 3807 Spiritus
3133 3731 3358 3789 nomine
3414 3737 3536 3807 tan-

1946 3845 2060 3890 tum
2090 3836 2397 3890 orationem
2427 3832 2504 3889 ita
2540 3829 2800 3887 instituit.
2836 3827 2901 3882 Et
2932 3827 2978 3885 si
3007 3824 3264 3882 dictionis
3310 3822 3534 3891 accipiet

1946 3927 2186 3995 exilitas,
2204 3941 2301 3982 vos
2324 3925 2609 3981 haereticos
2634 3923 2701 3978 ad
2721 3920 2957 3993 Spiritus
2986 3916 3358 3990 principatum
3397 3913 3534 3969 sub-

1949 4020 2275 4075 movendum
2313 4015 2531 4074 excitat.
2567 4013 2725 4087 quasi
2781 4013 2871 4069 ille
2926 4010 3180 4069 subesset
3229 4001 3536 4062 dominatui

1948 4108 2074 4174 Fili,
2135 4116 2591 4176 mutuareturqne
2635 4105 2707 4160 ab
2738 4119 2826 4171 eo,
2860 4112 2915 4158 et
2965 4100 3092 4157 aliis
3137 4095 3532 4169 suppeditaret,

1950 4214 2057 4253 non
2094 4198 2217 4254 idco
2250 4207 2432 4252 tamen
2467 4204 2662 4250 natura
2696 4208 2794 4252 sua
2830 4191 3015 4248 divina
3040 4205 3070 4245 a
3097 4186 3385 4243 Dominico
3435 4183 3535 4237 lio-

1950 4290 2096 4344 mine
2126 4286 2365 4359 Spiritus
2396 4297 2643 4352 sanctus,
2667 4283 2907 4355 [accipit,
2959 4296 3068 4353 quo
3116 4288 3298 4335 vester
3353 4288 3535 4331 sermo

1950 4397 2059 4438 non
2109 4389 2257 4436 esset
2314 4380 2598 4445 a;ratione
2648 4378 2882 4433 alienus.
2935 4374 3042 4431 Sed
3078 4386 3201 4430 cum
3233 4368 3532 4426 secundum

1950 4484 2165 4541 tempus
2187 4470 2322 4524 citra
2355 4470 2680 4540 principium
2712 4467 2948 4538 Spiritus
2973 4473 3221 4529 sanctus,
3254 4461 3346 4532 qui
3383 4459 3537 4512 habi-

1953 4563 2086 4618 tarit
2122 4564 2177 4618 in
2216 4578 2301 4627 eo,
2331 4562 2424 4632 qui
2456 4560 2889 4632 assumptionem
2916 4555 3126 4628 accepit
3173 4563 3536 4623 conceptacu~

282 4650 371 4700 τοῦ
406 4650 562 4715 Υίοῦ,
599 4655 690 4706 καί¹
716 4653 1094 4727 δανειζομένου
1147 4660 1277 4730 παρ’
1304 4661 1494 4727 αὐτοῦ,
1527 4642 1623 4717 xit
1665 4642 1842 4730 ἄλλοις

1952 4655 2063 4712 lum
2097 4656 2249 4712 illum
2306 4656 2554 4710 omnium
2588 4653 2935 4727 propriorum
3010 4650 3278 4706 donorum
3334 4642 3533 4700 ell‘ecir.

283 4739 658 4807 χορηγοῦντος,
679 4743 796 4797 ἀλλ’
822 4744 943 4817 οὐχὶ
992 4749 1131 4802 κατά
1158 4748 1256 4819 τὴν
1294 4749 1443 4804 θείαν
1478 4752 1646 4806 αὐτοῦ
1686 4753 1850 4824 φύσιν

285 4826 345 4878 ἐκ
373 4830 461 4883 τοῦ
485 4833 768 4903 Κυριακοῦ
801 4836 1093 4908 ἀνθρώπου
1125 4840 1188 4893 τδ
1221 4839 1363 4894 θεῖον
1382 4842 1608 4914 Πνεῦμα
1636 4844 1851 4915 λαμϐά-

285 4933 368 4971 νον
400 4921 574 4987 ὲστὶν,
639 4924 707 4978 ἶν’
755 4926 854 4998 ἔχῃ
901 4927 963 4981 τδ
1010 4928 1234 4999 εὔλογον
1261 4932 1291 4984 ό
1316 4931 1472 4999 λόγος
1502 4932 1679 5004 ὑμῶν.
1707 4934 1850 4988 Ἀλλ’

286 5005 463 5082 ἐπειδὴ
490 5013 552 5066 τὸ
586 5014 727 5068 κατά
750 5018 940 5087 χρόνον
973 5018 1209 5091 ἄναρχον
1234 5019 1388 5089 ἅγιον
1414 5022 1665 5094 Πνεῦμα.
1713 5027 1851 5081 ἐνοι·

289 5097 455 5169 κῆσαν
481 5104 562 5174 τῷ
591 5106 691 5176 τὴν
724 5108 900 5180 ἀρχὴν
932 5109 1151 5166 λαϐόντι
1179 5113 1594 5187 προσλήμματι,
1629 5117 1853 5188 δεξαμε·
1872 5158 1891 5179 .

291 5190 379 5261 νὴν
399 5195 529 5249 αὐτὸ
560 5197 779 5252 πάντων
812 5199 922 5254 τῶν
947 5202 1168 5256 οἰκείων
1189 5203 1548 5275 χαρισμάτων
1609 5207 1882 5276 ἀπέδειξε,

1953 4747 2254 4819 Oportebat
2279 4764 2409 4804 vero
2428 4762 2642 4813 omnes,
2664 4747 2755 4819 qui
2779 4744 3126 4819 postmodum
3157 4737 3542 4799 credidissent;

1954 4855 2019 4897 ex
2050 4852 2204 4913 parte
2247 4841 2412 4898 veluti
2448 4840 2839 4911 conceptaculo
2889 4855 2919 4893 a
2972 4835 3254 4891 Dominico
3308 4844 3539 4899 corpore

1956 4936 2225 5006 accipere.
2275 4933 2349 4989 Ex
2382 4934 2782 5005 complemento
2814 4932 2959 4987 enim
3001 4931 3146 4984 illius
3173 4925 3412 4982 Joannes
3442 4937 3537 4974 ve-

1956 5026 2137 5096 ritatis
2168 5040 2346 5098 praeco
2376 5040 2568 5082 omnes
2620 5025 2865 5096 accipere
2919 5024 3163 5079 astruit:
3193 5019 3425 5088 ideoque
3469 5028 3551 5069 exe

1959 5118 2247 5176 Dominico
2275 5133 2504 5191 corpore
2537 5119 2786 5189 accipere
2816 5117 2995 5172 dictus
3016 5125 3121 5171 est.

1942 5210 2102 5281 χρεία
2148 5206 2207 5263 δδ
2260 5204 2331 5281 ἢν
2381 5208 2590 5274 πάντας
2642 5210 2772 5274 τοὺς
2834 5205 3203 5269 πιστεύοντας
3243 5201 3537 5268 ἐσύστερον

292 5283 582 5357 λαμϐάνειν
631 5293 696 5347 ὲκ
753 5294 953 5366 μέρους
1008 5296 1118 5351 ἀπὸ
1166 5298 1264 5352 τοῦ
1322 5302 1601 5371 Κυριακοῦ
1640 5302 1892 5375 σώματος
1924 5305 2000 5371 ὡς
2031 5305 2140 5360 ἀπὸ
2195 5304 2517 5377 δεξαμενῆς.
2552 5305 2646 5360 Ἐκ
2676 5305 2786 5377 γὰρ
2810 5302 2903 5358 τοῦ
2939 5298 3310 5374 πληρώματος
3365 5290 3533 5348 αὑτοῦ

296 5378 490 5445 πάντας
521 5381 819 5454 λαμϐάνειν
860 5387 1167 5462 Ίωάννηςό
1214 5390 1315 5463 τῆς
1360 5393 1619 5463 ἀληθείας
1696 5398 1962 5469 μαρτυρεῖ
2027 5397 2221 5469 κῆρυξ⁸
2278 5399 2367 5452 διά
2418 5395 2577 5452 τοῦτο
2624 5400 2690 5453 ἐκ
2781 5396 2877 5451 τοῦ
2921 5391 3203 5467 Κυριακοῦ
3245 5387 3534 5466 ἀνθρώπου

295 5469 355 5523 λα
361 5474 559 5541 μϐἀνον
588 5479 786 5552 ἐρρέθη
812 5483 963 5537 αὐτό.

363 5566 433 5631 ς’.
469 5570 603 5643 Οὐχὶ
631 5573 692 5626 τὸ
720 5574 890 5645 ὄνομα
924 5576 1054 5645 γοῦν
1093 5578 1186 5633 τοῦ
1224 5579 1379 5649 ἁγίου
1430 5581 1745 5653 Πνεύματος
1775 5583 1855 5647 εἰς

298 5657 515 5729 δήλωσιν
546 5667 917 5736 πνευματικοῦ
951 5670 1287 5740 χαρίσματος
1319 5673 1347 5725 ό
1371 5672 1527 5740 ἆγιος
1576 5674 1857 5743 ἐκλαμϐά-

301 5764 399 5803 νων
419 5754 481 5805 τὶ
517 5758 644 5825 περὶ
691 5758 789 5826 τῆς
844 5758 1059 5828 λήψεως
1119 5760 1323 5835 ταύτης
1374 5762 1500 5833 ἔφη,
1545 5763 1858 5834 ἀλλάὐτὴν

305 5839 505 5912 ἐκείνην
525 5846 623 5916 τὴν
683 5848 844 5918 λῆψιν
875 5854 952 5911 είς
980 5852 1211 5922 δήλωσιν
1259 5854 1357 5925 τῆς
1408 5855 1516 5907 τῶν
1555 5873 1857 5925 πνευματι-

312 5933 413 5986 κῶν
470 5940 822 6009 χαρισμάτων
898 5942 1156 6015 διανομῆς
1218 5944 1602 6017 ἐξηγούμενος,
1677 5948 1857 6017 ἀφῆκε

2029 5580 2083 5636 6.
2135 5578 2253 5635 Non
2285 5579 2468 5651 itaque
2509 5591 2707 5633 nomen
2741 5577 2916 5631 sancti
2961 5572 3198 5643 Spiritus
3233 5572 3298 5628 ad
3339 5580 3536 5629 notan-

1959 5674 2088 5730 dum
2121 5672 2368 5741 spiritale
2412 5673 2612 5726 donum
2662 5677 2885 5724 sanctus
2912 5681 3222 5731 assumens,
3264 5665 3333 5720 de
3382 5680 3537 5724 acce-

1961 5764 2144 5835 ptione
2174 5765 2265 5819 illa
2296 5763 2496 5820 similia
2540 5764 2785 5830 tradidit,
2821 5763 2916 5818 sed
2952 5761 3098 5815 illam
3153 5760 3326 5831 ipsam
3375 5773 3532 5814 acce-

1961 5856 2199 5926 ptionem
2249 5856 2316 5910 ad
2340 5856 2754 5926 signiﬁcandam
2799 5853 3125 5925 spiritalium
3152 5854 3419 5909 donorum
3455 5853 3535 5905 die

1960 5949 2365 6015 stributionem,
2442 5965 2744 6020 exponens,
2779 5947 3235 6006 considerandum
3293 5945 3531 6014 reliquit,
