3846 6590
334 516 341 527 η
435 450 537 511 247

1458 459 1664 521 JOAN.
1701 460 1919 525 VECCI
1958 462 2064 527 ep.
2109 422 2620 533 Immunem

3548 484 3644 553 258

430 562 606 631 ipsum
645 559 1007 632 Paraeletum,
1039 563 1133 637 qui
1168 564 1223 619 iu
1273 576 1554 640 assumpto
1599 570 1781 634 datus,
1843 572 1993 631 inve-

2109 577 2349 642 νοεῖσθαι,
2375 580 2452 644 ὡς
2474 581 2635 645 αὐτὸς
2663 582 2866 649 ἐκεῖνος
2896 586 2924 640 6
2953 588 3308 658 Παράκλητος
3335 591 3362 644 6
3388 591 3460 662 τῷ
3489 614 3639 665 προσ-

428 663 650 723 rtusque
686 654 1026 719 inltahitavit,
1056 658 1305 714 eumdem
1352 676 1494 724 esse,
1525 664 1617 733 qui
1668 666 1737 721 ab
1783 680 1997 722 assum-

426 754 520 816 pto
554 747 719 803 veluti
757 763 786 803 a
815 754 1208 823 conceptaculo
1255 754 1697 813 distributionem
1724 759 1994 816 donarunt

424 836 585 893 eliieit
616 856 628 893 :
668 848 728 894 ut
758 839 871 910 jam
904 841 994 907 sit,
1026 852 1079 898 et
1110 844 1384 915 accipiens
1438 844 1693 917 Spiritus,
1733 858 1787 904 et
1841 864 1998 906 acce-

427 937 575 996 ptus,
598 939 651 985 et
688 931 790 985 hoc
817 931 1034 1001 quidem
1062 934 1288 990 innuere
1313 934 1674 1005 Paraeletum,
1723 939 1814 1010 qui
1850 941 1995 996 acci-

424 1021 503 1090 pit
536 1038 641 1077 non
673 1034 972 1092 mutuatus,
1005 1027 1106 1082 hoc
1142 1041 1271 1083 vero
1309 1029 1471 1092 dona,
1511 1046 1631 1101 quae
1654 1031 1721 1088 ab
1762 1032 1881 1103 ipso
1908 1049 1999 1089 ex-

427 1114 648 1171 hibente
700 1115 979 1174 Paracletc
1051 1119 1411 1189 accipiuntur.
1473 1121 1536 1178 Et
1605 1124 1838 1181 addiscit
1886 1128 1998 1183 hare

429 1204 608 1270 latius,
643 1209 734 1280 qui
770 1212 951 1267 omnia
980 1213 1275 1268 secundum
1298 1224 1476 1287 partes
1508 1218 1855 1285 percnrrerit,
1878 1232 1999 1290 qua

425 1313 524 1367 pro
559 1302 846 1358 sententiae
876 1303 1579 1374 hujuscemodi‘structura,
1631 1310 1689 1364 in
1735 1309 1847 1379 jam
1897 1326 1999 1367 saa-

428 1389 551 1456 pius
594 1390 814 1448 laudata
846 1397 1092 1449 oratione
1112 1398 1392 1467 explicuit.
1420 1399 1486 1454 Et
1518 1398 1750 1456 Sanetus
1778 1401 1995 1472 quidem

430 1495 537 1537 non
587 1482 695 1539 alio
728 1493 887 1554 pacto
918 1488 985 1541 de
1038 1488 1328 1553 similibus,
1396 1505 1516 1559 quae
1551 1489 1601 1544 in
1639 1490 1875 1547 adducta
1904 1508 1997 1561 pe-

430 1574 614 1644 ricope
662 1575 955 1642 habentur,
986 1579 1039 1631 in
1075 1580 1293 1650 propria
1324 1581 1570 1637 oratione
1606 1581 1852 1638 tradidit.
1889 1582 1999 1639 Vos

427 1684 581 1735 vero,
616 1671 707 1740 qui
740 1678 933 1725 cuncta
972 1678 1174 1725 temere
1201 1671 1557 1740 pronuntiare
1604 1686 1711 1727 non
1738 1674 1999 1730 veremini

428 1765 572 1835 quod
602 1765 867 1835 spiritalia
911 1765 1053 1820 dona
1107 1766 1416 1821 iudicentur
1467 1765 1708 1823 dictione
1756 1769 1998 1838 accipiet,

431 1857 606 1924 ipsum
714 1853 950 1925 Spiritus
1031 1870 1227 1910 nomen
1335 1855 1476 1910 male
1556 1857 1996 1928 interpretantes,

431 1950 570 2002 hanc
652 1962 873 2017 pravam
961 1946 1200 2002 nominis
1277 1946 1779 2012 interpretationem
1852 1929 2073 2003 arri--B

430 2037 575 2106 pilis,
599 2039 665 2093 ad
698 2038 1095 2094 decernendum
1129 2054 1236 2091 non
1290 2037 1497 2108 absque
1550 2054 1757 2103 errore,
1792 2053 1901 2095 non
1932 2055 1997 2093 ex

436 2129 607 2185 Verbo
644 2145 765 2186 esse
797 2130 1079 2200 Spiritum,
1117 2145 1214 2184 sua
1239 2138 1433 2186 natura
1470 2145 1532 2185 ac
1561 2130 1859 2187 divinitate.
1896 2130 2000 2188 Ve-

432 2231 737 2278 rumtamen
789 2222 1252 2289 contentionibus,
1305 2229 1357 2276 et
1394 2221 1547 2278 vobis
1586 2222 1718 2292 ipsis
1762 2223 2001 2294 compla-

430 2316 584 2371 cendi
612 2316 789 2371 studio
825 2317 1099 2386 sepositis,
1140 2315 1182 2373 si
1228 2315 1427 2385 optatis
1484 2316 1785 2380 addiscere,
1838 2332 1904 2371 an
1932 2332 1999 2371 ex

429 2410 568 2467 Filio
605 2409 839 2478 Spiritus
869 2411 960 2471 sit,
987 2409 1116 2464 illud
1143 2418 1452 2479 procurate,
1504 2424 1570 2464 ex
1612 2407 1811 2466 divinis
1849 2410 2001 2466 Scri-

429 2502 603 2571 pturis
634 2517 982 2572 cognoscere,
1017 2506 1289 2557 undenam
1332 2502 1446 2572 ipse
1500 2500 1734 2571 Spiritus
1783 2511 2003 2559 sanctus

429 2593 505 2648 rei
536 2600 826 2663 assumpta:
872 2609 965 2662 per
1006 2592 1293 2647 Dominum
1356 2591 1633 2648 exltibitus
1680 2592 1804 2649 est?
1850 2589 2005 2647 Unde

428 2683 697 2737 exsistens
756 2682 1077 2737 naturaliter
1117 2690 1171 2737 et
1213 2681 1597 2743 essentialiter,
1651 2681 1809 2737 datus
1849 2680 2001 2735 inve-

430 2785 656 2846 ctusque
680 2783 762 2831 est
782 2774 1060 2829 Dontinico
1094 2775 1347 2844 corpori?
1376 2772 1514 2828 Num
1557 2788 1623 2827 ex
1659 2770 1818 2827 Patre
1864 2771 2002 2837 solo,

431 2879 689 2939 tanquam
722 2884 784 2923 ex
813 2883 877 2923 eo
908 2868 1023 2923 solo
1052 2867 1325 2921 exsistens
1343 2866 1419 2920 rei
1452 2872 1742 2936 assumpta:
1766 2862 2002 2932 Spiritus

431 2962 664 3017 donatus
698 2961 819 3016 est?
872 2962 939 3015 At
990 2975 1220 3031 magnus
1292 2959 1618 3013 Athanasius
1682 2957 1881 3011 clamat
1940 2956 2007 3011 de

430 3052 620 3109 Filio:
659 3070 677 3104 ι
719 3053 797 3106 Ex
848 3052 965 3123 ipso
1005 3051 1185 3122 itaque
1241 3051 1292 3105 in
1326 3050 1576 3106 cunnlem
1622 3049 2004 3117 descendebat,

435 3162 501 3200 ex
550 3145 830 3201 divinitate
871 3160 990 3209 sua,
1025 3144 1078 3199 in
1131 3142 1522 3197 humanitatem
1578 3156 1755 3196 suam.
1805 3159 1825 3191 ι
1867 3138 2006 3195 Num

2095 668 2342 741 λήμματι
2371 671 2535 737 δοτῶς
2562 677 2868 743 ὲνοικήσας,
2886 680 2983 733 καὶ
3019 680 3290 746 ιπακτῶς,
3317 682 3475 749 αύτός
3508 689 3641 745 ἐστιν

2094 765 2123 816 6
2152 764 2245 818 καὶ
2275 766 2374 836 τὴν
2406 767 2514 821 ἀπὸ
2542 769 2839 841 δεξαμενῆς
2866 770 2961 826 τοῦ
3013 773 3439 845 προσλήμματος
3484 780 3643 836 διανοο

2102 854 2210 926 μὴν
2238 856 2348 911 τῶν
2371 861 2726 931 χαρισμάτων
2778 864 3121 935 ποιούμενοςο
3175 865 3254 929 ὡς
3291 863 3427 921 εἶναι
3457 873 3545 924 καὶ
3591 878 3644 929 τὸ

2096 945 2374 1015 λαμϐάνον
2412 950 2656 1020 Πνεῦμα,
2686 953 2780 1006 καὶ
2823 953 2884 1006 τὸ
2928 953 3353 1025 λαμϐανόμενον
3414 961 3642 1031 Πνεῦμα,

2098 1040 2193 1094 καὶ
2224 1039 2283 1093 τὸ
2310 1040 2407 1109 μὲν
2431 1039 2629 1111 δηλοῦν
2675 1043 2767 1096 τὸν
2801 1044 3177 1114 Παράκλητον,
3200 1046 3260 1109 ὃς
3290 1047 3546 1117 λαμϐάνει
3579 1055 3643 1124 μὴ

2098 1129 2497 1199 δανειζόμενος,
2521 1131 2582 1184 τὸ
2606 1130 2664 1185 δὲ
2690 1132 2759 1186 τὰ
2789 1133 3127 1204 χαρίσματα,
3161 1135 3307 1206 ἅπερ
3331 1138 3459 1206 παρ’
3493 1140 3644 1195 αὑτιῦ

2098 1219 2193 1273 τοῦ
2217 1220 2449 1285 διδόντος
2481 1221 2838 1294 Παρακλήτου
2889 1223 3288 1295 λαμϐάνονται.
3315 1228 3422 1279 Καὶ
3453 1228 3646 1285 εἵσεται

2099 1311 2167 1365 τὶ
2211 1312 2341 1390 περ)
2392 1312 2582 1367 τούτου
2635 1313 2972 1386 πλατύτερον
3014 1318 3042 1370 6
3073 1319 3240 1372 πᾶσιν
3285 1318 3647 1389 ἐντευξόμενος

2100 1404 2242 1459 κατᾶ
2291 1404 2455 1476 μέρος
2505 1408 2620 1472 τοῖς
2666 1407 2793 1479 περὶ
2842 1409 3194 1478 κατασκευῆς
3244 1410 3339 1463 τοῦ
3395 1413 3649 1480 νοήματος

2099 1495 2287 1550 τούτου
2318 1498 2557 1568 ῥηθεῖσιν
2579 1500 2637 1553 ὲν
2665 1499 2742 1568 τῷ
2766 1498 3027 1564 πολλάκις
3048 1499 3266 1571 ῥηθέντι
3308 1501 3447 1571 λόγῳ
3476 1504 3646 1562 αὑτοῦ.

2102 1587 2211 1641 Καὶ
2241 1589 2270 1641 6
2306 1588 2407 1656 μὲν
2457 1589 2611 1658 ἆγιος
2650 1589 2794 1645 οὕτω
2844 1591 2943 1645 καὶ
2984 1592 3075 1644 ἐπὶ
3129 1592 3397 1651 τοιούτοις
3442 1594 3506 1647 τὰ
3561 1596 3650 1664 τῆς

2102 1679 2600 1751 ἀναγεγραμμένης
2632 1716 2637 1725 .
2666 1683 2975 1752 περικοπῆς
3047 1684 3105 1736 ἐν
3152 1683 3230 1754 τῷ
3274 1683 3460 1755 οίκείῳ
3520 1685 3649 1758 λόγῳ

2103 1772 2465 1842 προήνεγκεν,
2519 1773 2682 1844 ὑμεῖς
2737 1774 2793 1828 δὲ
2817 1776 2868 1829 ei
2909 1774 3107 1840 πάντα,
3151 1775 3227 1839 ὡς
3272 1774 3454 1844 ἔτυχε,
3486 1778 3650 1845 λέγειν

2103 1860 2543 1932 ἀποτολμῶντες,
2596 1863 2685 1917 διὰ
2742 1864 2803 1918 τὸ
2853 1864 2920 1918 τὰ
2975 1865 3326 1935 πνευματικὰ
3378 1866 3650 1935 δηλοῦσθαι

2101 1952 2414 2022 χαρίσματα
2466 1954 2531 2006 ἐκ
2584 1954 2684 2024 τῆς
2734 1954 2967 2026 λήψεται
3016 1956 3239 2024 λέξεως,
3296 1958 3429 2011 αὐτὸ
3461 1960 3520 2011 τὸ
3566 1960 3650 2014 τοῦ

2103 2042 2421 2112 Πνεύματος
2460 2044 2937 2115 παρεξηγούμενοι
2967 2047 3161 2117 ὄνομα,
3213 2048 3470 2119 ἀφορμὴν
3496 2053 3653 2104 ποιεῖ-

2104 2134 2196 2188 σθε
2226 2135 2600 2208 παρεξήγησιν
2654 2136 2747 2190 τοῦ
2774 2138 3039 2209 ὀνόματος
3064 2137 3163 2192 τοῦ
3183 2138 3528 2209 δογματίζειν
3550 2143 3655 2205 ἑπι-

2105 2225 2346 2293 σφαλῶς,
2377 2228 2455 2297 μὴ
2495 2230 2558 2282 ὲκ
2592 2228 2686 2282 τοῦ
2727 2230 2902 2298 Λόγου
2966 2223 3112 2284 εἶναι
3163 2230 3226 2285 τὸ
3255 2231 3483 2300 Πνεῦμα
3528 2234 3655 2286 κατὰ

2102 2317 2202 2388 τὴν
2236 2318 2401 2373 αὐτοῦ
2457 2320 2619 2390 φύσιν
2654 2337 2712 2374 τε
2742 2323 2835 2374 καὶ
2871 2322 3126 2393 θεότητα.
3167 2322 3309 2376 Ἀλλ’
3350 2323 3655 2393 ἀποθέμενοι

2102 2408 2163 2462 τὸ
2192 2409 2497 2476 φιλόνεικον
2545 2413 2640 2464 καὶ
2667 2411 3023 2483 αύτάρεσκον,
3052 2415 3101 2466 εἰ
3131 2415 3346 2484 ζητεῖτε
3373 2414 3534 2479 ὅντως
3562 2433 3655 2484 μα-

2106 2504 2244 2569 θεῖν,
2302 2506 2352 2558 εἱ
2399 2506 2465 2560 ὲκ
2517 2506 2612 2560 τοῦ
2673 2507 2802 2561 Υίοῦ
2861 2508 2921 2561 τὸ
2980 2508 3208 2580 Πνεῦμά
3235 2510 3374 2574 ἐστι,
3409 2508 3658 2580 ζητήσατε

2105 2595 2308 2664 γνῶναι
2359 2596 2466 2649 ἀπὸ
2493 2596 2603 2650 τῶν
2638 2594 2801 2650 θείων
2830 2597 3084 2668 Γραιρῶν,
3116 2598 3251 2652 αὐτὸ
3278 2598 3343 2651 τὸ
3375 2598 3588 2667 Πνεῦμα
3606 2598 3660 2651 τὸ

2105 2685 2259 2754 ἅγιον
2325 2686 2491 2739 πόθεν
2573 2686 2652 2759 τῷ
2743 2688 3137 2758 προσλήμματι
3220 2689 3431 2758 Κυρίου
3492 2688 3657 2758 ἐδόθη,

2106 2779 2270 2832 πόθεν
2324 2779 2568 2850 ὑπάρχον
2639 2780 2884 2848 φυσικῶς
2958 2796 3017 2834 τε
3070 2778 3165 2834 καὶ
3239 2780 3544 2845 ούσιωδῶς,
3585 2779 3662 2833 δο-

2109 2871 2200 2924 τδν
2256 2871 2351 2924 καὶ
2398 2869 2633 2924 ἐπακτὸν
2687 2870 2766 2941 τῷ
2813 2871 3078 2943 Κυριακῷ
3126 2869 3344 2941 σώματι
3402 2870 3659 2939 ὲγεγόνεις

2106 2957 2235 3032 ’Ἆρ’
2263 2963 2326 3017 ὲκ
2349 2961 2442 3016 τοῦ
2478 2963 2688 3033 Πατρδς
2713 2962 2899 3031 μόνου,
2927 2962 3003 3024 ὡς
3028 2961 3086 3028 ἐξ
3116 2962 3283 3015 αὐτοῦ
3314 2962 3475 3031 μόνου
3505 2962 3663 3031 ύπάρο

2109 3072 2201 3127 χον
2247 3054 2324 3126 τῷ
2388 3055 2782 3127 προσλήμματι
2833 3054 2994 3126 ἐδόθη
3053 3054 3113 3107 τὸ
3141 3054 3401 3123 Πνεῦμας
3474 3052 3661 3105 mra

2113 3146 2288 3217 μέγας
2330 3146 2649 3210 Ἀθανόισιος
2683 3146 2782 3216 βοᾷ
2811 3145 2941 3217 περὶ
2992 3145 3086 3199 τοῦ
3114 3144 3245 3198 Υίοῦ
3273 3160 3287 3174 ·
3332 3164 3355 3197 ε
3394 3145 3483 3209 Ἐξ
3511 3143 3662 3197 αὐτοῦ

436 3252 626 3293 rursus
660 3253 723 3292 ex
750 3236 887 3292 Filio
916 3236 1055 3297 Solo,
1092 3235 1312 3306 perinde
1329 3249 1390 3289 ac
1410 3234 1456 3289 si
1476 3249 1541 3287 ex
1567 3233 1684 3303 ipso
1715 3233 1832 3287 solo
1860 3233 2004 3289 exsi-

2110 3237 2203 3290 οῦν
2232 3238 2315 3300 είς
2362 3237 2527 3292 αὐτὸν
2585 3237 2801 3309 κατῄει,
2848 3239 2912 3290 ἐκ
2951 3236 3050 3306 τῆς
3083 3237 3340 3306 θεότητος
3384 3235 3546 3290 αὐτοῦ
3594 3237 3665 3297 εἰς

433 3337 618 3392 sterct,
680 3327 758 3384 rei
818 3335 1104 3398 assumpta:
1155 3328 1445 3383 attributus
1475 3336 1557 3382 est
1611 3324 1884 3397 Spiritus?
1937 3325 2005 3381 At

434 3416 876 3488 Chrysostomus,
901 3419 950 3472 in
984 3419 1184 3488 smpius
1216 3418 1429 3473 laudata
1464 3417 1707 3471 oratione
1738 3417 1878 3471 inter
1900 3416 2004 3471 alia

436 3510 549 3565 haec
578 3526 796 3581 quoque
825 3519 1007 3581 aperte
1047 3512 1209 3566 tradit
1238 3529 1249 3564 :
1282 3529 1300 3562 ι
1328 3510 1469 3566 Deus
1490 3508 1849 3565 sanetilicavit
1882 3524 2006 3564 car-

434 3615 556 3655 nem
596 3600 795 3670 Spiritu
822 3612 1033 3657 sancto.
1077 3602 1138 3656 Et
1168 3601 1316 3678 misit
1341 3601 1541 3656 donum
1582 3598 1818 3669 Spiritus
1851 3599 2007 3654 Pater

435 3686 487 3741 in
521 3703 737 3743 carnem
760 3689 958 3745 Christi
985 3709 997 3744 :
1028 3700 1079 3746 et
1101 3706 1223 3747 eum
1248 3690 1539 3747 adveniens
1564 3691 1734 3762 gratia
1756 3689 2005 3744 universa

435 3780 577 3834 dona
627 3780 826 3836 Chriin
888 3784 1101 3848 indidit,
1155 3783 1324 3838 dicit:
1364 3781 1439 3837 De
1492 3798 1613 3838 meo
1671 3780 1917 3852 accipiet,
1952 3790 2006 3836 ct

436 3874 782 3928 annuntiahit
814 3874 983 3931 vobis.
1025 3895 1043 3926 ι

506 4161 559 4213 7.
602 4159 666 4213 Et
700 4161 828 4215 hinc
856 4161 1032 4229 palam
1093 4160 1380 4230 probatum
1423 4166 1689 4225 remanet,
1727 4171 1901 4228 neque
1942 4173 2008 4214 ex

437 4254 556 4310 solo
592 4254 770 4319 Patre,
802 4269 979 4325 neque
1013 4269 1076 4308 ex
1112 4253 1230 4309 solo
1271 4252 1409 4307 Filio
1443 4251 1687 4306 divinum
1745 4249 2008 4321 Spiritum

439 4348 621 4402 datttm
647 4345 1029 4415 invectumque
1080 4344 1375 4399 Dominicac
1408 4345 1555 4399 carni
1610 4342 1799 4408 fuisse,
1824 4344 1917 4399 sed
1945 4360 2011 4399 ex

436 4450 674 4505 utroque
709 4455 723 4491 :
755 4446 809 4494 et
842 4451 1067 4507 prorsus
1123 4447 1383 4505 tanquam
1420 4450 1482 4489 ex
1529 4432 1796 4489 ambobus
1839 4434 2012 4489 exsis-

439 4539 611 4596 stcns,
656 4545 719 4585 ex
744 4531 1006 4585 ambobus
1037 4528 1195 4582 datus
1226 4534 1309 4583 est
1340 4525 1512 4580 carni.
1570 4524 1725 4591 Quod
1774 4524 1820 4580 si
1873 4524 2013 4581 forte

2107 3331 2205 3404 τὴν
2234 3330 2631 3401 ἀνθρωπότητα
2662 3328 2851 3384 αὑτοῦ.
2883 3349 2902 3381 ι
2953 3328 3093 3383 Ἀλλ’
3122 3330 3187 3382 ἐκ
3212 3329 3309 3382 τοῦ
3339 3328 3467 3381 Υίοῦ
3494 3327 3661 3397 μόνου,

2105 3424 2180 3487 ὡς
2213 3423 2271 3489 ἐξ
2310 3423 2476 3476 αὑτοῦ
2513 3424 2673 3491 μόνου
2721 3422 2963 3492 ὑπάρχον
2996 3420 3075 3491 τῷ
3103 3421 3494 3492 προσλήμματι
3523 3418 3664 3483 ἐδόθη

2107 3518 2167 3571 τὺ
2196 3517 2455 3587 Πνεῦμα;
2499 3516 2642 3569 Ἀλλ’
2670 3518 2696 3569 6
2714 3516 3130 3587 Χρυσορρήμων
3155 3515 3213 3567 ὲν
3239 3515 3399 3584 μέρει
3430 3512 3519 3566 τοῦ
3542 3511 3661 3565 πολ⁴

2109 3609 2267 3673 λάκις
2285 3610 2539 3681 ῥηθέντος
2563 3608 2722 3678 λόγου
2742 3608 2891 3677 λέγει
2915 3607 3149 3679 τρανῶς,
3181 3626 3200 3659 ι
3231 3608 3294 3660 '0
3321 3606 3454 3669 Θεὸς
3479 3606 3663 3676 ἡγίασε

2108 3704 2205 3776 τὴν
2234 3703 2412 3774 σάρκα
2451 3701 2735 3772 Πνεύματι
2781 3700 2944 3771 ἁγίῳ,
2993 3701 3087 3753 καὶ
3110 3698 3403 3754 ἀπέστειλε
3424 3698 3522 3768 τὴν
3566 3697 3660 3750 δω-

2110 3797 2242 3868 ρεὰν
2292 3795 2385 3848 τοῦ
2431 3792 2802 3863 Πνεύματοςό
2835 3792 3024 3863 Πατὴρ
3074 3791 3156 3853 είς
3210 3790 3311 3860 τὴν
3345 3788 3521 3860 σάρκα
3582 3785 3667 3840 τοῦ

2108 3886 2371 3959 Χριστοῦ⁶
2402 3886 2497 3941 καὶ
2524 3886 2716 3956 ἐπειδὴ
2757 3884 2992 3939 ἐλθοῦσα
3024 3885 3058 3954 ἡ
3090 3884 3248 3954 χάρις
3276 3881 3378 3935 ὅλα
3416 3881 3485 3935 τὰ
3528 3879 3666 3950 δῶρα

2110 3979 2334 4048 ἐνέθηκε
2362 3978 2439 4049 τῷ
2462 3975 2703 4049 Χριστῷ,
2733 3976 2908 4046 λέγει.
2950 3993 2969 4027 ι
3017 3974 3116 4028 Ἐκ
3147 3973 3240 4026 τοῦ
3266 3973 3405 4044 ἐμοῦ
3423 3973 3667 4046 λήψεται,

2111 4070 2205 4125 καὶ
2231 4069 2526 4140 ἀναγγελεῖ
2547 4070 2699 4140 ὑμῖν.
2736 4087 2755 4121 ι

2180 4160 2246 4226 ζ’.
2274 4163 2383 4216 Καὶ
2413 4161 2685 4216 δέδεικται
2740 4160 2930 4216 λοιπὸν
2960 4158 3212 4213 ἐντεῦθεν
3243 4158 3435 4228 σαφῶς
3464 4158 3537 4220 ὡς
3559 4154 3673 4210 οὔτε

2111 4253 2219 4307 ἀπὸ
2255 4253 2417 4323 μόνου
2445 4252 2541 4306 τοῦ
2579 4251 2793 4324 Πατρδς
2820 4251 2950 4306 οὔτε
2979 4251 3090 4307 ἀπὸ
3123 4251 3288 4321 μόνου
3331 4248 3427 4302 τοῦ
3454 4247 3583 4301 Υίοῦ
3610 4246 3669 4298 τὸ

2114 4345 2259 4399 θεῖον
2300 4342 2522 4414 Πνεῦμα
2556 4344 2709 4398 δοτδν
2734 4345 2831 4397 καὶ
2865 4342 3099 4396 ἐπακτὸν
3132 4344 3195 4413 τῇ
3233 4342 3403 4412 σαρκὶ
3430 4338 3524 4394 τοῦ
3570 4340 3676 4392 Ku-

2117 4436 2237 4509 ρίου
2265 4435 2535 4505 ὲγεγόνει,
2570 4435 2687 4490 ἀλλ’
2719 4433 2780 4500 ἐξ
2830 4435 3058 4503 ἀμφοῖν,
3095 4435 3193 4488 καὶ
3221 4434 3445 4494 πάντως
3472 4432 3546 4495 ὡς
3576 4431 3677 4499 ἀμ·-

2115 4532 2236 4601 φοῖν
2261 4532 2526 4601 ὑπάρχον,
2545 4528 2640 4583 καὶ⁸
2671 4528 2733 4593 ἐξ
2770 4529 2975 4596 ἀμφοῖν
3004 4526 3154 4580 δοτὸν
3180 4527 3374 4595 γέγονε
3396 4529 3462 4595 τῇ
3497 4523 3674 4594 σαρκὶ.

437 4638 501 4678 υτ
537 4620 696 4677 Patre
728 4622 946 4691 quidem
981 4622 1058 4675 rei
1086 4629 1380 4687 assumptae
1416 4619 1598 4674 datum
1641 4616 1813 4674 fuisse
1842 4617 2004 4687 Spiri-

2121 4623 2184 4676 Εί
2224 4622 2268 4676 δ’
2294 4622 2421 4683 ἴσως
2452 4622 2517 4675 ἐκ
2563 4620 2662 4691 μὲν
2706 4619 2802 4674 τοῦ
2861 4618 3079 4689 Πατρὺς
3127 4619 3348 4687 δοθῆναι
3389 4617 3469 4687 τῷ
3525 4630 3679 4686 προσ-

441 4729 576 4781 tum,
602 4715 765 4771 veluti
795 4731 858 4771 ex
898 4731 963 4772 eo
992 4714 1374 4777 exsistentem;
1420 4728 1484 4767 ex
1517 4710 1657 4767 Filio
1702 4727 1828 4768 vero
1853 4711 2013 4767 exhi-

438 4810 634 4875 bitum,
665 4824 773 4864 non
793 4808 956 4864 veluti
988 4821 1054 4859 ex
1074 4821 1137 4859 eo
1156 4805 1506 4859 exsistentem
1529 4801 1800 4859 afﬁrmare
1823 4801 2011 4865 vultis.

443 4902 584 4957 haud
616 4901 751 4966 scio,
783 4915 850 4955 an
891 4896 1156 4969 quispiam
1208 4911 1443 4965 unquam
1492 4893 1710 4951 futurus
1756 4904 1861 4958 est,
1918 4893 2012 4967 qui

446 4993 574 5050 inde
604 5001 965 5064 emergentem
1010 4988 1336 5058 impietatem
1383 5003 1490 5042 non
1546 4996 1823 5059 agnoscat.
1873 4987 2010 5043 Cum

445 5102 575 5158 ergo
604 5085 866 5156 Spiritum
900 5091 1147 5138 sanetum
1175 5090 1226 5135 et
1252 5097 1316 5136 ex
1351 5079 1510 5134 Patre
1538 5087 1672 5134 etex
1695 5078 1833 5135 Filio
1861 5079 2015 5132 exhi-

447 5181 620 5244 bitum
646 5194 768 5235 esse
798 5177 875 5232 rei
921 5183 1215 5244 assumpta:
1257 5187 1434 5235 nemo,
1478 5172 1568 5241 qui
1600 5171 1813 5227 divinas
1862 5170 2011 5227 Scri-

444 5285 633 5348 pturas
661 5270 880 5332 evolvit,
915 5265 1132 5321 nescius
1165 5274 1269 5330 est,
1309 5265 1361 5318 ni
1390 5264 1666 5319 exhibittts
1696 5264 1766 5318 sit
1792 5278 1854 5317 ex
1877 5262 2011 5317 Filio

443 5367 605 5421 veluti
655 5379 720 5418 ex
765 5376 831 5417 eo
878 5358 1170 5422 exsisteus,
1218 5356 1675 5428 quemadmodum
1728 5354 1935 5410 scilicet
1960 5362 2015 5407 et

442 5477 506 5515 ex
548 5459 722 5520 Patre,
759 5452 1104 5507 manifestum
1140 5450 1229 5514 sit,
1269 5447 1691 5513 ministratorio,
1723 5447 2012 5517 servilique

444 5553 607 5610 modo
634 5565 696 5605 ex
722 5547 861 5602 Filio
890 5545 1156 5609 exhiberi,
1188 5558 1296 5612 quo
1351 5540 1478 5607 quid
1534 5539 1841 5603 absurdius,
1882 5538 2011 5606 quid

444 5640 894 5701 contumeliosius
911 5638 1019 5692 dici
1050 5635 1262 5707 potest?
1293 5632 1418 5687 Haec
1442 5632 1607 5701 igitur
1629 5628 1862 5685 absurda
1891 5644 2012 5697 qua:

446 5736 572 5791 inde
601 5734 942 5796 exoriuntur,
969 5729 1166 5794 edocti,
1206 5726 1421 5780 tandem
1461 5737 1578 5786 vos,
1632 5721 1723 5791 qui
1771 5734 1834 5775 ex
1874 5718 2012 5773 Filio

446 5843 555 5882 non
586 5839 706 5880 esse
740 5822 1002 5893 Spiritum
1035 5819 1357 5875 naturaliter
1390 5825 1443 5870 et
1491 5811 1855 5868 essentialitcr
1884 5826 2012 5865 con-

450 5918 690 5985 tenditis,
723 5932 787 5973 ne
809 5916 1074 5971 malitiose
1127 5911 1310 5968 verbis
1356 5904 1749 5978 Chrysostomi,
1793 5915 1911 5971 quae
1944 5902 2010 5957 de

2126 4714 2374 4785 λήμματι
2461 4710 2715 4783 βούλεσθε
2788 4710 2969 4778 λέγειν
3046 4710 3107 4763 τὸ
3147 4708 3374 4778 Πνεῦμα
3411 4748 3427 4774 ,
3493 4706 3567 4768 ὡς
3618 4703 3677 4768 ἐξ

2118 4804 2284 4860 αὐτοῦ
2330 4806 2590 4875 ὑπάρχον,
2652 4805 2717 4857 ἐκ
2772 4803 2833 4856 δὲ
2864 4801 2960 4857 τοῦ
3016 4800 3148 4855 Υίοῦ
3205 4801 3452 4870 δοθῆναι,
3482 4798 3578 4866 οὐχ
3603 4795 3674 4854 ὡς

2116 4895 2176 4961 ἐξ
2213 4896 2377 4951 αὐτοῦ
2418 4894 2684 4966 ὑπάρχον,
2722 4894 2821 4948 οὐκ
2856 4889 2972 4947 οἶδα
3012 4892 3177 4956 εἴτις
3237 4891 3303 4945 ἂν
3363 4888 3679 4954 ἐναπολειφο

2118 4987 2238 5056 θείη
2293 4986 2481 5041 λοιπὸν
2512 4985 2610 5056 τὴν
2646 4981 3369 5053 ἐντεῦθενάναφαινομένην
3415 4978 3678 5047 ἀγνοήσας

2115 5080 2392 5134 ἀσέϐειαν.
2432 5076 2591 5131 Ἐπεὶ
2623 5076 2732 5148 γὰρ
2759 5076 2819 5130 τὸ
2850 5072 2992 5131 εἶναι
3041 5075 3102 5128 τὸ
3132 5073 3361 5141 Πνεῦμα
3421 5072 3487 5124 τὸ
3533 5069 3680 5136 ἅγιον

2117 5174 2213 5228 καὶ
2253 5172 2318 5225 ὲκ
2344 5170 2438 5224 τοῦ
2466 5170 2679 5239 Πατρὺς
2710 5169 2805 5223 καὶ
2835 5170 2898 5223 ὲκ
2920 5167 3018 5221 τοῦ
3049 5165 3180 5220 Υίοῦ
3231 5165 3385 5218 δοτὺν
3415 5163 3495 5232 τῷ
3521 5175 3680 5225 προσ-

2115 5266 2388 5336 λήμματι,
2421 5261 2597 5324 οὐδεὶς
2627 5261 2737 5313 τῶν
2792 5259 2889 5324 τάς
2954 5259 3105 5321 θείας
3154 5256 3419 5310 ἐπεόντων
3466 5248 3679 5321 Γραφὰς

2114 5359 2321 5427 ἀγνοεῖ,
2348 5357 2397 5410 εί
2437 5356 2511 5426 μὴ
2563 5354 2717 5408 δοτδν
2760 5351 2846 5423 εἴη
2905 5352 3005 5405 καὶ⁸
3060 5352 3122 5403 ὲκ
3179 5349 3274 5402 τοῦ
3328 5344 3485 5409 Υἱοῦ,
3514 5344 3586 5405 ὡς
3622 5339 3677 5404 ἐξ

2116 5445 2281 5501 αὑτοῦ
2312 5446 2579 5516 ὑπάρχον,
2631 5441 2933 5513 καθώσπερ
2974 5440 3170 5511 ἀμέλει
3225 5440 3309 5492 τοι
3366 5437 3465 5491 κα)⁵
3498 5437 3559 5489 ὲκ
3588 5429 3676 5485 τοῦ

2118 5537 2330 5607 Πατρὸς
2371 5536 2642 5607 πρόδηλον
2686 5533 2761 5596 ὡς
2812 5530 3141 5593 διακονικῶς
3187 5530 3281 5584 καὶ
3332 5522 3675 5596 ὑπηρετικῶς

2114 5630 2178 5681 ἐκ
2208 5628 2304 5681 τοῦ
2331 5627 2464 5681 Υίοῦ
2505 5624 2784 5696 διδόμενόν
2837 5625 3006 5687 ἐστιν,
3046 5617 3109 5676 οῦ
3140 5620 3190 5673 τί
3224 5620 3594 5686 ἀτοπώτερον,
3642 5612 3671 5681 ἦ

2118 5718 2604 5790 βλασφημότερον;
2639 5715 2804 5770 Ταῦτ’
2835 5713 2929 5769 οὖν
2967 5714 3034 5767 τὰ
3058 5712 3235 5775 οὕτως
3290 5709 3667 5765 ἀνακύπτοντα

2114 5811 2293 5866 ἄτοπα
2363 5811 2636 5884 μαθόντες
2687 5810 2842 5879 μόλις
2896 5809 3056 5878 ὑμεῖς
3118 5809 3168 5860 οἱ
3224 5810 3288 5860 ἐκ
3321 5804 3418 5857 τοῦ
3448 5798 3575 5853 Υίοῦ
3601 5795 3669 5864 μὴ

2119 5904 2384 5976 ὑπάρχειν
2413 5904 2473 5956 τὸ
2504 5902 2733 5971 Πνεῦμα
2768 5900 3164 5969 διενιστὰμενοι
3197 5895 3444 5966 φυσικῶς
3477 5908 3531 5945 τε
3600 5901 3666 5940 κα
