3974 6606
564 407 662 472 251

557 712 702 770 tione
746 737 762 768 ι
794 721 964 776 solius
1014 745 1033 778 ι
1077 729 1481 802 circumfertur,
1531 741 1595 794 ad
1634 739 2124 816 comprobandum.

552 811 658 852 non
689 802 754 855 ad
780 808 1173 870 excludendum
1206 816 1423 888 Filium,
1451 824 1622 883 Patris
1653 847 1853 890 nomen
1900 839 2111 909 referri,

1411 887 1414 888 ν
1900 887 2111 909 --η-η,

550 887 606 944 in
652 894 850 961 quibus
917 903 1067 958 solus
1116 906 1317 965 dicitur
1367 913 1545 972 Pater.
1586 920 1949 986 Nihilominus
2001 933 2125 992 licet

552 989 803 1052 tanquam
833 992 1198 1052 certissimum
1249 1017 1317 1058 ex
1368 1010 1548 1078 magni
1594 1013 1776 1072 Basilii
1821 1025 2122 1091 expositio-

547 1073 704 1129 nibus
735 1085 1057 1141 coutirmare
1094 1094 1386 1162 possimus,
1447 1117 1553 1157 non
1603 1108 1668 1161 ad
1720 1113 2118 1175 excludendum

542 1165 737 1224 Filium
767 1174 1060 1237 dictionem
1095 1187 1220 1252 poni
1265 1208 1283 1241 ι
1321 1207 1384 1246 cx
1418 1196 1537 1250 solo
1578 1196 1734 1257 Patre
1777 1204 2062 1278 Spiritum,
2095 1234 2113 1267 ι

1715 1255 1727 1257 ,
2095 1255 2111 1267 .

539 1255 924 1328 insinuantcm,
972 1288 990 1320 ι
1049 1277 1370 1346 procedere;
1429 1302 1446 1334 ι
1499 1303 1566 1341 ne
1601 1289 1815 1350 interim
1877 1299 2119 1359 inconsi-

536 1347 721 1405 derate
756 1355 809 1408 e't
842 1358 959 1414 sine
986 1362 1096 1418 ullo
1139 1371 1390 1427 examine
1445 1378 1706 1450 quidquid
1751 1401 1779 1440 a
1837 1395 2118 1450 contradi-

534 1443 783 1498 centibus
806 1452 1145 1520 proponitur,
1175 1462 1327 1529 sequi
1367 1443 1634 1537 videatur,
1674 1485 1962 1547 antequam
2018 1503 2114 1560 ag.

534 1533 845 1560 ηπηΑζ......--.
909 1555 1009 1560 ---ν
1097 1546 1108 1560 ι
1306 1553 1316 1560 ,
1372 1556 1382 1560 -

530 1533 845 1598 grediamur
905 1546 1204 1601 secundum
1267 1553 1644 1616 obsistentium
1707 1581 1769 1621 ex
1825 1570 2026 1631 habitis
2053 1533 2111 1633 δα

533 1636 730 1692 magno
762 1626 963 1687 Basilio
1011 1641 1460 1713 expositionibus,
1515 1651 1918 1728 demonstrare,
1976 1667 2111 1725 nihil

528 1710 773 1784 differre,
823 1722 936 1778 sive
984 1727 1276 1797 aliquando
1328 1735 1555 1802 dixeris.
1595 1763 1613 1797 ι
1655 1764 1717 1802 ex
1776 1751 1934 1809 Patre
1985 1760 2108 1814 solo

529 1800 813 1873 Spiritum,
853 1831 870 1863 ι
911 1815 1024 1892 sive
1060 1837 1077 1867 ι
1114 1837 1174 1872 ex
1211 1821 1368 1879 Patre
1401 1840 1455 1883 et
1485 1831 1640 1901 Filio,
1678 1857 1696 1889 ι
1732 1845 2107 1909 protendenti-

525 1893 628 1950 bus
661 1902 816 1958 nobis
853 1923 870 1955 ι
896 1921 958 1961 ex
991 1911 1134 1974 solo,
1180 1931 1198 1964 ι
1234 1916 1502 1975 instanter
1533 1925 1645 1981 hrcc
1669 1931 1921 1990 dicimus.

529 2005 547 2036 ι
597 1988 691 2043 Ἐκ
751 1994 845 2047 τοῦ
899 1999 1109 2070 Πατρὸς
1157 2007 1250 2058 καὶ
1311 2010 1404 2063 τοῦ
1439 2014 1568 2069 Υίοῦ
1610 2038 1628 2070 ι
1670 2020 1850 2090 λέγειν
1874 2027 2028 2093 αὐτὸ,
2072 2049 2112 2083 π

521 2078 662 2134 οὕτω
699 2088 901 2157 φαμέν.

589 2176 645 2230 '5.
686 2177 752 2232 Et
780 2196 890 2251 quo
917 2196 1072 2254 pacto
1109 2205 1202 2248 vos
1234 2197 1466 2264 probare
1525 2209 1774 2274 poteritis
1828 2215 1896 2268 ah
1923 2217 2098 2273 admi-

519 2268 675 2323 rabili
733 2272 935 2344 Cyrillo
999 2280 1259 2341 dictatum
1327 2289 1518 2355 fuisse.
1575 2318 1592 2349 ι
1631 2315 1697 2356 ex
1749 2304 1867 2359 solo
1926 2308 2088 2367 Patre

516 2357 780 2430 Spiritum
826 2379 1073 2426 sanctum
1127 2381 1462 2445 procedere?
1512 2407 1530 2440 ι
1590 2392 1668 2447 Ex
1703 2399 1972 2468 oratione,
2011 2406 2095 2460 in-

515 2451 733 2520 quiunt,
770 2473 931 2526 quam
961 2463 1118 2520 divus
1138 2470 1450 2539 Cyrillusde
1477 2478 1742 2540 Trinitatc
1767 2497 2092 2562 composuit,

1811 2542 2092 2562 μίγη-η.

514 2542 1183 2628 εοηιίωωκιυεοιιυτιυιαδ
1236 2577 1347 2630 prae
1395 2571 1894 2646 manibusjtenent,
1946 2601 2096 2642 com-

513 2629 698 2697 plures
753 2651 846 2692 cas
909 2644 1167 2713 quidem,
1214 2655 1365 2722 quod
1410 2660 1527 2715 aliae
1581 2681 1647 2721 ex
1699 2669 1818 2727 aliis
1869 2691 1933 2729 eo
1989 2679 2092 2733 line

514 2719 808 2793 descriptae
840 2731 968 2799 sint,
1000 2738 1136 2794 nihil
1167 2758 1295 2799 vero
1330 2750 1396 2803 ad
1437 2751 1597 2808 ﬁdem
1639 2759 1740 2814 sibi
1788 2768 2090 2824 conciliati.

510 2809 631 2866 dam
661 2815 881 2884 habent,
921 2829 1065 2895 quod
1125 2833 1346 2903 dignum
1397 2846 1834 2908 consideratione
1887 2857 1975 2914 sit.
2029 2861 2086 2915 In

508 2903 654 2958 nulla
691 2909 833 2966 enim
857 2928 920 2968 ex
957 2917 1042 2974 his
1073 2925 1346 2984 schcdulis
1373 2948 1434 2986 ea
1465 2951 1623 3004 quam
1662 2942 1761 3010 ipsi
1805 2952 2091 3006 commini-

506 3008 736 3053 scuntur
766 3043 780 3067 ,
826 3005 1276 3085 inscriptionem,
1341 3029 1515 3082 sancti
1567 3029 1751 3102 Cyrilli
1803 3043 1980 3096 oratio
2022 3048 2088 3100 de

506 3087 774 3146 Trinitate
836 3102 1104 3169 reperitur
1163 3109 1370 3182 integre
1430 3120 1722 3194 descripta,
1781 3138 2083 3201 prooemiis.

503 3184 927 3254 certaminibus,
985 3202 1040 3248 et
1083 3199 1314 3272 epilogis
1356 3184 1624 3278 perfecta,
1654 3184 2086 3287 quibrus—
2115 3218 2159 3278 Ο

502 3269 840 3341 deprehendi
899 3297 1099 3351 posset.
1135 3269 1271 3348 Tum
1307 3269 1450 3355 enim
1511 3269 1724 3366 facilius
1771 3313 1950 3373 fabula
1985 3322 2083 3376 de-

501 3363 765 3429 prehensa
794 3368 1006 3440 fuisset,
1057 3380 1104 3433 si
1139 3385 1262 3452 quis
1311 3388 1574 3462 integram
1615 3404 1912 3462 orationem
1955 3427 2085 3467 con-

500 3452 800 3526 cinnasset,
835 3472 1090 3538 tanquam
1119 3490 1243 3545 qua:
1267 3492 1322 3535 et
1358 3488 1520 3542 modo
1568 3492 1802 3562 dicendi,
1834 3509 1884 3555 et
1940 3506 2082 3560 scri-

499 3546 704 3613 ptionis
741 3568 1024 3617 caractere
1055 3569 1230 3623 sancti
1266 3571 1452 3644 Cyrilli
1487 3582 1635 3638 nullo
1675 3590 1898 3658 negatio
1924 3593 2081 3652 inno-

1311 3638 1326 3644 _
1679 3638 1895 3658 πορν

499 3638 714 3707 luisset,
745 3654 798 3699 et
825 3647 1142 3718 ﬁgmentum
1176 3676 1358 3729 posset
1380 3668 1647 3738 dignosci.
1691 3681 1876 3736 Oratio
1898 3685 2080 3756 itaque

1179 3727 1189 3729 _
1439 3727 1466 3738 υ
1591 3727 1597 3728 ,
1633 3727 1646 3730 _
1701 3727 1873 3736 ---ων
1898 3727 2078 3756 ...μνη

497 3727 708 3802 integra
734 3740 878 3794 nutla
915 3757 1190 3816 propterea
1223 3761 1490 3826 reperitur
1518 3764 1572 3818 in
1598 3767 1875 3829 schcdulis
1904 3782 2079 3834 maxi-

497 3836 585 3875 mo
616 3840 847 3888 numero
875 3843 1177 3909 productis,
1209 3856 1268 3902 ut
1297 3849 1503 3907 dictum
1529 3867 1631 3912 est.
1654 3859 1758 3916 Sed
1785 3863 2074 3925 frustulum

495 3915 784 3984 orationis,
852 3935 1109 3997 tanquam
1159 3950 1497 4007 segmentum
1552 3945 1719 4015 illius,
1762 3967 1922 4022 quam
1969 3959 2072 4027 ipsi

493 4021 679 4079 [erunt
709 4037 1068 4101 compositam
1126 4043 1294 4101 fuisse.
1339 4064 1369 4102 a
1424 4065 1613 4109 sancto
1660 4062 1960 4120 orationem
2020 4069 2070 4122 in

488 4115 762 4174 similibus
798 4126 1053 4184 omnibus
1081 4133 1355 4194 schcdulis
1387 4140 1679 4201 invenitur.
1709 4148 1771 4203 Et
1796 4153 2071 4212 schedula:

489 4208 707 4274 quidem
755 4217 1030 4282 productae
1075 4239 1411 4294 segmentum
1473 4236 1576 4291 hoc
1629 4239 1905 4307 referunt,
1962 4263 2072 4316 quo

488 4299 661 4369 magis
717 4319 779 4358 ac
811 4309 980 4380 magis
1021 4315 1380 4376 Ecclesiarum
1414 4325 1697 4384 dissidimn
1731 4329 2066 4394 constahiliri

485 4389 720 4448 videtur.
763 4394 947 4465 quue
1004 4404 1301 4464 adversarii
1359 4414 1690 4474 instantibus
1744 4425 1903 4480 nobis
1957 4445 2069 4484 res-

483 4482 744 4549 pondent,
778 4489 905 4542 dum
944 4495 1010 4547 ab
1043 4496 1148 4550 illis
1180 4506 1547 4574 exposcimus,
1598 4525 1653 4564 ut
1683 4513 2058 4576 demonstrent

482 4585 550 4622 an
581 4588 646 4626 ex
675 4578 792 4628 solo
817 4578 974 4638 Patre
999 4585 1234 4654 Spiritus
1267 4605 1369 4649 est.
1417 4639 1432 4650 κ

550 4661 605 4714 4.
637 4661 747 4720 Nos
775 4684 903 4724 vero
933 4673 1037 4729 illis
1058 4682 1272 4748 propria
1331 4685 1639 4756 reddentes,
1676 4703 1728 4749 et
1761 4697 2054 4766 undenam,

481 4753 778 4822 inquimus,
817 4761 972 4818 [idem
1006 4782 1365 4840 assequetur',
1396 4776 1600 4835 dictum
1626 4753 1829 4842 sancti
1867 4788 2052 4861 Cyrilli

477 4858 620 4911 esse,
661 4850 805 4918 quod
838 4854 935 4918 ait,
963 4876 1006 4922 ,ι
1060 4875 1126 4915 ετ
1167 4864 1283 4920 solo
1335 4867 1493 4926 Patre
1545 4872 1808 4942 Spiritum
1861 4850 2054 4950 proce-

474 4937 644 4992 dere?
677 4960 695 4992 ›
738 4941 1170 5008 υιιάεηοηιῖἰειί
1202 4957 1375 5014 aiunt.
1411 4959 1565 5028 Quod
1585 4937 1727 5022 illud
1757 4970 1810 5024 in
1849 4937 2052 5030 codici-

475 5028 574 5083 bus
601 5031 1034 5106 circumferatur,
1073 5059 1342 5103 annorum
1365 5055 1689 5124 antiquitate
1716 5065 2045 5133 conspicuis,

472 5126 616 5192 quod
647 5126 712 5179 ad
752 5135 1170 5198 promerendum
1201 5142 1302 5195 sibi
1332 5145 1489 5199 tidem
1521 5150 1738 5205 abunde
1768 5164 1871 5209 est.
1899 5156 1962 5210 Et
1991 5160 2043 5214 hi

470 5217 687 5283 quidem
716 5223 780 5275 ad
815 5233 1055 5281 nostram
1093 5229 1431 5299 instantiam,
1474 5253 1638 5307 quam
1677 5244 2043 5302 demonstrari

467 5309 537 5364 ab
561 5310 749 5368 iisdem
786 5315 1136 5389 inquirimus,
1170 5325 1328 5380 tidem
1359 5334 1846 5407 auctoritatemque
1888 5341 2042 5408 dicti,

467 5403 714 5460 codicum
749 5412 1232 5483 antiquitatem,in
1282 5423 1483 5491 quibus
1537 5425 1741 5482 dictum
1786 5432 2038 5503 habetur,

465 5491 786 5552 obtendunt.
817 5501 885 5554 At
912 5519 1012 5558 nos
1052 5507 1194 5570 ﬁdei,
1240 5526 1402 5578 quam
1445 5514 1570 5570 inde
1621 5517 1722 5572 sibi
1763 5531 2035 5591 nstruont,

467 5600 824 5661 opponentes,
863 5597 1064 5663 (adhuc
1093 5605 1236 5656 enim
1277 5615 1550 5662 certamen
1587 5614 1886 5670 secundum
1939 5621 2040 5674 ob-

465 5678 772 5736 sistentiam
806 5693 1258 5749 contradictionis
1287 5699 1691 5766 continuantes,
1716 5719 2036 5766 recusamus

458 5780 507 5822 et
533 5771 662 5825 illud
693 5793 709 5826 ι
745 5791 808 5830 ex
849 5781 967 5836 solo
1011 5801 1028 5832 ι
1087 5767 1392 5855 admittere,
1442 5800 1497 5845 ct
1544 5797 1843 5850 secundum
1892 5802 2033 5856 obsi-

457 5865 710 5922 ttentiam
736 5871 1132 5943 demonstrare,
1176 5881 1297 5937 licet
1329 5899 1391 5938 cx
1423 5886 1540 5941 solo
1561 5883 1728 5943 Patre
1755 5893 2022 5963 quispiam

1594 441 1802 508 JOAN.
1844 449 2056 512 VECCI
2097 452 2206 516 (ΣΡ.
2251 457 2768 525 ΡΛΤΒΙΑΒΕΗιίΕ

557 529 682 586 sitio
712 535 845 591 satis
879 537 1058 609 fuerit,
1089 561 1252 615 quam
1278 550 1366 605 ille
1394 553 1446 608 in
1476 561 1754 617 nonnullis
1779 563 1940 622 dictis
1969 583 2081 622 erat

557 621 740 651 n..l:..:..
787 627 928 651 ,τμη
1063 637 1075 648 .
1221 641 1253 651 ..
1613 650 1622 651 ,

2188 576 2204 633 ι
2238 572 2270 644 ἡ
2307 575 2499 632 τούτου
2539 579 2765 651 ἀρκέσει

556 621 744 689 gelicis
783 627 1029 698 digessit,
1063 637 1114 690 in
1143 641 1340 708 quibus
1366 661 1559 702 nomen
1611 650 1784 709 Patris
1818 671 1942 710 cum
1975 661 2131 716 addi-

3704 482 3798 548 252

2817 581 3102 656 ἐξήγησις,
3139 589 3205 660 ῆν
3235 587 3292 643 ἔν
3330 607 3439 646 τισι
3471 596 3588 649 τῶν
3627 598 3799 669 lian-

2233 662 2468 730 γελικῶν
2517 671 2700 740 ῥητῶν
2733 675 3045 745 ἐποιήσατο,
3091 681 3148 732 ὲν
3203 677 3292 745 οἷς
3334 684 3396 737 τὸ
3434 686 3532 741 τοῦ
3593 662 3797 763 Πατρός

2229 755 2400 825 ὄνομα
2427 760 2566 828 μετά
2592 762 2692 831 τῆς
2718 764 2812 818 τοῦ
2844 768 3006 836 μόνου
3043 772 3365 846 προσθήκης
3392 778 3699 849 ἐμφέρεται
3713 755 3796 848 ἐεξ

2231 851 2580 920 παράστασιν
2619 856 2712 909 τοῦ
2742 858 2817 928 μὴ
2853 861 2991 931 πρὸς
3017 861 3306 934 διαστολὴν
3338 869 3431 922 τοῦ
3469 870 3607 925 Υίοῦ
3651 876 3788 946 εἰρῆ-

2231 939 2353 994 σθαι
2382 942 2446 997 τὸ
2473 945 2567 998 τοῦ
2611 949 2823 1018 Πατρὸς
2878 951 3050 1022 ὄνομα
3094 955 3182 1025 ἐφ’
3215 952 3300 1020 οἷς
3340 959 3500 1028 μόνος
3524 939 3793 1030 λέγεται-ό

2226 1031 2440 1104 Πατήρ.
2472 1037 2618 1108 Πλὴν
2661 1041 2780 1094 ἀλλ’
2807 1043 2856 1096 εί
2883 1043 2976 1097 καὶ
3005 1049 3148 1100 κατά
3179 1049 3238 1102 τὸ
3269 1052 3447 1122 πάντη
3481 1054 3706 1123 βέϐαιον
3735 1057 3790 1110 ἐκ

2221 1120 2332 1175 τῶν
2372 1125 2468 1178 τοῦ
2500 1128 2744 1196 μεγάλου
2779 1131 3064 1188 Βασιλείου
3095 1135 3411 1208 ἐξηγήσεων
3438 1120 3657 1212 ήὲγομεν
3693 1163 3787 1198 πα-

2225 1216 2516 1285 ραστῆσαι,
2567 1219 2640 1292 μὴ
2705 1223 2840 1293 πρὸς
2869 1225 3158 1298 διαστολὴν
3213 1231 3307 1284 τοῦ
3368 1234 3497 1288 Υίοῦ
3536 1235 3784 1303 λέγεσθαι

2219 1305 2318 1375 τὴν
2359 1313 2542 1381 φωνὴν
2565 1313 2666 1383 τὴν
2699 1315 2762 1367 ὲκ
2787 1316 2952 1385 μόνου
2992 1319 3085 1373 τοῦ
3127 1323 3340 1393 Πατρὸς
3391 1324 3451 1378 τὸ
3506 1327 3733 1397 Πνεῦμα
3763 1348 3780 1381 ι

2217 1393 2481 1464 λέγουσαν
2517 1421 2536 1454 ι
2571 1403 2996 1476 ἐκπορεύεσθαι,
3041 1431 3058 1463 ι
3117 1413 3202 1466 ἵνα
3249 1416 3387 1479 τέως
3441 1417 3516 1486 μὴ
3552 1393 3786 1489 δόξωμεν

2215 1487 2541 1558 ἀλογίστως,
2598 1498 2691 1552 καὶ
2747 1499 3194 1573 ἀνεξερευνήτως
3245 1509 3359 1571 τοῖς
3410 1487 3785 1580 ἀντιλέγουσιν

2215 1579 2445 1637 ἕπεσθαι
2496 1586 2636 1657 πρὸς
2667 1590 2778 1643 πᾶν
2826 1593 2889 1645 τὸ
2923 1594 3061 1665 παρ’
3099 1597 3283 1652 αὐτῶν
3338 1603 3781 1670 προτεινόμενον,

2215 1674 2385 1744 πρινὴ
2455 1679 2932 1752 μεταλειρίζεσθαι
3014 1687 3136 1740 κατ’
3193 1691 3676 1762 ἀντιπαραστασιν
3725 1697 3782 1747 τὸ

2213 1765 2493 1832 ἀποδεῖξαι
2522 1771 2629 1824 ἀπὸ
2664 1773 2776 1826 τῶν
2815 1777 3092 1846 ρηθεισῶν
3125 1780 3202 1852 τῷ
3249 1785 3473 1854 μεγάλῳ
3517 1785 3781 1855 Βασιλείῳ

2212 1855 2551 1927 ἐξηγήσεων,
2581 1862 2750 1933 μηδέν
2777 1882 2831 1918 τι
2875 1865 3179 1940 διαφέρειν,
3205 1872 3321 1925 ἔστι
3359 1874 3461 1942 μὲν
3506 1870 3570 1928 οῦ
3602 1876 3666 1926 ἐκ
3692 1875 3778 1928 τοῦ

2207 1950 2426 2021 Πατρδς
2475 1954 2640 2025 μόνου
2683 1974 2702 2009 ι
2739 1957 2923 2026 λέγειν
2960 1978 2980 2012 ι
3021 1961 3084 2015 τὸ
3137 1963 3381 2034 Πνεῦμα,
3414 1985 3430 2018 ι
3481 1965 3605 2019 ἔστι
3637 1967 3694 2020 δὲ
3723 1962 3777 2020 οῦ

2113 2035 2208 2104 ρδς
2245 2042 2371 2107 τοὺς
2401 2045 2461 2098 τὸ
2507 2064 2525 2097 ι
2557 2047 2621 2100 ἐκ
2657 2048 2821 2118 μόνου
2872 2071 2890 2103 ι
2922 2055 3329 2123 προτείνοντας,
3385 2058 3510 2112 κατ’
3534 2060 3775 2113 ἔνστασιν

2281 2221 2348 2290 γ’.
2387 2227 2498 2280 Καὶ
2520 2231 2658 2296 πῶς,
2695 2223 2740 2284 ὧ
2775 2232 2954 2299 ὑμεῖς,
2982 2235 3136 2306 ἔχετε
3161 2241 3519 2312 παραστῆσαι
3558 2246 3633 2316 τῷ
3657 2247 3774 2302 θαυ-

2207 2318 2400 2388 μαστῷ
2455 2320 2845 2394 θεολογηθῆναι
2883 2328 3140 2400 Κυρίλλῳ
3199 2333 3261 2385 τὸ
3305 2352 3324 2384 ι
3365 2335 3429 2388 ὲκ
3465 2338 3632 2406 μόνου
3683 2343 3769 2392 τοῦ

2203 2408 2422 2478 Πατρός
2457 2411 2517 2466 τὸ
2557 2413 2711 2483 ἀγιον
2733 2418 3134 2488 ἐκπορεύεσθαι
3180 2425 3442 2494 Πνεῦμας
3487 2447 3507 2480 ι
3543 2430 3641 2483 Ἐκ
3683 2433 3766 2486 τοῦ

2201 2498 2385 2568 λόγου,
2441 2506 2597 2571 φασὶ,
2641 2507 2737 2560 τοῦ
2784 2511 2913 2579 περὶ
2959 2512 3190 2580 Τριάδος
3228 2516 3649 2589 συντεθειμένου

2202 2593 2345 2665 ἁγίῳ
2379 2597 2634 2667 Κυρίλλιρ
2676 2601 2770 2652 καὶ
2806 2604 3090 2673 παρευθὺς
3126 2606 3383 2677 δελτάρια
3415 2615 3562 2680 μετὰ
3592 2593 3766 2685 χεῖρας

2200 2686 2610 2749 αύτοῖς,.πολλὰ
2660 2691 2759 2760 μὲν
2815 2693 2900 2746 ὅτι
2946 2694 3082 2749 ἄλλα
3122 2697 3180 2762 ἐξ
3225 2699 3402 2754 ἄλλων
3451 2708 3762 2777 μετετράφη

2198 2777 2341 2828 κατά
2372 2778 2631 2850 σπουδὴν,
2683 2783 2839 2836 οὐδὲν
2893 2784 2950 2837 δὲ
3000 2788 3093 2840 καὶ
3123 2791 3206 2854 είς
3236 2792 3421 2846 πίστιν
3464 2796 3762 2866 εύπαρὰδε-

2195 2884 2324 2922 κτον
2342 2871 2556 2939 ἓχολτα.
2605 2873 2698 2928 Ἐν
2719 2875 2826 2946 γὰρ
2853 2879 3029 2931 οὐδενὶ
3061 2881 3169 2934 τῶν
3204 2884 3531 2956 δελταρίων,
3572 2887 3600 2941 ὃ
3632 2892 3761 2942 κατά

2193 2960 2292 3030 τὴν
2323 2962 2456 3032 παρ’
2502 2964 2686 3020 αὐτῶν
2737 2969 3086 3024 συντεθεῖσαν
3129 2974 3442 3048 ἐπιγραφὴν
3482 2981 3579 3032 τοῦ
3613 2981 3758 3048 ἁγίου

2193 3052 2467 3123 Κυρίλλου
2497 3055 2653 3126 λόγος
2689 3061 2818 3128 περὶ
2850 3061 3082 3132 Τριὰδος
3121 3064 3350 3137 εὕρηται
3397 3070 3467 3123 δι’
3492 3071 3619 3124 ὅλου
3645 3072 3758 3137 ἐξυ-

2191 3147 2494 3216 φασμένος,
2555 3152 2887 3222 προοιμίοις,
2955 3157 3049 3210 καὶ
3109 3160 3307 3227 ἀγῶσι,
3343 3163 3438 3215 καὶ
3490 3164 3756 3232 ἐπιλόγοις

2203 3240 2670 3312 ἀπαρτιζόμενος,
2696 3241 2754 3308 ἐξ
2779 3239 2955 3318 οὗπερ
2985 3249 3044 3302 τὸ
3066 3249 3250 3322 δρᾶμα
3283 3252 3478 3322 ἔμελλε
3515 3258 3754 3325 γενέσθαι

2187 3335 2530 3406 εὐφώρατον.
2585 3339 2744 3412 Ῥᾷον
2785 3342 2895 3414 γὰρ
2928 3344 2994 3398 ἂν
3027 3345 3294 3416 ἐφωράθη
3351 3347 3411 3400 τὸ
3447 3348 3658 3418 δρᾶμα,
3685 3349 3755 3400 ιτ-

2190 3444 2293 3497 περ
2318 3427 2477 3497 λόγον
2503 3429 2623 3484 ελον
2649 3435 3024 3490 ωνεπλάσατό
3071 3455 3176 3501 τις,
3217 3437 3292 3500 ὡς
3341 3439 3449 3492 ἀπὸ
3479 3439 3578 3493 τοῦ
3607 3441 3751 3508 ἁγίου

2185 3519 2459 3590 Κυρίλλου
2484 3525 2582 3594 τῆς
2621 3525 2895 3596 φράσεως,
2931 3529 3026 3583 καὶ
3060 3529 3157 3583 τοῦ
3204 3534 3304 3597 τῆς
3333 3532 3560 3604 Γραιρῆς
3588 3550 3752 3604 χαρα-

2193 3612 2395 3684 κτῆρος
2445 3615 2761 3687 δυναμένων
2815 3620 3135 3691 εὐέλεγκτον
3175 3624 3404 3694 ποιῆσαι
3457 3627 3522 3678 τὸ
3551 3626 3750 3695 δραμα-

2179 3703 2491 3776 τούργημα.
2552 3709 2727 3776 Λόγος
2786 3712 2886 3780 μὲν
2948 3713 3044 3767 οῦν
3104 3715 3226 3778 ὅλος
3261 3717 3359 3787 οὐχ
3413 3716 3748 3787 εῦρηταιδιά

2178 3792 2353 3845 ταῦτα
2382 3796 2442 3848 ὲν
2468 3799 2582 3861 τοῖς
2607 3801 2688 3864 είς
2725 3801 2934 3872 πλῆθος
2957 3807 3406 3876 προτεινομένοις
3425 3807 3742 3880 δελταρίοις,

2176 3881 2251 3947 ὡς
2282 3887 2519 3957 εἴρηται,
2556 3892 2824 3963 τεμάχιον
2847 3894 2904 3948 δέ
2933 3913 2986 3949 τι
3021 3897 3204 3966 λόγου,
3233 3900 3309 3963 ὡς
3337 3901 3482 3969 τάχα
3527 3917 3744 3972 περικο-

2179 3975 2278 4047 πή,
2308 3981 2427 4046 τοῦ,
2459 3980 2534 4047 ὡς
2561 3986 2716 4039 αὐτοί
2771 4004 2904 4058 φασι
2937 3993 3325 4062 πεπονημένου
3364 3993 3444 4064 τῷ
3476 3993 3620 4063 ἁγίῳ
3663 3991 3741 4044 λό-

2176 4082 2273 4134 γου
2302 4073 2360 4124 ὲν
2390 4074 2522 4126 πᾶσι
2550 4079 2664 4140 τοῖς
2693 4079 2957 4144 τοιούτοις
3009 4082 3240 4153 εὕρηται
3283 4083 3604 4154 δελταρίοις,
3639 4082 3740 4137 Καὶ

2174 4160 2242 4212 τὰ
2277 4162 2375 4230 μὲν
2424 4164 2681 4237 δελτάρια
2717 4170 3114 4240 προτεινόμενα
3163 4174 3260 4244 τὴν
3304 4175 3617 4278 περινκοπιὴν
3648 4172 3737 4278 φξ-

2177 4267 2328 4321 ρουσι
2352 4257 2580 4328 ταύτην,
2619 4262 2740 4315 καθ’
2769 4264 2834 4333 ἢν
2870 4264 3130 4317 ὲπιπλέον
3153 4265 3212 4319 τὸ
3245 4267 3354 4320 τῶν
3403 4266 3736 4337 Ἐκκλησιῶν

2175 4347 2381 4418 σχίσμα
2423 4355 2847 4422 συγκροτείσθαι
2903 4356 3090 4410 δοκεῖ’
3147 4359 3239 4412 καὶ
3299 4359 3388 4413 διά
3440 4363 3647 4434 ταύτης
3688 4362 3734 4413 οι

2171 4439 2546 4508 ἀντιλέγοντες
2586 4447 2724 4516 πρὶς
2763 4446 2864 4518 τὴν
2896 4449 3054 4518 ήμῶν
3084 4450 3340 4504 ἔνστασιν
3388 4453 3729 4517 ἀπαντῶσιν,

2094 4555 2136 4609 D
2171 4531 2289 4584 καθ’
2315 4533 2382 4603 ἢν
2415 4535 2706 4603 ἀποδείξειν
2739 4539 3078 4612 ἀπαιτοῦμεν
3121 4542 3339 4606 αὐτοὺς,
3383 4546 3432 4598 εί
3477 4547 3542 4598 ἐκ
3571 4546 3726 4616 μόνου

2163 4619 2254 4672 τοῦ
2292 4623 2504 4695 Πατρδς
2533 4627 2592 4680 τὸ
2626 4629 2855 4699 Πνεῦμά
2887 4631 3061 4688 ἐστιν.

2228 4712 2290 4766 δ’.
2329 4714 2522 4786 Ἡμεῖς
2572 4718 2630 4772 δὲ
2685 4720 2899 4785 τούτοις
2952 4722 3429 4796 ἀνθυποφέροντες
3477 4729 3545 4782 τὰ
3601 4727 3722 4831 mp:

2159 4803 2388 4872 ἑαυτῶν,
2427 4810 2520 4862 καὶ
2551 4810 2716 4865 πόθεν
2739 4813 2871 4879 ἕξει,
2902 4815 3104 4885 φαμεν,
3135 4818 3195 4871 τὸ
3223 4820 3421 4873 πιστὸν
3449 4822 3607 4891 ῥῆσιν
3633 4819 3719 4874 τοῦ

2157 4896 2311 4965 ἁγίου
2345 4900 2616 4971 Κυρίλλου
2653 4900 2796 4958 εἶναι
2827 4907 2926 4976 τὴν
2959 4907 3118 4978 ῥῆσιν
3153 4909 3278 4980 ἥτις
3315 4929 3334 4963 ι
3371 4911 3436 4966 ὲκ
3472 4915 3636 4983 μόνου
3663 4914 3718 4966 τὸ

2156 4985 2376 5056 Πνεῦμα
2415 5007 2434 5041 ι
2467 4989 2610 5058 λέγει
2648 5011 2666 5043 ι
2701 4993 2794 5046 τοῦ
2826 4995 3037 5066 Πατρός
3071 4998 3510 5071 ὲκπορεύεσθαις
3552 5021 3569 5055 ι
3619 5002 3715 5056 Πό-

2153 5075 2270 5142 θεν;
2303 5074 2452 5132 οὗτοί
2477 5096 2643 5148 φασιν
2663 5099 2677 5114 ο
2713 5085 2776 5137 ὲκ
2797 5085 2890 5139 τοῦ
2919 5087 3125 5158 βίϐλοις
3146 5089 3352 5162 ταύτην
3383 5093 3711 5164 ὲμφέρεσθαι

2150 5169 2343 5237 χρόνου
2384 5170 2704 5243 παλαιότητι
2733 5180 3233 5251 συγκροτονμέναις
3298 5184 3437 5253 πρὸς
3465 5186 3526 5238 τὸ
3571 5185 3708 5249 ἀξεό-

2150 5277 2359 5314 πιστον.
2393 5263 2503 5315 Καὶ
2540 5264 2587 5316 οἱ
2619 5265 2718 5333 μὲν
2759 5269 2895 5338 πρὸς
2940 5272 3038 5341 τὴν
3089 5272 3423 5339 ὲνστατικῶς
3455 5277 3707 5330 ἀπαιτου-

2148 5352 2318 5422 μένην
2352 5355 2481 5424 παρ’
2509 5358 2665 5426 ἡμῶν
2691 5360 2967 5428 ἀπόδειξιν
3009 5364 3104 5416 τοῦ
3148 5366 3246 5435 τῆς
3277 5368 3486 5436 ρήσεως
3508 5367 3705 5471 ἀξιοπί-

2149 5458 2267 5471 ---η
2315 5446 2412 5471 ,ιω
2447 5447 2775 5471 -.ηομ-γη,
2857 5470 2868 5471 ,
2911 5453 3029 5471 ρης
3315 5459 3329 5471 .
3421 5460 3434 5471 .

2147 5458 2269 5495 στου
2315 5446 2412 5511 τὴν
2447 5447 2554 5501 τῶν
2579 5449 2776 5516 βίϐλων
2800 5453 3194 5522 προϐάλλονται
3233 5459 3593 5531 παλαιότητα,
3623 5453 3702 5519 αἷς

2144 5535 2176 5602 ἡ
2230 5537 2386 5605 ῥῆσις
2443 5541 2791 5612 ἐμφέρηται·
2855 5547 3015 5615 ἡμεῖς
3065 5548 3142 5609 δὲ,
3189 5549 3316 5620 πρὸς
3366 5551 3426 5605 τὸ
3466 5551 3728 5634 ἐντεῦθεν,

2145 5628 2453 5691 ἀξιόπιστον
2495 5635 2678 5696 αὐτοῖς
2725 5636 3096 5705 ἀντιλέγοντες
3140 5640 3221 5692 ἔτι
3267 5642 3375 5713 γὰρ
3403 5643 3495 5697 τὸν
3521 5642 3697 5710 ἀγῶνα

2140 5720 2239 5787 τῆς
2285 5725 2424 5774 κατά
2471 5727 2564 5794 τὴν
2619 5727 2868 5781 ἔνστασιν
2901 5731 3278 5803 ἀντιρρήσεως
3330 5735 3691 5838 ύποδύομενοιζ

2144 5810 2291 5838 .3-..
2327 5813 2623 5838 a-..‘.1..-n_c
2664 5820 2749 5838 μετ
2846 5823 2857 5838 ι
2973 5822 2984 5838 ι
3137 5824 3220 5838 μοι.
3300 5825 3322 5838 ο.
3533 5828 3542 5838 .

2143 5810 2294 5863 οῦπω
2326 5813 2626 5883 βουλόμεθα
2664 5820 2756 5871 καὶ
2806 5823 2866 5870 τὸ
2921 5822 3081 5890 μόνου
3133 5824 3406 5889 δέξασθαι,
3459 5828 3548 5878 καὶ
3583 5821 3685 5877 κατ’

2138 5903 2603 5975 ἀντιπαράστασιν
2638 5910 2914 5978 ἀποδεῖξαι
2946 5913 3042 5978 ὡς,
3080 5916 3126 5968 εἰ
3178 5917 3270 5968 καὶ
3314 5919 3375 5970 ἐκ
3422 5919 3577 5987 μόνου
3607 5932 3687 5967 του

3925 3917 3929 4070 t

3925 4071 3929 4284 γ
