3974 6618
179 523 279 588 253
1214 524 1315 587 DE
1354 521 1872 586 PROCESSIONE
1908 523 1971 586 S.
2004 508 2411 583 SPIRITUS.'
3344 508 3450 577 25ῑ

175 632 382 705 lia-r96;
409 633 744 704 εὒρίσκεταί
769 652 854 698 τις
880 635 991 690 τῶν
1016 634 1188 704 ἁγίων
1216 635 1396 704 λέγων
1421 636 1483 689 τὸ
1508 634 1761 706 Πνεῦμα,

1888 644 2185 689 ειιηοιοτυῐη
2240 630 2552 687 inveniatur
2595 628 2778 685 dicere
2827 625 3115 697 Spiritum,
3152 623 3289 680 nihil
3337 621 3447 680 dif-

172 722 282 778 ἀλλ’
333 722 494 776 οὐδὲν
545 725 693 796 φησὶ
749 724 1007 795 διαφέρον
1043 724 1181 796 πρὸς
1230 724 1291 778 τὸ
1323 726 1388 779 ἐκ
1416 724 1633 795 Πατρδς
1666 726 1764 779 καὶ

1888 727 2009 782 'erre
2035 727 2104 781 ab
2131 739 2215 787 eo,
2260 739 2327 778 ex
2356 721 2516 777 Patre
2566 736 2759 791 nempe
2813 728 2866 775 et
2896 717 3036 774 Filio
3073 717 3223 771 illum
3278 715 3446 783 esse.)

171 812 294 867 Υῐοῦ
331 812 593 883 ὑπάρχον
643 814 797 881 αὐτὸ,
850 814 1112 884 ἀξιοῦμεν
1166 815 1295 877 τοὺς
1343 815 1450 869 τῶν
1484 814 1764 886 ἑκατέρων

1888 834 2128 889 'ogamus
2174 827 2530 885 utrorumque
2580 828 2892 870 sermonum
2956 810 3257 874 auditores,
3299 810 3450 862 omni

155 896 340 974 ’λόγων
371 906 673 976 ἀκροατὰς
721 906 1097 978 ἀπροσπαθῶς
1126 907 1446 978 διατεθῆναι
1496 908 1634 980 πρὸς
1661 908 1763 978 τὴν

168 998 484 1065 διάγνωσιν.
517 999 588 1051 Ol
624 1000 726 1069 μὲν
755 1000 852 1070 τὴν
876 1002 1036 1072 ῥῆσιν
1065 999 1502 1071 προϐαλλόμενοι
1531 1000 1763 1070 ταύτην,

169 1090 229 1143 ὲκ
287 1089 454 1159 μόνου
504 1089 613 1143 τοῦ
653 1092 863 1160 [ἰατρὸς
891 1092 950 1146 τδ
996 1092 1243 1163 Πνεῦμα,
1293 1093 1562 1161 λέγουσαν
1598 1088 1763 1153 εἶναι,

177 1184 331 1253 μόνου
359 1182 458 1235 τοῦ
496 1184 673 1252 ἁγίου
734 1185 1005 1256 Κυρίλλου
1048 1186 1256 1258 ταύτην
1289 1181 1432 1240 εἶναί
1472 1201 1629 1254 φασι,
1671 1184 1769 1237 καὶ

176 1278 228 1329 ὲν
259 1276 359 1347 μιᾷ
388 1280 689 1348 πῑρικοπῇ
722 1278 831 1331 τῶν
869 1278 1033 1333 αὐτοῦ
1084 1278 1539 1349 συγγραμμάτων
1578 1276 1772 1347 ὁμολο-

179 1366 327 1436 γοῦσι
354 1368 577 1438 ταύτην
616 1369 994 1441 εὑρίσκεσθαι,
1023 1370 1119 1425 καὶ
1139 1369 1415 1434 ἀπόδειξιν
1443 1369 1537 1424 τοῦ
1561 1369 1769 1440 ταύτης

174 1458 486 1524 ἀξιοπίστου
549 1460 717 1514 οὐδὲν
767 1461 957 1533 ἕτερον
990 1461 1396 1533 προϐάλλεσθαι
1442 1461 1685 1533 ἔχουσιν,
1723 1461 1758 1533 ἢ
1821 1464 1824 1466 ⁷

173 1554 263 1622 τὴν
299 1552 413 1606 τῶν
465 1552 730 1624 βίϐλιων,
778 1547 868 1618 αἷς
909 1555 943 1627 η
982 1555 1146 1626 ῥῆσις
1185 1554 1519 1627 ἐμφέρεται,
1545 1554 1772 1612 παλαιό-

173 1661 322 1699 τητα.

236 1664 322 1699 τα.

202 1664 296 1792 ηυ.
335 1735 541 1803 Ἡμεῖς
566 1737 630 1792 δὲ
666 1737 1118 1810 ἀνθυποφέρομεν
1176 1742 1253 1805 ὡς
1302 1740 1427 1796 insi
1460 1739 1613 1811 rupi
1637 1740 1775 1794 πάν-

172 1846 270 1882 των
330 1829 552 1882 τούτων
605 1832 810 1895 κοινῶς
863 1830 1220 1902 ὡμολόγηται
1277 1833 1440 1901 μόνου
1474 1831 1570 1887 τοῦ
1605 1832 1768 1900 ἁγίου

1868 910 2155 966 aﬁ'ectione
2187 918 2418 976 semota,
2452 908 2505 962 in
2533 907 2803 977 judicium
2838 905 3043 960 venire.
3089 903 3190 971 Qui
3242 901 3447 956 dictum

1869 1004 1974 1060 hoc
2010 1010 2344 1073 proponunt,
2386 1015 2451 1056 ex
2493 1000 2612 1056 solo
2658 998 2823 1053 Patre
2870 997 3135 1068 Spiritum
3167 1010 3288 1050 csse
3315 993 3451 1049 insi-

1869 1110 2070 1160 nuans,
2100 1094 2273 1151 solius
2307 1095 2482 1149 sancti
2514 1093 2704 1163 Cyrilli
2739 1092 2872 1147 illud
2908 1105 3033 1146 esse
3076 1093 3351 1151 asserunt,
3396 1094 3451 1141 et

1870 1187 1926 1244 in
1960 1204 2072 1244 uno
2115 1195 2399 1257 segmento
2433 1187 2576 1241 illius
2623 1184 2984 1254 scriptionum
3017 1179 3248 1235 inveniri
3275 1179 3448 1233 faten-

1870 1287 1984 1346 tur,
2015 1288 2068 1336 et
2094 1280 2160 1335 ad
2192 1279 2352 1334 tidem
2386 1279 2463 1333 illi
2506 1275 2997 1343 auctoritatemque
3024 1271 3447 1332 conciliandam,

1872 1372 2007 1428 nihil
2039 1372 2182 1427 aliud
2209 1370 2471 1436 atterunt,
2501 1384 2666 1442 quam
2716 1369 2965 1425 codicum
2997 1366 3050 1422 in
3076 1365 3277 1438 quibus
3294 1377 3451 1435 repe-

1872 1468 2032 1533 ritur,
2074 1464 2478 1535 antiquitatem.

1942 1748 1998 1806 5.
2039 1748 2152 1805 Nos
2189 1761 2321 1803 vero
2351 1754 2541 1804 contra
2594 1745 2908 1815 obiicimus.
2958 1741 3094 1799 Cum
3158 1739 3298 1810 apud
3352 1739 3452 1794 hos

1876 1859 2065 1900 omnes
2089 1844 2213 1900 unis
2267 1842 2467 1898 animis
2528 1842 2582 1896 in
2639 1838 2895 1895 confesso
2956 1838 3045 1900 sit,
3083 1834 3189 1889 hoc
3245 1831 3449 1886 dictum

180 1919 441 1990 Κυρίλλου
486 1917 646 1976 εἶναι
677 1923 885 1996 ταύτην
908 1925 1007 1996 τὴν
1041 1926 1221 1995 ῥῆσιν,
1249 1923 1366 1987 πῶς
1396 1925 1546 1984 ἄντις
1576 1922 1638 1977 τὸ
1667 1923 1766 1992 τῆς

1888 1937 2048 1993 sancti
2087 1936 2273 2007 Cyrilli
2326 1935 2496 1992 solius
2542 1948 2684 1999 esse,
2757 1947 2990 2002 quanam
3050 1928 3258 1983 ratione
3295 1924 3452 1993 quis—

184 2012 328 2081 δίκης
370 2012 556 2081 φιλῶν
609 2015 854 2086 ἀρρεπὲς
899 2015 961 2069 ού
1004 2017 1073 2069 τᾶ
1115 2016 1412 2088 νικητήρια
1449 2015 1610 2069 δώσει
1658 2015 1771 2076 τοῖς

187 2104 392 2174 ἔχουσιν
423 2104 727 2171 ἀποδεῖξαι
757 2107 943 2176 σαφῶς
975 2111 1130 2179 παρά
1152 2128 1211 2164 τε
1239 2110 1330 2164 τοῦ
1363 2110 1602 2181 μεγάλου
1617 2108 1775 2163 Ἀθα-

184 2197 379 2260 νισίοδ,
423 2199 593 2271 παρὰ.
625 2216 688 2252 τε
732 2199 828 2252 τοῦ
888 2203 1130 2271 μεγάλου
1179 2203 1486 2267 Βασιλείου,
1521 2204 1675 2273 παρά
1714 2217 1775 2253 τε

188 2290 274 2345 τοῦ
306 2292 567 2363 Νύσσης,
612 2295 770 2365 παρά
797 2313 856 2348 τε
890 2296 985 2350 τοῦ
1044 2298 1460 2367 Χρυσοστόμου,
1512 2297 1668 2368 παρά
1714 2311 1776 2348 τε

190 2382 273 2435 τοῦ
309 2384 560 2450 μεγάλου
610 2386 935 2455 Ἐπιφανίου
985 2386 1400 2459 θεολογηθῆναι,
1436 2391 1529 2443 καὶ
1568 2391 1631 2442 ὲκ
1678 2386 1775 2442 τοῦ

194 2471 315 2527 Υἱοῦ
340 2474 401 2527 τὸ
426 2473 672 2546 Πνεῦμα
720 2477 995 2549 ὑπάρχειν
1033 2480 1415 2543 ὲνυποστάτως
1447 2481 1544 2534 καὶ
1585 2481 1779 2535 ούσιωυ-

191 2565 323 2629 δῶςς
356 2567 669 2632 Σκεπτέον,
719 2569 856 2639 πρὸς
886 2570 989 2639 τῆς
1023 2570 1282 2641 ἀληθείας
1315 2573 1505 2642 αὐτῆς,
1547 2573 1595 2626 εί
1630 2574 1778 2627 ἔστιν

192 2657 314 2720 at»;
339 2660 374 2727 ἡ
398 2657 498 2712 τοῦ
553 2660 681 2723 ἐνὸς
714 2662 993 2732 μαρτυρία
1039 2662 1206 2732 τριῶν
1249 2664 1345 2717 καί
1376 2663 1459 2727 δὶς
1506 2666 1778 2718 τοσούτων

196 2751 267 2813 εἰς
296 2750 658 2817 ἀξιοπιστίαν
700 2755 1096 2824 προτιμοτέρα.
1130 2754 1193 2808 Εἰ
1227 2756 1283 2809 δὲ
1312 2756 1409 2810 καὶ
1443 2755 1606 2809 αὐτὸν
1633 2758 1779 2810 ἐκεῖ-

196 2858 298 2909 νον,
340 2843 399 2898 ὃν
430 2845 491 2897 ὲν
552 2848 661 2916 μιᾷ
705 2847 879 2917 ταύτῃ
916 2847 1025 2901 τῶν
1063 2848 1281 2902 οίκείων
1326 2847 1780 2920 συγγραμμάτων

199 2940 458 3007 περικοπῇ
487 2955 666 3007 φασιν
695 2934 841 2994 οῦτοι
869 2940 929 2993 τὸ
960 2939 1185 3011 Πνεῦμα
1242 2943 1311 2995 ἐκ
1342 2940 1505 3011 μόνου
1532 2941 1627 2994 τοῦ
1671 2942 1781 2994 Πα-

196 3027 313 3094 τρδς
334 3029 511 3082 εἰπεῖν
536 3030 970 3101 ἐκπορεύεσθαι,
1006 3034 1359 3104 παραστῆσαι
1383 3034 1495 3099 ἔξει
1515 3034 1544 3087 ό
1567 3034 1779 3098 τούτοις

202 3115 628 3188 ἀντιφερόμενος
664 3119 937 3190 πολλαχοῦ
968 3121 1078 3175 τῶν
1113 3125 1572 3194 συγγραμμάτων
1609 3122 1776 3177 αὐτοῦ

202 3204 489 3280 διαρῤήδην
547 3209 951 3282 διατρανοῦντα
1005 3214 1070 3266 ἑκ
1122 3213 1218 3267 τοῦ
1274 3214 1488 3284 Πατρός
1552 3215 1780 3270 καὶτοῦ

209 3296 328 3352 Υῐοῦ
391 3302 675 3369 φυσικῶς,
736 3305 831 3357 καὶ
894 3305 1280 3370 ὲνυποστάτως
1345 3308 1440 3361 καὶ
1497 3307 1774 3370 οὐσιωδῶς

210 3383 422 3445 εἶναιτὸ
452 3393 709 3464 Πνεῦμα,
763 3396 846 3457 τίς
872 3396 939 3450 ἂν
983 3397 1329 3453 πιστεύσειεν
1376 3399 1539 3453 αὐτὸν
1595 3400 1776 3473 ἐαυτῷ

211 3482 410 3537 ἐναντία
436 3487 534 3539 τὸν
559 3486 718 3554 ἅγιον
752 3487 1026 3556 θεολογεῖν
1049 3509 1064 3558 ;

272 3573 345 3637 ς’.
383 3576 530 3649 Πρὸς
586 3580 691 3650 μὲν
737 3579 830 3634 οῦν
867 3581 930 3636 τὸ
970 3582 1122 3655 παρὰ
1166 3585 1261 3638 τοῦ
1295 3585 1452 3654 ἁγίου
1508 3586 1778 3657 Κυρίλλου

220 3665 365 3734 μόνου
399 3671 642 3743 ῥηθῆναι
656 3674 757 3745 τὴν
793 3694 813 3727 ι
835 3677 899 3729 ὲκ
924 3676 1086 3745 μόνου
1113 3676 1204 3731 τοῦ
1228 3678 1439 3751 Πατρδς
1462 3698 1482 3732 ι
1513 3679 1780 3747 λέγουσαν

218 3755 359 3825 ῥῆσιν
403 3762 484 3826 είς
522 3764 852 3837 ἀντίρρησιν
898 3767 1326 3838 προϐαλλόμεθα
1355 3771 1417 3824 τὸ
1465 3771 1620 3841 παρὰ
1670 3770 1780 3825 τῶν

217 3848 721 3928 ἀναγεγραμμένων
786 3859 1053 3928 θεολόγων
1118 3863 1376 3933 Πατέρων
1431 3864 1665 3936 ῥηθῆναι
1718 3864 1781 3918 τὸ

222 3956 241 3991 ι
268 3941 327 3995 ἐκ
356 3944 573 4018 Πατρὺς
601 3950 696 4004 καὶ
733 3950 864 4004 Υίοῦ
889 3967 903 3982 ⁸
939 3971 959 4005 ι
994 3955 1075 4016 είς
1102 3954 1161 4008 δὲ
1199 3954 1479 4020 ἀπόδειξιν
1506 3957 1600 4010 τοῦ
1645 3956 1782 4027 μηδὲ

220 4031 271 4084 ἐν
293 4039 354 4106 τῇ
385 4043 483 4110 μιᾷ
512 4041 696 4115 ταύτῃ
742 4048 1023 4116 περικοπῇ
1069 4045 1147 4117 τῷ
1196 4047 1339 4118 ἁγίῳ
1387 4049 1643 4120 Κυρίλλῳ
1684 4049 1784 4122 τὴν

220 4128 389 4198 φωνὴν
416 4134 627 4205 ταύτην
666 4136 904 4206 ῥηθῆναι
929 4138 993 4190 τὸ
1024 4139 1215 4207 μηδενὶ
1243 4139 1355 4192 τῶν
1386 4141 1643 4195 ἁπάντων
1689 4160 1784 4195 πι-

224 4219 495 4279 στεύεσθαι
524 4228 704 4281 εἰπεῖν
729 4246 782 4281 τι
808 4229 899 4282 τὸν
922 4228 1079 4298 ἅγιον
1112 4230 1381 4302 Κύριλλον
1405 4234 1588 4304 ἑαυτῷ
1609 4251 1622 4265 ·
1649 4236 1788 4305 πρὸς

222 4310 273 4364 at
297 4313 389 4384 τὴν
416 4320 552 4390 παρ’
585 4321 767 4374 αὐτῶν
814 4322 1093 4393 προϐεϐλη
1104 4322 1275 4393 μένην
1303 4325 1644 4397 παλαιότητα
1676 4328 1787 4382 τῶν

227 4399 411 4470 βίϐλων
445 4411 748 4481 παλαιότης
779 4413 1353 4486 ἀντιπροϐληθήσεται
1404 4416 1627 4485 βίϐλων.
1680 4418 1792 4471 Καὶ

226 4492 327 4562 εἴτε
363 4514 416 4551 τι
448 4501 582 4565 ῐσως
616 4501 727 4572 ἔχει
757 4502 957 4573 βίϐλων
980 4505 1280 4577 παλαιότης
1313 4507 1513 4578 βίϐλων
1559 4510 1791 4567 παλαιό-

228 4599 336 4657 τητι
370 4591 663 4664 μάχεσθαι,
721 4596 859 4650 ἀλλὰ
890 4597 1169 4652 κάνταῦθα
1215 4599 1685 4672 ὑπερεκπερισσοῦ
1732 4601 1793 4657 τὸ

1882 2034 2047 2102 piam,
2085 2030 2223 2100 aequi
2256 2044 2470 2093 amans,
2523 2036 2578 2083 et
2632 2025 2846 2098 gemina
2897 2026 3101 2093 justum
3155 2022 3307 2076 lance
3330 2034 3454 2074 sus-

1878 2123 2145 2192 pendens.
2178 2120 2459 2175 victoriam
2514 2133 2621 2172 non
2680 2116 2787 2171 illis
2830 2112 3110 2178 concedet,
3146 2110 3236 2180 qui
3276 2109 3451 2179 palam

1880 2215 2416 2277 demonstraut,eta
2446 2226 2643 2281 magno
2698 2207 3024 2270 Athanasio,
3076 2214 3130 2259 et
3180 2220 3209 2260 a
3259 2218 3455 2272 magno

1881 2304 2104 2369 Basilio,
2139 2320 2239 2359 nec
2267 2320 2373 2359 non
2409 2301 2674 2367 stseno,
2697 2311 2861 2371 atque
2889 2298 3307 2370 Chrysostnmo,
3342 2302 3453 2349 tum

1882 2399 2046 2450 etiam
2081 2412 2108 2447 τι
2147 2409 2344 2463 magno
2375 2393 2674 2463 Epiphanio
2732 2391 2988 2446 traditum
3037 2388 3227 2447 fuisse.
3287 2394 3341 2440 et
3390 2401 3456 2439 ex

1882 2484 2022 2539 Filio
2057 2484 2317 2555 Spiritum
2351 2497 2474 2539 esse
2506 2497 2605 2538 sua
2654 2478 2952 2551 hypostasi,
2989 2486 3043 2532 et
3092 2474 3366 2532 essentia?
3392 2471 3460 2527 Et

1884 2576 2345 2634 considerandum
2400 2575 2589 2643 utique
2624 2581 2729 2635 est,
2792 2587 2885 2641 per
2919 2569 3201 2623 veritatem
3257 2566 3458 2635 ipsam.

1885 2686 1952 2725 an
1996 2672 2158 2724 unius
2200 2668 2596 2732 testimonium,
2639 2665 2801 2718 trium
2853 2661 2933 2715 vel
2986 2675 3081 2717 sex
3138 2658 3462 2712 auctoritate

1885 2764 1952 2817 ad
1989 2762 2144 2816 tidem
2178 2757 2602 2828 comparandam
2631 2753 2941 2825 potius'sit?
2968 2752 3122 2819 Quod
3146 2750 3192 2805 si
3228 2758 3280 2804 ct
3306 2748 3459 2802 illum

1886 2852 2062 2923 ipsum
2104 2865 2265 2921 quem
2299 2850 2352 2903 in
2376 2864 2486 2904 una
2510 2856 2717 2902 tantum
2750 2844 3093 2915 propriorum
3127 2848 3463 2897 commentae

1885 2947 2095 3005 riorqu
2152 2942 2405 3012 pericopa
2462 2948 2713 2995 asserunt
2776 2939 2852 3004 hi,
2902 2935 3166 3006 Spiritum
3225 2949 3289 2987 ex
3346 2930 3465 2987 solo

1886 3038 2049 3093 Patre
2082 3034 2379 3106 procedere
2411 3033 2732 3095 allirmasse,
2762 3030 3121 3101 comprobare
3150 3026 3347 3098 poterit
3366 3025 3461 3094 qui

1887 3129 1994 3183 illis
2046 3127 2376 3198 opponitur,
2454 3124 2640 3179 multis
2714 3123 2838 3177 aliis
2912 3119 3271 3187 scriptionum
3331 3114 3467 3170 locis

1888 3230 2077 3291 aperte
2131 3219 2456 3282 edicentem,
2511 3229 2578 3270 ex
2620 3212 2778 3269 Patre
2832 3221 2887 3267 et
2927 3209 3068 3266 Filio
3121 3204 3461 3268 naturaliter,

1891 3312 2249 3384 ltypostatice.
2309 3318 2364 3365 et
2417 3306 2781 3363 essentialiter
2830 3301 3097 3373 Spiritum
3146 3314 3289 3364 esse,
3341 3296 3466 3368 quis

1879 3406 2082 3471 credet,
2118 3403 2376 3460 eumdem
2407 3412 2659 3458 sanctum
2700 3397 3026 3468 sibimetipsi
3052 3392 3374 3451 adversari?

1950 3589 2004 3645 6.
2044 3589 2124 3644 Ad
2174 3587 2307 3644 illud
2349 3588 2535 3658 itaque
2593 3584 2768 3641 sancti
2815 3581 3002 3655 Cyrilli
3039 3580 3213 3636 solius
3265 3576 3469 3631 dictum

1877 3679 2189 3745 insinuans,
2240 3698 2260 3732 ι
2320 3694 2388 3733 ex
2433 3678 2552 3733 solo
2601 3676 2784 3741 Patre,
2828 3694 2847 3728 ι
2887 3681 3080 3730 contra
3134 3666 3471 3740 opponimus

1878 3775 2019 3845 quod
2052 3789 2081 3828 a
2134 3772 2245 3842 jam
2306 3771 2539 3827 laudatis
2597 3768 2856 3824 Patribus
2912 3764 3180 3835 theologis
3212 3760 3470 3816 traditur,

1889 3885 1908 3919 ι
1949 3882 2016 3922 ex
2050 3864 2209 3920 Patre
2258 3874 2315 3920 et
2364 3861 2538 3918 Filio:
2574 3882 2593 3915 ι
2656 3861 2724 3916 ad
2760 3856 3247 3916 demonstrandum
3293 3866 3470 3922 neque

1880 3956 1937 4011 in
1968 3972 2076 4011 una
2127 3956 2230 4010 hac
2274 3955 2532 4026 pericoya
2590 3967 2621 4006 a
2676 3961 2868 4007 sancto
2912 3948 3118 4021 Cyrillo
3169 3944 3467 4001 dictionem

1884 4051 2028 4106 hanc
2074 4048 2246 4104 fuisse
2297 4047 2582 4113 insertam,
2640 4044 2785 4115 quod
2841 4041 3028 4098 nullus
3077 4054 3144 4095 ex
3211 4035 3470 4091 omnibus

1885 4142 2090 4207 credet,
2129 4150 2375 4196 sanctum
2422 4138 2686 4211 Cyrillum
2741 4134 3090 4192 adversantia
3146 4127 3470 4199 sibimetipsi

1885 4233 2242 4300 enuntiasse.l
2272 4230 2354 4286 Ad
2383 4239 2705 4301 prmtensam
2737 4244 2830 4299 per
2855 4228 3004 4298 ipsos
3031 4222 3283 4280 codicum
3322 4222 3469 4275 auti-

1887 4324 2171 4395 quitatem,
2208 4323 2458 4377 codicum
2493 4321 2726 4375 aliorum
2770 4318 3072 4387 antiquitas
3116 4325 3471 4385 proponetur.

1889 4416 1956 4472 Et
1989 4416 2033 4470 si
2067 4414 2196 4485 quid
2224 4415 2364 4470 forte
2397 4414 2648 4468 codicum
2695 4410 2992 4481 antiquitas
3037 4408 3286 4463 codicum
3333 4404 3471 4459 anti-

1891 4510 2155 4582 quitatem
2210 4506 2548 4562 contundcre
2599 4503 2765 4567 valet,
2823 4501 2950 4555 hinc
3005 4513 3223 4567 quoque
3285 4495 3472 4549 multis

1892 4617 1959 4656 ex
1990 4599 2235 4670 partibus
2268 4594 2591 4666 palmarium
2631 4593 2848 4649 dabitur
2891 4590 2993 4653 illi,
3024 4588 3118 4658 qui
3151 4584 3341 4655 majori
3371 4598 3472 4637 nu-

229 4686 371 4754 νικᾷν
399 4690 936 4761 ὲπιϐραϐευθήσεται
968 4691 1048 4761 τῷ
1072 4692 1134 4746 τὸ
1158 4693 1342 4748 πλεῖον
1371 4694 1547 4762 ἕξοντι
1591 4697 1685 4750 ἐπὶ
1712 4697 1781 4768 τῷ

1896 4706 2048 4746 mero
2075 4689 2417 4759 constipatus
2446 4686 2687 4742 accedet.
2739 4684 2891 4739 Licet
2920 4681 3063 4736 cnim
3113 4679 3215 4750 ipsi
3274 4676 3474 4731 multas

232 4771 454 4849 ἀριθμῷ.
490 4782 551 4834 Et
583 4782 694 4852 γὰρ
730 4782 824 4835 καὶ
854 4782 1027 4836 πολλὰ
1076 4786 1456 4856 προτείνουσιν
1501 4782 1646 4843 οὗτοι
1674 4791 1792 4844 δελ-

233 4866 400 4937 τάρια.
426 4873 562 4929 ἄλλα
599 4873 659 4940 ἐξ
711 4874 891 4929 ἄλλων
929 4879 1380 4946 μεταγραφέντα,
1412 4874 1494 4943 οἷς
1539 4882 1571 4952 η
1628 4883 1791 4954 ῥῆσις

240 4957 363 5031 αὕτη
393 4965 717 5036 ἐμφέρεται,
754 4967 870 5020 ἀλλ’
901 4969 1036 5036 ἐγὼ,
1070 4968 1134 5041 νὴ
1156 4969 1214 5022 τὸ
1238 4970 1338 5041 τῆς
1365 4972 1623 5042 ἀληθείας
1656 4976 1794 5044 κρά-

236 5063 338 5115 τος,
371 5056 458 5110 ἐπὶ
485 5061 699 5130 μσκρόν
750 5060 850 5131 ἤδη
904 5061 1097 5130 χρόνον
1126 5062 1223 5117 τοῦ
1252 5064 1572 5135 ζητήματος
1602 5085 1756 5123 κινου
1774 5100 1791 5111 ο

247 5142 412 5211 niveo,
444 5149 592 5215 ἅπαξ
625 5151 708 5205 ἐνὶ
740 5153 889 5224 μόνῳ
921 5152 1188 5225 δελταρίῳ
1216 5157 1664 5230 πεπαλαιωμένῳ
1692 5162 1794 5225 τὰς

243 5231 375 5301 ὄψεις
424 5243 708 5312 ἐπέϐαλον,
736 5244 835 5314 τὴν
867 5245 1030 5315 ῥῆσιν
1059 5247 1282 5318 φέροντι
1331 5250 1559 5321 ταύτην,
1600 5253 1697 5307 καὶ
1732 5254 1795 5308 τὸ

246 5322 522 5401 δελτάριον,
572 5333 646 5399 ὡς
704 5335 762 5401 ἐξ
816 5337 1015 5405 ἐράνου
1057 5338 1152 5391 καὶ
1200 5339 1471 5410 συλλογῆς
1518 5342 1795 5413 διαφόρων

251 5426 675 5521 συγγρῂαμμάτων
709 5430 1093 5496 συγκείμενον,
1119 5431 1181 5484 οὐ
1212 5431 1374 5502 μέρος
1403 5434 1578 5487 ἐδόκει
1607 5434 1793 5504 βίϐλου

248 5517 363 5603 ’ξῶνν
391 5517 571 5603 ὁποῖαι¹
606 5519 804 5572 πολλαὶ
841 5519 919 5590 τῷ
960 5520 1211 5594 θεῃγόρῳ
1259 5523 1511 5595 Κυρίλλῳ
1537 5525 1792 5596 διεπονή-

255 5597 421 5704 θησαν,
445 5600 577 5665 Οὐδὲ
607 5611 716 5681 γὰρ
750 5612 876 5665 οὐδὲ
914 5612 1076 5666 τοῦτο
1113 5614 1307 5685 μικρὶν
1362 5618 1441 5679 είς
1474 5617 1793 5688 ἀποτροπὴν

253 5700 337 5761 τῆς
366 5700 587 5769 ρὴσεως,
618 5708 679 5756 τὸ
704 5705 763 5756 ἐν
796 5704 1039 5777 μηδεμιᾷ
1068 5704 1176 5760 τῶν
1239 5706 1439 5776 βίϐλων
1468 5700 1677 5781 ταύτην
1706 5711 1796 5764 εὐ·-

264 5783 511 5850 ρίσκισθαι
550 5789 625 5849 ὧν
654 5796 886 5850 ἑκάστου
929 5798 998 5850 τὰ
1034 5796 1128 5852 τοῦ
1182 5799 1338 5868 ἁγίου
1378 5801 1795 5871 συγγράμματα

261 5876 406 5936 δόλον
435 5891 610 5963 αὐχεῖ.
640 5891 790 5954 Τέως
827 5892 978 5959 ὅμως
1011 5895 1057 5945 εἰ
1091 5894 1183 5945 καὶ
1217 5892 1445 5945 παλαιὸν
1480 5888 1548 5962 ἦν
1597 5893 1657 5945 τὸ
1696 5894 1794 5962 ἐμ-

272 5982 491 6037 φανιςθὲν
531 6001 620 6047 μοι
650 5987 808 6041 τοῦτο
832 5987 1130 6056 δελτάριον,
1165 5988 1302 6058 ἁλλᾲ
1328 5989 1451 6044 τίνα
1495 5990 1794 6053 παραδέξε-

1893 4783 2188 4839 schedulas
2221 4781 2537 4852 proferant,
2579 4779 2717 4833 alias
2764 4793 2829 4833 ex
2865 4774 2989 4830 aliis
3038 4771 3364 4841 descriptas,
3418 4768 3472 4821 in

1892 4878 2093 4948 quibus
2143 4875 2349 4931 dictum
2401 4877 2502 4929 hoc
2543 4869 2953 4933 circumfertur,
2996 4868 3090 4923 sed
3151 4865 3308 4930 mihi,
3365 4861 3472 4916 vim

1894 4969 2066 5039 ipsam
2128 4966 2374 5024 veritatis
2419 4975 2622 5030 testor,
2688 4978 2812 5018 cum
2870 4960 3096 5032 quazstio
3156 4960 3269 5013 haec
3334 4954 3475 5010 mul-

1894 5070 1979 5117 tos
2034 5059 2147 5130 jam
2201 5075 2378 5114 annos
2439 5058 2492 5112 in
2553 5054 2931 5112 controversia
2993 5053 3098 5119 sit,
3148 5050 3314 5106 semel
3366 5063 3473 5102 una

1894 5154 2239 5210 solummodo
2303 5149 2562 5207 schedula
2616 5155 2940 5203 vetustatem
3005 5144 3232 5209 ferens,
3308 5149 3364 5196 et
3419 5140 3473 5194 in

1894 5260 2001 5316 qua
2050 5245 2255 5300 dictum
2312 5243 2614 5314 legebatur,
2656 5241 2867 5309 objecta
2929 5246 3033 5307 est,
3080 5222 3257 5307 anue
3308 5233 3473 5289 veluti

1895 5354 1961 5394 ex
2022 5337 2171 5391 varia
2251 5334 2615 5399 colleaioue,
2691 5330 3054 5401 congerieqne
3134 5330 3473 5385 diversarum

1897 5431 2253 5499 scriptionum
2312 5426 2578 5493 conﬂata,
2629 5440 2734 5480 non
2792 5440 2916 5495 pars
2970 5423 3092 5477 libri
3160 5421 3473 5483 videbatur,

1895 5523 2086 5594 quales
2145 5522 2328 5577 multa:
2395 5536 2491 5592 per
2554 5520 2879 5589 deiloquum.
2945 5517 3207 5588 Cyrillum
3289 5515 3474 5569 elabo-

1897 5625 2031 5671 ratae
2059 5626 2208 5670 sunt.
2266 5613 2391 5668 [hec
2450 5613 2615 5668 etiam
2660 5627 2767 5667 non
2816 5610 2966 5680 parvi
3019 5607 3278 5663 momenti
3317 5606 3474 5662 fuerit

1898 5709 1964 5763 ad
2034 5703 2389 5764 refellendum
2445 5709 2688 5770 dictum,
2755 5705 2901 5775 quod
2957 5703 3011 5756 in
3074 5700 3223 5755 nullo
3286 5700 3475 5756 codice

1899 5801 2221 5871 reperiatur,
2251 5801 2343 5871 qui
2372 5800 2547 5855 sant-ti
2580 5798 2780 5869 scripta
2812 5802 2918 5867 'pcr
2953 5812 3143 5852 omnes
3195 5810 3321 5851 suas
3352 5808 3475 5863 par-

1901 5909 1981 5951 tes
2011 5897 2425 5966 complectatur,
2446 5893 2660 5962 illisque
2683 5890 2983 5962 superbiat.
3010 5890 3219 5944 Interea
3245 5888 3368 5943 licet
3389 5905 3475 5941 ve-

1902 5998 2150 6046 tustatem
2186 6004 2294 6050 prae
2330 6004 2385 6041 sc
2416 5985 2913 6054 {ert-hatcoutpcrta
2946 6000 3040 6055 per
3074 6000 3156 6040 mc
3186 5982 3471 6047 schedula,
