3846 6570
534 394 676 490 255'

518 916 742 980 veritas,
773 935 1058 977 numerum
1090 941 1197 982 non
1233 934 1405 988 novi?

591 1006 643 1071 7,
685 1008 817 1073 Quae
864 1013 1081 1081 igitura
1113 1021 1273 1078 nobis
1311 1041 1407 1095 per
1463 1031 1776 1093 instantiam
1829 1043 1935 1099 dici
1988 1046 2088 1103 de-

515 1106 664 1151 creta
692 1110 840 1193 s‘unt,
877 1103 944 1158 ad
978 1107 1332 1171 refellendum
1374 1135 1436 1174 ex
1498 1126 1616 1180 solo
1653 1130 1847 1187 Patre.
1881 1145 1935 1189 et
1983 1148 2095 1193 sta-

514 1188 812 1247 biliendum
847 1211 913 1251 ex
942 1199 1104 1257 Patre
1129 1214 1184 1258 et
1226 1208 1366 1264 Filio
1393 1212 1653 1283 Spiritum
1704 1227 1881 1280 oratio
1924 1188 2090 1299 supra

511 1282 785 1346 promisit,
818 1286 936 1343 haec
965 1303 1115 1349 sunt.
1175 1296 1559 1362 Verumtamen
1619 1327 1795 1380 operm
1853 1282 2089 1386 pretium

510 1378 593 1422 est
628 1373 943 1433 universum
998 1382 1131 1439 illud
1199 1404 1564 1459 segmentum.
1618 1402 1671 1455 in
1702 1418 1813 1473 quo
1854 1373 1929 1462 lea:

511 1458 743 1519 habetur
773 1467 876 1525 hac
912 1471 968 1527 in
1016 1458 1279 1536 oratione
1314 1484 1585 1554 digerere,
1635 1458 1750 1547 tum
1802 1498 2061 1571 deinceps

514 2030 532 2062 ι
566 2014 872 2082 Adorandm
899 2031 1007 2079 tres
1036 2026 1363 2098 hypostascs
1393 2052 1832 2112 cognoscuntur,
1868 2060 1925 2106 et
1958 2069 2078 2110 cre-

505 2104 709 2162 duntur
748 2110 801 2164 in
848 2112 1008 2171 Patre
1046 2120 1299 2193 principii
1335 2104 1622 2201 causieque
1669 2151 1930 2210 experte,
2003 2146 2086 2201 in-

504 2198 723 2267 genito,
785 2207 1145 2279 sempiterno;
1197 2226 1252 2270 et
1306 2218 1358 2273 in
1409 2198 1548 2279 Filio
1602 2198 1930 2299 Unigenito,
1987 2254 2085 2307 ge-

503 2301 694 2348 nerato
743 2296 1124 2370 ineli‘ahiliter,
1189 2309 1636 2387 impassibiliter,
1704 2296 2079 2397 indiciliilitizr,

502 2392 629 2436 ante
648 2388 832 2443 omnia
864 2396 1062 2451 saecula
1099 2414 1166 2454 ex
1194 2408 1431 2461 essentia
1467 2410 1585 2479 ipsa
1612 2415 1814 2482 Patris,
1846 2419 2082 2492 ideoque

482 2478 973 2553 'consubstantiali,
1009 2488 1253 2558 ejusdem
1295 2478 1567 2558 throniet
1616 2478 1899 2577 dignitatis
1946 2478 2078 2570 con-

500 2578 669 2635 sorte,
701 2576 1006 2632 secundum
1042 2585 1224 2640 omnia
1253 2586 1420 2645 simili
1453 2602 1508 2648 et
1540 2576 1734 2666 aequali
1768 2601 1915 2656 Patri
1941 2605 2078 2662 citra

497 2665 882 2729 paternitatcm
905 2686 921 2735 ;
948 2672 1274 2745 principium
1303 2696 1429 2738 vero
1457 2696 1509 2738 ct
1533 2665 1756 2743 causam
1787 2707 1883 2761 per
1916 2711 2079 2765 gene-

495 2754 764 2811 rationem
804 2760 1020 2816 Patrem
1056 2764 1288 2826 habente
1324 2788 1339 2825 :
1400 2784 1454 2828 et
1489 2776 1543 2830 in
1592 2754 1802 2847 Spiritu
1857 2754 2073 2854 sancto,

493 2848 831 2916 viviﬁcante,
862 2855 1164 2926 adorando,
1196 2867 1523 2932 procedente
1557 2886 1618 2925 ex
1657 2874 1839 2937 Patre,
1868 2878 1969 2954 hoc
1995 2892 2078 2936 est

494 2955 562 2995 ex
599 2947 832 2999 essentia
877 2947 1079 3017 Patris,
1122 2970 1230 3009 non
1290 2963 1650 3027 generatione
1710 2947 2073 3035 quemadmo-

493 3028 623 3093 dum
656 3032 847 3099 Filius,
884 3054 952 3092 nc
1002 3040 1113 3095 duo
1171 3041 1291 3098 Filii
1347 3048 1454 3103 sint
1524 3052 1575 3105 in
1651 3028 1937 3123 Trinitate,
1975 3063 2072 3118 sed

490 3124 843 3191 procedente,
869 3136 925 3179 ut
957 3128 1165 3186 dictum
1199 3146 1306 3201 est,
1348 3152 1412 3190 ex
1444 3140 1562 3194 solo
1599 3141 1781 3209 Patre,
1808 3149 1972 3203 veluti
2003 3152 2072 3207 ab

491 3227 608 3277 ore.
635 3216 729 3270 sed
757 3217 850 3286 qui
876 3223 1182 3289 comparuit
1223 3239 1318 3293 per
1359 3226 1580 3296 Filium,
1628 3235 1955 3307 locutusque
1987 3250 2072 3296 est

491 3303 545 3356 in
586 3309 856 3365 universis
885 3316 1091 3369 sanctis
1118 3319 1379 3385 apostolis
1419 3332 1472 3377 et
1532 3329 1834 3397 prophetis,
1866 3303 2068 3390 nihilo-
2096 3320 2138 3377 (ἶ

492 3395 697 3462 minus,
733 3400 809 3452 uti
832 3400 967 3464 dixi.
991 3418 1058 3456 ex
1085 3408 1322 3461 essentia
1345 3408 1492 3465 Patri
1522 3423 1574 3467 et
1596 3395 1719 3471 Filii
1746 3395 2065 3492 chistente,

489 3497 544 3542 et
572 3488 815 3558 ejusdem
851 3508 976 3547 cum
998 3494 1159 3555 Patre
1196 3506 1252 3552 et
1281 3498 1422 3556 Filio
1449 3507 1722 3562 essentite.
1752 3508 2068 3577 incommu-

489 3581 744 3638 nicahilis
771 3600 899 3639 vero
937 3597 991 3641 et
1019 3588 1135 3657 ipse
1176 3598 1260 3645 est
1310 3596 1775 3662 quemadmodum
1812 3602 1973 3659 Pater
2013 3619 2068 3661 et

490 3672 663 3730 Filius
715 3677 782 3729 ad
818 3694 1041 3734 omnem
1092 3693 1403 3739 creaturam
1460 3692 1763 3747 secundum
1807 3698 2067 3754 essentia:

487 3769 784 3826 rationem.
815 3790 835 3824 ι
874 3774 940 3827 Ει
972 3786 1312 3845 segmentum
1348 3780 1566 3849 quidem
1606 3784 1705 3839 hoc
1735 3796 1840 3843 est.

556 3860 611 3915 8.
656 3860 767 3917 Nos
807 3879 973 3934 porro
1022 3867 1137 3938 jam
1188 3870 1600 3930 demonstrandi
1636 3888 1916 3935 certamen
1967 3898 2062 3955 ag-

488 3955 683 4030 gressi,
715 3955 817 4020 illi,
844 3958 1251 4027 quidictionem
1289 3965 1488 4029 solam,
1531 3983 1597 4021 ex
1629 3968 1743 4023 solo
1785 3971 2065 4030 aﬂirman-

487 4056 594 4099 tem
640 4028 858 4116 arripit,
924 4050 1183 4110 dicimus.
1246 4054 1314 4111 Et
1362 4058 1491 4126 quid
1564 4060 1684 4124 tibi,
1746 4076 1779 4116 0
1832 4065 2060 4135 Optime,

488 4135 746 4190 videtur?
774 4136 916 4194 Num
961 4145 1307 4201 solummodo
1339 4147 1567 4203 dictioni
1609 4150 1737 4208 huic
1775 4157 2063 4211 attenden-

486 4229 617 4283 dum
653 4238 756 4297 est,
787 4246 855 4286 an
888 4248 1019 4289 vero
1043 4245 1097 4292 et
1125 4236 1266 4305 alize,
1318 4255 1442 4310 quae
1470 4256 1589 4295 eam
1628 4247 1968 4314 praecedunt,
2005 4259 2061 4305 et

486 4321 916 4394 subsequuntur,
949 4327 1002 4381 in
1022 4336 1133 4382 toto
1162 4345 1228 4384 eo
1257 4344 1536 4401 segmento
1563 4337 1825 4405 apposita:
1847 4340 2056 4394 exami-

484 4414 701 4478 nandae,
730 4423 782 4470 et
808 4430 874 4471 ex
899 4416 1009 4473 illis
1039 4419 1294 4474 omnibus
1323 4421 1511 4486 simul,
1541 4424 1683 4480 dicta
1715 4426 1822 4481 alia
1852 4429 2058 4500 scripto

484 4504 685 4560 tradita
725 4506 792 4559 ad
810 4516 1058 4563 mutuam
1107 4511 1455 4568 concordiam
1519 4518 2057 4590 consensionemque

488 4596 844 4653 adducenda?
870 4598 968 4654 Sat
994 4602 1112 4657 scio
1143 4613 1195 4657 te
1226 4619 1333 4658 non
1359 4606 1595 4676 primum
1627 4610 1725 4665 sed
1751 4614 2050 4671 secundum

482 4688 616 4742 mihi
642 4705 1021 4747 assensurum.
1053 4694 1185 4751 Etsi
1208 4696 1260 4752 id
1309 4707 1414 4763 est,
1446 4702 1734 4759 considera
1777 4715 2051 4777 sanctum,

479 4789 775 4851 antequam
814 4803 832 4836 ι
878 4800 947 4840 ex
998 4788 1117 4842 solo
1160 4807 1180 4840 ι
1238 4789 1470 4858 diceret,
1515 4812 1534 4845 ι
1592 4796 1927 4864 procedente
1986 4815 2053 4856 ex

478 4867 640 4925 Patre
678 4889 697 4924 ι
728 4872 957 4939 dixisse,
1003 4895 1021 4929 ι
1058 4878 1163 4933 hoc
1186 4889 1269 4936 est
1323 4897 1389 4937 ex
1452 4887 1694 4942 essentia
1747 4887 1965 4958 Patris;
2025 4911 2046 4945 ι

478 4959 738 5033 deinceps
767 4967 1064 5031 addidisse,
1101 4990 1119 5022 ι
1160 4987 1267 5026 non
1293 4977 1647 5044 generatione
1692 4982 2053 5049 quemadmo-

417 5048 422 5055 ’
478 5056 609 5108 dum
646 5055 937 5121 Filius,ne
994 5062 1106 5118 duo
1162 5063 1261 5117 lilii
1315 5066 1426 5119 sint
1481 5066 1535 5120 in
1601 5048 1889 5139 Trinitate,
1954 5076 2048 5130 sed

475 5152 825 5220 procedente,
851 5162 910 5208 ut
942 5154 1148 5210 dictum
1179 5165 1287 5223 est,
1313 5172 1378 5213 ex
1416 5159 1535 5214 solo
1576 5160 1734 5216 Patre
1768 5165 1936 5222 veluti
1979 5168 2049 5223 ah

374 5292 386 5302 .
476 5267 595 5320 ore,
641 5255 735 5310 sed
775 5256 867 5326 qui
919 5259 1171 5328 apparuit
1224 5276 1319 5329 per
1380 5260 1602 5319 Filium.
1644 5285 1663 5317 ι
1707 5267 1764 5321 Si
1818 5278 1871 5323 tu
1917 5286 2048 5343 ergo

478 5346 807 5401 eeittentiam
838 5347 951 5416 jam
1006 5351 1283 5407 dictorum
1321 5366 1608 5423 penetrare
1672 5362 2045 5431 concupiscis,

478 5452 599 5493 eum
628 5439 749 5495 aliis
790 5442 992 5510 scripto
1018 5444 1421 5503 traditis'dictis
1449 5450 1764 5507 eorumdem
1818 5469 2049 5510 consen-

472 5529 683 5584 sionem
718 5530 1005 5588 conl‘erens
1039 5537 1325 5607 percipies.
1362 5541 1429 5594 Et
1471 5550 1678 5599 attento
1704 5546 1889 5602 animo
1920 5548 1996 5604 sis
2028 5566 2043 5605 :

479 5649 498 5680 ι
528 5630 868 5693 Procedente
898 5655 917 5689 ι
952 5640 1105 5710 prius
1141 5641 1281 5695 dixit
1316 5660 1335 5694 ι
1383 5659 1449 5699 ex
1483 5651 1720 5703 essentia
1771 5648 1974 5716 Patris,
2019 5672 2039 5705 ι

476 5732 590 5777 tum
612 5724 895 5796 adnexuit,
935 5750 953 5783 ι
983 5731 1333 5802 Procedente,
1363 5745 1422 5791 ut
1450 5737 1657 5794 dictum
1693 5751 1795 5807 est,
1827 5760 1889 5797 ex
1925 5747 2046 5801 solo

479 5813 653 5880 Patre,
690 5820 856 5877 veluti
896 5824 963 5878 ab
988 5839 1102 5891 ore,
1140 5829 1232 5880 scd
1264 5828 1356 5897 qui
1389 5833 1639 5898 apparuit
1668 5849 1758 5901 per
1782 5834 2039 5892 Filium.)

475 5906 531 5960 Si
586 5908 770 5980 itaque
828 5933 845 5968 ι
901 5933 967 5972 ex
1030 5919 1148 5976 solo
1212 5920 1371 5976 l’atre
1433 5922 1597 5978 veluti
1655 5928 1852 5994 ahere,
1903 5949 1920 5980 ι
1976 5933 2040 5986 ad

1566 445 1775 509 JOAN.
1820 450 2040 513 VECCI
2073 455 2180 521 CP.
2224 460 2743 575 PATRIARCHfE
3663 497 3749 566 258

529 547 622 602 sed
654 551 886 617 quadam
919 562 1325 627 comparatione
1356 569 1672 629 conferetur
1686 576 1753 629 ad
1790 586 2108 637 vetustatem

525 638 776 696 codicum
806 645 946 700 beati
975 649 1183 719 Cyrilli,
1225 671 1457 723 quarunt
1504 665 1681 733 plane,
1727 681 1785 726 ut
1821 674 1937 744 ipse
1977 680 2101 734 ani-

523 732 812 800 madverti,
842 756 859 789 ι
894 754 958 793 ex
992 741 1150 797 Patre
1182 756 1233 797 et
1266 748 1405 803 Filio
1451 754 1715 824 Spiritum
1757 786 1775 816 ι
1805 732 2101 826 decernen-

524 824 657 877 tium
694 841 998 894 numerum,
1026 832 1097 887 ob
1123 834 1428 897 alﬂueutem
1466 849 1701 917 copiam,
1735 864 1788 909 et
1836 860 1990 916 testis

2140 589 2184 646 Α
2214 609 2303 645 ται
2341 591 2654 668 σύγκρισιν,
2699 598 2836 669 πρὸς
2888 602 3231 673 παλαιότητα
3286 606 3488 676 βίϐλων
3536 614 3633 669 τῶν
3671 628 3747 680 τοῦ

2215 687 2494 760 μακαρίου
2541 689 2839 761 Κυρίλλου,
2872 688 2948 748 ὧν
2994 696 3053 749 ὲν
3088 698 3210 761 ταῖς
3248 700 3601 770 περιλήψεσιν
3620 709 3748 767 ὲντυ.

2210 774 2344 844 χὼν,
2383 794 2403 829 ι
2442 778 2508 831 ἐκ
2536 780 2633 833 τοῦ
2687 783 2902 852 Πατρὸς
2937 786 3032 838 καὶ
3090 787 3183 841 τοῦ
3236 789 3367 844 me
3402 792 3461 845 τὸ
3496 794 3693 870 Πνεῦμα
3723 824 3740 857 ι

2208 864 2615 935 θεολογούσαις,
2658 871 2752 925 τὸν
2790 874 3026 944 ἀριθμὸν
3057 876 3145 930 διά
3170 878 3232 930 τὸ
3266 881 3456 950 περιὸν
3506 883 3592 936 τοῦ
3631 864 3770 965 in):

2201 955 2328 1019 Θους
2358 958 2451 1011 ἐπὶ
2484 963 2724 1030 μάρτυρι
2753 966 2817 1033 τῇ
2857 964 3093 1034 ἀληθεία
3123 970 3223 1021 οὐκ
3251 965 3404 1036 οἶδας

2271 1046 2334 1110 ζ’.
2373 1051 2441 1101 ¹¹Α
2474 1051 2573 1120 μὲν
2603 1049 2696 1105 οὖν
2732 1055 2865 1123 ἡμῖν
2894 1061 3016 1111 κατ’
3045 1059 3300 1115 ἔνστασιν
3330 1065 3557 1134 ῥηθῆναι
3581 1071 3743 1145 ἐκρίθη

2197 1140 2276 1201 είς
2305 1141 2630 1215 ἀποτροπὴν
2658 1148 2766 1201 τῶν
2798 1151 2861 1201 ἐκ
2899 1152 3060 1220 μόνου
3090 1154 3181 1207 τοῦ
3204 1157 3437 1226 Πατρδς,
3462 1161 3553 1212 καὶ
3576 1140 3742 1222 ὲκ-τού

2197 1233 2410 1303 Πατρὸς
2447 1238 2542 1290 καὶ
2569 1241 2663 1292 τοῦ
2689 1241 2819 1294 Υίού
2848 1243 3026 1311 λέγειν
3053 1248 3112 1298 τὸ
3147 1248 3371 1319 Πνεῦμα
3404 1253 3431 1303 ὁ
3456 1251 3606 1320 λόγος
3632 1259 3745 1312 ἄνις)-

2197 1319 2288 1372 Οεν
2334 1325 2719 1395 ἐπηγγείλατο,
2759 1332 2841 1385 δεῖ
2874 1338 3302 1404 προηγουμένως
3352 1342 3453 1409 μὲν
3508 1319 3602 1414 τὴν
3635 1351 3742 1419 ὅλην

1976 1412 2090 1467 solo
2192 1418 2498 1487 περικοπὴν
2514 1419 2959 1493 ἐγκαταστρῶσαι
2972 1429 3049 1498 τῷ
3066 1429 3225 1497 λόγῳ,
3288 1450 3391 1486 τινι
3410 1451 3471 1485 πε
3483 1443 3663 1509 ρικοπῇ
3677 1445 3740 1497 τό·

2204 1505 2307 1561 Ἕκ
2339 1509 2536 1577 μόνον
2574 1514 2892 1585 ἐμφέρεται,
2931 1521 3154 1590 ἑφεξῆς.
3181 1524 3235 1576 δὲ
3273 1528 3334 1577 τὸ
3368 1505 3743 1600 ἐπηγγελμένον

2191 1694 2283 1746 καὶ
2314 1697 2488 1768 σεπτὴ
2537 1699 2705 1770 Τριάς
2738 1703 2874 1773 πρὸς
2903 1706 3122 1760 πάντων
3150 1711 3260 1763 τῶν
3291 1712 3524 1778 αἰώνων,
3552 1720 3640 1769 καὶ
3676 1724 3742 1783 εἰς

2066 1818 2081 1843 ,
2187 1782 2275 1835 ἀεὶ
2313 1785 2654 1857 ὑπάρχουσα,
2690 1792 2959 1865 ἄχραντός
2987 1799 3128 1865 ἐστι,
3157 1801 3459 1865 καὶάἳδιος,
3489 1782 3738 1872 ἄκτιστος,

2065 1913 2080 1938 ,
2117 1954 2157 1967 ﬁ
2187 1873 2440 1941 ἀόρατος,
2460 1880 2772 1951 ἀσώματος,
2797 1887 3042 1960 ἀκατάλη
3054 1907 3217 1954 πτος·
3249 1912 3267 1945 ι
3296 1898 3389 1947 καὶ
3423 1896 3544 1964 μετ’
3566 1897 3705 1967 ὀλίγα
3727 1918 3739 1935 ο

506 1934 855 1991 Incorporea,
903 1930 1503 2003 incomprehensibilis.
1541 1966 1559 2000 ι
1598 1948 1663 2005 Ει
1691 1964 1814 2022 post
1847 1973 2020 2026 pauca
2117 1954 2161 2011 Β

2194 1982 2213 2016 ι
2247 1966 2312 2020 Δί
2333 1976 2707 2044 προσκυνηταὶ
2724 1980 2871 2047 τρεῖς
2900 1979 3227 2047 ὑποστάσεις
3259 1987 3633 2053 γινώσκονται,
3656 1966 3741 2047 καὶ

2193 2065 2546 2119 πιστεύονται
2590 2069 2649 2121 ὲν
2681 2070 2858 2143 Πατρὶ
2888 2072 3134 2145 ἀνάρχῳ,
3167 2078 3415 2147 ἀναιτίῳ,
3455 2080 3740 2155 ἀγεννήτῳ,

2190 2154 2364 2224 ἀϊδίῳ,
2403 2157 2498 2210 καὶ
2544 2160 2602 2212 ὲν
2635 2161 2751 2233 Υίῷ
2783 2169 3085 2232 μονογενεῇ
3131 2170 3445 2239 γεννηθέντι
3510 2173 3742 2244 ἀρῤίιτως

2193 2247 2288 2301 καὶ
2318 2249 2544 2315 ἀπαθῶς
2574 2253 2672 2305 καὶ
2708 2254 3007 2325 ἀφράστως
3044 2260 3150 2330 πρὸ
3180 2262 3401 2315 πάντων
3450 2265 3658 2319 αἰώνων
3689 2270 3743 2322 ἐκ

2186 2343 2288 2410 τῆς
2316 2343 2501 2406 οὐσίας
2536 2346 2706 2416 αὐτῆς
2728 2347 2821 2400 τοῦ
2855 2350 3087 2421 Πατρδς,
3123 2353 3218 2406 καὶ
3254 2353 3343 2407 διὰ
3370 2357 3532 2409 τοῦτο
3568 2360 3742 2427 ὁμοθυ-

2188 2426 2310 2496 σίφ,
2349 2430 2444 2484 καὶ
2469 2434 2765 2506 συνθρόνφ,
2803 2438 2947 2492 κατά
2977 2442 3156 2497 πάντα
3202 2445 3397 2514 ὁμοίῳ.
3426 2446 3524 2500 καὶ
3560 2426 3654 2519 ἴσῳ
3676 2451 3743 2518 τῷ

2185 2522 2364 2592 Πατρὶ
2397 2526 2568 2593 χωρὶς
2589 2528 2687 2596 τῆς
2728 2532 3090 2601 πατρότητος,
3129 2534 3304 2606 ἀρχὴν
3347 2536 3403 2589 δὲ
3430 2537 3530 2591 καὶ
3572 2542 3738 2596 αἰτίαν

2183 2612 2273 2666 τὸν
2300 2614 2521 2686 Πατέρα
2546 2617 2722 2689 ἔχοντι
2747 2623 3043 2693 γεννητῶς,
3068 2628 3163 2678 καὶ
3189 2627 3249 2679 ὲν
3280 2628 3565 2699 Πνεύματι
3593 2633 3739 2703 ἁγίῳ,

2181 2703 2454 2776 ζωοποιῷ,
2486 2714 2970 2785 προσκυνουμένῳ,
3013 2715 3092 2787 τῷ
3128 2717 3554 2792 ἐκπορευομένῳ
3579 2725 3637 2776 ἐκ
3656 2727 3740 2779 τοῦ

2180 2796 2416 2867 Πατρὸς,
2483 2802 2768 2859 τουτέστιν
2802 2807 2867 2860 ὲκ
2905 2808 3002 2876 τῆς
3032 2809 3220 2873 οὐσίας
3254 2812 3347 2866 τοῦ
3407 2815 3644 2884 Πατρδς,
3686 2819 3740 2870 οὐ

2179 2892 2475 2957 γεννητῶς,
2515 2895 2768 2965 καθάπερ
2806 2900 2834 2951 ὁ
2866 2900 3017 2967 Υίὸς,
3056 2902 3142 2955 ἵνα
3195 2904 3268 2973 μὴ
3309 2904 3406 2959 δύο
3455 2910 3564 2960 υἱοὶ
3591 2913 3648 2961 ἐν
3678 2915 3737 2980 τῇ

2178 2982 2396 3049 Τριάδι,
2431 2985 2547 3039 ἀλλ’
2592 2989 3035 3062 ἐκπορευομένῳ,
3097 2996 3351 3066 καθάπερ
3394 3000 3638 3068 εἴρηται,
3685 3001 3742 3055 ἑκ

2178 3073 2343 3142 μόνου
2368 3076 2460 3130 τοῦ
2494 3079 2706 3150 Πατρὸς
2735 3080 2810 3145 ὡς
2838 3083 2946 3136 ἀπὸ
2982 3087 3270 3155 στόματος,
3304 3092 3572 3161 πεῳηνὸτι
3601 3093 3655 3148 δὲ
3679 3095 3742 3148 δι’

2175 3164 2330 3230 Υίοῦ,
2372 3170 2466 3221 καὶ
2505 3168 2803 3243 λαλήσαντι
2826 3174 2885 3226 ὲν
2909 3178 3024 3240 τοῖς
3051 3178 3228 3245 ἁγίοις
3251 3182 3384 3234 πᾶσι
3418 3186 3740 3254 προφήταις,

2172 3257 2270 3310 καὶ
2299 3260 2641 3328 ἀποστόλοις,
2685 3266 2849 3335 πλὴν,
2887 3267 2962 3331 ὡς
2993 3265 3170 3336 εἶπον,
3212 3274 3315 3341 τῆς
3358 3276 3553 3340 οὐσίας
3582 3276 3741 3331 αὐτοῦ

2169 3350 2266 3403 τοῦ
2299 3352 2509 3422 Πατρὺς
2533 3357 2628 3408 καὶ
2666 3358 2758 3411 τοῦ
2797 3359 2930 3413 Υἰοῦ
2979 3362 3301 3432 ὑπάρχοντι,
3332 3369 3427 3419 καὶ
3462 3370 3526 3422 τὸ
3554 3372 3741 3440 ὁμοούο

2174 3458 2290 3495 σιον
2326 3444 2506 3511 ἔχοντι
2544 3448 2682 3519 πρὸς
2708 3451 2929 3522 Πατέρα
2958 3455 3053 3507 καὶ
3084 3457 3232 3510 Υίόν.
3271 3458 3663 3533 Ἀκοινὼνητον
3685 3464 3738 3516 δὲ

2170 3534 2264 3585 καὶ
2295 3533 2431 3587 αὐτό
2458 3536 2623 3603 ἐστιν,
2651 3537 2838 3609 ὥσπερ
2877 3544 2904 3594 ὁ
2929 3543 3117 3615 Πατὴρ
3143 3546 3237 3598 καὶ
3263 3547 3291 3599 ὁ
3319 3549 3450 3605 Υἱὸς
3482 3551 3621 3619 πρὸς
3645 3554 3740 3605 πᾶ-

2168 3638 2271 3674 σαν
2301 3624 2481 3678 κτίσιν
2514 3631 2658 3684 κατὰ
2684 3631 2776 3685 τὸν
2808 3633 2910 3702 τῆς
2955 3635 3144 3700 οὐσίας
3177 3639 3356 3705 λόγον.
3396 3642 3546 3697 Ἀλλ’
3578 3646 3611 3714 ἠ
3645 3644 3738 3715 μιν

2167 3719 2445 3786 περικοπή
2480 3717 2644 3791 αὕτη.

2234 3904 2305 3977 η’.
2356 3906 2554 3980 Ἡμεῖς
2606 3910 2686 3976 δὲ,
2744 3914 2849 3987 ἤδη
2889 3916 2984 3971 τὸν
3040 3919 3181 3975 κατὰ
3240 3922 3342 3992 τὴν
3388 3928 3741 3996 παράστασιν

2164 3999 2352 4065 ἀγῶνα
2385 4001 2773 4074 ἀναδεχόμενοι
2825 4009 2966 4078 πρὸς
2998 4009 3089 4064 τὸν
3132 4013 3606 4087 ἐπιδραττόμενον
3641 4020 3739 4089 τῆς

2161 4090 2360 4157 λέξεως
2406 4095 2575 4166 μόνης
2622 4101 2724 4169 τῆς
2755 4099 3046 4171 λεγούσης,
3089 4104 3152 4157 τὸ
3180 4107 3501 4176 ἐκηιόνου,
3535 4112 3735 4183 φαμέν.

2162 4186 2274 4239 Καὶ»⁹
2307 4186 2361 4239 τί
2397 4204 2479 4240 σοι
2522 4189 2716 4271 δοκεῖ,
2750 4192 3028 4262 βέλτιστες
3090 4197 3209 4266 μῶν
3246 4203 3312 4271 τῇ
3366 4190 3515 4269 λέξει
3564 4206 3736 4277 ταύτῃ

2164 4275 2301 4349 μόνῃ
2334 4282 2669 4353 προσχεῖν,ἢ
2698 4264 2908 4348 καὶτὰς
2935 4287 3042 4356 πρὸ
3067 4264 3259 4357 αὐτῆς,
3286 4264 3382 4344 καὶ
3415 4264 3542 4362 μετ’
3566 4264 3737 4367 αὐτὴν

2158 4369 2217 4421 ιν
2250 4371 2400 4442 πάσῃ
2442 4375 2506 4444 τῆ
2555 4379 2830 4448 περικοπῇ
2877 4376 3263 4449 θεωρουμένας
3304 4387 3608 4454 σκοπῆσαι,
3648 4388 3738 4439 καὶ

2158 4462 2224 4514 ἐκ
2257 4464 2448 4516 πασῶν
2474 4464 2654 4518 αὐτῶν
2683 4466 2798 4537 ἅμα
2829 4468 2929 4532 τὰς
2950 4474 3230 4540 γραφικάς
3260 4476 3448 4545 ῥήσεις
3474 4477 3737 4547 ἀλλήλαις

2161 4555 2296 4623 πρὸς
2341 4555 2471 4623 μίαν
2488 4557 2920 4626 ὲπισυμϐιϐἀσαι
2953 4562 3054 4634 τὴν
3091 4567 3463 4634 συμφωνίανς
3495 4562 3633 4623 Οἶδα
3665 4570 3738 4639 μὴ

2077 4663 2132 4724 D
2159 4647 2297 4716 πρὸς
2326 4646 2387 4699 τὸ
2420 4648 2660 4719 πρῶτον,
2687 4651 2824 4706 ἀλλά
2855 4653 2992 4723 πρὸς
3022 4656 3088 4709 τὸ
3112 4657 3369 4730 δεύτερον
3403 4660 3739 4730 συντεθῆναι

2158 4757 2240 4795 σε.
2295 4741 2405 4795 Καὶ
2432 4744 2480 4794 εί
2530 4742 2708 4808 τοῦτο,
2741 4745 3013 4817 σκόπησον
3055 4747 3133 4812 ὡς
3162 4751 3190 4801 ὁ
3247 4749 3425 4817 ἅγιος,
3473 4752 3653 4823 πρινὴ
3682 4751 3743 4804 τὸ

2161 4847 2181 4881 ι
2218 4832 2284 4884 ἐκ
2337 4832 2500 4902 μόνου
2543 4853 2562 4885 ι
2606 4836 2804 4900 εἰπεῖν,
2847 4855 2865 4887 ι
2921 4837 2997 4908 τῷ
3051 4841 3504 4913 ἐκπορευομένῳ,
3552 4863 3572 4896 ι
3612 4843 3735 4912 ἔφη.

2160 4943 2179 4975 ι
2222 4926 2287 4977 ὲκ
2321 4925 2415 4979 τοῦ
2462 4926 2698 4996 Πατρὸς.
2740 4948 2759 4980 ι
2804 4932 3089 4984 τουτέστιν
3143 4933 3206 4985 ὲκ
3266 4933 3368 5004 τῆς
3400 4936 3603 4998 οὐσίας
3648 4934 3740 4990 τοῦ

2155 5017 2393 5088 Πατρδς,
2424 5036 2442 5070 ι
2484 5022 2578 5071 καὶ
2608 5020 2784 5085 οὕτως
2811 5023 3113 5092 ἐπήγαγεν,
3154 5044 3172 5077 ι
3211 5027 3269 5079 οὐ
3300 5028 3612 5097 γεννητῶς,
3642 5045 3740 5080 xa-

2154 5107 2332 5179 Θάπερ
2363 5111 2391 5162 ὁ
2423 5110 2572 5175 Υἱὸς,
2615 5112 2704 5165 ἵνα
2763 5114 2836 5185 μὴ
2883 5115 2978 5169 δύο
3028 5118 3134 5171 υίοὶ
3156 5119 3214 5171 ὲν
3242 5123 3310 5190 τῇ
3365 5120 3592 5191 Τριάδι,
3627 5122 3726 5175 ἀλλ

2151 5200 2601 5272 ἐκπορευομένῳ,
2653 5204 2908 5277 καθάπερ
2964 5209 3219 5279 εἴρηται,
3288 5214 3352 5265 ὲκ
3406 5213 3587 5281 μόνου
3645 5211 3739 5267 τοῦ

2150 5291 2365 5362 [ἰατρὸς
2400 5294 2477 5356 ὡς
2513 5295 2622 5348 ἀπὸ
2653 5296 2946 5367 στόματος,
2985 5302 3250 5372 πεφηνότι
3302 5303 3358 5356 δὲ
3387 5303 3460 5357 δι’
3501 5305 3669 5360 Υἱοῦ.
3717 5324 3736 5357 ι

2148 5385 2214 5438 Ei
2255 5385 2391 5453 γοῦν
2420 5388 2485 5440 σὺ
2517 5387 2825 5456 ὲμὸαθύναι
2875 5390 3123 5461 θελήσεις
3162 5396 3229 5466 τῇ
3260 5394 3474 5466 διανοίᾳ
3502 5397 3625 5451 τῶν
3657 5398 3739 5450 εί-

2151 5478 2407 5547 ρημένων
2441 5478 2641 5547 ῥητῶν,
2689 5481 2788 5551 τὴν
2818 5484 2954 5553 πρὸς
2988 5483 3088 5548 τάς
3118 5484 3287 5551 ἄλλας
3315 5489 3612 5557 γραφικὰς
3645 5491 3742 5561 pi;-

2148 5583 2264 5630 σεις
2290 5568 2563 5638 ἁρμονίαν
2592 5571 2692 5640 τῆς
2724 5572 2906 5626 αὐτῶν
2965 5576 3290 5645 συμφωνίας
3333 5580 3737 5650 κατανοήσεις.

2148 5646 2443 5731 ’¹Ορα⁸γὰρ,
2495 5681 2513 5711 ι
2551 5663 2628 5733 τῷ
2655 5666 3103 5738 ἐκπορευομένῳ,
3152 5687 3171 5721 ι
3235 5669 3537 5741 πρότερον,
3577 5646 3739 5741 νέφη,

2152 5772 2169 5803 ι
2208 5754 2271 5806 ἐκ
2318 5755 2417 5824 τῆς
2473 5756 2664 5819 οὐσίας
2703 5757 2797 5810 τοῦ
2860 5759 3094 5831 Πατρὸς,
3154 5780 3172 5812 ι
3227 5756 3349 5815 εἶτα
3407 5763 3736 5832 ἐπήγαγεν,

2153 5865 2170 5896 ι
2210 5847 2657 5918 ἐκπορευομένῳ,
2712 5850 2964 5921 καθάπερ
3001 5852 3243 5922 εἴρηται,
3297 5856 3360 5907 ὲκ
3417 5856 3599 5923 μόνου
3640 5854 3738 5908 τοῦ

2153 5938 2383 6007 ίιντρὺς,
2414 5939 2489 6001 ὡς
2522 5942 2626 5994 ἀπὸ
2670 5943 2960 6013 στόματος,
2999 5944 3261 6016 πεφηνότι
3298 5946 3353 5999 δὲ
3386 5946 3455 6000 δι’
3504 5949 3669 6002 Ποῦ.
3711 5966 3730 5999 ι
