3974 6564
174 387 264 447 2:.7
1158 386 1255 445 DE
1287 348 1801 447 rnocsssmxs
1830 386 1873 445 s
1930 384 2309 445 srtmrus.

3268 385 3374 447 9258

173 502 223 555 ΕΞ
249 497 367 568 γοῦν
417 498 476 550 τὺ
503 516 521 550 ι
555 498 620 551 ἐκ
650 497 820 566 μόνον
849 496 943 550 τοῦ
991 500 1206 568 Πατρὸς
1236 500 1313 562 ὡς
1363 501 1474 553 ἀπὸ
1501 502 1706 571 στόμα-

1812 501 2218 556 distinetioneui
2242 498 2364 553 Filii
2396 499 2619 567 accipis,
2647 498 2932 553 considera
2960 514 3107 557 eum.
3128 499 3220 567 qui
3248 501 3385 560 dicit

168 606 247 652 τος
276 604 295 641 ι
323 588 402 653 είς
454 586 739 659 διαστολὴν
776 586 875 640 τοῦ
908 587 1037 641 Υίοῦ
1064 588 1454 660 ἐκλαμϐάνεις,
1485 591 1701 658 σκόπει,

164 678 228 739 ὡς
250 679 275 729 6
308 678 368 729 ὲκ
404 676 499 747 τῆς
531 677 720 737 οὐσίας
756 676 851 730 τοῦ
884 678 1099 748 Πατρὺς
1128 681 1302 750 λέγων
1346 681 1409 735 τὸ
1458 682 1703 751 Πνεῦμα,

163 772 217 820 ἐκ
237 767 327 836 τῆς
350 768 535 828 οὐσίας
567 767 659 819 τοῦ
717 765 849 820 Υἰοῦ
884 769 943 821 οὐ
997 769 1227 823 δύναται
1260 767 1400 826 εἶναι
1447 772 1601 826 αὑτό.
1642 773 1706 827 Ei

162 866 256 932 γὰρ
306 863 608 916 διέσταλται
659 864 754 916 τοῦ
798 865 1012 936 lla-:96;
1059 868 1087 919 6
1120 866 1247 930 Υἰδς
1286 868 1428 921 κατὰ
1486 868 1586 938 τὴν
1636 868 1705 921 ἐκ

156 959 326 1026 μόνον
346 960 548 1023 φωνὴν,
584 956 705 1016 ὅλος
736 961 763 1009 6
795 956 922 1018 Υἱὸς
953 958 1075 1009 ὅλου
1115 956 1429 1011 διέσταλται
1462 960 1556 1012 τοῦ
1586 961 1702 1012 Πα-

158 1049 287 1120 τρὸς,
319 1048 471 1102 οὐσία
514 1048 716 1119 δηλαδὴ
745 1050 1129 1112 ὲνυπόστατος.
1165 1048 1352 1112 οὐσίας
1387 1052 1480 1103 ἐνυ
1494 1052 1693 1105 ποστά-

161 1149 258 1194 τού.
298 1143 402 1194 Καὶ
445 1143 494 1193 εί
543 1141 857 1195 διέσταλται
887 1144 1030 1195 κατὰ
1059 1143 1118 1195 σὲ
1144 1143 1510 1205 ὲνυπόστατος
1541 1143 1698 1195 οὐσία

160 1236 237 1288 τοῦ
273 1234 394 1287 Υίοῦ
420 1236 522 1302 τῆς
565 1235 936 1290 ἐνυποστάτου
966 1235 1059 1289 τοῦ
1091 1235 1303 1305 Πατρὸς
1340 1235 1530 1297 οὐσίας
1560 1234 1705 1288 κατά

159 1329 238 1395 τὴν
262 1329 318 1379 ἐκ
344 1327 507 1397 μόνου
545 1327 754 1396 φωνὴν,
813 1326 930 1390 πῶς
964 1328 992 1379 6
1020 1327 1175 1395 ἅγιος
1222 1319 1380 1390 οὗτος
1430 1326 1604 1396 ταύτη
1633 1327 1700 1393 δὴ

160 1410 239 1485 τὴν
270 1418 333 1468 sic
355 1417 551 1483 μόνου
586 1417 763 1485 λέγων
797 1418 1002 1485 φωνὴν,
1040 1418 1136 1471 καὶ
1171 1418 1235 1470 ὲκ
1266 1418 1365 1486 τῆς
1395 1417 1581 1479 οὐσίας
1603 1417 1697 1469 τοῦ

162 1508 341 1577 Ιιιτρὸς
369 1506 516 1574 λέγει
562 1509 625 1560 τὸ
656 1507 883 1577 Πνεῦμα
915 1509 1013 1562 σὺν
1065 1507 1249 1572 ἄλλοις
1277 1509 1384 1562 τῶν
1416 1508 1698 1577 Θεολόγων

161 1601 360 1662 πολλοῖς,
387 1604 479 1651 καὶ
507 1603 573 1653 ἐκ
606 1602 704 1667 τῆς
734 1600 921 1661 οὐσίας
950 1599 1045 1654 τοῦ
1076 1601 1240 1669 Υίοῦς

216 1691 273 1747 0'.
306 1691 441 1743 Ἀλλ’
475 1692 713 1745 ἐνταῦθα
744 1688 863 1745 οἶδά
897 1708 952 1743 σε
995 1691 1289 1761 σφύζοντα,
1319 1692 1454 1763 πρὸς
1493 1693 1704 1747 ἀντιλο-

157 1785 260 1848 γίαν
294 1783 465 1834 ἐκεῖνο
515 1785 697 1836 εἰπεῖν
742 1784 1069 1853 βουλόμενον
1112 1783 1139 1837 ὃ
1185 1784 1394 1837 πολλῶν
1446 1784 1705 1848 πολλάκις

1810 607 1877 647 ex
1904 593 2144 647 essentia
2177 592 2361 647 Patris
2382 592 2673 661 Spiritum,
2718 607 2784 646 ex
2816 593 3055 646 essentia
3091 591 3217 646 Filii
3253 608 3380 648 eum

1809 699 1932 740 esse
1952 683 2221 738 allirmare
2252 699 2358 737 non
2396 698 2582 753 posse.
2620 682 2832 749 Etenim
2868 683 2912 736 si
2952 681 3121 738 Filius
3156 699 3185 738 a
3219 684 3383 740 Patre

1810 776 2187 845 distinguitur,
2218 776 2519 831 secundum
2556 775 2851 829 dictionem
2913 775 3061 828 illam
3120 790 3184 829 ea:
3241 777 3380 843 salo,

1810 875 1955 922 totus
2000 867 2169 922 Filius
2228 881 2258 920 a
2320 876 2433 920 toto
2479 864 2642 919 Patre
2700 866 3081 937 distinguitur,
3135 868 3381 923 essentia

1807 958 2076 1029 nempein
2108 958 2385 1030 liypostasi
2425 958 2493 1012 ab
2541 958 2779 1012 essentia
2817 958 2872 1012 in
2925 961 3225 1028 liypostasi.
3258 959 3373 1014 Etsi

1808 1060 1984 1120 perte
2014 1052 2258 1106 essentia
2307 1051 2362 1104 in
2408 1050 2689 1121 liypostasi
2724 1049 2901 1105 Patris
2967 1053 3180 1105 ratione
3236 1051 3383 1106 illius

1808 1143 1975 1206 vocis,
2006 1159 2072 1196 ea:
2096 1143 2210 1197 solo
2242 1143 2613 1212 distinguitur,
2651 1158 2886 1212 quanam
2920 1145 3130 1196 ratione
3156 1154 3382 1198 sanctus

1809 1234 1894 1290 liis
1921 1236 2213 1289 dictionem
2239 1235 2385 1288 illam
2418 1249 2483 1288 ex
2500 1233 2613 1288 σοίο
2643 1242 2919 1297 astruens,
2951 1244 3003 1288 et
3032 1249 3097 1288 ex
3136 1235 3379 1289 essentia

1807 1326 1984 1382 Patris
2007 1328 2172 1383 tradit
2199 1326 2485 1398 Spiritum,
2506 1342 2631 1384 cuin
2647 1326 2769 1383 aliis
2789 1326 3065 1397 plerisque
3084 1327 3373 1398 theologis,

1807 1429 1860 1475 et
1885 1434 1953 1475 ex
1974 1421 2210 1476 essentia
2238 1418 2398 1474 Filii?

1873 1702 1928 1758 9.
1967 1700 2072 1758 Sed
2111 1702 2201 1758 hic
2246 1701 2401 1756 video
2427 1709 2480 1757 te
2528 1700 2803 1757 tarditatis
2860 1700 3255 1771 impatientem,
3311 1700 3378 1755 ad

1811 1796 1969 1850 nobis
2002 1795 2392 1864 olijiciendum,
2424 1798 2566 1865 quo]
2596 1798 2793 1864 saepius
2834 1810 2863 1849 a
2916 1795 3102 1851 multis
3138 1795 3379 1850 dictitari

160 1875 394 1928 sinetith
423 1875 700 1944 αὐτήκοος
734 1848 952 1943 ἧέγονα.
992 1875 1148 1939 Τινὲς
1176 1876 1285 1946 γὰρ
1324 1876 1612 1939 ἀκούοντες
1648 1877 1706 1930 τὸ

1812 1890 1926 1958 ipse
1952 1888 2100 1943 hisce
2129 1891 2351 1941 auribus
2375 1887 2510 1942 meis
2538 1886 2747 1952 audivi,
2776 1887 2936 1942 ocius
2987 1901 3377 1956 appi'operare.

162 1964 355 2035 Πνεῦμα
403 1969 465 2019 ἐκ
502 1967 608 2036 τῆς
656 1969 842 2030 οὐσίας
892 1966 985 2020 τοῦ
1023 1967 1172 2033 Υίοῦ,
1215 1968 1289 2038 μὴ
1331 1968 1617 2037 δυνάμενοι
1639 1972 1706 2039 τῇ

160 2055 354 2129 ἀληθινῇ
387 2060 669 2111 ὲπιόαλεῖν
702 2059 901 2129 ἐννοίᾳ,
933 2059 1055 2112 καθ’
1081 2061 1146 2130 ἣν
1181 2058 1277 2112 καὶ
1298 2060 1363 2111 ἐκ
1389 2059 1486 2129 τῆς
1521 2058 1711 2122 οὐσίας

161 2148 236 2200 τοῦ
282 2148 403 2202 res
454 2150 678 2218 λέγεται
735 2145 874 2203 εἶναι
921 2149 983 2202 τὸ
1030 2149 1276 2218 Πνεῦμα,
1324 2150 1419 2203 καὶ
1468 2150 1569 2219 τὴν
1611 2152 1710 2221 τῆς

167 2241 484 2305 ὑποστάσεως
521 2242 707 2295 αἰτίαν
754 2244 818 2294 ὲκ
867 2242 961 2294 τοῦ
991 2240 1126 2295 Θεοῦ
1165 2241 1272 2295 τῶν
1296 2241 1436 2295 ὅλων
1469 2243 1605 2312 ἔχει,
1634 2243 1710 2306 ὡς

162 2350 213 2384 εκ
238 2334 445 2404 πρώτης
476 2336 660 2397 αἰτίας
704 2336 798 2387 καὶ
829 2336 1003 2405 ἀρχῆς
1035 2334 1114 2397 είς
1158 2334 1382 2402 ἀλόγους
1413 2334 1709 2404 διαιρέσεις

162 2427 448 2496 ἐκφέρονται
463 2426 656 2489 οὐσίας
669 2442 726 2478 τε
742 2430 830 2479 καὶ
850 2427 1221 2490 ὑποστάσεως,
1243 2427 1337 2478 καὶ
1367 2424 1703 2496 διαιροῦντες

166 2518 319 2578 ibim;
348 2520 424 2579 είς
450 2518 664 2582 οὐσίαν,
694 2522 788 2572 καὶ
819 2517 1002 2580 tamn;
1029 2518 1110 2579 είς
1148 2516 1444 2567 ὑπόστασιν
1472 2516 1560 2568 τὸν
1589 2515 1708 2568 ὅλον

165 2609 286 2673 Υίδν,
318 2611 412 2678 τὴν
451 2611 858 2675 ἐνυπόστατον,
901 2610 999 2662 καὶ
1053 2608 1458 2663 ίδιούπόστατον
1496 2606 1706 2670 οὐσίαν,

164 2701 279 2752 κατὰ
303 2701 392 2772 τὴν
421 2703 485 2753 ὲκ
528 2702 748 2772 Πατρδς
777 2703 870 2755 καὶ
900 2700 1222 2771 Πνεὺματος
1270 2699 1578 2769 ἀδιαίρετον
1607 2700 1709 2752 αὑ-

162 2792 236 2844 τοῦ
260 2792 535 2864 διαίρεσιν,
582 2795 727 2847 κατὰ
763 2795 863 2857 τὰς
903 2795 1189 2861 θεολόγους
1222 2794 1404 2863 φωνὰς
1433 2793 1493 2845 τὸ
1526 2793 1589 2845 ὲκ
1610 2793 1710 2862 τῆς

164 2884 324 2945 οὐσίας
350 2883 440 2935 τοῦ
492 2884 650 2939 Υἱοῦ.
702 2883 791 2938 διὰ
821 2885 882 2938 τὸ
922 2884 1019 2938 τοῦ
1061 2885 1382 2955 Πνεὺματος
1429 2883 1565 2952 πρὸς
1617 2882 1709 2936 τὸν

172 2972 273 3025 Υίὸν
300 2980 453 3043 φασὶν
481 2978 775 3046 ὀμοούσιον
809 2979 915 3039 rei,
950 2978 1125 3048 ἁγίοις
1156 2975 1429 3046 εἰρῆσθαι.
1473 2976 1585 3029 Καὶ
1605 2976 1708 3028 οὐκ

166 3065 361 3130 ιῖδασιν,
383 3066 458 3128 ὠς
490 3070 542 3120 εἰ
575 3069 666 3122 διὰ
700 3068 858 3122 τοῦτο
896 3072 959 3122 ἐκ
987 3068 1087 3138 τῆς
1131 3068 1318 3129 οὐσίας
1357 3066 1450 3119 τοῦ
1487 3065 1616 3118 Υίιῦ
1648 3065 1709 3118 τὸ

170 3138 357 3225 Πνεῦμα
386 3158 528 3208 ιῐποι
565 3174 651 3220 τις
687 3154 850 3222 εἶναι,
897 3157 1021 3209 ἐπεὶ
1056 3158 1150 3209 καὶ
1196 3160 1223 3208 6
1255 3156 1381 3218 Υἱὸς
1423 3156 1707 3224 ὁμοούσιος

167 3246 227 3313 τῷ
251 3247 535 3320 Πνεύματι,
568 3250 635 3301 ὲκ
658 3249 754 3320 τῆς
783 3248 878 3301 τοῦ
908 3248 1221 3318 Πνεύματος
1250 3247 1438 3310 οὐσίας
1470 3246 1706 3317 ῥηθήσε-

166 3355 252 3392 ται.
284 3343 425 3396 Ἐστι
460 3345 563 3413 μὲν
606 3346 716 3413 γὰρ
762 3344 823 3396 τὸ
873 3341 1094 3411 Πνεῦμα
1138 3341 1213 3410 τῷ
1248 3340 1364 3411 Υίῷ
1401 3340 1705 3410 ὁμοούσιον,

168 3429 260 3481 αλλ’
285 3434 396 3505 οὐχὶ
423 3434 737 3499 ἀκολουθεῖ,
771 3435 864 3487 καὶ
902 3436 966 3487 ὲκ
1005 3432 1108 3501 τῆς
1137 3431 1323 3493 οὐσίας
1353 3428 1446 3483 τοῦ
1480 3429 1604 3481 Υίοῦ
1649 3430 1709 3482 τὸ

171 3522 356 3592 Ιινεῦμα
380 3520 521 3578 εἶναι
553 3526 646 3578 διὰ
669 3527 729 3579 τὸ
759 3526 1067 3595 ὁμοούσιον.
1097 3519 1203 3578 Ἦν
1231 3524 1342 3593 γὰρ
1380 3523 1445 3576 ἂν
1468 3523 1562 3575 καὶ
1599 3523 1709 3576 πᾶν

167 3616 412 3681 ίμοοὺσιον
461 3622 571 3672 τινὶ
608 3620 673 3673 ὲκ
720 3619 817 3686 τῆς
851 3617 1039 3681 οὐσίας
1079 3616 1174 3669 τοῦ
1222 3615 1536 3686 ὀμοουσίου,
1572 3615 1708 3686 ὅπερ

166 3709 244 3758 οὐκ
275 3709 432 3765 ἐστιν.
477 3713 735 3779 Ἠγεῐται
764 3710 820 3765 δὲ
863 3710 1065 3781 μᾶλλον
1095 3708 1156 3761 τὸ
1184 3710 1249 3761 ὲκ
1277 3694 1371 3779 τῆξ
1401 3708 1585 3771 οὐσίας
1613 3707 1706 3760 τοῦ

168 3799 272 3853 Υίοῦ
311 3799 444 3856 εἶναι
475 3805 541 3858 τὸ
575 3803 819 3874 Πνεῦμα,
867 3802 1010 3856 ὥστε
1042 3800 1374 3866 ἀκολουθεῖν,
1418 3800 1504 3853 διὰ
1550 3800 1708 3853 τοῦτο

165 3896 414 3962 ἁμοούσιον
443 3899 522 3968 τῷ
561 3898 673 3966 Υίῴ
715 3894 854 3952 εἶναι
883 3897 943 3950 τὸ
986 3895 1230 3966 Πνεῦμα,
1274 3895 1356 3949 ὅτι
1383 3896 1446 3947 ἐκ
1474 3893 1572 3964 τῆς
1613 3895 1706 3947 οὐ·

164 3987 264 4051 σίας
288 3988 374 4041 τοῦ
412 3991 543 4044 Υίοῦ
575 3991 637 4043 τὸ
672 3989 895 4059 Πνεῦμα
930 3988 1097 4043 ἐστίν.

222 4172 265 4226 ι’.
294 4173 351 4225 El
381 4174 513 4242 γοῦν
542 4172 633 4225 διὰ
653 4173 712 4225 τὸ
738 4172 835 4243 τῆς
866 4170 1188 4242 διαιρέσεως
1234 4168 1427 4236 ἄλογον
1476 4169 1571 4221 ἐπὶ
1608 4167 1704 4221 τοῦ

165 4260 292 4327 Tim),
313 4265 489 4331 ίδικῶς
519 4265 622 4335 μὲν
653 4266 732 4327 είς
762 4263 972 4327 οὐσίαν,
1007 4260 1262 4324 ίδικῶςδὲ
1283 4263 1361 4322 εἰς
1387 4260 1704 4326 ὑπόστασιν,

164 4352 332 4421 ἄλογόν
357 4359 469 4410 ἐστι
504 4358 770 4426 διαφέρον
799 4356 1006 4408 οἴεσθαι
1038 4349 1178 4408 εἶναι
1213 4352 1272 4405 τὸ
1307 4353 1372 4406 ὲκ
1395 4353 1491 4421 τῆς
1515 4352 1708 4415 οὐσίας

163 4445 240 4496 τοῦ
272 4448 415 4512 Υἱοῦ,
450 4452 549 4504 καὶ
578 4451 637 4501 τὸ
678 4452 742 4501 ἐκ
771 4446 867 4500 τοῦ
904 4445 1034 4500 Υίοῦ
1066 4485 1082 4509 ,
1133 4448 1182 4498 εί
1219 4446 1523 4499 διέσταλται
1564 4446 1707 4499 κατὰ

1811 1980 2039 2044 Quidam
2069 1981 2215 2035 enim
2255 1979 2537 2035 audientes
2566 1979 2827 2049 Spiritum
2855 1996 2920 2034 ex
2952 1982 3189 2049 essentia
3226 1978 3375 2047 Filii,

1809 2090 1932 2128 cuin
1959 2090 2066 2128 non
2094 2075 2310 2129 valeant
2335 2082 2536 2129 rectam
2568 2074 2900 2129 sententiam
2947 2073 3379 2144 deprehendere,

1809 2180 1917 2234 qna
1944 2172 1996 2218 et
2026 2166 2346 2219 exessentia
2369 2163 2491 2217 Filii
2522 2164 2722 2218 dicitur
2757 2161 2996 2231 Spiritus
3024 2179 3168 2230 esse,
3196 2175 3249 2218 et
3269 2179 3382 2218 sua:

1810 2256 2117 2328 hypostasis
2143 2271 2367 2313 causam
2400 2268 2455 2312 et
2479 2272 2659 2310 rerum
2693 2256 2937 2311 omnium
2972 2257 3098 2320 Deo,
3120 2265 3377 2326 tanquam

1809 2362 1872 2400 ex
1901 2348 2072 2417 prima
2097 2362 2262 2401 causa
2295 2355 2349 2401 et
2375 2347 2645 2416 principio
2687 2346 2989 2416 possidere,
3035 2347 3092 2402 in
3144 2356 3378 2402 temera-

1811 2441 1921 2494 rias
1996 2441 2261 2508 quasdam
2323 2439 2576 2494 essentite
2623 2440 3019 2511 etliypostasis
3084 2440 3383 2495 divisiones

1812 2540 2194 2601 prorumpunt,
2228 2539 2283 2586 et
2310 2531 2613 2586 dividentes
2653 2532 2883 2586 seorsim
2938 2532 2993 2586 in
3048 2534 3371 2597 essentiam,

1810 2634 1864 2678 et
1892 2624 2123 2679 seorsim
2170 2624 2222 2677 in
2262 2624 2596 2694 liypostasim
2632 2633 2807 2677 totum
2836 2621 3060 2686 Filium,
3113 2625 3165 2678 in
3204 2626 3377 2696 hypo-

1811 2712 1964 2776 stasi,
1993 2726 2168 2780 eaque
2199 2712 2419 2781 propria
2449 2710 2773 2776 essentiam,
2801 2713 3102 2767 secundum
3125 2729 3280 2768 suam
3311 2730 3377 2768 ex

1810 2802 1970 2860 Patre
1999 2814 2054 2859 et
2085 2802 2225 2858 Filio
2277 2802 2563 2857 indivisam
2630 2804 2977 2870 divisionem,
3026 2814 3086 2859 ut
3139 2805 3380 2873 theologi

1810 2898 1984 2962 aiunt,
2016 2899 2144 2952 illud
2172 2914 2239 2953 ex
2277 2899 2513 2954 essentia
2546 2896 2689 2963 Filii,
2726 2908 2946 2967 propter
2974 2899 3219 2953 eamdem
3251 2897 3380 2967 Spi-

1810 2990 1949 3044 ritus
1973 3004 2103 3045 cum
2136 2986 2275 3044 Filio
2300 2990 2594 3045 essentiam
2631 3004 2661 3043 a
2708 2989 2916 3044 sanctis
2960 2988 3241 3055 traditum,
3288 3004 3380 3043 re-

1810 3082 2014 3137 ferunt.
2047 3081 2234 3152 Neque
2269 3090 2481 3148 notant,
2512 3082 2556 3137 si
2587 3090 2871 3151 propterea
2902 3096 2967 3135 ex
2991 3082 3225 3135 essentia
3257 3080 3379 3135 Filii

1812 3175 2072 3244 Spiritum
2128 3190 2249 3230 esse
2300 3175 2570 3244 quisiiiam
2634 3182 2866 3236 astruat,
2913 3188 3037 3228 cum
3098 3182 3149 3228 et
3205 3173 3380 3230 Filius

1810 3267 2055 3337 ejusdem
2087 3282 2209 3321 cum
2248 3265 2452 3337 Spiritu
2493 3265 2746 3321 essentia}
2773 3266 2865 3329 sit,
2892 3280 2957 3319 ex
2980 3265 3214 3319 essentia
3257 3264 3381 3334 Spi-

1810 3361 1952 3413 ritus
1987 3359 2278 3413 diceretur.
2340 3359 2435 3412 Est
2485 3359 2631 3412 enim
2673 3357 2911 3426 Spiritus
2967 3357 3212 3427 ejusdem
3252 3372 3377 3410 cum

1809 3451 1950 3507 Filio
1982 3437 2256 3513 esseiitiae,
2283 3460 2340 3505 at
2369 3467 2476 3505 non
2511 3456 2760 3520 sequttur
2792 3458 2847 3504 et
2882 3464 2946 3504 ex
2981 3449 3216 3504 essentia
3254 3446 3379 3501 Filii

1812 3545 2075 3616 Spiritum
2107 3559 2248 3609 esse,
2280 3544 2426 3615 quod
2444 3544 2684 3613 ejusdem
2705 3542 2955 3597 essentiae
2988 3543 3080 3598 sit.
3102 3538 3379 3609 Quidquid

1808 3637 1955 3692 enim
1985 3637 2228 3708 ejusdem
2263 3635 2514 3691 essentia:
2540 3643 2624 3689 est
2667 3649 2790 3688 cum
2818 3633 3027 3704 aliquo,
3053 3648 3119 3687 ex
3137 3632 3377 3688 essentia

1809 3731 1977 3795 illius,
2001 3746 2123 3786 cum
2157 3744 2266 3801 quo
2305 3728 2547 3800 ejusdem
2588 3728 2843 3784 essentia:
2883 3735 2989 3794 est,
3024 3736 3189 3791 esset,
3226 3721 3375 3795 quod

1810 3832 1991 3879 tamen
2035 3838 2143 3878 non
2174 3828 2279 3877 est.
2334 3820 2535 3876 Verum
2592 3821 2776 3891 potius
2830 3819 3083 3891 praecedit
3139 3819 3261 3883 hoc,
3313 3833 3381 3873 ex

1809 3915 2048 3971 essentia
2089 3913 2211 3968 Filii
2238 3927 2361 3969 esse
2393 3912 2680 3982 Spiritum,
2730 3914 2804 3966 ita
2844 3921 2903 3966 ut
2937 3919 3219 3981 sequatur,
3259 3923 3382 3978 pro-

1810 4019 1991 4078 pterea
2026 4008 2273 4080 ejusdem
2321 4021 2447 4061 eum
2484 4006 2620 4061 Filio
2659 4005 2907 4061 essentiae
2936 4018 3059 4061 esse
3093 4004 3376 4074 Spiritum,

1810 4102 1954 4173 quod
1984 4116 2049 4156 ex
2078 4099 2314 4156 essentia
2344 4097 2466 4153 Filii
2495 4096 2731 4168 Spiritus
2749 4105 2853 4152 est.

1869 4194 1957 4249 10.
1990 4192 2047 4248 Si
2112 4194 2294 4261 itaque
2358 4200 2576 4261 propter
2622 4189 2904 4244 divisionis
2952 4196 3103 4243 extra
3158 4184 3376 4240 modum

1809 4287 2074 4341 absonum
2107 4284 2159 4338 in
2180 4282 2316 4338 Filio
2351 4283 2577 4338 seorsiui
2607 4281 2659 4335 in
2693 4281 3008 4343 essentiam,
3045 4287 3098 4334 et
3143 4278 3377 4334 seorsirn

1810 4380 1864 4432 in
1898 4377 2256 4447 hypostasim,
2318 4374 2613 4429 absurdum
2664 4387 2881 4442 quoque
2924 4380 3085 4441 atque
3131 4369 3377 4440 ineptum

1811 4467 2286 4535 est,diﬂ‘erentiam
2315 4464 2677 4529 comminisci,
2707 4465 2848 4518 inter
2872 4478 2934 4517 ex
2969 4463 3204 4518 essentia
3232 4462 3377 4529 Filii,

166 4535 210 4585 σὲ
242 4539 270 4607 ἡ
299 4541 659 4603 ὶνσπόστατος
688 4538 845 4619 οὐσία
888 4538 983 4592 τοῦ
1027 4535 1158 4591 Υίοῦ
1193 4537 1291 4608 τῆς
1338 4538 1702 4591 ἐνυπσστάτου

1812 4567 1858 4613 et
1892 4573 1956 4612 ex
1984 4554 2125 4610 Filio
2148 4571 2289 4618 esse,
2349 4553 2395 4609 si
2452 4552 2755 4621 scjungitur
2806 4566 2904 4620 per
2944 4558 2998 4605 te
3054 4550 3290 4605 essentia
3324 4550 3378 4602 in

166 4628 243 4679 τοῦ
284 4631 485 4701 Harpe;
517 4632 731 4694 οὐσίας,
773 4634 915 4685 κατὰ
958 4631 1058 4700 τὴν
1117 4648 1137 4682 ι
1190 4632 1254 4683 ἐκ
1303 4631 1467 4699 μόνον
1501 4631 1706 4701 φωνὴν,

167 4723 260 4784 πῶς
292 4726 317 4777 6
346 4724 519 4793 ἅγιος,
552 4724 806 4795 καθάπερ
840 4741 931 4794 μοι
964 4727 1056 4778 καὶ
1084 4723 1425 4794 προείρηται,
1447 4726 1474 4775 6
1502 4722 1708 4792 ταύτην

169 4814 220 4883 6i;
244 4819 332 4887 τὴν
362 4822 423 4872 ὲκ
461 4822 627 4890 μόνου
660 4818 836 4886 λέγων
880 4818 1087 4887 φωνὴν,
1133 4818 1197 4869 ἐκ
1245 4818 1342 4884 τῆς
1390 4815 1580 4878 οὐσίας
1613 4817 1708 4868 τοῦ

168 4908 348 4980 Ματρὸς
374 4914 607 4969 ἐνταῦόα
638 4914 814 4982 λέγων
860 4915 921 4967 τὸ
972 4911 1219 4981 Πνεῦμα,
1252 4913 1307 4962 ὲν
1337 4909 1525 4971 ἄλλαις
1573 4910 1707 4962 πιλ-

168 5000 266 5064 λαίς
290 5005 388 5058 τῶν
414 5008 706 5075 Θεολογιών
755 5005 920 5058 αὑτοῦ
960 5006 1055 5058 καὶ
1095 5007 1158 5058 ἐκ
1189 5005 1288 5074 τῆς
1346 5006 1534 5066 οὐσίας
1574 5005 1708 5073 φησὶ

166 5094 245 5146 τοῦ
274 5096 394 5151 Υίοῦ
430 5100 583 5166 ;Τοῦ
624 5101 735 5169 γὰρ
782 5099 915 5153 Υίοῦ
948 5099 1331 5170 διεσταλμένου
1373 5100 1515 5151 κατὰ
1582 5098 1707 5160 τούς

170 5183 392 5255 ὶὲτοντας
417 5194 522 5247 ἀπὸ
546 5193 636 5245 τοῦ
668 5193 896 5262 Πατρὶς,
921 5194 979 5245 οὐ
1008 5192 1088 5244 δεῖ
1109 5194 1167 5244 τὸ
1197 5194 1261 5243 ἐκ
1286 5195 1384 5261 τῆς
1405 5191 1593 5253 οὐσίας
1612 5190 1707 5240 τοῦ

174 5275 351 5348 Harpe;
379 5282 671 5354 λεγόμενον
705 5283 925 5355 Πνεῦμα
962 5284 1026 5335 ἐκ
1066 5282 1167 5350 τῆς
1205 5280 1392 5341 οὐσίας
1447 5280 1540 5331 τοῦ
1578 5278 1706 5330 Υίοῦ

176 5368 372 5441 ρῃοῇνλῖ
396 5393 543 5431 ποτε.
570 5378 632 5429 Εί
657 5376 714 5429 δὲ
744 5379 806 5428 ὲκ
827 5376 923 5444 τῆς
953 5374 1139 5435 οὐσίας
1171 5374 1372 5442 ἀμφοῖν
1402 5367 1543 5423 εἶναι
1575 5369 1708 5423 αὐτὸ

150 5458 500 5536 ὡμολόγηται,
531 5468 775 5524 λείπεται
807 5464 949 5519 κατὰ
990 5465 1051 5518 τὸ
1092 5464 1270 5534 πάντη
1312 5462 1528 5533 βέϐαιον
1555 5460 1709 5523 δέξα-

182 5552 282 5606 σύαί
314 5572 390 5621 σε,
421 5560 493 5631 μὴ
520 5560 658 5630 πρὸς
687 5559 975 5629 διαστολὴν
1013 5556 1109 5610 τοῦ
1134 5556 1266 5607 Υίοῦ
1296 5559 1354 5609 τ)
1387 5575 1404 5607 ι
1442 5556 1505 5606 ἐκ
1546 5554 1707 5622 μόνον

180 5644 252 5695 τιύ
277 5647 468 5721 Harpe;
512 5654 789 5722 εἰρῆσθαι,
834 5653 948 5705 ἀλλ’
975 5655 1052 5714 είς
1099 5652 1357 5723 δήλωσιν,
1393 5649 1467 5708 ὡς
1501 5642 1708 5714 προϊὼν

183 5734 410 5805 ἀποδείξει
439 5748 465 5798 6
493 5746 669 5813 λόγος,
698 5745 812 5809 τοῦ,
858 5745 1081 5817 πρώτην
1115 5744 1315 5810 αἰτίαν,
1345 5741 1436 5793 καὶ
1470 5739 1709 5807 ἄναρχον

188 5830 316 5893 μένον
344 5836 428 5888 τὶν
459 5837 672 5908 Πατέρα
699 5835 857 5891 εἶναι.

1812 4650 2089 4722 liypostasi
2121 4644 2247 4702 Filii
2281 4647 2349 4701 ab
2384 4646 2618 4701 essentia
2643 4645 2697 4697 in
2726 4644 3007 4714 liypostasi
3053 4641 3230 4696 Patris
3259 4657 3383 4711 pro-

1811 4749 1928 4811 pter
1959 4738 2106 4793 illam
2134 4737 2425 4792 dictionem
2454 4750 2518 4790 ex
2545 4735 2677 4799 solo,
2734 4749 2972 4805 quanam
3016 4736 3224 4788 ratione
3254 4748 3382 4788 san-

1808 4843 1945 4897 ctus,
1977 4840 2036 4886 ut
2073 4842 2231 4885 antea
2267 4842 2485 4898 quoque
2519 4828 2659 4896 afme
2696 4826 3109 4896 pronuntiatum
3143 4833 3247 4891 est,
3284 4825 3378 4894 qui

1809 4938 1994 4978 vocem
2026 4923 2166 4977 lianc
2201 4935 2265 4975 ea:
2297 4920 2409 4975 solo
2442 4920 2674 4984 dictitat,
2707 4934 2774 4973 ex
2800 4922 3039 4974 essentia
3071 4916 3250 4972 Patris
3292 4918 3379 4972 hic

1810 5026 2063 5068 asserens
2102 5011 2392 5080 Spiritum,
2420 5011 2472 5064 in
2494 5010 2614 5064 aliis
2644 5011 2921 5079 plerisque
2955 5010 3070 5064 suis
3119 5009 3383 5077 theOIOgi-

1809 5108 1886 5162 cis
1904 5104 2143 5174 scriptis,
2177 5113 2231 5157 et
2261 5118 2326 5156 ex
2363 5102 2599 5157 essentia
2634 5102 2707 5155 ait
2738 5099 2902 5155 Filii?
2940 5101 3187 5171 Namque
3219 5115 3380 5170 sepa-

1810 5209 1927 5252 rato
1959 5195 2128 5261 Filio,
2172 5195 2470 5250 secundum
2507 5208 2623 5259 eos,
2680 5195 2774 5259 qui
2828 5193 2901 5247 ita
2970 5204 3308 5259 asseverant,
3348 5207 3377 5246 a

1808 5287 1985 5354 Patre,
2017 5302 2123 5341 non
2182 5286 2429 5349 addecet,
2465 5300 2530 5340 ex
2581 5287 2818 5340 essentia
2868 5285 3049 5340 Patris
3112 5292 3378 5341 assertum

1811 5380 2097 5452 Spiritum,
2127 5395 2192 5435 ex
2234 5381 2471 5435 essentia
2504 5377 2628 5433 Filii
2659 5378 2767 5434 ullo
2791 5378 2953 5434 modo
2991 5377 3125 5433 dici.
3146 5377 3298 5444 Quod
3332 5376 3379 5432 si

1808 5490 1871 5530 ex
1902 5474 2137 5530 essentia
2173 5475 2461 5542 utriusque
2516 5471 2669 5526 illum
2692 5486 2833 5536 esse,
2892 5471 2948 5525 iii
2983 5469 3235 5525 confesso
3268 5476 3377 5531 est,

1810 5568 2079 5638 reliquum
2110 5576 2215 5630 est,
2249 5566 2409 5619 veluti
2435 5563 2801 5619 certissimum
2833 5561 2965 5616 illud
3014 5570 3064 5615 te
3103 5559 3378 5628 amplecti,

1812 5670 1917 5711 non
1997 5659 2062 5710 ad
2116 5656 2517 5711 distinctionem
2586 5654 2729 5719 Filii,
2777 5671 2794 5704 ι
2831 5668 2896 5708 ex
2968 5652 3086 5706 solo
3155 5649 3315 5704 Patre
3353 5668 3374 5702 ι

1814 5749 2222 5819 pronuntiatum
2259 5763 2399 5811 esse,
2441 5748 2534 5803 sed
2583 5748 2650 5801 ad
2704 5745 3112 5810 insinuandam,
3147 5752 3203 5797 ut
3242 5743 3383 5798 infra

1815 5843 1990 5894 oratio
2021 5840 2437 5906 demonstrabit,
2470 5841 2715 5911 primam,
2730 5853 2954 5895 causam
2979 5847 3031 5895 ct
3073 5837 3205 5893 citra
3233 5838 3384 5908 prin-

1809 5931 2010 6001 cipium
2036 5931 2250 5989 Patrem
2284 5947 2426 5989 esse.
