3846 6616
505 382 609 451 2‘59

1527 373 1744 438 JOAN.
1786 371 2001 457 VECCI
2040 373 2150 436 ΟΡ.
2186 370 2695 434 PATRlARCHJE

3628 387 3715 450 260
3789 419 3791 422 ⁴

576 498 664 554 Η.
696 495 977 552 Addemus
1006 493 1153 550 aliud
1180 505 1399 565 quoque
1429 491 1570 546 hanc
1599 491 1925 546 sententiam
1945 504 2077 545 con-

2252 494 2345 544 ta'.
2371 489 2481 543 Καί
2496 507 2548 544 τι
2571 488 2629 543 δὲ
2652 489 2839 560 ἕτερον
2863 489 2958 561 τῆς
2980 491 3149 563 αὐτῆς
3174 492 3379 559 ἑννοίας
3406 494 3626 567 ἐροῦμεν
3645 522 3719 557 σιμ

501 589 804 654 stabiliens,
855 603 920 643 ex
976 585 1220 657 ejusdem
1292 582 1556 655 segmenti
1614 583 1907 639 verborum
1971 581 2078 636 cir-

501 680 809 751 cumplexn,
850 678 993 748 quod
1024 677 1183 732 facile
1218 674 1588 745 persuadebit,
1621 674 1664 729 si
1696 674 1858 730 modo
1888 688 2079 745 aequus

2184 582 2440 635 στατικὸν
2473 583 2537 635 ἐκ
2572 582 2673 653 τῆς
2702 585 2760 636 ὲν
2809 583 2876 654 τῇ
2928 583 3160 657 ῥηθείσῃ
3212 591 3477 659 περικοπῇ
3525 595 3719 667 περιλῄ-

2179 674 2348 742 ψεως,
2393 675 2532 747 ὅπερ
2584 674 2852 739 εὐπειθῶς
2902 676 3160 748 ἀποδέξῃ,
3209 678 3259 730 εί
3297 679 3581 752 εὐγνώμων
3618 686 3719 762 γίνῃ

466 787 624 828 .esse
656 771 786 825 velis
817 769 1055 823 auditor.
1082 767 1179 821 llic
1227 768 1371 821 enim
1413 767 1504 820 ubi
1559 784 1577 818 ι
1606 782 1671 820 ex
1709 766 1826 820 solo
1859 765 2018 820 Patre
2053 783 2073 818 ι

2194 784 2276 838 μοι
2310 768 2578 838 ἀκρατής.
2623 767 2887 822 Ἐνταῦθα
2926 769 3056 840 γὰρ,
3079 770 3212 823 ὅπου
3238 770 3298 823 τὸ
3333 790 3351 822 ι
3389 774 3450 826 ἐκ
3475 774 3622 843 μόνου
3644 780 3718 834 τοῦ

469 907 479 963 l

504 863 796 925 invenitur,
831 861 1097 912 adnexum
1134 864 1217 913 est
1253 875 1272 909 ι
1308 857 1471 911 veluti
1493 858 1559 910 :tli
1608 872 1722 911 ore.
1755 875 1774 908 ι
1834 854 1898 910 Ει
1951 871 2076 911 cuin

505 951 742 1023 Spiritus
776 960 829 1005 ut
866 949 979 1005 oris
1015 947 1136 1002 Filii
1205 949 1421 1003 dicatur
1460 947 1726 1018 Spiritus,
1772 958 1830 1002 ut
1860 946 2080 1002 divinus

504 1043 942 1119 aigApostolus,
989 1041 1265 1112 quomodo
1321 1055 1428 1095 non
1491 1041 1620 1095 hinc
1672 1054 1893 1110 quoque
1936 1054 1967 1094 ιι
2026 1047 2081 1093 te

503 1138 874 1207 dignoscetur,
912 1150 1018 1189 non
1055 1134 1120 1188 ad
1164 1135 1570 1189 distinctionem
1622 1130 1745 1186 Filii
1786 1149 1805 1183 ι
1855 1146 1921 1187 ex
1958 1129 2079 1186 solo

502 1226 664 1281 Patre
701 1245 720 1278 ι
756 1225 994 1295 apponi?
1054 1223 1301 1293 Namque
1353 1240 1474 1279 eum
1531 1223 1703 1280 Filius
1754 1239 1820 1279 ex
1881 1231 2070 1278 ventre

502 1320 685 1375 Patris
715 1319 858 1390 gigni
917 1328 1218 1381 asseratur,
1283 1316 1518 1386 Spiritus
1565 1331 1695 1370 vero
1771 1314 2081 1386 progressio

503 1411 670 1465 veluti
703 1414 771 1465 ab
802 1426 896 1464 ore
943 1408 1121 1464 Patris
1160 1408 1304 1463 dicta
1337 1408 1431 1473 sit,
1465 1422 1743 1478 nunquam
1805 1415 2077 1462 assertum

504 1501 695 1557 fuisset
731 1501 995 1571 Spiritum
1030 1500 1283 1570 progredi
1303 1508 1360 1553 et
1395 1515 1459 1554 ex
1496 1514 1593 1554 ore
1621 1495 1770 1564 Filii,
1800 1497 1844 1552 si
1862 1512 1928 1552 ex
1962 1498 2079 1554 solo

505 1589 665 1646 Patre
696 1593 1130 1661 progrederetur.
1158 1589 1445 1653 Praiterea,
1507 1604 1630 1644 cum
1660 1604 1722 1644 os
1784 1588 1962 1644 Patris
2022 1589 2081 1644 in

505 1683 826 1753 lliGOlOglcis
866 1683 1088 1750 scriptis
1133 1683 1402 1742 tradatur,
1432 1684 1557 1751 {quo
1589 1692 1749 1750 pacm
1784 1682 1850 1736 ad
1878 1682 2080 1736 distin-

504 1773 745 1828 ctionem
797 1773 918 1828 Filii
978 1774 1109 1827 illud
1169 1789 1188 1823 ι
1230 1788 1294 1827 ex
1351 1773 1512 1827 Patre
1574 1773 1714 1839 solo,
1766 1791 1784 1826 ι
1856 1783 2079 1829 sanctus

2184 858 2403 931 Πατρδς
2440 876 2459 909 ι
2510 858 2763 928 εὓρηται,
2805 861 3128 931 πρόσκειται
3171 860 3254 926 τὸ,
3308 879 3326 913 ι
3366 861 3435 926 ὡς
3472 864 3575 918 ἀπὸ
3622 872 3719 923 στό.

2186 969 2377 1021 ματος.
2420 970 2439 1003 ι
2480 951 2591 1005 Καὶ
2624 951 2748 1006 ἐπεὶ
2779 951 2839 1005 τὸ
2875 952 3098 1023 Πνεῦμα
3120 954 3215 1008 καὶ
3249 953 3343 1008 τοῦ
3370 956 3618 1025 στόματος
3642 963 3719 1016 τοῦ

2182 1043 2314 1096 Υἱοῦ
2348 1042 2565 1111 λέγεται
2612 1043 2860 1114 Πνεῦμα,
2910 1046 3056 1099 κατὰ
3082 1046 3176 1099 τὸν
3225 1046 3371 1100 θετον
3415 1049 3717 1120 Ἀπόστολον,

2183 1135 2300 1199 πῶς
2333 1137 2456 1207 οὐχὶ
2488 1139 2583 1189 καὶ
2613 1135 2864 1189 ἐντεῦθεν
2893 1136 3365 1209 διαγνωσθήσεταί
3395 1158 3494 1205 σοι,
3522 1143 3591 1215 μὴ
3610 1148 3720 1215 πρὸς

2181 1228 2473 1298 διαστολὴν
2507 1227 2603 1283 τοῦ
2638 1229 2769 1282 Υίοῦ
2803 1229 2863 1281 τὸ
2897 1230 2959 1282 ἐκ
3013 1230 3177 1300 μόνου
3217 1231 3433 1303 Πατρός
3479 1233 3718 1303 λέγεσθαι.

2196 1322 2347 1374 Ἐπεὶ
2385 1322 2494 1392 γὰρ
2514 1321 2544 1374 ό
2571 1321 2669 1391 μὲν
2704 1319 2830 1384 Υἱὸς
2868 1322 2932 1373 ἐκ
2953 1322 3190 1393 γαστρὸς
3218 1321 3506 1389 γεννᾶσθαι
3534 1323 3721 1394 λέγεται

2181 1413 2279 1468 τοῦ
2329 1414 2562 1485 Πατρδς,
2602 1415 2635 1484 ἡ
2678 1413 2735 1466 δὲ
2764 1411 2862 1466 τοῦ
2898 1414 3219 1484 Πνεῦματος
3254 1414 3498 1484 πρόοδος,
3524 1416 3593 1480 ὠς
3632 1420 3720 1473 ἀπὸ

2184 1505 2453 1575 στόματος
2479 1506 2701 1576 εἴρηται
2732 1504 2827 1557 τοῦ
2879 1504 3115 1574 Πατρὺς,
3163 1503 3262 1556 οῦκ
3314 1504 3381 1558 ἄν
3406 1521 3531 1557 ποτε
3555 1509 3723 1580 ἐρῥέθη

2184 1596 2556 1666 προέρχεσθαι
2589 1596 2650 1650 τὸ
2686 1595 2911 1666 Πνεῦμα
2941 1596 3037 1648 καὶ
3062 1593 3156 1648 τοῦ
3188 1596 3454 1664 στόματος
3481 1597 3569 1649 τοῦ
3595 1599 3723 1663 Fiat},

2183 1688 2344 1759 εἴπερ
2377 1690 2441 1740 ἐκ
2465 1688 2628 1758 μόνου
2665 1686 2761 1741 τοῦ
2793 1688 3005 1758 ιιατρὸς
3050 1682 3119 1757 ἦν
3170 1687 3302 1740 αὐτὸ
3337 1689 3725 1760 προερχόμενον.

2188 1779 2309 1833 Ἔτι
2335 1780 2388 1834 δὲ
2419 1783 2513 1833 καὶ
2540 1781 2664 1834 ἐπεὶ
2693 1781 2871 1851 στόμα
2899 1780 2993 1833 τοῦ
3020 1782 3233 1851 Πατρὸς
3257 1781 3583 1850 θεολογείται
3604 1790 3726 1854 παρὰ

504 1866 822 1921 enuntiasse
858 1866 1209 1936 intelligetur,
1251 1881 1271 1915 ι
1311 1865 1474 1919 veluti
1509 1865 1578 1920 ab
1608 1880 1704 1921 ore
1748 1864 1928 1921 Patris
1954 1865 2076 1937 Spi.

2194 1876 2300 1937 ταῖς
2331 1874 2572 1941 Γραφαίς
2594 1875 2622 1926 ὁ
2659 1870 2806 1935 Υἱὸς,
2845 1871 2932 1923 πῶ
2945 1890 2960 1934 ;
2985 1872 3050 1925 ἂν
3081 1873 3159 1934 εἰς
3183 1873 3467 1943 διαστολὴν
3492 1874 3578 1927 τοῦ
3607 1875 3715 1928 Υἱοῦ

507 1960 672 2014 ritum
699 1957 1015 2028 procedere,
1054 1975 1073 2008 ι
1127 1957 1447 2013 allirmatts?

581 2238 669 2293 12.
692 2238 844 2304 Quod
868 2236 912 2292 si
945 2245 997 2292 et
1024 2235 1278 2307 proxime
1305 2236 1617 2306 appositum
1654 2236 1967 2293 accuratius
1986 2252 2086 2293 ex-

510 2331 735 2400 pendas,
769 2330 898 2383 ltiuc
949 2343 1169 2399 quoque
1233 2326 1629 2398 deprehendes,
1670 2339 1915 2383 nostram
1956 2343 2083 2385 sen-

511 2425 756 2488 tentiam,
783 2438 890 2492 qua
920 2422 1304 2479 contendimus
1333 2434 1521 2476 vocem
1561 2438 1580 2473 ι
1614 2436 1681 2477 ex
1710 2423 1828 2477 solo
1863 2420 2022 2477 Patre
2060 2438 2079 2472 ι

509 2534 617 2573 non
652 2519 718 2573 ad
751 2516 1157 2573 distinctionem
1209 2513 1334 2569 Filii
1381 2514 1641 2584 scriptam
1692 2512 1884 2570 fuisse.
1917 2513 2083 2568 ham-

510 2628 616 2684 que
643 2628 764 2667 cum
792 2621 948 2667 antea
978 2610 1205 2665 dixisset
1240 2627 1259 2661 ι
1289 2611 1382 2665 sed
1412 2611 1763 2679 procedente,
1799 2618 1857 2664 ut
1876 2609 2085 2665 dictum

510 2714 616 2769 est,
646 2719 710 2759 ex
757 2703 873 2759 solo
903 2700 1059 2756 Patre
1106 2710 1365 2771 tanquam
1418 2703 1488 2757 ab
1544 2716 1657 2766 ore,
1701 2720 1720 2755 ι
1768 2701 2081 2771 subnexuit.

515 2813 536 2848 ι
567 2798 658 2866 qui
709 2796 961 2866 apparuit
1006 2809 1103 2864 per
1139 2793 1360 2848 Filium.
1405 2811 1424 2848 ι
1465 2792 1620 2860 Quod
1666 2795 1812 2850 enim
1858 2808 1924 2849 ex
1969 2794 2088 2850 solo

511 2886 669 2941 Patre
698 2895 801 2952 est,
852 2885 900 2941 si
928 2886 1227 2941 secundum
1261 2883 1663 2938 distinctionem
1724 2881 1846 2951 Filii
1874 2899 1940 2938 ex
1973 2884 2089 2939 solo

511 2995 578 3034 eo
616 2988 785 3045 esset,
845 2978 1068 3033 minime
1113 2986 1398 3047 appareret
1450 2991 1545 3046 per
1594 2974 1815 3030 Filium.
1872 2974 2088 3030 Etenim

514 3070 793 3126 distinctio
824 3067 945 3123 Filii
990 3084 1020 3123 a
1073 3068 1235 3122 Patre
1265 3083 1535 3138 nusquam
1579 3068 1832 3122 admittet
1862 3069 1914 3121 in
1945 3067 2091 3122 exsi-

518 3163 719 3218 stentia
749 3162 986 3232 Spiritus
1016 3176 1080 3216 ex
1118 3160 1282 3215 Patre
1306 3161 1464 3226 illud,
1496 3175 1590 3230 per
1619 3158 1839 3216 Filitttn.
1864 3158 2021 3226 Quod
2042 3159 2087 3214 si

2116 3202 2163 3264 C

2184 1964 2404 2037 νοηθείη
2460 1964 2522 2015 τὸ
2580 1981 2599 2015 ι
2661 1963 2727 2015 ἐκ
2781 1962 2946 2033 μόνου
3001 1962 3098 2015 τοῦ
3158 1964 3376 2034 Πατρδς
3414 1983 3433 2014 ι
3502 1966 3662 2035 λέγων
3707 1972 3729 2022 ό

2183 2057 2360 2126 ἅγιος,
2392 2074 2411 2107 ι
2448 2055 2522 2119 ὡς
2560 2056 2589 2109 ό
2622 2055 2730 2109 ἀπὸ
2767 2055 3037 2125 στόματος
3066 2054 3161 2109 τοῦ
3206 2058 3424 2128 [ἰατρὸς
3469 2060 3732 2131 ἐκπορεύε-

2187 2147 2314 2201 σθαι
2345 2146 2521 2214 λέγων
2554 2146 2615 2198 τὸ
2643 2144 2871 2214 Πνεῦμα
2897 2161 2912 2213 ;

2257 2238 2342 2310 ιβ’.
2381 2240 2444 2292 Ei
2472 2238 2528 2291 δὲ
2558 2238 2653 2291 καὶ
2676 2237 2736 2291 τὸ
2757 2238 2983 2305 ἔγγιστα
3011 2238 3350 2307 επαγόμενον
3377 2237 3734 2313 ακριϐἑστεριν

2187 2349 2306 2395 πως
2334 2331 2719 2401 κατανοήσεις,
2766 2330 2863 2383 καὶ
2905 2329 3159 2384 ἐντεῦθεν
3187 2329 3452 2397 δέξασθαι
3494 2330 3629 2402 ἔχεις
3651 2333 3733 2404 τὴν

2187 2425 2417 2490 ἔννοιαν,
2464 2422 2585 2476 καθ’
2621 2424 2687 2494 ἢν
2738 2424 2900 2493 ἡμεῖς
2956 2439 3140 2493 φαμεν
3186 2427 3289 2493 τὴν
3338 2425 3406 2477 ὲκ
3459 2426 3614 2493 μόνου
3655 2425 3731 2479 τοῦ

2192 2517 2406 2588 Πατρός
2437 2514 2643 2587 φωνὴν,
2675 2515 2751 2587 μὴ
2784 2516 2920 2586 πρὸς
2959 2516 3059 2586 τὴν
3079 2516 3176 2569 τοῦ
3212 2515 3343 2570 Υίοῦ
3377 2517 3620 2588 εἰρῆσθαι
3642 2517 3735 2570 διαο

2190 2610 2408 2680 στολήν.
2441 2608 2596 2663 Μετὰ
2644 2609 2753 2678 γὰρ
2796 2607 2858 2661 τὸ
2908 2609 3104 2673 εἰπεῖν,
3154 2608 3273 2661 ἀλλ’
3323 2610 3733 2679 ἐκπορευομένῳ,

2189 2703 2440 2773 καθάπερ
2468 2701 2707 2772 εἴρηται,
2744 2703 2809 2754 ἐκ
2854 2699 3019 2770 μόνου
3050 2699 3145 2754 τοῦ
3194 2700 3432 2772 Πατρὸς,
3473 2719 3493 2752 ι
3526 2700 3610 2765 ’ὡς
3647 2702 3737 2755 ἀπὸ

2192 2793 2483 2862 στόματος,
2548 2793 2768 2861 ἐπάγει,
2807 2810 2825 2843 ι
2871 2793 3140 2862 πεφηνότι
3197 2791 3253 2845 δὲ
3307 2791 3380 2845 δι’
3428 2791 3577 2846 Υίοῦ.
3611 2810 3630 2845 ι
3677 2793 3737 2846 Τὸ

2189 2884 2323 2957 γοῦν
2346 2886 2410 2939 ὲκ
2436 2885 2598 2955 μόνον
2619 2884 2713 2937 τοῦ
2734 2884 2943 2956 Πατρὸς
2968 2884 3239 2956 ὑπάρχον,
3263 2886 3311 2938 εἰ
3338 2886 3486 2939 κατὰ
3506 2884 3600 2956 τὴν
3624 2885 3737 2955 πρὸς

2190 2981 2281 3034 τὶν
2312 2977 2440 3031 Υίδν
2471 2976 2777 3049 διαστολὴν,
2805 2978 2870 3030 ὲκ
2915 2977 3077 3048 μόνον
3119 2975 3284 3030 αὐτοῦ
3319 2972 3412 3046 ἦν,
3447 2976 3545 3030 οὐκ
3573 2977 3632 3030 ἂν
3660 2991 3739 3029 πε-

2193 3071 2360 3142 φηνὺς
2389 3072 2458 3124 δι’
2480 3070 2611 3123 Υίοῦ
2634 3066 2725 3142 ἦν.
2764 3069 2828 3122 'Il
2856 3072 2968 3140 γὰρ
2991 3067 3101 3122 ἀπὸ
3138 3070 3233 3122 τοῦ
3264 3069 3482 3137 Harp"
3515 3065 3739 3136 διαστολὴ

2194 3162 2289 3217 τοῦ
2326 3162 2457 3215 Υἱοῦ
2490 3162 2591 3215 οὐκ
2630 3161 2696 3215 ἄν
2734 3176 2861 3214 ποτε
2890 3159 3250 3231 παραδέξαιτο
3277 3160 3338 3212 ἐν
3364 3162 3434 3229 τῇ
3467 3161 3530 3210 ὲκ
3557 3157 3742 3224 Πατρὶς

520 3254 751 3309 fortasse
781 3255 869 3308 hic
889 3267 1141 3323 quoque,
1176 3261 1234 3307 ut
1299 3253 1458 3322 plane
1515 3252 1698 3307 audivi
1760 3267 1827 3306 ex
1877 3252 2087 3317 multis,

2195 3252 2427 3325 ὑπάρξει
2452 3251 2888 3321 τοῦηΠνεῦματος
2912 3250 2993 3316 τὸ,
3018 3250 3085 3304 δι’
3111 3250 3264 3304 Υίοῦ.
3298 3251 3363 3303 Ei
3409 3249 3456 3303 δ’
3487 3250 3612 3312 ἴσως
3629 3248 3741 3301 κάν-

518 3349 609 3418 qui
636 3363 698 3400 ex
727 3355 915 3400 ventre
954 3355 1228 3411 eructant,
1271 3344 1533 3414 quidquid
1560 3346 1613 3398 in
1664 3355 1897 3399 mentem
1922 3344 2088 3410 subit,

516 3452 585 3492 ex
619 3436 755 3491 Filio
775 3450 1055 3506 apparere,
1081 3453 1188 3491 non
1223 3436 1304 3491 vis
1353 3450 1451 3504 pro
1480 3434 1798 3489 exsistcntia
1855 3434 2091 3503 Spiritus

516 3531 783 3598 accipere,
816 3530 909 3584 sed
946 3544 1045 3598 pro
1082 3529 1227 3583 illius
1256 3525 1715 3591 inaniiestatioue,
1738 3535 1793 3579 et
1821 3524 2090 3579 donorum

523 3620 668 3673 illius
701 3620 1108 3683 distributione,
1145 3630 1199 3672 at
1234 3633 1300 3672 ex
1330 3616 1451 3669 aliis
1482 3615 1705 3669 Patrum
1732 3615 1913 3679 dictis,
1958 3613 2090 3684 quid

516 3713 619 3765 ltoc
650 3710 798 3764 vocis
827 3711 1163 3777 insinuatur,
1199 3723 1229 3763 a
1270 3716 1323 3761 te
1349 3706 1740 3777 expiscandum
1766 3715 1868 3770 est,
1901 3715 1957 3759 et
1983 3720 2091 3759 non

517 3813 719 3857 temere
749 3802 961 3857 veritati
991 3801 1402 3856 ludiﬁcandum.
1438 3799 1635 3855 Statim
1662 3799 1806 3853 enim
1859 3813 2092 3869 magnus

516 3892 751 3948 Basilius
776 3892 941 3946 tradit
991 3893 1057 3947 de
1125 3892 1330 3962 Spiritu
1380 3909 1394 3946 :
1441 3909 1460 3943 ι
1517 3891 1861 3962 Sempiterne
1908 3890 2094 3946 omnia

516 3987 695 4055 ipsum
738 3985 1040 4055 possidere,
1094 3985 1262 4039 veluti
1298 3983 1562 4055 Spiritum
1603 3982 1731 4051 Dei,
1771 3995 1826 4039 et
1866 3998 1934 4040 ex
1975 3984 2093 4055 ipso

514 4087 886 4147 apparentem.
911 4096 927 4127 ι
951 4077 1014 4131 Ει
1033 4078 1469 4147 sapientissimus
1488 4076 1722 4146 Cyrilius
1743 4075 1810 4131 de
1837 4075 2056 4131 Christo
2075 4092 2090 4108 ·

523 4188 542 4220 ι
577 4168 740 4224 Deum
771 4168 1126 4223 mediatorem
1161 4169 1466 4235 hominum,
1508 4179 1566 4223 ut
1625 4169 1926 4239 Scriptum
1980 4178 2094 4222 tra-

515 4258 670 4325 duttt,
703 4260 954 4328 componi
986 4259 1247 4327 dicimus,
1277 4267 1393 4313 tntn
1429 4274 1495 4314 ex
1536 4272 1722 4314 nosua
1754 4257 2091 4314 immanitate

516 4351 752 4421 perfecte
784 4367 844 4406 se
878 4351 1132 4418 habente,
1163 4353 1462 4407 secundum
1487 4352 1766 4422 propriam
1800 4351 2093 4416 rationem,

519 4454 635 4496 tum
661 4457 725 4497 ex
752 4456 839 4509 eo,
875 4442 966 4511 qui
1013 4443 1281 4511 apparuit,
1315 4438 1427 4497 Deo
1471 4440 1778 4496 secundum
1837 4448 2090 4493 naturam

515 4531 677 4599 Filio,
713 4535 831 4599 hoc,
848 4541 933 4588 est
979 4531 1290 4603 Unigenito.
1330 4550 1350 4584 ι
1389 4533 1519 4587 Item
1574 4549 1590 4587 :

518 4623 754 4696 Spiritus
774 4623 918 4688 Filii,
948 4641 1060 4680 non
1088 4624 1439 4680 solummodo
1473 4640 1576 4695 qua
1613 4624 1851 4680 Veritum
1896 4632 1998 4688 est,
2039 4630 2094 4678 et

519 4733 583 4771 ex
610 4716 769 4773 Patre
803 4720 1074 4788 apparuit,
1095 4720 1190 4772 sed
1222 4733 1325 4787 qua
1350 4717 1849 4787 etiaminlelligitur
1874 4731 1905 4771 a
1936 4717 2094 4773 nobis

520 4810 685 4865 ltomo
739 4810 939 4867 lactus.
972 4809 1318 4867 Manifestum
1374 4812 1558 4882 itaque
1611 4820 1732 4876 est,
1768 4809 1938 4865 Deum
1975 4823 2096 4864 esse

519 4904 909 4975 Spiritutn,qui
939 4919 1004 4958 ex
1038 4919 1101 4960 eo
1138 4904 1358 4974 proprio
1386 4901 1649 4973 possidet,
1686 4910 1741 4957 et
1776 4900 2097 4956 naturaliter

523 5003 584 5045 nt
613 4995 755 5049 Deus
783 5011 798 5048 :
835 4994 1059 5064 reliquae
1093 5009 1223 5048 vero
1254 5006 1524 5049 creatura:
1556 4994 1730 5061 magis
1776 4992 2093 5062 improprie,

519 5097 777 5157 tanquam
806 5103 927 5157 quae
954 5102 1018 5141 ex
1060 5086 1316 5141 Creatore
1358 5093 1519 5155 atque
1543 5082 1750 5154 Opillce
1789 5084 2094 5153 possident,

518 5189 573 5234 et
611 5195 675 5234 ex
706 5195 772 5235 eo
791 5180 1075 5234 dicuntur.
1106 5197 1124 5231 ι
1164 5177 1353 5231 Divina
1411 5178 1594 5245 itaque
1645 5165 1924 5246 Scriptura
1960 5176 2096 5230 adeo

518 5281 704 5341 aperte
737 5274 883 5326 etde
916 5271 1049 5325 Filio
1075 5283 1330 5337 apparere
1365 5266 1555 5332 verbo,
1604 5265 1724 5321 loco
1763 5266 1910 5320 illius
1963 5281 2095 5331 esse,

523 5373 867 5434 acceptante,
895 5364 995 5417 nec
1038 5378 1144 5415 non
1186 5362 1255 5416 de
1312 5361 1570 5441 Spiritu“
1598 5368 1993 5431 proptereaque
2030 5359 2097 5411 de

405 5474 417 5483 ·
523 5456 765 5526 Spiritus
830 5454 1155 5509 exsistentia
1217 5469 1327 5509 uno
1404 5455 1710 5523 eodemque
1786 5450 2095 5520 signiﬁcatu

521 5561 799 5617 apparere,
824 5555 877 5600 et
897 5544 1542 5613 proccdereennutiaute,
1594 5553 1745 5598 recte
1792 5543 2008 5612 quidem
2065 5556 2097 5594 a

520 5637 682 5690 nobis
722 5650 884 5704 supra
919 5636 1186 5703 prolatum
1221 5647 1325 5701 est,
1356 5650 1421 5690 ex
1468 5637 1585 5690 solo
1615 5632 1775 5689 Patre
1803 5635 2096 5697 exsistens,

521 5727 568 5781 si
599 5727 901 5783 secundum
926 5726 1331 5783 distinctionem
1357 5742 1386 5780 a
1418 5724 1577 5790 Filio,
1598 5741 1661 5781 ex
1689 5727 1809 5781 solo
1839 5740 1905 5780 eo
1928 5734 2097 5789 esset,

523 5832 804 5888 nunquam
835 5818 1212 5891 appositurum
1236 5817 1438 5888 fuisse;
1472 5834 1595 5876 cum
1662 5817 1785 5874 Filii
1841 5836 1872 5875 a
1931 5815 2098 5875 Patre

2191 3343 2389 3408 ταῦθα,
2421 3342 2498 3406 ὡς
2544 3342 2655 3412 ἔχω
2706 3340 2896 3412 μαθὼν
2932 3342 3001 3394 ’ὲκ
3031 3339 3243 3393 πολλῶν
3269 3340 3383 3393 τῶν
3412 3338 3523 3393 ἀπὸ
3558 3334 3742 3398 κοιλίας

2193 3438 2574 3507 ὲρευγομένων
2615 3435 2838 3507 σύμπαν
2868 3435 2929 3489 τὸ
2959 3438 3392 3507 παριστάμενον,
3437 3436 3499 3488 τὸ
3538 3434 3605 3488 δι’
3631 3431 3743 3486 Υίοῦ

2197 3532 2498 3598 πεφηνέναι
2525 3529 2625 3581 οὐκ
2656 3531 2736 3592 ei;
2761 3528 2861 3599 τὴν
2906 3527 3140 3599 ὓπαρξιν
3173 3528 3382 3591 ἐθέλεις
3410 3525 3745 3596 έκλαμόἀνειι

2192 3619 2288 3673 τοῦ
2320 3619 2661 3688 Πνεῦματος,
2693 3618 2808 3673 ἀλλ’
2855 3621 2936 3682 εἰς
2965 3619 3064 3688 τὴν
3104 3618 3271 3673 αὐτοῦ
3305 3618 3637 3689 φανέρωσιν,
3669 3619 3745 3669 καὶ

2193 3711 2296 3780 τὴν
2319 3713 2428 3765 τῶν
2464 3711 2631 3767 αὐτοῦ
2663 3712 3022 3783 χαρισμάτων
3047 3712 3333 3780 διανομὴν,
3364 3710 3485 3765 ἀλλ’
3506 3711 3564 3779 ἐξ
3595 3710 3746 3765 ἄλλων

2195 3803 2411 3875 ῥήσεων
2437 3801 2724 3872 πητρικῶν
2751 3801 2852 3873 τὴν
2881 3802 3157 3872 σημασίαν
3206 3801 3289 3854 δεῖ
3334 3818 3394 3854 σε
3448 3816 3750 3867 κατανενοη-

2195 3893 2350 3946 κέναι
2380 3892 2479 3962 τῆς
2508 3891 2730 3959 λέξεως,
2760 3892 2856 3946 καὶ
2901 3891 2978 3964 μὴ
3005 3892 3106 3961 τῆς
3135 3891 3400 3964 ἀληθείας
3427 3891 3747 3963 ὲπηρεαστὴν

2197 3984 2599 4055 καθεστηκέναι
2645 3986 2921 4056 διακενῆς.
2959 3985 3165 4039 Λύτίκα
3198 3985 3308 4056 γὰρ
3339 3983 3369 4036 ὀ
3413 3987 3585 4055 μέγας
3611 3984 3749 4037 Βασί-

2195 4074 2337 4140 λειος
2368 4076 2517 4145 λέγει
2575 4077 2707 4146 περὶ
2749 4075 2843 4129 τοῦ
2892 4075 3233 4145 Πνεῦματος,
3273 4094 3292 4128 ι
3348 4075 3563 4134 Ἀῖδίως
3595 4075 3749 4127 πάντα

2195 4166 2341 4237 ἔχειν
2373 4167 2530 4233 αὐτὸ,
2564 4167 2639 4230 ὼς
2676 4166 2902 4235 Πνεῦμα
2949 4167 3106 4231 Θεοῦ,
3144 4168 3239 4221 καὶ
3283 4166 3343 4232 ἐξ
3387 4167 3554 4220 αὐτοῦ
3599 4182 3753 4231 πεφη-

2197 4261 2308 4323 νός.
2347 4279 2366 4311 ι
2417 4259 2479 4313 '0
2514 4260 2570 4313 δὲ
2590 4258 2902 4330 σοφώτατος
2934 4260 3204 4331 Κύριλλο;
3233 4261 3363 4329 περὶ
3386 4259 3484 4314 τοῦ
3509 4256 3748 4330 Χριστοῦ,

2197 4348 2304 4401 Τὸν
2343 4348 2478 4401 Θεὸν
2513 4350 2741 4420 μεσίτην
2773 4351 2867 4404 καί⁵
2897 4348 3200 4422 ἀνθρώπων
3231 4351 3375 4404 κατὰ
3402 4352 3506 4414 τὰς
3553 4349 3752 4420 Γραφὰς

2199 4440 2523 4508 συγκεῖσθαι
2547 4457 2746 4511 φαμεν,
2770 4441 2834 4497 ἐκ
2852 4458 2912 4496 τε
2932 4442 3034 4513 τῆς
3064 4441 3185 4495 καθ’
3201 4444 3343 4514 ἡμᾶς
3357 4442 3754 4513 ἀνθρωπὸτητος

1643 4550 1664 4585 ι
1698 4532 1964 4602 Proprius
2011 4543 2087 4587 est

2200 4532 2424 4595 τελείοις
2472 4534 2704 4604 ἐχούσης
2738 4534 2884 4587 κατὰ
2910 4534 3004 4590 τὸν
3035 4534 3166 4588 ἴδιον
3191 4532 3370 4603 λόγον,
3422 4535 3520 4588 καὶ
3571 4534 3634 4588 ὲκ
3675 4528 3754 4584 τοῦ

2204 4623 2511 4696 πεφηνότος
2543 4627 2608 4678 ἐκ
2653 4624 2749 4678 τοῦ
2776 4624 2912 4679 Θεοῦ
2953 4625 3097 4680 κατὰ
3145 4625 3309 4692 φύσιν
3343 4625 3499 4691 Υίοῦ,
3533 4624 3753 4678 τουτέστι

2203 4717 2297 4772 τοῦ
2331 4716 2692 4786 Μονογενοῦς.
2733 4736 2752 4770 ι
2784 4720 2894 4772 Καὶ
2924 4719 3089 4772 πάλιν
3126 4737 3146 4771 ι
3184 4719 3347 4773 ἰδιόν
3378 4723 3497 4772 ἐστι
3520 4718 3580 4771 τὸ
3611 4711 3757 4769 Πνεῦ-

2209 4827 2285 4881 μα
2316 4811 2412 4863 τοῦ
2431 4810 2588 4875 Υἰοῦ,
2614 4809 2676 4863 οῦ
2719 4812 2895 4864 τοίπω
2923 4811 3086 4880 μόνον
3171 4811 3328 4880 λόγος
3354 4811 3475 4864 ἐστὶ
3520 4803 3757 4876 πεφηνὼς

2203 4903 2269 4954 ὲκ
2311 4903 2546 4970 Πατρὸς,
2573 4896 2749 4974 ἀλλ’ᾗ
2796 4904 2891 4955 καὶ
2940 4905 3113 4956 νοοῖτο
3147 4902 3270 4957 καθ’
3314 4904 3466 4974 ἡμᾶς
3497 4898 3758 4970 ἄνθρωπος

2204 4994 2448 5064 γεγονὼς
2479 5037 2495 5062 ,
2566 4997 2833 5067 πρόδηλον
2890 4996 3205 5073 δήπουθεν,
3257 4996 3330 5060 ὡς
3379 4996 3516 5058 Θεὸς
3570 4994 3664 5065 μὲν
3708 4989 3759 5041 τὸ

2204 5089 2452 5158 Πνεῦμα,
2485 5088 2545 5141 τὸ
2568 5087 2626 5153 ἐξ
2654 5082 2717 5141 οὗ
2752 5081 2954 5158 κυρίως
2984 5090 3106 5158 ἐχον
3137 5089 3230 5142 καὶ
3257 5087 3508 5158 φυσικῶς
3535 5089 3605 5149 ὡς
3626 5081 3758 5142 026;-

2205 5179 2288 5234 Τὰ
2347 5180 2393 5234 δ’
2421 5180 2559 5236 ἄλλα
2601 5182 2883 5252 ποιήματα
2941 5182 3534 5252 καταχρηστικὼτερον
3587 5177 3659 5240 ὡς
3705 5175 3758 5226 ἐκ

2206 5274 2454 5344 ποιητοῦ,
2475 5274 2573 5327 καὶ
2599 5273 2933 5344 δημιουργοῦ
2961 5276 3261 5346 πεφηνότα,
3287 5275 3345 5341 ἐξ
3368 5269 3429 5329 οὗ
3452 5271 3757 5343 λεγόμενα.»

2206 5365 2319 5435 Τῆς
2353 5366 2487 5434 γοῦν
2517 5365 2665 5428 θείας
2700 5366 2920 5436 Γραφῆς
2952 5366 3096 5420 οὕτω
3125 5366 3379 5436 φανερῶς
3419 5365 3518 5419 καὶ
3546 5364 3639 5417 ἐπὶ
3681 5358 3760 5413 τοῦ

2205 5456 2334 5509 Υίοῦ
2368 5457 2487 5509 ἀντὶ⁵
2519 5455 2615 5508 τοῦ
2665 5456 2965 5524 ὑπάρχειν
3017 5455 3401 5525 λαμϐανούσης
3425 5454 3490 5507 τὸ
3533 5472 3555 5508 ι
3597 5466 3766 5521 πεφη-

2204 5545 2395 5606 νέναι,
2426 5563 2446 5595 ι
2485 5545 2578 5597 καὶ
2611 5548 2705 5597 ἐπὶ
2733 5545 2825 5597 τοῦ
2852 5546 3192 5614 Πνεῦματος,
3220 5547 3313 5597 καὶ
3338 5541 3483 5611 κατᾲ
3506 5541 3598 5595 τοῦ
3610 5556 3660 5594 :0
3684 5538 3764 5591 ἐπὶ

2204 5637 2305 5707 τῆς
2333 5636 2430 5690 τοῦ
2466 5637 2782 5707 Πνεύματος
2813 5637 3103 5708 ὑπάρξεως
3126 5637 3487 5707 ταυτιξούσης
3508 5636 3571 5688 τὸ
3592 5646 3766 5700 πεφη-

2204 5728 2374 5784 νέναι
2405 5730 2499 5782 καὶ
2535 5729 2971 5797 ἐκπορεύεσθαι
3005 5728 3185 5793 καλῶς
3212 5733 3370 5799 ἡμεῖς
3414 5729 3671 5797 ἀνωτέρω
3693 5738 3762 5775 σοι

2208 5822 2422 5893 ἔφημεν
2470 5822 2530 5876 τὺ
2565 5823 2628 5876 ἐκ
2669 5821 2834 5892 μόνον
2867 5821 2961 5875 τοῦ
2994 5821 3205 5891 Πατρδς
3237 5821 3507 5892 ὑπάρχον,
3557 5819 3608 5874 εἰ
3642 5814 3766 5872 κατὰ
