3974 6578
232 378 336 441 261

1274 385 1371 444 DE
1409 385 1937 446 PROCESSIONE
1970 388 2030 447 S.
2075 389 2461 452 SPIRITUS.

3403 390 3509 452 εισι

231 492 339 557 τὴν
395 488 534 559 πρὸς
590 488 682 542 τὸν
718 489 844 543 Υίδν
887 489 1194 560 διαστολὴν,
1242 494 1306 544 ὲκ
1345 492 1508 562 μόνου
1550 493 1715 544 αὑτοῦ
1745 490 1832 564 ἦν,

1944 497 2222 552 distinctio
2247 516 2513 570 nusquam
2553 502 2605 555 in
2640 499 2965 555 exsistentia
2991 499 3228 572 Spiritus
3260 516 3325 556 ex
3349 501 3508 556 Patre

231 584 336 635 οὒκ
371 582 439 637 ἂν
471 599 597 636 ποτε
625 583 694 636 δι’
725 583 854 637 Υίυῦ
903 585 1144 654 πεφηνὸς
1185 580 1273 653 ἦν,
1319 585 1395 648 ὼς
1432 585 1529 654 τῆς
1565 585 1658 638 τοῦ
1697 585 1828 639 Υίοῦ

1941 588 2072 643 illud
2108 607 2200 658 per
2231 591 2426 646 Filium
2459 594 2777 648 admisisset

231 673 533 747 διαστολῆς
565 678 674 732 ἀπὸ
720 678 816 731 τοῦ
856 679 1094 748 Πατρδς,
1147 678 1248 732 οὐκ
1271 680 1335 734 ἀν
1370 695 1498 732 ποτε
1535 677 1982 751 παραδεξομένης
2025 682 2082 736 ὲν
2121 685 2186 752 τῇ
2243 685 2306 736 ὲκ
2373 686 2584 758 Πατρδς
2615 686 2882 757 ὑπάρξειν
2946 685 3042 740 τοῦ
3101 685 3420 758 Πνεύματος
3451 687 3510 740 τὸ

230 766 304 820 δι’
338 767 498 823 Υίοῦ.

313 858 410 927 ιγ’.
445 861 519 914 Σὺ
550 860 698 930 γοῦν,
731 861 831 925 τάς
875 862 1096 934 ἀληθεῖς
1119 863 1342 926 ταύτας,
1372 863 1465 915 καὶ
1502 868 1666 916 παντλ⁸
1700 861 1832 932 ψεύ-

228 953 320 1004 δει
352 955 834 1020 ἁνεπισκιάστους,
872 955 1079 1018 ἑννοίας
1129 942 1438 1025 δεξόμενος,
1471 954 1662 1024 μηδενὶ
1686 954 1829 1007 δίδου

231 1043 311 1097 τὰ
333 1039 456 1098 ὦτα
489 1046 598 1098 τῶν
629 1046 863 1112 οἴκοθεν,
895 1046 990 1098 καὶ
1016 1047 1092 1117 μὴ
1129 1048 1236 1098 ἀπὸ
1266 1047 1516 1116 χρήσεων
1545 1043 1831 1115 γραφικῶν

230 1132 342 1203 τὴν
373 1133 464 1186 διὰ
492 1132 586 1186 τοῦ
618 1132 748 1186 Υἱοῦ
779 1136 844 1187 ὲκ
870 1133 964 1185 τοῦ
1001 1133 1213 1206 Πατρὸς
1251 1135 1580 1204 ὲκπόρευσιν
1607 1133 1833 1202 ἐξηγου-

237 1225 429 1294 μένων
459 1226 552 1278 τοῦ
567 1225 1016 1294 Πνεύματος,τιῖ›ν
1034 1227 1132 1294 μὲν
1154 1227 1390 1296 σχέσεως
1416 1221 1556 1279 εἶναι
1571 1241 1835 1296 σημαντι-

237 1318 348 1385 κὴν
379 1318 483 1388 τὴν
517 1317 700 1388 φωνὴν
741 1318 1182 1387 διατεινομένων,
1213 1320 1320 1373 τῶν
1342 1319 1400 1373 δὲ
1423 1319 1515 1372 τοῦ
1545 1319 1686 1390 ἅμα,
1713 1319 1832 1372 ἔστι

231 1410 290 1462 δὲ
312 1403 392 1462 ὧν
423 1412 517 1464 καὶ
541 1410 671 1464 ἀντὶ
698 1409 795 1480 τῆς
815 1411 988 1480 μετὰ,
1021 1412 1119 1480 τὴν
1143 1411 1232 1464 διὰ
1267 1412 1526 1482 πρόθεσιν
1552 1411 1821 1480 λεγόντων

235 1503 631 1559 νοεῖσθαι.⁷Ων
675 1508 708 1576 η
735 1507 980 1560 ἀναίδεια
1024 1507 1167 1560 κατά
1203 1506 1292 1559 τοῦ
1329 1506 1566 1576 μεγάλου
1613 1523 1831 1577 προχω-

235 1601 333 1666 ρεῖ
376 1598 692 1662 Βασιλείου,
725 1599 894 1651 πολὺν
930 1599 1140 1652 ἐκείνου
1174 1599 1504 1668 ποιουμένου
1537 1599 1630 1651 τὸν
1673 1599 1832 1666 λόγον

231 1690 323 1752 είς
355 1690 420 1742 τὸ
460 1692 832 1761 παραστῆσαι,
871 1691 947 1754 ὼς
983 1695 1015 1761 ἠ
1047 1692 1134 1744 διὰ
1165 1691 1423 1760 πρόθεσις
1457 1693 1513 1744 ὲν
1556 1694 1678 1753 ταῖς
1713 1692 1832 1744 θεο-

224 1781 498 1848 λογικαίς
547 1787 750 1851 φωναῖς
779 1785 844 1853 τῇ
893 1784 964 1836 ἐκ
1015 1783 1269 1853 προθέσει
1311 1784 1500 1836 εἴωθεν
1533 1786 1836 1854 ἀντεπιχω-

2013 861 2103 916 15.
2146 861 2224 916 Tu
2276 861 2444 932 igitur
2478 879 2636 920 veras
2689 873 2852 920 hasce
2914 867 3158 935 nuluque
3229 868 3510 923 mendacio

1939 949 2227 1006 obvolutas
2279 954 2578 1010 sententias
2607 956 2912 1024 amplexus,
2955 958 3158 1011 nemini
3202 974 3363 1013 aures
3415 960 3507 1014 ad.

1931 1053 2134 1108 vertas,
2185 1044 2278 1114 qui
2315 1060 2380 1098 ex
2447 1047 2708 1115 propriis,
2753 1057 2808 1102 et
2866 1064 2974 1103 non
3028 1051 3234 1119 scripto
3296 1051 3512 1106 traditis

1931 1134 2371 1199 auctoritatibus,
2406 1151 2500 1205 per
2532 1135 2734 1191 Filium
2787 1155 2852 1193 ex
2890 1138 3051 1194 Patre
3104 1142 3511 1208 processiouem

1930 1221 2379 1293 interpretantur,
2409 1234 2464 1281 et
2489 1243 2677 1282 eorum
2713 1230 2908 1298 partim
2957 1246 3140 1285 vocem
3186 1235 3510 1287 relationem

1930 1315 2191 1371 denotare
2221 1321 2577 1384 contendunt,
2613 1323 2808 1391 partim
2841 1323 3037 1388 simul;
3071 1327 3319 1380 nonnulli
3348 1328 3512 1381 etiam

1933 1407 2056 1462 loco
2081 1425 2200 1462 cum
2229 1412 2660 1481 propositionem
2684 1431 2776 1483 per
2801 1417 3026 1487 intelligi
3062 1429 3334 1473 astruuut.
3365 1419 3513 1485 Quov

1938 1516 2059 1555 rum
2085 1502 2244 1571 plane
2274 1503 2610 1574 impudentia
2629 1508 2893 1563 adversus
2939 1525 3195 1579 magnum
3245 1509 3512 1566 Basilium

1938 1592 2332 1661 debacchatur,
2357 1597 2448 1667 qui
2481 1599 2687 1668 prolixa
2726 1601 2976 1654 oratione
3014 1603 3242 1671 probare
3305 1605 3511 1666 studet,

1937 1700 2030 1751 per
2061 1691 2484 1756 propositionem
2506 1695 2558 1744 in
2584 1692 2903 1762 theologicis
2926 1694 3108 1762 dictis,
3138 1697 3256 1750 loco
3274 1696 3421 1750 illius
3447 1710 3512 1749 ex

1942 1778 2195 1847 usurpari
2261 1794 2637 1849 saepenumero
2702 1785 2902 1839 solere.
2936 1784 3000 1839 Et
3054 1788 3233 1856 magni
3291 1789 3514 1857 quidem

229 1875 484 1940 ριάζειν.
508 1875 613 1927 Καὶ
657 1877 737 1928 ὅτι
765 1876 861 1946 μὲν
891 1875 952 1928 τὸ
977 1875 1068 1929 τοῦ
1098 1876 1335 1947 με·;ἀλου
1374 1876 1654 1928 Βασλείου
1690 1876 1836 1940 ἀξιό-

1944 1868 2127 1924 Basilii
2181 1873 2564 1927 auctoritatem
2611 1874 3044 1947 dignitatemque
3097 1887 3283 1948 aperte
3324 1894 3513 1933 eorum

225 1982 445 2018 ⁶ττιστον
470 1966 733 2038 πρόδηλον
763 1971 998 2020 ποιεῖται
1022 1968 1113 2021 τὸν
1133 1969 1351 2038 ἔλεγχον
1373 1968 1480 2020 τῶν
1513 1968 1833 2037 ἐπισφαλῶς

221 2057 520 2124 λεγόντων
551 2060 617 2112 τὰ
668 2061 797 2132 περὶ
848 2061 947 2128 τῆς
993 2060 1089 2114 διὰ
1120 2060 1451 2132 προθέσεως,
1511 2063 1589 2123 είς
1636 2062 1733 2130 τὴν
1767 2061 1835 2114 δι’

229 2149 385 2202 Υίοῦ
458 2152 551 2204 τοῦ
613 2153 930 2221 [Ινεὺματος
985 2152 1240 2224 ὓπαρξιν,
1297 2153 1457 2206 παντί
1506 2171 1608 2206 που
1653 2154 1833 2222 δῆλον.

233 2243 423 2295 Ἐστι
458 2242 514 2296 δὲ
551 2244 646 2296 καὶ
686 2245 796 2296 ἀπό
829 2261 977 2308 τινος
1007 2245 1220 2314 ρήσεως
1256 2243 1350 2297 τοῦ
1389 2245 1499 2297 τῶν
1543 2244 1837 2298 Νυσσαέων

231 2336 550 2406 φωστῆρος
598 2335 856 2388 ὲπιπλέον
897 2335 1222 2406 ἐλεγχθῆναι
1271 2337 1476 2398 αὐτοῖς.
1514 2333 1680 2399 Οὗτος
1726 2337 1836 2408 γὰρ

224 2430 302 2479 ἐν
336 2427 426 2494 τῷ
456 2427 654 2497 πρώτῳ
686 2427 796 2479 τῶν
845 2429 1278 2499 Ἀντιρρητικῶν
1322 2429 1452 2482 τάδε
1506 2428 1655 2498 λέγει
1709 2430 1838 2498 περὶ

225 2522 345 2573 τοῦ
376 2521 721 2588 Πνεὺματος.
771 2539 789 2571 ι
816 2520 904 2591 Τῷ
933 2521 1107 2590 Πατρὶ
1131 2523 1272 2575 κατά
1303 2520 1361 2574 τὸ
1395 2521 1649 2574 ἀκτιστον
1673 2535 1837 2574 συνα-

227 2614 552 2682 πτόμενον,
589 2612 756 2666 πάλιν
789 2612 956 2666 αὐτοῦ
981 2612 1060 2684 τῷ
1093 2612 1166 2683 μὴ
1194 2614 1384 2684 Πατὴρ
1419 2609 1559 2666 εἶναι
1586 2612 1836 2685 καθάπερ

225 2706 486 2769 ἐκεῖνος,
517 2704 924 2774 διαχωρίςεται.
952 2706 1030 2776 Τῇ
1065 2705 1122 2757 δὲ
1172 2706 1307 2776 πρὸς
1336 2706 1427 2759 τὸν
1453 2706 1582 2758 Υίδν
1609 2709 1750 2758 κατά
1777 2707 1839 2758 τὸ

227 2797 418 2850 ἄκτισ
435 2813 516 2848 ιον
543 2797 832 2866 συνπφείᾳ,
868 2798 960 2851 καὶ
992 2799 1050 2850 ὲν
1076 2796 1154 2867 τῷ
1187 2798 1287 2866 τὴν
1319 2797 1500 2851 αἰτίαν
1530 2796 1630 2866 τῆς
1660 2795 1839 2866 ὑπάρε·

231 2889 394 2954 ξεως
429 2891 492 2942 ὲκ
516 2889 611 2943 τοῦ
647 2887 781 2942 Θεοῦ
814 2890 922 2943 τῶν
951 2889 1090 2943 ὅλων
1124 2889 1291 2958 ἔχειν,
1321 2889 1618 2958 ἀφίσταται
1674 2889 1839 2943 πάλιν

227 2981 328 3050 τῷ
365 2980 649 3044 ἰδιάζοντι,
685 2982 743 3033 ὲν
775 2981 852 3050 τῷ
887 2982 1026 3051 μήτε
1066 2981 1376 3051 μονογενώς
1413 2982 1476 3032 ὲκ
1503 2979 1598 3032 τοῦ
1626 2980 1838 3051 Πατρὸς

232 3069 586 3138 ὑποστῆναι,
616 3069 710 3122 καὶ
740 3073 797 3123 ὲν
835 3071 910 3140 τῷ
939 3070 1007 3122 δι’
1028 3071 1192 3123 αὐτοῦ
1221 3068 1314 3123 τοῦ
1348 3069 1477 3122 Υίοῦ
1513 3069 1836 3139 πεφηνέναι.

240 3161 437 3214 Πάλιν
470 3161 527 3214 δὲ
558 3159 659 3230 τῆς
701 3160 930 3223 κτίσεως
963 3161 1052 3214 διὰ
1090 3159 1184 3214 τοῦ
1214 3158 1550 3227 Μονογενοῦς
1592 3161 1844 3224 ὑποστά-,

241 3269 382 3320 σης,
410 3251 483 3313 ὡς
517 3251 584 3304 ἂν
619 3251 696 3323 μὴ
747 3253 1036 3322 κοινότητά
1065 3271 1188 3307 τινα
1235 3257 1294 3305 τὸ
1336 3252 1558 3322 Πνεῦμα
1609 3255 1836 3326 νομισθῇ

242 3343 398 3411 πρὸς
445 3343 652 3412 ταύτην
682 3341 849 3411 ἔχειν,
885 3342 962 3412 τῷ
993 3341 1082 3394 διὸ.
1117 3342 1211 3397 τοῦ
1254 3342 1384 3395 Υἰοῦ
1434 3345 1736 3413 πεφηνέναι
1783 3346 1840 3396 ὲν

239 3431 334 3500 τῷ
391 3432 653 3501 ἀτρέπτῳ
689 3432 783 3484 καὶ
818 3432 1167 3503 ἀναλλοιώτῳ
1196 3471 1211 3498 ,
1261 3437 1352 3485 καὶ
1400 3434 1691 3503 ἀπροσδεεῖ
1741 3435 1842 3505 τῆς

243 3523 531 3592 ἑτέρωθεν
573 3523 934 3592 ἀγαθότητος,
986 3522 1325 3594 διακρίνεται
1369 3523 1428 3576 τὸ
1477 3525 1702 3595 Πνεῦμα
1735 3528 1844 3578 ἀπὸ

244 3616 354 3682 τῆς
399 3615 652 3677 κτίσεως.
687 3615 889 3667 Σκόπει
931 3616 1025 3668 καὶ
1064 3616 1162 3684 τὴν
1190 3613 1284 3667 τοῦ
1315 3615 1468 3682 ἁγίου
1499 3615 1696 3668 τούτου
1727 3615 1843 3670 διὰ.

243 3722 438 3771 νοιαν,
473 3707 624 3769 ὅπως
661 3707 728 3760 ἀν
762 3708 868 3760 ἀπὸ
907 3708 1081 3779 ψυχῆς
1109 3707 1394 3778 καταγνῷς
1419 3707 1524 3760 τῶν
1557 3708 1632 3778 μὴ
1663 3709 1839 3760 αἰδου-

247 3801 448 3868 μένων
476 3799 572 3862 τὰς
613 3799 844 3868 ἀλόγους
874 3801 1165 3870 ἐξηγήσεις
1196 3801 1274 3864 είς
1308 3803 1404 3871 τὴν
1451 3799 1540 3853 διὰ
1581 3800 1676 3853 τοῦ
1714 3800 1841 3853 Υιοῦ

245 3894 540 3946 ποιεῖσθαι
569 3897 776 3965 φωνήν.
815 3911 834 3947 ι
887 3893 944 3947 Ὀ
973 3893 1127 3960 ἅγιος
1155 3894 1248 3946 καὶ
1284 3892 1344 3945 τὸ
1377 3892 1600 3963 Πνεῦμα
1629 3895 1716 3948 διὰ
1744 3893 1840 3947 τεῦ

246 3987 396 4039 Tia-3
435 3988 734 4056 πεφηνέναι
763 3985 918 4055 φησι,
952 3986 1047 4038 καὶ
1077 3983 1178 4055 τὴν
1211 3984 1392 4038 κτίσιν
1420 3984 1508 4038 διά
1535 3984 1628 4038 τοῦ
1662 3987 1842 4040 Μονο-

242 4079 459 4148 γενοῦς
518 4080 820 4149 ὑποστῆναι
854 4093 871 4112 ο
899 4073 1016 4131 εἶτα
1051 4077 1139 4130 ἵνα
1171 4078 1248 4148 μὴ
1279 4076 1568 4147 κοινότητά
1611 4095 1734 4132 τινα
1781 4080 1843 4132 τὸ

252 4170 498 4240 Πνεῦμα
527 4171 759 4240 νομισθῇ
803 4170 939 4241 πρὸς
982 4167 1080 4240 τὴν
1117 4171 1296 4221 κτίσιν
1332 4169 1474 4238 ἔχειν
1503 4170 1566 4221 ἐκ
1601 4168 1718 4236 τοῦ,
1755 4169 1842 4223 διὰ

258 4263 400 4318 ιίοῦ
439 4282 458 4314 ›
514 4265 606 4317 καὶ
654 4263 827 4333 αὐτὴν
881 4264 1211 4332 πεφηνέναι,
1266 4260 1368 4332 τὴν
1426 4261 1689 4334 διαφορὰν
1743 4265 1842 4334 τῆς

261 4358 665 4422 ’Υποστάσεως
695 4356 791 4411 τοῦ
831 4374 892 4411 τε
919 4355 1240 4426 Πνεύματος
1273 4356 1375 4426 τῆς
1402 4373 1460 4409 τε
1486 4357 1715 4421 κτίσεως
1737 4358 1847 4412 διαο

250 4450 548 4522 τρανᾶσαι
587 4451 780 4517 θέλων,
811 4449 1210 4522 διακρίνεσθαι,
1246 4449 1350 4522 ἔφη
1385 4450 1447 4505 τὸ
1479 4451 1705 4520 Πνεῦμα
1732 4451 1842 4506 ἀπὸ

1939 1963 2263 2028 convellere,
2319 1965 2412 2034 qui
2465 1965 2610 2020 haud
2673 1979 2818 2023 recte
2883 1971 2949 2024 de
3000 1987 3093 2040 per
3139 1972 3516 2040 propositione

1938 2068 2220 2108 sermones
2253 2066 2578 2124 congerunt,
2608 2073 2812 2128 eosque
2846 2061 2912 2114 ad
2957 2063 3337 2115 exsistentiam
3389 2061 3518 2132 Spi-

1937 2146 2075 2199 ritus
2136 2161 2233 2214 per
2280 2144 2475 2201 Filium
2544 2152 2984 2216 accommodant,
3025 2153 3285 2207 omnibus
3337 2157 3519 2206 mani-

1938 2236 2134 2292 festum
2188 2247 2294 2294 est.
2379 2237 2646 2295 Praeterea
2727 2243 3041 2298 testimonio
3123 2243 3515 2316 Nyssaensium

1937 2327 2168 2383 luminis
2210 2328 2482 2399 Gregorii.
2527 2331 2700 2400 magis
2743 2348 2805 2386 ac
2861 2335 3034 2404 magis
3091 2337 3515 2406 redarguantur.

1939 2416 2041 2472 llic
2070 2421 2271 2474 etenim
2307 2423 2361 2475 in
2425 2423 2602 2491 primo
2629 2425 2892 2481 adversus
2952 2425 3284 2483 Eunomium
3332 2429 3520 2482 Antir-

1939 2510 2153 2566 rhetico
2192 2515 2256 2566 de
2287 2513 2494 2583 Spiritu
2529 2515 2645 2570 haec
2701 2517 2865 2571 habet
2907 2533 2920 2569 :
2957 2536 2975 2569 ι
3012 2519 3157 2572 Patri
3215 2520 3518 2574 secundum

1940 2602 2242 2657 incrcatum
2271 2605 2620 2674 conjunctus,
2646 2623 2839 2662 rursus
2866 2610 2934 2662 ab
2959 2610 3148 2664 eodem
3182 2612 3327 2680 quod
3361 2611 3520 2666 Pater

1940 2710 2046 2748 non
2083 2705 2187 2758 est,
2215 2700 2676 2766 quemadmodum
2698 2710 2752 2755 et
2775 2701 2862 2754 ille
2887 2713 3171 2768 separatur
3199 2721 3212 2756 :
3238 2705 3302 2758 ad
3324 2702 3518 2757 Filium

1941 2801 2070 2841 vero
2112 2791 2413 2843 secundum
2470 2791 2773 2848 increatum
2830 2795 3234 2864 conjunctione,
3287 2803 3342 2848 et
3391 2809 3517 2849 cum

1940 2893 2165 2934 causam
2196 2881 2534 2937 exsistentiaa
2556 2899 2621 2938 ex
2657 2900 2838 2939 rerum
2868 2887 3113 2940 omnium
3150 2885 3261 2941 Deo
3300 2887 3516 2942 habeat.

1943 2986 2136 3026 rursus
2163 2959 2496 3042 proprietate
2523 2977 2850 3048 sejungitur,
2882 2980 3024 3049 quod
3057 2995 3163 3034 non
3215 2988 3273 3033 ut
3322 2977 3521 3049 Unige-

1943 3063 2089 3117 nitus
2121 3078 2186 3116 ex
2221 3061 2382 3119 Patre
2404 3067 2670 3129 substitit,
2707 3078 2759 3121 et
2789 3070 2933 3139 quod
2990 3085 3084 3139 per
3109 3071 3288 3138 ipsum
3319 3068 3517 3123 Filium

1942 3155 2214 3222 apparuit.
2251 3156 2462 3210 Rursus
2490 3174 2617 3213 vero
2637 3175 2759 3213 cum
2790 3161 2996 3215 creatio
3032 3177 3126 3230 per
3166 3159 3519 3232 Unigenitum

1945 3249 2279 3304 substitisset
2308 3265 2373 3304 ne
2399 3253 2844 3306 communionem
2874 3253 3112 3322 aliquam
3143 3269 3265 3306 cum
3301 3268 3361 3306 ea
3395 3253 3520 3322 Spi-

1948 3341 2083 3395 ritus
2118 3340 2318 3394 habere
2380 3341 2809 3408 existimaretur,
2861 3343 3006 3410 quod
3045 3359 3139 3412 per
3195 3343 3392 3397 Filium
3429 3360 3523 3414 ap-

1947 3443 2154 3500 pareat,
2180 3449 2230 3485 Ill
2257 3435 2548 3499 constanti,
2583 3447 2744 3503 atque
2777 3435 3126 3498 immutabili,
3157 3449 3208 3489 et
3239 3436 3520 3500 bonitatis,

1945 3541 2068 3594 quae
2101 3525 2325 3580 alterius
2386 3527 2479 3590 sit,
2549 3527 2772 3580 minime
2833 3527 3130 3597 indigente.
3188 3528 3522 3582 discernitur

1944 3619 2178 3688 Spiritus
2243 3634 2271 3670 a
2306 3627 2579 3672 creatura.
2615 3638 2634 3670 ι
2669 3619 2969 3674 Considera
3029 3621 3255 3688 hujusce
3304 3636 3522 3691 quoque

1953 3712 2131 3766 sancti
2170 3711 2519 3777 sententiam,
2552 3721 2610 3765 ut
2661 3728 2726 3766 ex
2779 3712 2965 3766 animo
3030 3713 3520 3768 inverecundorum

1944 3803 2210 3858 absurdas
2241 3803 2735 3872 interpretationes,
2769 3819 2906 3872 quas
2942 3804 3016 3858 illi
3046 3807 3100 3858 in
3144 3820 3332 3859 vocem
3382 3824 3400 3857 ι
3428 3821 3522 3875 per

1943 3893 2137 3948 Filium
2172 3913 2191 3945 ι
2233 3904 2516 3964 aggerum,
2542 3895 2894 3952 condemnes.
2916 3897 3152 3952 Sanctus
3185 3909 3238 3952 et
3257 3897 3520 3968 Spiritum

1944 4001 2042 4056 per
2083 3985 2278 4039 Filium
2311 4001 2573 4055 apparere
2601 3987 2790 4050 tradit,
2813 3997 2866 4042 et
2896 3997 3177 4042 creaturas
3201 4004 3294 4059 per
3319 3989 3520 4061 Unige-

1946 4081 2119 4133 nitum
2155 4080 2475 4134 substitisse
2507 4096 2524 4134 :
2550 4083 2894 4148 postmodum
2922 4097 2988 4136 ne
3019 4083 3258 4152 Spiritus
3276 4099 3523 4138 commu-

1945 4172 2166 4226 nionem
2190 4170 2426 4241 aliquam
2452 4171 2653 4226 habere
2672 4187 2797 4226 cum
2822 4183 3070 4228 creatura
3094 4175 3521 4243 existimaretur,

1946 4264 2092 4333 quod
2141 4279 2234 4333 per
2273 4263 2470 4318 Filium
2504 4273 2558 4319 ct
2590 4265 2678 4320 illa
2709 4277 2998 4336 appareat,
3029 4267 3319 4322 discrimen
3356 4269 3524 4340 hypo-

1945 4357 2108 4410 stasis
2126 4365 2238 4409 tum
2260 4355 2514 4426 Spiritus,
2546 4365 2657 4410 tum
2681 4358 2976 4412 crcationis
2993 4373 3262 4428 exponere
3279 4360 3523 4424 studens,

1945 4451 2207 4520 distingui
2228 4451 2452 4505 tradidit
2466 4449 2726 4521 Spiritum
2743 4467 2772 4504 a
2789 4460 3042 4506 creatura
3057 4452 3109 4505 in
3127 4456 3424 4516 constanti,
3444 4463 3526 4506 at-

249 4547 360 4614 τῆς
402 4544 631 4607 κτίσεως
669 4545 728 4596 ὲν
775 4543 854 4615 τῷ
895 4545 1172 4614 ἀτρέπτῳ,
1207 4544 1302 4598 καὶ
1339 4543 1704 4615 ἀναλλοιὼτῳ,
1753 4545 1838 4598 κα]

1952 4556 2060 4611 que
2083 4541 2410 4596 immutabili
2435 4551 2488 4596 et
2514 4541 2928 4612 bonitatis,qua:
2942 4545 3169 4598 alterius
3190 4545 3283 4610 sit,
3304 4545 3530 4602 minime

251 4638 558 4709 ἀπροσδεεῖ
578 4637 674 4707 τῆς
704 4636 971 4708 ἑτέρωθεν
989 4635 1347 4707 ἁγαθότητος.
1374 4635 1448 4688 Τὸ
1465 4635 1594 4705 γοῦν
1623 4635 1844 4706 Πνεῦμα

251 4730 679 4799 διακρινόμενον
729 4729 838 4782 ἀπὸ
891 4728 993 4796 τῆς
1043 4727 1273 4792 κτίσεως
1327 4729 1384 4780 ὲν
1432 4727 1512 4798 τῷ
1577 4728 1845 4801 ἑτέρωθεν

261 4822 638 4892 ἀγαθότητος,
674 4821 791 4884 πῶς
837 4821 898 4874 οὐ
951 4819 1153 4890 μᾶλλον
1185 4819 1250 4872 ἂν
1281 4819 1583 4890 διεκρίνετο
1624 4837 1846 4892 προχει-

265 4917 503 4986 ρότερον
536 4915 631 4966 καὶ
657 4915 722 4966 ὲκ
756 4911 850 4967 τοῦ
889 4912 989 4983 τὴν
1017 4912 1115 4964 διὰ
1160 4911 1251 4964 ἐπὶ
1279 4913 1377 4982 μὲν
1404 4913 1504 4983 τῆς
1535 4913 1629 4965 τοῦ
1673 4914 1843 4967 Ilvati-

260 5017 443 5071 ματος
510 5001 796 5073 ὑπάρξεως
853 5002 1235 5071 λαμϐάνεσθαι
1291 5003 1414 5057 ἀντὶ
1466 5001 1563 5056 τοῦ
1608 5002 1761 5072 ἅμα,
1810 5004 1842 5076 ἢ

255 5096 394 5149 αντὶ
439 5095 533 5148 τοῦ
569 5100 720 5165 μετὰ
763 5095 796 5165 ἥ
838 5096 919 5158 εἰς
952 5097 1188 5166 δήλωσιν
1235 5098 1493 5168 σχέσεως,
1525 5099 1618 5150 επὶ
1655 5099 1710 5151 δὲ
1745 5098 1844 5169 τῆς

254 5187 503 5251 κτίσεως
538 5189 618 5252 είς
651 5188 820 5258 ἀλλην
885 5188 1010 5240 τινά
1041 5188 1272 5258 δύναμιν
1303 5205 1319 5256 ς
1357 5190 1469 5242 Οὐκ
1503 5189 1620 5243 ἔστι
1665 5190 1842 5258 τοῦτο,

251 5284 368 5334 οὐκ
407 5279 574 5347 ἔστιν,
608 5281 724 5334 ἀλλ’
755 5283 871 5333 ἐστι
902 5281 960 5333 τὸ
994 5279 1092 5350 μὲν
1127 5281 1351 5351 Πνεῦμα
1394 5281 1460 5334 δι’
1504 5281 1634 5334 Υίοῦ
1691 5285 1844 5353 παρὰ

259 5378 506 5444 Πατρός,
559 5371 806 5440 φυσικῶς
855 5371 1113 5442 διαφέρον
1158 5375 1258 5441 τῆς
1289 5373 1544 5436 κτίσεως,
1580 5373 1657 5444 τῷ
1687 5376 1845 5445 ἀτρέ-

254 5485 408 5539 πτῳ.
445 5469 539 5520 καὶ
573 5467 948 5534 ἀναλλοιώτῳ,
995 5466 1090 5520 καὶ
1119 5468 1416 5538 ἀπροσδεεί
1442 5469 1540 5540 τῆς
1575 5469 1844 5540 ἑτέρωθεν

256 5559 606 5629 ἀγεθότητο,
647 5559 758 5630 ἡδὲ
793 5559 970 5622 κτίσις
1007 5560 1128 5612 ἐστὶ
1172 5559 1241 5610 δι’
1276 5559 1408 5612 Υίοῦ
1443 5560 1597 5630 παρά
1631 5560 1844 5629 Πατρδς

253 5651 698 5725 δημιουργικῶς,
726 5655 760 5724 ἠ
791 5656 986 5725 κτιστὴ
1033 5654 1128 5707 καὶ
1166 5652 1352 5721 δούλη,
1399 5651 1705 5704 ἀποδέουσα
1748 5650 1842 5704 τοῦ

255 5750 537 5801 Δεσπότου
574 5748 668 5801 καὶ
722 5748 970 5816 ποιητοῦ,
1005 5745 1082 5817 τῷ
1127 5745 1346 5816 τρεπτῷ
1413 5747 1504 5800 καὶ
1543 5744 1838 5815 ἁλλοιωτῴ,

256 5843 357 5895 καὶ
390 5841 600 5894 emam
639 5841 738 5910 τῆς
769 5841 832 5892 ὲκ
864 5840 997 5892 Θεοῦ
1023 5839 1384 5910 ἀγαθότητος.

1954 4633 2261 4705 indigente.
2285 4633 2526 4704 Spiritus
2569 4634 2752 4704 itaque
2787 4634 3080 4690 distinctus
3121 4650 3150 4689 a
3183 4647 3433 4690 creatura
3470 4635 3526 4690 in

1958 4727 2237 4782 constanti
2265 4735 2428 4794 atque
2468 4727 2818 4791 immutabili,
2851 4737 2907 4782 et
2937 4727 3219 4793 bonitatis,
3253 4743 3374 4797 qua:
3398 4729 3530 4783 alte-

1951 4818 2066 4872 rius
2095 4819 2184 4884 sit,
2224 4819 2769 4890 minimeiudigente,
2830 4823 3109 4891 quomodo
3165 4836 3273 4876 non
3347 4823 3528 4893 potius

1949 4907 2385 4977 distingueretur
2402 4923 2454 4963 et
2486 4911 2690 4980 aptius,
2725 4927 2790 4965 ex
2825 4927 2890 4965 eo
2917 4913 3062 4982 quod
3086 4929 3180 4982 per
3211 4913 3264 4966 in
3291 4911 3530 4982 Spiritus

1950 5000 2173 5071 quidem
2214 5002 2535 5059 exsistentia
2564 5013 2960 5068 assumeretur,
2991 5006 3111 5059 loco
3160 5005 3306 5061 illius
3345 5005 3527 5071 simul,

1950 5096 2036 5152 vel
2073 5095 2196 5150 loco
2233 5111 2374 5161 cum,
2412 5104 2506 5150 aut
2558 5095 2624 5148 ad
2684 5099 2981 5151 notandum
3037 5097 3360 5152 relationem
3419 5113 3433 5152 :
3475 5100 3529 5152 in

1953 5199 2201 5244 creatura
2232 5203 2363 5243 vero
2393 5189 2459 5242 ad
2485 5189 2648 5242 aliam
2677 5191 2969 5259 quamdam
3016 5189 3374 5245 facultatem?
3411 5189 3529 5244 Non

1950 5291 2032 5336 est
2060 5281 2185 5347 hoc,
2225 5296 2332 5334 non
2353 5292 2458 5336 est.
2522 5281 2626 5338 Sed
2660 5292 2745 5336 est
2802 5283 3040 5352 Spiritus
3084 5299 3180 5353 per
3210 5282 3408 5337 Filium
3463 5299 3526 5336 cx

1951 5376 2111 5430 Patre
2145 5375 2491 5438 naturaliter,
2541 5392 2571 5429 a
2619 5384 2871 5430 creatura
2916 5376 3190 5440 differens,
3251 5379 3527 5430 constanti

1952 5476 2117 5536 atque
2163 5467 2516 5532 immutabili,
2573 5476 2627 5521 ct
2663 5467 2942 5534 bonitatis,
2993 5483 3116 5538 quae
3163 5467 3390 5522 alterius
3434 5468 3526 5532 sit,

1953 5560 2180 5614 minimc
2210 5560 2507 5629 indigente.
2531 5561 2791 5614 Creatura
2817 5575 2947 5614 vero
2975 5568 3060 5616 est
3111 5575 3208 5629 per
3256 5557 3454 5612 Filium
3497 5574 3528 5613 a

1952 5652 2133 5717 Patre,
2173 5661 2231 5705 ut
2280 5651 2584 5721 opiﬁcium,
2617 5662 2824 5716 creata,
2879 5664 2936 5706 et
2989 5667 3166 5718 serva,
3207 5653 3380 5706 multo
3420 5651 3528 5704 Do-

1951 5746 2102 5798 mino
2123 5756 2175 5800 et
2199 5744 2392 5813 Opitice
2431 5745 2678 5810 inferior,
2711 5743 3040 5798 inconsmnti
3065 5755 3116 5798 et
3147 5741 3420 5809 mutabili,
3453 5753 3526 5808 et,

1951 5851 2071 5904 qua:
2102 5851 2164 5890 ex
2196 5834 2306 5890 Deo
2335 5843 2441 5903 est,
2473 5833 2734 5888 bonitatis
2773 5832 3070 5902 indigente.
