3846 6578
516 353 623 422 263
1273 348 1301 379 ’

1547 362 1759 426 JOAN.
1805 365 2023 428 VECCI
2060 368 2168 428 GP.
2214 370 2723 435 PATRIABCIIE

3638 396 3720 462 2‘34

587 472 676 528 M.
711 471 822 528 Hoc
844 484 1002 544 pacto
1033 490 1161 546 ergo
1181 489 1244 530 ex
1266 477 1592 534 testimoniis
1616 483 1822 550 scripto
1852 484 2067 539 manda-

2260 489 2345 544 t6'.
2404 492 2562 545 Οὕτω
2622 493 2756 561 γοῦν
2789 494 2900 548 ἀπὸ
2938 496 3188 567 χρήσεων
3219 503 3499 571 γραφικῶν
3525 513 3612 582 τῆς
3647 518 3722 573 διὰ

517 566 587 621 tis
608 582 699 633 per
734 567 1105 636 propositione
1135 584 1242 622 non
1270 569 1628 635 concedente,
1666 587 1732 627 ex
1774 574 1894 628 solo
1928 574 2089 631 Patre

514 656 572 712 in
611 659 932 713 exsistentia
970 658 1205 728 Spiritus
1236 675 1301 714 ex
1360 659 1520 716 Patre
1572 662 1624 716 in
1676 664 2088 723 distinctionem

514 749 638 805 Filii
669 751 865 821 accipi,
910 751 1276 806 suademusne
1304 753 1400 806 tibi
1426 753 1538 823 jam
1570 755 1754 823 dictis,
1794 759 1931 813 hanc
1961 774 2091 814 sen-

516 843 741 898 tentiam
776 842 1051 912 amplecti,
1102 857 1172 897 an
1224 858 1358 899 vero
1419 853 1474 900 et
1522 844 1643 903 aliis
1673 848 2089 906 auctoritatibus

515 937 735 1005 scriptis
783 936 1013 1006 indiges,
1066 945 1126 991 ut
1174 937 1382 993 clarius
1416 939 1688 1009 addiscas,
1726 941 1792 997 ad
1831 957 2089 1014 compro-

511 1024 776 1091 bandum,
811 1028 1040 1096 primam
1070 1041 1291 1083 causam
1332 1028 1547 1084 Patrem
1627 1047 1748 1088 esse
1789 1033 2094 1104 atque'in-

512 1118 700 1184 telligi,
728 1118 859 1171 illud
890 1134 911 1170 ι
944 1133 1011 1172 ex
1039 1119 1155 1173 solo
1188 1119 1347 1174 Patre
1383 1141 1401 1173 ι
1438 1122 1639 1192 accipi,
1673 1124 1719 1179 si
1760 1125 1920 1179 modo
1954 1125 2090 1181 hac-

514 1216 676 1263 tenus
712 1210 765 1262 in
799 1210 1075 1278 aliquibus
1116 1211 1435 1281 theologicis
1467 1212 1627 1270 dictis
1656 1216 1880 1285 reperiri
1917 1216 2089 1272 conti-

512 1299 689 1368 gerit?
735 1299 832 1352 Sat
862 1300 978 1354 scio
1034 1301 1138 1355 alia
1183 1317 1402 1372 quoque
1453 1305 1760 1359 testimonia
1814 1306 1910 1360 tibi
1952 1321 2089 1376 opus

512 1404 635 1444 esse
666 1405 681 1442 :
718 1406 842 1460 qua:
869 1390 999 1446 licet
1046 1408 1155 1447 non
1189 1394 1501 1463 exigantur,
1549 1396 1604 1449 in
1639 1396 1874 1451 medium
1907 1407 2088 1452 tamen

511 1495 542 1539 a
590 1482 1104 1539 nobisnecessario
1151 1485 1495 1551 adducenda,
1531 1502 1655 1542 cum
1690 1503 1753 1543 ea
1784 1504 1946 1559 supra
1985 1505 2088 1547 nos

510 1573 776 1630 allaturos
803 1577 1241 1644 promiserimus.
1272 1578 1501 1648 Magnus
1527 1577 1760 1635 Basilius
1788 1581 1839 1634 in
1882 1597 1989 1635 una
2020 1582 2086 1638 ad

506 1666 947 1735 Amphilochium
972 1669 1225 1737 epistola,
1245 1670 1406 1739 cujus
1431 1669 1781 1741 principium,
1812 1690 1831 1723 ι
1871 1672 2083 1729 Dictum

508 1754 643 1813 illud
673 1761 1049 1829 evangelicum
1075 1762 1372 1817 multorum
1396 1765 1700 1834 quaestione
1727 1765 2083 1835 exagitatum,

2194 583 2506 651 προθέσεως
2547 586 2622 654 μὴ
2663 589 3125 660 παραχωρούσηςν
3181 591 3240 644 τὸ
3270 610 3288 643 ε
3321 595 3383 646 ἐκ
3442 598 3592 663 μόνου
3643 610 3718 661 τοῦ

2191 675 2407 744 Πατρδς
2436 695 2455 729 ι
2493 678 2549 730 ἐν
2576 681 2641 749 τῇ
2676 680 2736 732 ἑκ
2772 681 2984 751 Πατρὸς
3035 682 3264 753 ὑπάρξει
3316 685 3409 738 τοῦ
3446 689 3723 764 Πνεύματος

2191 767 2273 829 είς
2306 766 2603 840 διαστολὴν
2634 770 3018 842 λαμϐάνεσθαι
3044 776 3137 827 τοῦ
3170 775 3322 843 Υἱοῦ,
3354 773 3461 847 ἆρά
3486 799 3544 850 γε
3576 789 3718 844 πείθο-

2194 856 2297 927 μέν
2352 874 2410 911 σε
2460 862 2525 913 ἐκ
2580 861 2690 916 τῶν
2734 864 2835 935 ἤδη
2880 866 3190 936 εἰρημένων
3230 868 3364 938 ἡμῖν
3410 871 3505 943 τὴν
3550 875 3725 937 ἔννοιαν

2192 949 2603 1021 παραδέξασθαι
2626 955 2853 1027 ταύτην,
2884 958 2918 1029 ἢ
2953 959 3038 1011 δεῖ
3082 975 3167 1012 σοι
3197 963 3293 1013 καὶ
3333 961 3530 1034 ἐτέρων
3556 985 3722 1042 γραφι.

2191 1043 2302 1097 κῶν
2359 1046 2699 1115 μαρτυριῶν,
2750 1049 2907 1113 ὅπως
2958 1050 3025 1105 ἂν
3080 1054 3417 1123 σαφέστερον
3458 1063 3629 1130 γνοίης
3663 1069 3725 1130 είς

2192 1137 2539 1204 παράστασιν
2562 1138 2654 1192 τοῦ
2688 1143 2906 1211 πρῶτον
2935 1143 3111 1196 αἴτιον
3140 1145 3234 1197 τὸν
3265 1146 3483 1219 Πατέρα
3513 1148 3638 1206 εἶναί
3662 1174 3725 1224 τε,

2190 1228 2286 1278 καὶ
2321 1229 2558 1283 νοεῖσθαι
2602 1232 2665 1284 τὸ
2721 1251 2740 1284 ι
2775 1234 2839 1286 ἑκ
2900 1233 3066 1303 μόνου
3110 1253 3130 1286 ι
3192 1237 3563 1308 λαμϐάνεσθαι
3599 1264 3615 1296 ι
3649 1248 3726 1300 τοῦ

2192 1318 2427 1390 Πατρὸς,
2459 1339 2478 1374 ι
2513 1323 2673 1395 εἴπερ
2702 1325 2768 1379 ἂν
2792 1326 2932 1389 τέως
2960 1327 3122 1380 τοῦτο
3155 1329 3251 1382 καὶ
3281 1329 3530 1405 εὑρεθείη
3562 1336 3613 1388 εν
3637 1355 3727 1393 τισι

2192 1409 2527 1481 θεολογικαῖς
2551 1415 2743 1486 ρήσεσι
2777 1418 3035 1487 κείμενον
3069 1436 3083 1485 ;
3117 1413 3248 1473 Οἶδα
3291 1419 3368 1484 ὡς
3409 1423 3490 1477 δεῖ
3537 1442 3613 1479 σοι
3650 1434 3728 1483 καὶ

2194 1504 2511 1575 μαρτυριῶν
2544 1508 2770 1576 ἐτέρων,
2799 1508 2868 1573 ἃς
2902 1512 2999 1565 καὶ
3035 1511 3113 1582 μὴ
3149 1512 3564 1582 ἀπαιτούμενοι,
3594 1520 3729 1589 ἡμεῖς

2192 1596 2531 1663 προαγαγεῖν
2558 1597 2981 1667 ἠναγκάσμεθα,
3013 1601 3089 1664 ὡς
3142 1602 3203 1654 ὲν
3227 1604 3345 1666 τοῖς
3378 1605 3629 1660 ἀνωτάτω
3652 1610 3729 1665 τοῦ

2188 1681 2350 1750 λόγου
2394 1686 2568 1750 αὑτὰς
2614 1691 3217 1761 προεπαγγειλάμενοι.
3263 1693 3323 1745 Ὀ
3379 1694 3553 1763 μέγας
3596 1699 3731 1753 Βασί-

2190 1774 2334 1839 λειος
2374 1778 2433 1830 ἐν
2494 1780 2598 1849 μιᾷ
2636 1780 2743 1833 τῶν
2789 1781 2925 1850 πρὸς
2963 1781 3313 1853 ’Δμφιλόχιον
3343 1784 3651 1852 ἐπιστολῶν,
3675 1784 3730 1857 ἧς

505 1846 573 1900 de
604 1846 834 1903 Domino
847 1849 977 1904 Jesu
1001 1850 1240 1919 Christo,
1261 1854 1549 1923 ignorante
1569 1855 1712 1910 diem
1740 1866 1795 1911 et
1812 1833 2023 1922 horam,
2053 1875 2067 1908 i

2191 1867 2225 1938 ἡ
2254 1833 2418 1939 ἀρχὴ,
2461 1833 3041 1945 ι’’έξιγμτημένρνυῆδτι⁸
3068 1833 3480 1945 ᾖαρἇῖ
3509 1877 3565 1930 τὸ
3586 1833 3732 1950 ltitia;-

504 1938 735 1993 scribit:
780 1960 798 1993 ι
830 1940 964 1996 lllud
996 1941 1166 1997 Nemo
1188 1944 1400 1998 videtur
1430 1957 1577 1999 certe
1610 1945 1814 2000 dictum
1839 1948 2078 2018 generali

502 2031 763 2098 notione;
801 2032 875 2087 ita
928 2045 987 2088 ut
1017 2050 1085 2088 ne
1120 2050 1352 2104 persona
1385 2036 1605 2105 quidem
1650 2038 1758 2091 ulla
1794 2038 1968 2108 excipi
1997 2040 2079 2094 vi-

503 2120 717 2185 deatur,
765 2132 821 2178 at
882 2140 989 2179 non
1046 2141 1168 2181 esse
1223 2128 1299 2181 ita
1354 2128 1756 2197 accipiendum,
1794 2145 1901 2185 usu
1958 2130 2078 2201 ipso

505 2213 915 2282 Scripturarum
977 2217 1458 2286 deprehendimus.
1514 2218 1648 2274 Nam
1704 2221 1908 2276 dictum
1970 2234 2075 2291 est,

507 2321 528 2355 ι
564 2305 734 2360 Nemo
761 2307 938 2361 bonus
976 2310 1082 2362 nisi
1128 2310 1277 2364 solus
1313 2309 1454 2365 Deus
1484 2310 1550 2375 ³⁷,
1587 2330 1605 2363 ι
1637 2321 1692 2366 at
1730 2328 2075 2383 nequaquam

500 2409 568 2450 eo
592 2396 713 2460 loci,
749 2412 808 2450 se
851 2398 1025 2453 Filius
1054 2402 1247 2453 statuit
1269 2412 1420 2454 extra
1458 2415 1675 2456 omnem
1721 2403 1850 2457 boni
1880 2420 2077 2459 nume-

500 2503 645 2553 rum,
689 2499 744 2543 et
782 2491 1070 2557 rationem,
1122 2506 1244 2545 cum
1300 2492 1447 2546 istud
1507 2494 1759 2550 diceret:
1796 2496 1891 2550 sed
1947 2493 2095 2552 cum'

498 2578 657 2634 Pater
679 2580 749 2635 sit
780 2584 1016 2650 primum
1036 2591 1089 2636 et
1108 2583 1406 2652 principale
1436 2585 1662 2652 bonum,
1688 2588 2072 2645 subintellecto

495 2674 692 2741 primo,
725 2672 1002 2728 credimus
1051 2676 1160 2729 dici
1217 2678 1544 2732 secundum.
1581 2696 1601 2730 ι
1634 2678 1902 2749 Conspice
1956 2690 2070 2737 tum

496 2767 760 2833 sapientia
793 2766 1438 2835 incomparabilem,tum
1472 2771 1634 2825 rebus
1655 2772 1781 2827 aliis
1813 2788 2067 2843 magnum

499 2858 840 2927 multumque
880 2859 1163 2926 Basilium,
1192 2878 1429 2931 quanam
1459 2867 1799 2934 expositione
1834 2882 2070 2937 evange-

494 2946 656 3001 licum
697 2949 903 3002 dictum
955 2967 970 3003 :
1019 2969 1038 3002 ι
1100 2953 1269 3005 Nemo
1296 2954 1472 3008 bonus
1500 2954 1606 3008 nisi
1646 2958 1795 3010 solus
1829 2957 1992 3024 Deus,
2040 2976 2058 3011 ι

493 3039 740 3097 adornet.
781 3038 965 3095 Palam
1002 3045 1150 3096 enim
1186 3044 1448 3111 insinuat,
1496 3044 1673 3102 Patris
1721 3064 1922 3103 nomen
1967 3049 2068 3104 de-

493 3134 670 3186 notari
701 3133 882 3187 verbis
918 3133 1047 3199 illis,
1082 3154 1101 3187 ι
1147 3137 1255 3191 nisi
1307 3139 1459 3193 solus
1502 3140 1660 3195 Deus.
1704 3160 1722 3192 ι
1758 3139 1842 3197 0b
1884 3142 1935 3197 id
1979 3151 2063 3199 et-

492 3224 636 3276 enim
682 3222 983 3294 subjungit,
1016 3244 1035 3277 ι
1078 3228 1146 3280 At
1187 3244 1528 3298 nequaquam
1585 3246 1650 3286 eo
1679 3232 1782 3287 loci
1809 3248 1869 3289 se
1896 3232 2066 3291 Filius

492 3315 682 3368 statuit
711 3323 868 3370 extra
901 3332 1118 3371 omnem
1152 3318 1281 3373 boni
1310 3336 1618 3389 numerum,
1646 3338 1771 3380 cum
1803 3324 1947 3380 istud
1977 3326 2034 3381 di

489 3414 660 3459 ceret.
696 3422 715 3458 ι
753 3405 889 3461 Nam
920 3422 1045 3462 cum
1092 3409 1342 3475 dixisset,
1387 3430 1405 3463 ι
1457 3412 1564 3466 nisi
1620 3415 1766 3471 solus
1826 3415 1992 3483 Deus,
2035 3437 2055 3471 ι

489 3495 746 3566 deinceps
785 3502 1102 3565 adnectens,
1143 3520 1162 3552 ι
1209 3519 1318 3557 non
1346 3514 1497 3559 extra
1529 3520 1745 3561 omnem
1796 3508 1925 3563 boni
1956 3526 2063 3565 nu-

489 3602 699 3640 merum
750 3592 1106 3661 semetipsum
1148 3593 1324 3652 Filius
1354 3598 1610 3663 collocat,
1650 3614 1774 3654 cum
1826 3601 1942 3656 haec
1972 3604 2061 3658 di-

487 3691 654 3732 ceret.
696 3699 715 3730 ι
750 3680 827 3736 De
873 3681 1033 3740 Patre
1074 3687 1161 3741 illa
1192 3690 1334 3743 dicta
1369 3704 1491 3744 esse
1521 3692 1870 3761 signiﬁcavit,
1903 3713 1921 3746 ι
1953 3694 2061 3751 nisi

487 3770 638 3826 solus
670 3771 830 3828 Deus.
867 3792 886 3826 ι
920 3776 1208 3846 Exponens
1238 3796 1423 3850 porro,
1452 3798 1561 3852 quo
1583 3796 1738 3853 pacto
1758 3800 1866 3839 una
1896 3786 2061 3841 simul

487 3862 709 3933 intelligi
738 3878 921 3935 potest
946 3868 1114 3926 Filius
1145 3886 1270 3926 cum
1309 3874 1493 3941 Patre,
1525 3886 1578 3929 et
1611 3891 1721 3930 non
1760 3878 1996 3949 disjungi
2024 3895 2056 3934 a

484 3946 645 4004 Patre
672 3952 725 4003 in
771 3957 1086 4025 evangeltco
1126 3960 1230 4014 hoc
1279 3961 1443 4027 dicto,
1483 3980 1502 4014 ι
1541 3961 1712 4019 Nemo
1743 3946 1921 4024 bonus
1949 3946 2055 4025 nisi

485 4040 636 4097 solus
659 4040 826 4110 Deus,
870 4064 889 4097 ι
934 4063 1126 4103 rursus
1147 4051 1442 4120 subnectit,
1473 4070 1492 4104 ι
1526 4056 1619 4108 sed
1650 4071 1775 4111 cum
1805 4056 1964 4114 Pater
1986 4061 2059 4115 sit

483 4134 719 4200 primum
773 4145 828 4191 et
882 4140 1181 4211 principale
1233 4144 1457 4208 bonum,
1489 4147 1764 4205 credimus
1817 4154 2056 4209 secundo

480 4221 604 4277 loco
625 4226 731 4280 dici
768 4227 992 4285 bonum.
1027 4249 1046 4283 ι
1076 4234 1161 4287 An
1198 4233 1306 4288 hoc
1329 4235 1621 4293 dilucidius
1650 4238 1829 4294 afferri
1858 4250 2052 4311 potest,

482 4316 546 4368 ad
586 4318 946 4393 probandum,
974 4336 1082 4376 non
1113 4325 1180 4378 ad
1215 4326 1624 4383 distinctionem
1654 4328 1777 4385 Filii
1806 4347 2054 4401 pronun-

482 4407 629 4474 tiari,
664 4428 682 4462 ι
717 4408 886 4465 Nemo
910 4414 1084 4470 bonus
1120 4416 1225 4471 nisi
1266 4419 1417 4474 solus
1448 4418 1614 4487 Deus,
1665 4441 1683 4474 ι
1728 4425 1822 4477 sed
1854 4425 1919 4477 ad
1951 4425 2054 4480 de-

479 4498 795 4556 clarandum
826 4503 1062 4574 primum
1113 4508 1317 4564 bonum
1350 4510 1564 4571 Patrem
1595 4528 1734 4581 esse,
1771 4525 1936 4588 atque
1964 4517 2050 4572 itt-

482 4588 689 4660 telligi?

550 4888 636 4943 15.
669 4887 823 4955 Quod
849 4892 895 4946 si
922 4897 1104 4963 magni
1130 4891 1320 4950 Basilii
1359 4903 1660 4955 auctoritas
1689 4902 1784 4957 tibi
1820 4920 2049 4974 persua-

478 4978 590 5046 det,
625 4981 788 5037 dictis
818 4984 885 5037 ab
916 4999 982 5039 eo
1012 4999 1121 5040 non
1156 4987 1455 5055 adversari,
1484 5005 1710 5060 prorsus
1736 4995 2046 5065 dignosces,

479 5088 589 5126 non
640 5081 841 5129 temere
895 5091 997 5131 nos
1048 5077 1102 5131 in
1138 5080 1410 5149 principio
1444 5083 1713 5141 orationis
1767 5089 2047 5155 professos

473 5175 595 5216 esse
624 5178 691 5217 ex
743 5168 927 5237 magni
963 5168 1149 5224 Basilii
1191 5170 1245 5225 in
1289 5174 1597 5242 evangelica
1648 5175 1790 5231 dicta
1822 5181 2045 5247 exposi-

477 5255 735 5324 tionibus,
792 5261 1285 5329 denionstraturos,
1346 5280 1455 5320 non
1517 5268 1583 5321 ad
1636 5269 2041 5325 distinctionem

471 5344 598 5402 Filii
628 5348 761 5405 illud
811 5369 830 5402 ι
873 5369 937 5407 ει
964 5351 1126 5410 Patre
1180 5357 1297 5412 solo
1329 5377 1351 5410 ο
1388 5361 1697 5431 appositum
1755 5363 1947 5428 fuisse,
1996 5365 2043 5419 si

472 5449 736 5508 hactenus
782 5455 945 5509 modo
990 5459 1044 5510 in
1087 5460 1360 5526 aliquibus
1389 5463 1707 5533 theologicis
1739 5467 1902 5523 dictis
1951 5484 2040 5524 re-

474 5541 643 5609 periri,
666 5546 1010 5614 contigisset,
1036 5549 1128 5602 sed
1153 5551 1220 5603 ad
1252 5554 1716 5621 comprobandum
1740 5558 2043 5614 solummo-

469 5630 561 5698 do,
589 5635 821 5703 primam
846 5652 1066 5694 causam
1100 5638 1314 5697 Patrem
1350 5661 1472 5701 esse
1494 5658 1659 5718 atque
1689 5650 1937 5720 intelligi.
1973 5651 2037 5707 Et

544 5789 588 5824 ³⁷
624 5788 755 5847 Luc.
788 5808 942 5851 xvm.
973 5794 1060 5851 l9.

2186 1958 2407 2026 γελικδν
2457 1962 2644 2032 ῥητὸν,
2673 1964 2933 2034 περὶτοῦ
2996 1967 3215 2035 ἀγνοεῖν
3242 1966 3337 2020 τὸν
3371 1968 3571 2039 Κύριον
3599 1972 3731 2042 ἡμῶν

2198 2051 2406 2124 Ἰησοῦν
2449 2054 2686 2123 Χριστὸν
2735 2056 2836 2127 τὴν
2886 2058 3101 2129 ἡμέραν
3152 2059 3247 2112 τοῦ
3304 2059 3496 2124 τέλους
3539 2062 3627 2115 καὶ
3650 2064 3734 2133 τὴν

2183 2143 2354 2215 ὥραν,
2396 2165 2414 2199 ι
2456 2148 2616 2218 φησι,
2665 2167 2684 2200 ι
2723 2148 2797 2203 Τὸ
2847 2152 3050 2218 οὐδεὶς
3115 2150 3413 2205 καθολικὸν
3466 2153 3564 2222 μὲν
3611 2150 3733 2208 εἶναι

2182 2238 2331 2292 δοκεῖ
2377 2240 2547 2310 ῥῆμα,
2585 2241 2660 2305 ὼς
2696 2241 2832 2313 μηδὲ
2861 2243 2918 2297 ἓν
2950 2245 3242 2313 πρόσωπον
3288 2245 3383 2298 διὰ
3428 2245 3529 2317 τῆς
3576 2248 3735 2317 φωνῆς

2182 2330 2387 2401 ταύτης
2415 2332 2868 2402 ὑπεξαιρεῑσθαι·
2911 2334 3116 2389 ἔστιδὲ
3158 2337 3259 2407 οὐχ
3299 2336 3448 2390 οὕτω
3491 2343 3635 2408 παρά
3678 2344 3733 2411 τῇ

2180 2421 2372 2491 Γραφῇ
2425 2424 2853 2494 ἀναφερόμενον,
2910 2425 2987 2487 ὡς
3044 2427 3442 2503 τετηρήκαμεν
3497 2430 3589 2481 ἐπὶ
3634 2429 3735 2493 τοῦ,

2185 2514 2394 2579 Οὐδεὶς
2418 2515 2641 2583 ἀγαθὸς
2662 2520 2712 2570 εὶ
2735 2515 2820 2585 μὴ
2856 2512 2943 2583 εἷς
2970 2519 3137 2584 Θεός.
3163 2520 3300 2571 Οὐδὲ
3337 2520 3450 2590 γὰρ
3482 2521 3594 2574 ἐκεῖ
3624 2521 3737 2573 ἑαν-

2179 2604 2270 2657 τδν
2297 2605 2402 2668 ἔξω
2434 2605 2603 2671 τιθεὶς
2635 2608 2733 2677 τῆς
2768 2609 2861 2661 τοῦ
2892 2610 3099 2678 ἀγαθοῦ
3135 2610 3357 2679 φύσεως
3380 2614 3409 2664 6
3436 2612 3562 2675 Υἱὸς
3589 2614 3739 2666 ταῦτα

2178 2695 2327 2763 λέγει
2353 2709 2368 2724 ⁸
2397 2695 2515 2749 ἀλλ’
2544 2696 2734 2769 ἐπειδὴ
2778 2699 2841 2752 τὸ
2870 2701 3088 2771 πρῶτον
3120 2703 3337 2771 ἀγαθὸν
3366 2707 3395 2757 6
3430 2703 3636 2773 Πατὴρ,
3672 2704 3737 2772 τῷ

2176 2787 2377 2854 οὐδεὶς
2409 2793 2928 2861 συνυπακουομένου
2966 2794 3060 2847 τοῦ
3092 2795 3345 2865 πρώτου,
3393 2795 3457 2847 τὸ
3508 2795 3738 2865 δεύτερον

2175 2882 2430 2951 εἰρῆσθαι
2465 2884 2819 2954 πιστεύομεν.
2862 2904 2883 2937 ›
2924 2887 3070 2958 Ὀρα
3098 2888 3191 2940 τὸν
3222 2889 3329 2959 τὴν
3364 2888 3563 2956 σοφίαν
3592 2889 3739 2957 ἀσύγ-

2175 2989 2395 3045 κριτον,
2450 2977 2544 3028 καὶ
2587 2977 2757 3029 πολὺν
2808 2981 2904 3032 καὶ
2970 2982 3145 3050 μέγαν
3202 2982 3496 3035 Βασίλειον
3530 3021 3545 3045 ,
3597 2983 3739 3043 ποίας

2174 3067 2491 3137 ἐξηγήσεως
2528 3068 2587 3121 τὸ
2626 3068 3002 3140 Εὐαγγελικὸν
3054 3075 3220 3146 ῥητὸν
3270 3074 3423 3140 ἀξιοῖ
3482 3075 3565 3138 τὸ,
3608 3092 3624 3124 ι
3660 3074 3742 3125 οὗ·

2099 3188 2143 3247 c
2173 3157 2282 3220 δεὶς
2316 3160 2542 3227 ἀγαθὸς,
2592 3162 2643 3213 εί
2678 3164 2752 3233 μὴ
2786 3158 2865 3226 εἷς
2896 3166 2925 3217 6
2955 3165 3107 3228 Θεὸς.
3149 3184 3168 3217 ι
3222 3165 3529 3237 Προδήλως
3558 3167 3661 3234 γὰρ
3688 3165 3742 3217 τὺ

2173 3248 2267 3304 τοῦ
2308 3251 2522 3320 Πατρὺς
2560 3254 2925 3323 ἐμφαίνεσθαι
2977 3256 3130 3328 δηλοῖ
3158 3259 3362 3327 ὄνομα,
3417 3261 3478 3311 ὲν
3510 3259 3589 3328 τῷ
3642 3277 3659 3308 ι
3695 3260 3739 3310 εἰ

2174 3340 2250 3411 μὴ
2284 3337 2364 3403 είς
2397 3344 2424 3393 6
2447 3341 2599 3405 Θεός.
2642 3360 2662 3395 ›
2706 3345 2804 3396 Διά
2821 3345 2985 3399 τοῦτο
3020 3346 3126 3416 γὰρ
3161 3347 3393 3417 ἐπάγει,
3433 3361 3453 3397 ι
3481 3344 3615 3398 Οὐδὲ
3645 3345 3742 3414 γάρ

2171 3434 2288 3486 ἐκεῖ
2319 3434 2514 3488 ἑαυτὸν
2564 3436 2668 3500 ἔξω
2695 3437 2866 3502 τιθεὶς
2908 3441 3008 3507 τῆς
3040 3437 3135 3492 τοῦ
3183 3440 3404 3507 ἀγαθοῦ
3441 3439 3676 3509 φύσεως,
3720 3440 3743 3489 ὁ

2169 3524 2298 3589 Υἱὸς
2352 3528 2528 3581 ταῦτα
2585 3529 2756 3599 λέγει.
2792 3549 2811 3584 ι
2859 3532 3044 3585 Εἰπὼν
3100 3534 3233 3601 γὰρ,
3294 3551 3314 3584 ι
3363 3534 3414 3585 εἰ
3469 3533 3546 3602 μὴ
3602 3525 3744 3592 εἷςὁ

2166 3618 2322 3687 Θεὸς,
2371 3616 2490 3674 εἶτα
2538 3622 2833 3692 ἐπαγαγὼν
2859 3624 2934 3689 ὡς
2964 3643 2983 3676 ι
3026 3627 3147 3696 οὐχὶ
3186 3624 3298 3691 ἔξω
3341 3625 3521 3689 τιθεὶς
3569 3627 3745 3679 ἑαυτὸν

2165 3710 2266 3781 τῆς
2296 3711 2392 3765 τοῦ
2424 3714 2629 3783 ἀγαθοῦ
2665 3716 2902 3785 φύσεως,
2933 3718 2960 3769 6
2988 3718 3112 3781 Υἱὸς
3142 3718 3323 3772 ταῦτα
3352 3719 3531 3788 λέγει,
3572 3736 3592 3768 ι
3631 3717 3746 3784 πελ

2165 3804 2259 3857 τοῦ
2315 3802 2524 3875 [ἰατρὸς
2575 3807 2828 3879 εἰρῆσθαι
2864 3809 3131 3880 δεδήλωκε
3181 3810 3265 3877 τὸ,
3330 3828 3353 3864 ι
3406 3812 3462 3864 εί
3498 3811 3576 3882 μὴ
3624 3805 3746 3870 εἷ,ὁ

2166 3899 2322 3964 Θεός.
2356 3919 2375 3953 ι
2440 3902 2864 3975 Ἐφερμηνεύων
2894 3904 2949 3959 δὲ
2979 3906 3124 3969 ὅπως
3151 3905 3393 3959 δύναται
3423 3906 3747 3959 συνεπινοείο

2166 3992 2290 4047 σθαι
2315 3995 2344 4047 6
2375 3993 2501 4058 Υἱὸς
2536 3998 2614 4066 τῷ
2646 3998 2951 4068 [largiﬁca
2973 3998 3400 4052 διαστέλλεσθαι
3423 3999 3522 4052 τοῦ
3550 3997 3749 4065 Πατρὶς

2162 4089 2220 4141 ὲν
2256 4091 2321 4158 τῇ
2359 4089 2704 4161 Εὑαγγελικῇ
2737 4090 2912 4161 ταύτῃ
2939 4094 3089 4162 φωνῇ
3116 4093 3207 4162 τῇ,
3257 4110 3277 4143 ι
3312 4093 3507 4154 οὐδεὶς
3533 4089 3744 4158 ἀγαθὸς,

2162 4183 2210 4233 εί
2242 4182 2316 4253 μὴ
2347 4175 2428 4246 εἷς
2457 4183 2484 4234 6
2518 4182 2668 4247 Θεὸς,
2710 4202 2727 4234 ι
2766 4185 3016 4253 ἐπιφέρει
3044 4184 3138 4236 καὶ
3165 4184 3363 4235 πάλινο
3401 4202 3422 4236 ι
3447 4183 3595 4236 Ἀλλ’
3611 4185 3748 4233 ἐπει-

2160 4272 2225 4342 δὴ
2257 4273 2319 4324 τὸ
2347 4272 2564 4343 πρῶτον
2612 4274 2817 4341 ἀγαθὸν
2855 4275 2882 4326 6
2916 4274 3107 4346 Πατὴρ
3141 4274 3220 4345 τῷ
3270 4276 3468 4340 οὐδεὶς
3518 4288 3746 4327 συνυπα-

2160 4366 2457 4434 κουομένου
2479 4364 2572 4416 τοῦ
2595 4363 2834 4434 πρώτου,
2860 4365 2920 4418 rs
2941 4367 3194 4438 δεύτερον
3227 4368 3505 4439 εἰρῆσθαι
3532 4365 3749 4421 πιστεύ-

2160 4472 2315 4525 ομεν.
2354 4474 2373 4507 ι
2414 4454 2480 4508 Τί
2535 4456 2728 4511 τούτου
2786 4460 2983 4528 γένοιτ’
3018 4460 3084 4513 ἄν
3129 4476 3212 4512 σοι
3259 4463 3626 4533 σαφέστερον
3674 4461 3747 4522 εἰς

2078 4545 2132 4605 D
2161 4549 2509 4618 παράστασιν
2540 4548 2637 4602 τοῦ
2675 4550 2750 4621 μὴ
2793 4549 2927 4622 πρὸς
2956 4550 3242 4623 διαστολὴν
3276 4553 3385 4606 τοῦ
3446 4553 3584 4607 Υἱοῦ
3614 4552 3747 4622 λαμ·

2158 4640 2420 4694 ὃάνεσθαι
2460 4643 2541 4707 τὸ,
2586 4662 2605 4694 ‹
2644 4644 2827 4707 Οὐδεὶς
2875 4644 3078 4712 ἀγαθὸς
3110 4647 3159 4698 ει
3207 4645 3289 4718 μὴ
3339 4642 3430 4710 εἷς
3482 4648 3511 4698 6
3543 4646 3694 4708 Θεὸς,
3727 4662 3744 4695 ι

2157 4732 2292 4786 ἀλλὰ
2324 4733 2461 4803 πρὸς
2490 4730 2724 4802 δήλωσιν
2754 4732 2849 4785 τοῦ
2882 4734 3095 4803 πρῶτον
3145 4734 3370 4803 ἀγαθὸν
3399 4737 3500 4790 τὸν
3539 4737 3750 4804 Πατέρα

2154 4822 2292 4881 εἶναι
2310 4842 2369 4878 τε
2401 4824 2495 4879 καὶ
2524 4826 2767 4879 νοεῖσθαι
2791 4842 2805 4890 ;

2226 4921 2310 4973 ιε’.
2341 4918 2454 4972 Ka‘t
2482 4919 2536 4971 εῐ
2560 4920 2619 4986 γέ
2658 4935 2715 4971 σε
2738 4920 2800 4972 τὸ
2832 4917 2925 4971 τοῦ
2958 4918 3195 4988 μεγάλου
3238 4919 3559 4974 Βασιλείου
3614 4918 3752 4982 άξιὸ-

2158 5026 2348 5062 πιστον
2382 5009 2555 5062 πείθει
2586 5008 2660 5078 μὴ
2691 5009 2992 5078 ἀντιλέγειν
3018 5014 3131 5074 τοῖς
3184 5011 3326 5082 παρ’
3360 5011 3547 5064 αὐτοῦ
3609 5012 3749 5079 είρη-

2160 5102 2368 5173 μένοις,
2397 5101 2508 5173 ἔχει
2536 5102 2831 5170 διαγνῶναι
2865 5104 3078 5165 πάντως
3109 5102 3185 5165 ὡς
3210 5104 3273 5156 οὐ
3319 5107 3521 5176 μάτην
3579 5107 3752 5173 ὲπηγ·

2154 5192 2460 5262 γειλάμεθά
2494 5209 2578 5245 σοι
2611 5193 2669 5244 ἐν
2702 5195 3008 5264 καταρχαῖς
3057 5196 3151 5247 τοῦ
3176 5195 3351 5262 λόγου
3397 5198 3469 5249 ἐκ
3498 5196 3614 5248 τῶν
3661 5193 3747 5245 τοῦ

2157 5285 2392 5356 μεγάλου
2446 5285 2729 5338 Βασιλείου
2779 5287 2870 5339 ἐπὶ
2925 5289 3040 5350 τοῖς
3102 5287 3533 5354 Εὐάγγελικοῖς
3568 5289 3749 5361 ῥητοῖς

2152 5377 2467 5448 ἐξηγήσεων
2506 5377 2911 5447 ἁποδεδειχέναι
2959 5378 3034 5450 μὴ
3083 5377 3222 5448 πρὸς
3292 5380 3615 5452 διαστολὴν
3661 5378 3748 5433 τοῦ

2152 5470 2280 5523 Υίοῡ
2310 5470 2370 5522 τὸ
2408 5471 2472 5521 ἐκ
2508 5470 2671 5537 μόνου
2694 5470 2790 5522 τοῦ
2858 5471 3070 5542 Harpe;
3122 5472 3420 5543 εἰρῆσθαι,
3488 5475 3656 5544 εἰπερ
3693 5472 3754 5527 ἄν

2148 5557 2287 5619 τέως
2313 5554 2474 5608 τοῦτο
2508 5557 2604 5609 καὶ
2641 5557 2890 5629 εὑρεθείη
2932 5560 2991 5613 έν
3022 5576 3135 5613 τισι
3163 5561 3533 5632 θεολογικατς
3564 5566 3753 5634 ρήσεσι

2151 5648 2428 5720 κείμενον,
2459 5651 2597 5706 ἀλλὰ
2626 5653 2766 5724 πρὸς
2795 5653 2961 5724 μόνην
2991 5652 3354 5724 παράστασιν
3394 5656 3501 5711 τοῦ
3532 5655 3751 5728 πρῶτον
