3974 6592
528 395 632 457 207

1540 399 1746 462 JOAN.
1792 401 2006 462 VECCl
2050 402 2162 462 CP.
2206 403 2708 466 I‘ATHIARCILE

3660 404 3767 472 2ίὸ

529 507 685 563 solus
716 520 882 562 causa
930 505 1089 563 Pater
1117 507 1403 574 astruitur,
1430 520 1653 566 caeteras
1710 527 1926 583 quoque
1957 515 2094 583 peri-

2204 518 2424 583 γνῶσιν,
2450 519 2584 572 ὅπου
2613 519 2784 589 μόνος
2801 519 3001 574 εἰδέναι
3019 519 3234 588 λὶγεται
3255 521 3284 573 6
3308 518 3521 591 Πατὴρ,
3545 520 3644 573 καὶ
3678 522 3767 585 τοῦ

530 613 697 667 copas
723 598 902 669 magni
924 597 1117 655 Basilii
1153 601 1661 670 interpretationum
1694 602 1782 658 hic
1826 619 2099 675 apponere

529 705 640 744 non
680 690 1048 759 gravabimur,
1084 706 1223 758 quas
1248 691 1627 747 existimamus
1652 693 1718 747 ad
1759 695 2096 762 propositum

529 790 779 835 nostrum
816 780 1283 849 comprobandum
1317 782 1551 835 maxime
1581 782 1828 838 idoneas.
1855 782 2099 856 Namque

528 874 585 926 iu
618 887 782 940 supra
812 871 1029 926 laudata
1054 870 1438 942 epistola,quaa
1465 888 1573 927 una
1606 882 1774 929 estex
1810 875 1936 940 illis,
1964 891 2098 945 quas

526 967 593 1023 ad
654 967 1091 1037 Amphilochium
1139 966 1308 1032 dedit,
1369 980 1655 1037 pcatquam
1711 972 2094 1040 exposuisset,

530 1060 554 1109 ἱ
593 1057 766 1112 Nemo
797 1058 971 1113 bonus
993 1058 1099 1114 nisi
1128 1074 1269 1114 unus
1296 1057 1480 1135 Pater,
1507 1069 1561 1114 et
1584 1062 1936 1127 declarasset,
1962 1058 2104 1132 quo?

525 1150 688 1203 modo
722 1148 854 1203 illud
924 1147 1189 1204 Dominus
1241 1149 1296 1203 in
1349 1147 1640 1221 Erangelio
1700 1152 2094 1221 pronuntiavit,

531 1260 551 1293 ι
590 1257 697 1296 non
745 1255 804 1298 se
837 1242 1018 1311 ipsum
1066 1254 1312 1296 statuens
1339 1250 1491 1296 extra
1515 1242 1778 1297 bonitatis
1804 1243 2094 1306 rationem,

523 1334 616 1388 sed
652 1334 882 1403 primum
913 1332 1117 1388 bonum
1141 1348 1263 1388 esse
1282 1331 1495 1388 Patrem
1524 1334 1790 1398 indicans,
1827 1352 1844 1386 ι
1876 1334 2061 1391 suhdit
2084 1360 2096 1389 υ.

530 1446 548 1476 ε
592 1425 787 1481 Simile
808 1434 913 1491 est,
951 1445 969 1477 ι
1008 1423 1182 1482 Nemo
1220 1426 1365 1480 novit
1396 1425 1591 1481 Filium
1625 1426 1731 1482 nisi
1756 1426 1917 1482 Pater
1947 1428 2032 1479 ὐς
2070 1446 2091 1479 ι

525 1531 702 1586 neque
735 1517 884 1571 enim
918 1517 992 1571 ibi
1029 1502 1394 1586 ignorantiam
1434 1517 1663 1586 Spiritui
1693 1518 1958 1588 appingit,
1998 1517 2095 1573 sed

524 1608 700 1676 primo
732 1607 879 1661 Patri
903 1606 1268 1675 cognitionem
1303 1608 1445 1662 illius
1476 1607 1656 1663 inesse
1696 1617 1904 1662 naturae
1926 1618 2095 1663 testa-

524 1708 633 1751 tur.
674 1716 692 1748 ι
728 1694 891 1752 Vides
921 1699 1084 1752 etiam
1116 1697 1206 1752 hic
1239 1714 1346 1751 non
1379 1697 1446 1752 ad
1478 1696 1887 1753 distinctionem
1920 1697 2095 1767 Spiri-

518 1798 609 1843 tus
643 1798 893 1843 sanctum
927 1803 1220 1858 exponere.
1258 1790 1503 1860 intelligi,
1540 1804 1605 1844 ex
1649 1789 1765 1844 solo
1797 1787 1958 1844 Patre
2002 1787 2094 1842 Fi-

2202 611 2406 682 πρώτῳ
2445 612 2520 683 τῷ
2558 615 2735 684 Πατρὶ
2763 615 2862 681 τὴν
2884 616 3069 669 αἰτίαν
3101 614 3411 685 προσεῖναι,
3435 616 3576 667 ὅπου
3613 614 3766 681 μόνος

2198 706 2370 768 αἴτιος
2406 706 2626 774 λέγεται
2662 708 2688 759 6
2717 708 2925 777 Πατὴρ,
2956 707 3077 761 οὐδὲ
3106 708 3208 770 τὰς
3243 706 3410 769 ἄλλας
3453 708 3766 776 περικοπὰς

2205 800 2491 870 προθεῖναι
2541 802 2845 872 όκνήσομεν
2902 802 3009 854 τῶν
3056 798 3151 853 τοῦ
3204 799 3443 870 μεγάλου
3478 799 3766 853 Βασιλείου

2199 891 2539 961 ἐξηγήσεων,
2593 891 2662 955 ἃς
2704 892 3066 963 διανοούμεθα
3099 892 3238 962 πρὸς
3270 890 3648 960 συγκρότησιν
3676 888 3765 942 τοῦ

2198 986 2564 1054 προκειμένου
2593 986 2726 1056 ἡμῖν
2799 986 3097 1038 συντείνειν
3130 983 3359 1039 σκοποῦ.
3403 983 3490 1037 Ἐν
3550 982 3661 1051 γάρ
3703 983 3765 1051 τῇ

2196 1079 2454 1147 ἀνωτέρω
2472 1076 2772 1149 δηλωθείσῃ
2813 1079 3066 1150 ἐπιστολῇ
3091 1081 3153 1147 τῇ
3185 1080 3283 1149 μιᾷ
3306 1077 3414 1131 τῶν
3447 1077 3591 1147 πρὸς
3638 1077 3767 1144 Ἀμ-

2196 1167 2438 1239 φιλόχιον
2476 1170 2616 1238 μετὰ
2641 1170 2702 1223 τὸ
2722 1170 3092 1240 ἐξηγήσασθαι
3118 1173 3199 1234 τὸ,
3242 1190 3261 1222 ι
3310 1169 3505 1231 Οὐδεὶς
3567 1168 3765 1234 ἀγαθὸς

2195 1263 2246 1313 εὶ
2282 1261 2356 1329 μὴ
2409 1256 2490 1324 εἷς
2519 1264 2548 1314 6
2576 1263 2790 1333 Πατὴρ,
2837 1282 2855 1313 ι
2885 1263 2976 1315 καὶ
2999 1263 3354 1331 διασαφῆσαι,
3376 1260 3451 1323 ὡς
3489 1263 3521 1313 6
3561 1257 3762 1325 Κύριος

2195 1351 2255 1404 ἐν
2290 1352 2648 1420 Εὑαγγελίοις
2683 1352 2786 1422 ἔφη
2818 1353 2997 1417 τοῦτο,
3054 1373 3071 1404 ι
3107 1351 3231 1420 οὐχὶ
3275 1352 3380 1417 ἐξω
3425 1348 3605 1409 τιθεὶς
3645 1348 3766 1401 ἐαυ-

2195 1441 2411 1513 τδν,τῆς
2447 1443 2541 1496 τοῦ
2570 1444 2777 1511 ἀγαθοῦ
2807 1443 3045 1512 φύσεως,
3101 1442 3239 1496 ἀλλὰ
3293 1441 3512 1511 πρῶτον
3564 1438 3766 1507 ἀγαθὸν

2195 1522 2337 1588 εἶναι
2356 1534 2449 1586 τὸν
2486 1534 2703 1604 Πατέρα
2733 1533 2929 1600 δηλῶν,
2953 1552 2972 1584 ι
3009 1534 3202 1601 ἐπάγει
3232 1529 3471 1585 τοιοῦτον
3505 1522 3651 1583 εἶναι
3680 1528 3765 1580 καὶ

2194 1626 2276 1692 τὸ,
2304 1645 2322 1678 ι
2353 1626 2542 1690 Οὐδεὶς
2566 1622 2673 1679 οἶδε
2698 1626 2788 1679 τὸν
2827 1626 2977 1690 Υἱὸν,
3011 1629 3060 1678 εἰ
3086 1626 3162 1695 μὴ
3189 1627 3215 1679 6
3244 1626 3437 1694 Πατήρ
3472 1643 3488 1675 ι
3521 1623 3646 1677 οὐδὲ
3664 1621 3765 1692 γὰρ

2196 1720 2315 1772 ἐκεῖ
2358 1700 2578 1787 ἄγνοιαν
2593 1716 2687 1770 τοῦ
2712 1717 2852 1771 Πνεύ
2862 1735 3032 1787 ματος
3084 1719 3384 1787 κατηγορεῖ
3408 1719 3435 1768 ὁ
3458 1715 3607 1778 Υἱὸς,
3635 1713 3764 1767 άλλά

2198 1810 2399 1881 πρώτῳ
2455 1809 2533 1883 τῷ
2590 1810 2788 1879 ﬂat-pi}
2844 1811 3174 1880 ἐνυπάρχειν
3243 1809 3345 1877 τὴν
3397 1806 3611 1873 γνῶσιν
3670 1803 3764 1871 τῆς

519 1880 651 1934 lium
688 1881 966 1951 cognosci,
1004 1882 1097 1936 sed
1151 1882 1216 1935 ad
1271 1881 1673 1936 conuotandum
1711 1881 1890 1951 primo
1945 1880 2092 1936 Patri

2197 1877 2411 1970 φύσεως
2447 1877 2737 1972 μαρτυρεῖ.
2780 1921 2800 1955 ι
2849 1877 3192 1972 Ὀρᾷςήδπως
3235 1898 3524 1954 κάνταῦθα
3561 1898 3664 1951 οὐκ
3688 1896 3763 1958 είς

518 1970 884 2038 cognitionem
922 1972 1101 2027 inesse
1141 1979 1352 2027 natura:
1397 1971 1559 2027 Filii?
1600 1973 1920 2037 Considera,
1965 1976 2093 2032 hinc

519 2061 616 2114 tibi
663 2071 719 2113 et
771 2069 979 2125 astrue,
1025 2069 1080 2115 et
1130 2060 1292 2125 infer,
1356 2075 1536 2130 neque
1583 2062 1651 2116 ad
1682 2061 2090 2117 distinctionem

521 2150 640 2204 Filii
659 2151 834 2206 solum
866 2150 1077 2206 Patrem
1110 2152 1282 2222 accipi
1316 2153 1367 2207 in
1394 2152 1593 2208 divinis
1619 2152 1861 2214 Litteris,
1897 2154 1987 2207 ubi
2018 2156 2095 2209 si-

519 2243 631 2297 mul
664 2259 769 2296 una
797 2254 853 2297 et
885 2242 1057 2298 Filius
1088 2243 1475 2314 intelligendus
1501 2254 1606 2298 est.
1652 2228 1786 2299 Nam
1836 2248 1926 2301 hic
1957 2264 2096 2317 quo-

516 2349 625 2403 que
653 2343 799 2389 esset
826 2333 1105 2389 distinctio
1132 2333 1371 2405 Spir-ltus
1416 2352 1444 2390 a
1490 2336 1677 2403 Patre,
1712 2353 1836 2392 cum
1870 2339 2091 2404 dicitur,

522 2446 540 2475 1
592 2424 763 2479 Nemo
799 2428 946 2480 novit
992 2425 1189 2481 Filium
1245 2430 1347 2484 nisi
1399 2430 1579 2487 Pater.
1634 2448 1653 2481 ι
1695 2430 1837 2485 Infra
1878 2447 2096 2502 quoque

515 2532 710 2571 rursus
741 2516 857 2572 haec
893 2532 1121 2588 magnus
1171 2517 1401 2573 Basilius
1449 2522 1727 2576 subnectit
1773 2538 1786 2575 :
1843 2539 1862 2573 ι
1922 2520 2094 2575 Nemo

516 2608 690 2674 novit,
711 2625 890 2663 rerum
916 2624 1039 2664 cum
1068 2613 1419 2680 prasentium
1447 2624 1561 2667 tum
1586 2616 1892 2668 futurarum
1919 2615 2097 2671 scien-

516 2702 645 2755 tiam
699 2699 849 2755 Patri
898 2703 1159 2768 adscribi,
1207 2705 1553 2774 primamque
1582 2705 1830 2760 omnium
1870 2721 2091 2762 causam

513 2793 827 2849 hominibus
872 2793 1145 2864 designari
1197 2796 1550 2853 arbitramur.
1581 2815 1601 2849 ι
1637 2798 1701 2852 Et
1750 2799 1939 2867 paucis
1990 2800 2094 2854 hu-

507 2888 662 2957 jusce
686 2886 970 2956 pericopes
996 2888 1292 2957 intcrjectis
1324 2889 1633 2944 subiul‘ert:
1668 2909 1685 2942 ι
1731 2890 1897 2946 Suam
1931 2892 2096 2962 igitur

514 2994 803 3045 personam
833 2979 1053 3034 silentio
1086 2982 1484 3047 transmittens,
1512 2982 1676 3037 veluti
1710 2998 1823 3037 rem
1858 2987 2094 3054 pasitam

513 3074 566 3125 iu
602 3070 859 3125 confesso
912 3070 1200 3136 Dominus,
1238 3070 1456 3127 Patrem
1513 3074 1858 3131 solummodo
1895 3090 2099 3148 cogno-

511 3176 665 3216 scere
701 3163 854 3227 dicit,
887 3163 1173 3218 scientiam
1199 3164 1378 3220 Patris
1413 3176 1467 3220 et
1506 3180 1658 3221 suam
1688 3182 1810 3223 esse
1844 3177 2094 3225 statuens

512 3269 610 3324 per
646 3256 1013 3310 reticentiam.
1052 3274 1073 3307 ι
1111 3257 1410 3311 Considera
1463 3258 1931 3327 interpretationis
1960 3274 2093 3315 acu-

512 3359 662 3409 men,
698 3357 751 3399 et
783 3346 988 3400 dictum
1013 3348 1325 3401 accuratius
1347 3348 1580 3417 pensita,
1614 3363 1722 3418 quo
1747 3350 2093 3407 solummodo

510 3435 728 3492 Patrem
776 3453 1118 3509 cognoscere
1157 3440 1401 3510 exponit.
1459 3442 1549 3495 Ait
1605 3441 1777 3507 enim,
1838 3461 1858 3495 ι
1917 3442 2094 3500 Patris

512 3531 826 3599 scientiam,
858 3540 913 3589 et
942 3547 1097 3588 suam
1129 3547 1251 3589 esse
1281 3532 1551 3607 Dominus
1585 3535 1718 3590 dicit
1745 3550 1841 3606 per
1865 3537 2095 3593 reticen-

513 3623 672 3679 tiam.
721 3641 740 3674 ι
782 3624 1069 3680 Sermonis
1101 3624 1333 3694 hujusce
1372 3623 1795 3694 profunditatem
1831 3625 2096 3696 pervesti-

511 3729 671 3786 gans,
701 3715 861 3785 plane
889 3730 1220 3771 arcanorum
1247 3716 1567 3787 dogmatum
1609 3718 1772 3773 rudes
1798 3733 1896 3774 eos
1924 3718 2097 3789 conji-

512 3806 648 3871 cies.
702 3807 796 3876 qui
828 3807 996 3862 veluti
1050 3807 1285 3876 alicujus
1316 3810 1776 3865 considerationis
1801 3810 2093 3866 dubitatio-

514 3914 635 3954 nem
660 3909 993 3969 proponunt,
1017 3897 1072 3953 Si
1094 3908 1147 3954 et
1172 3914 1238 3954 ex
1270 3899 1411 3954 Filio
1444 3899 1680 3970 Spiritus
1709 3911 1816 3967 est,
1837 3919 2000 3972 quam
2024 3903 2094 3958 ob

512 4008 737 4049 causam
775 3996 831 4048 in
854 3991 1167 4063 Evangeliis
1198 3993 1482 4059 Dominus,
1517 4015 1536 4048 ι
1570 3996 1664 4064 qui
1688 4012 1753 4050 ex
1783 3996 1943 4052 Patre
1969 4013 2095 4068 pro-

466 4092 477 4111 ’
514 4087 660 4143 cedit
682 4086 948 4150 ",idixit,
972 4101 1079 4140 non
1110 4085 1337 4152 addens,
1360 4104 1424 4143 ex
1451 4088 1574 4142 me?
1601 4089 1655 4144 Si
1688 4090 1831 4144 enim
1864 4106 2094 4161 magnus

516 4178 751 4235 Basilius
794 4193 1017 4233 causam
1048 4178 1316 4233 reticendi
1344 4180 1585 4234 nominis
1619 4178 1765 4241 Filii.
1789 4183 1848 4235 in
1890 4183 2094 4251 quibus

515 4271 649 4327 dicit
680 4270 894 4326 Patrem
948 4271 1296 4326 solummodo
1352 4270 1458 4326 hoc
1501 4271 1665 4334 scire,
1707 4273 1853 4326 illam
1910 4283 2095 4343 aperte

515 4365 783 4434 assignat.
818 4362 963 4434 quod
998 4361 1180 4418 Patris
1219 4364 1461 4435 cOgnitio
1495 4379 1590 4429 per
1626 4366 1962 4419 reticentiam
2006 4381 2096 4420 co-

518 4457 692 4526 gnitio
749 4458 821 4511 sit
850 4467 911 4511 et
960 4454 1115 4518 Filii,
1144 4455 1269 4526 quis
1298 4457 1474 4528 magis
1507 4458 1650 4527 pntis
1702 4457 1886 4523 fuerit,
1930 4458 2094 4513 veluti

2191 1992 2477 2063 διαστολὴν
2502 1993 2595 2045 τοῦ
2627 1992 2763 2046 Πνεύ
2771 2009 2939 2059 ματος
2955 1994 3256 2061 ἐξηγεῖται,
3276 1990 3517 2044 νοεῖσθαι
3539 1990 3601 2042 τὸ
3618 1987 3763 2059 παρὰ

2198 2087 2361 2154 μόνου
2401 2085 2497 2138 τοῦ
2531 2086 2745 2156 lla-cpi);
2798 2085 3169 2154 γινώσκεσθαι
3213 2085 3306 2137 τὸν
3364 2085 3511 2148 Υίδν,
3545 2082 3665 2137 ἀλλ’
3689 2086 3761 2145 είς

2192 2177 2428 2245 δήλωσιν
2465 2177 2560 2231 τοῦ
2592 2179 2796 2249 πρώτῳ
2833 2178 2913 2250 τῷ
2942 2179 3117 2247 Πατρὶ
3141 2178 3476 2246 ἐνυπάρχειν
3501 2177 3602 2243 τὴν
3631 2174 3762 2242 γνῶ-

2196 2283 2282 2322 σιν
2314 2270 2412 2337 τῆς
2444 2270 2535 2323 τοῦ
2571 2269 2700 2323 Υἱοῦ
2734 2271 2950 2339 φύσεως
2982 2288 2996 2334 ;
3026 2267 3294 2339 Ὄραηκαὶ
3328 2266 3558 2339 πορίζου
3587 2265 3761 2321 ἐντεῦ-

2195 2358 2288 2411 θεν
2327 2358 2461 2428 μηδ’
2502 2359 2584 2422 εἰς
2622 2360 2913 2431 διαστολὴν
2947 2357 3042 2412 τοῦ
3078 2359 3208 2412 Υἱοῦ
3239 2358 3318 2423 τὸ,
3352 2376 3373 2409 ι
3399 2360 3563 2426 μόνος
3593 2358 3623 2408 6
3656 2357 3756 2409 Πα-

2194 2448 2298 2517 τὴρ
2338 2466 2356 2499 ι
2383 2446 2765 2516 λαμϐάνεσθαι
2793 2447 2947 2519 παρὰ
2964 2450 3033 2519 τῇ
3070 2447 3288 2517 Γραφῇ,
3312 2450 3448 2502 ὅπου
3503 2446 3588 2499 δεῖ
3648 2461 3764 2496 συν-

2194 2540 2532 2593 επινοεῖσθαι
2569 2541 2663 2593 καὶ⁸
2717 2540 2810 2593 τδν
2863 2540 3015 2595 Υἱόν.
3066 2535 3177 2594 Ἦν
3228 2539 3337 2610 γάρ
3373 2539 3439 2592 ἂν
3490 2535 3761 2591 κάνταῦθα

2193 2625 2449 2696 διαστολὴ
2469 2626 2566 2680 τοῦ
2597 2627 2917 2697 Πνιόματος
2962 2628 3071 2682 ἀπὸ
3118 2623 3211 2681 τοῦ
3266 2626 3506 2697 Πατρδς,
3555 2627 3615 2678 ἐν
3668 2624 3757 2694 τῷ,

2202 2735 2221 2768 α
2255 2719 2443 2781 Οὐῶἱς
2483 2717 2591 2773 οἶδε
2625 2720 2720 2774 τδν
2756 2721 2883 2773 Υίὸν
2916 2721 2966 2773 εί
2992 2720 3067 2791 μὴ
3106 2722 3134 2775 6
3164 2720 3377 2790 Πατήρ.
3413 2738 3434 2772 ι
3474 2718 3620 2772 Ἀλλ’
3647 2719 3763 2785 ἐφε-

2197 2809 2296 2878 ξῆς
2339 2810 2537 2878 ἐπάγει
2586 2814 2680 2864 καὶ
2737 2811 2901 2866 πάλιν
2943 2816 2971 2866 6
3027 2812 3203 2882 μέγας
3267 2812 3558 2875 Βασίλειος
3605 2809 3760 2862 οὕτω·

2202 2918 2222 2952 ι
2260 2902 2370 2955 Καὶ
2391 2902 2480 2967 τὸ,
2518 2903 2705 2966 Οὐδεὶς
2736 2899 2887 2969 οἶδε,
2918 2903 3017 2976 τὴν
3047 2904 3270 2975 πρώτην
3314 2903 3528 2973 εἴδησιν
3576 2901 3686 2955 τῶν
3710 2916 3761 2955 τε

2195 2993 2367 3048 ὄντων
2395 2996 2492 3049 xal.
2538 2996 2650 3050 τῶν
2677 2998 2958 3066 ἐσομένων
3007 3000 3101 3051 ἐπὶ
3120 2999 3218 3051 τὸν
3266 2998 3496 3067 Πατέρα
3537 2995 3760 3064 ἀνάγον-

2195 3102 2313 3154 τος,
2356 3089 2454 3141 καὶ
2481 3089 2571 3143 διὰ
2591 3088 2811 3143 πάντων
2832 3088 2932 3159 τὴν
2961 3087 3185 3161 πρώτην
3214 3089 3396 3142 αἰτίαν
3419 3091 3539 3152 τοῖς
3564 3085 3761 3158 ἀνθρώ·

2200 3194 2323 3240 ποις
2365 3177 2835 3244 ὑποδεικνύοντος,
2904 3179 3160 3250 εἰρῆσθαι
3223 3179 3559 3250 νομίζομενι
3598 3197 3617 3231 ι
3679 3177 3763 3230 καὶ

2198 3269 2315 3340 μετ’
2347 3268 2505 3338 ὀλίγα
2556 3271 2654 3339 τῆς
2712 3270 3023 3340 περικοπῆς
3077 3269 3285 3340 ταύτης
3328 3270 3756 3339 προσεπιφέρει·

2199 3378 2221 3414 ι
2263 3362 2715 3433 Παρασιωπήσας
2746 3363 2932 3416 τοίνυν
2969 3362 3045 3423 ὡς
3088 3361 3531 3433 ὁμολογούμενον
3557 3360 3619 3414 τὸ
3646 3360 3761 3413 ἐαυ-

2192 3452 2290 3508 τοῦ
2324 3454 2615 3525 πρόσωπον
2647 3455 2676 3507 6
2711 3452 2937 3524 Κύριος,
2967 3453 3171 3507 εἰδέναι
3214 3454 3306 3507 τὸν
3351 3452 3579 3523 Πατέρα
3609 3452 3757 3521 μόνον

2194 3548 2352 3618 φησὶ,
2381 3546 2481 3617 τὴν
2523 3545 2621 3601 τοῦ
2649 3546 2864 3616 Πατρδς
2921 3546 3129 3615 γνῶσιν
3152 3546 3293 3599 κατὰ
3333 3545 3394 3599 τὸ
3417 3542 3761 3611 σιωπώμενον

2193 3642 2289 3695 καὶ
2316 3640 2515 3695 ἐαυτοῦ
2545 3636 2684 3694 εἶναι
2710 3639 2907 3709 λέγων.
2947 3659 2966 3691 ι
3000 3639 3203 3692 Σκόπει
3234 3638 3295 3691 τὸ
3327 3637 3432 3706 τῆς
3461 3638 3758 3706 ἐξηγήσεως

2196 3729 2384 3801 βάθος,
2410 3729 2506 3785 καὶ
2534 3730 2798 3785 κατανόει
2819 3728 2913 3783 τὸν
2964 3728 3147 3798 λόγον,
3205 3728 3329 3783 καθ’
3365 3728 3428 3782 δν
3474 3729 3637 3799 μόνον
3680 3724 3760 3777 τὸν

2194 3821 2420 3890 Πατέρα
2447 3820 2644 3875 εἰδέναι
2665 3823 2693 3875 6
2718 3821 2873 3890 am;
2895 3817 3195 3887 ἐξηγεῖται.
3252 3817 3393 3887 Φησὶ
3435 3819 3569 3887 γάρ·
3602 3834 3621 3868 ι
3663 3813 3759 3881 Τὴν

2194 3914 2293 3967 τοῦ
2343 3912 2557 3983 Πατρδς
2609 3915 2815 3984 γνῶσιν
2865 3917 2893 3969 6
2937 3912 3148 3984 Κύριος
3197 3912 3296 3964 καὶ
3365 3910 3568 3964 ἐαυτοῦ
3627 3902 3757 3961 εἶναι

2194 4003 2344 4072 λέγει
2376 4005 2593 4059 κατὰτὸ
2626 4004 3003 4077 σιωπώμενον.
3035 4026 3056 4060 ο
3098 4003 3160 4060 Ei
3198 4002 3258 4054 τὸ
3281 4000 3377 4055 τοῦ
3406 4002 3569 4069 λόγου
3586 3999 3759 4054 τούτςυ

2197 4094 2360 4165 βάθος
2400 4095 2806 4165 ἐξερευνήσας,
2851 4096 3135 4166 ἀμυήτους
3177 4092 3322 4149 εἶναι
3370 4093 3482 4150 τῶν
3516 4094 3761 4165 δογματι-

2195 4185 2310 4239 κῶν
2348 4186 2663 4257 μυστηρίων
2681 4186 2962 4259 διαγνώσῃ
2981 4188 3106 4251 τοὺς
3136 4187 3327 4258 ῶσπερ
3360 4206 3415 4241 τι
3458 4189 3603 4258 μέγα
3640 4200 3759 4254 προ·

2194 4280 2471 4343 τείνοντας
2508 4279 2850 4349 διαπόρημα,
2883 4279 2944 4332 Ei
2966 4282 3061 4333 καὶ
3083 4282 3147 4333 ἐκ
3179 4280 3275 4335 τοῦ
3297 4279 3427 4334 Υίοῦ
3458 4281 3524 4333 τὸ
3551 4277 3752 4345 Πνεῦμα

2196 4369 2620 4441 ὑπάρχεισδιατί
2646 4372 2703 4423 ἐν
2733 4370 3129 4439 Εὐαγγελίοιςό
3147 4371 3372 4441 Κύριος,
3407 4390 3425 4422 ι
3457 4371 3486 4424 ὃ
3502 4368 3653 4441 παρά
3676 4365 3758 4420 τοῦ

2197 4460 2409 4531 Πατρός
2437 4460 2813 4531 ἐκπορεύεται,
2844 4480 2862 4513 ι
2907 4460 3033 4531 ἐφη.
3074 4460 3148 4531 μὴ
3180 4461 3436 4536 προσθεὶς
3459 4463 3555 4516 καὶ
3595 4459 3671 4525 τὸ,
3711 4457 3760 4520 ἐξ

518 4548 780 4617 Spiritus,
830 4559 883 4602 ct
920 4547 1059 4602 forte
1105 4548 1319 4617 purius.
1351 4562 1517 4617 quam
1566 4547 1682 4618 ipse
1720 4552 1790 4603 sit
1836 4549 2093 4611 Basilius,

2198 4551 2355 4617 ἐμοῦ.
2393 4551 2456 4604 Ei
2501 4553 2610 4622 γὰρ
2634 4553 2663 4604 6
2688 4551 2863 4619 μέγας
2903 4550 3185 4614 Βασίλειος
3221 4552 3404 4605 αἰτίαν
3446 4552 3545 4606 τοῦ
3598 4564 3759 4619 παρα⁸

520 4641 888 4695 diversorium
938 4640 1282 4705 addubitare,
1308 4654 1477 4707 quare
1509 4655 1613 4694 non
1656 4649 1711 4694 et
1743 4656 1938 4693 nomen
1976 4640 2094 4693 Filii

2205 4642 2551 4712 σιωπηθῆναι
2602 4639 2664 4692 τὺ
2691 4640 2865 4708 ὄνομα
2921 4639 3016 4692 τοῦ
3072 4640 3227 4706 Υἱοῦ,
3260 4642 3346 4711 ἐφ’
3376 4638 3459 4704 οἷς
3491 4642 3637 4710 λέγει
3682 4638 3760 4690 τὸν

515 4730 695 4802 palam
716 4739 1011 4800 aperteque
1030 4748 1134 4785 una
1169 4746 1291 4785 cum
1305 4729 1486 4785 Patris
1512 4730 1732 4785 nomine
1753 4734 2085 4792 enuntietur,

2198 4732 2417 4803 Πατέρα
2472 4732 2629 4801 μόνον
2647 4732 2842 4785 εἰδέναι
2861 4731 3041 4796 τοῦτο,
3058 4732 3205 4800 λέγει
3229 4734 3415 4803 σαφῶς
3434 4736 3516 4799 τὸ,
3552 4736 3650 4804 τὴν
3678 4730 3760 4785 τοῦ

517 4831 571 4875 et
609 4822 657 4875 si
705 4835 811 4874 non
837 4821 1179 4886 enuntiatur,
1210 4835 1380 4891 quare
1406 4836 1514 4874 una
1544 4819 1705 4873 simul
1739 4820 2092 4890 intelligitur-2

2198 4822 2407 4889 Πατρὸς
2422 4821 2621 4887 γνῶσιν
2685 4822 2825 4875 κατὰ
2850 4821 2912 4874 τὸ
2973 4824 3326 4891 σιωπώμενον
3370 4826 3570 4893 γνῶσιν
3640 4817 3760 4874 εἶναι

518 4907 732 4964 καὶτοῦ
761 4909 915 4971 Υίοῦ,
934 4908 1015 4972 τίς
1036 4908 1106 4979 {iv
1135 4907 1223 4978 εἴη
1253 4909 1462 4972 δίκαιος
1480 4908 1672 4963 ἔκτοτε
1701 4909 1775 4973 ὡς
1814 4910 1908 4962 τοῦ
1942 4910 2255 4980 Πνεύματος
2289 4912 2627 4980 καταγώγιον
2668 4911 3049 4983 καθαρώτερον
3081 4916 3241 4985 τάχα.
3266 4918 3300 4989 ἢ
3326 4919 3466 4971 κατὰ
3489 4918 3579 4971 τὸν
3607 4916 3760 4984 μέγαν

519 5001 795 5057 Βασίλειον
823 5000 1123 5074 διαπορεῖν,
1157 5001 1297 5053 διατί
1336 5002 1411 5072 μὴ
1433 5000 1531 5053 καὶ
1559 5000 1620 5053 τὸ
1638 5000 1810 5071 δνομα
1839 5001 1934 5055 τοῦ
1961 5003 2090 5057 Υἰοῦ
2123 5006 2264 5059 κατὰ
2290 5006 2349 5059 τὸ
2383 5008 2557 5076 πάντη
2584 5004 2846 5076 πρόδηλον
2866 5004 2944 5074 τῷ
2980 5006 3073 5060 τοῦ
3114 5008 3327 5078 Πατρὶς
3357 5008 3759 5077 συνεκφωνεῖται

518 5093 783 5164 όνόματι;
816 5096 907 5145 καί
946 5095 995 5145 εί
1029 5096 1104 5163 μὴ
1147 5097 1591 5162 συνεκφωνεῐται,
1614 5090 1755 5145 διατι
1784 5097 2213 5163 συνεπινοεῐται;

595 5183 685 5239 17.
712 5182 940 5254 Magnus
984 5183 1218 5239 Basilius
1253 5184 1415 5238 veluti
1447 5169 1858 5254 pronuntiatum
1906 5196 1960 5240 et
2013 5186 2094 5240 do

2289 5182 2391 5249 ις’(
2422 5184 2483 5238 '0
2529 5186 2701 5254 μέγας
2736 5185 3014 5249 Βασίλειος
3055 5186 3130 5248 ὼς
3162 5185 3375 5255 ἀξίωμά
3395 5205 3449 5241 τι
3485 5189 3578 5242 καὶ
3603 5185 3755 5252 δόγμα

535 5289 660 5345 gnta
685 5277 872 5338 edicit,
922 5276 1222 5330 secundum
1257 5276 1597 5331 reticentiam
1653 5291 1758 5331 una
1790 5292 1912 5331 cum
1956 5277 2094 5333 Puto

2223 5278 2445 5347 ἐκφέρει
2474 5278 2616 5329 κατᾶ
2675 5278 2738 5330 τὸ
2789 5278 3149 5347 σιωπώμενον
3209 5281 3643 5332 συνεπινοεῖσθαι
3680 5275 3756 5327 τὸν

534 5367 761 5438 intelligi
800 5366 1021 5431 Filium,
1059 5367 1150 5423 ubi
1182 5368 1362 5424 Patris
1418 5383 1615 5423 nomen
1665 5384 1790 5423 cum
1846 5369 2094 5423 addition

2218 5368 2349 5422 Υἱὺν
2378 5366 2460 5448 τῶ
2491 5367 2684 5438 Πατρὶ,
2715 5368 2850 5421 ὅπου
2898 5369 2959 5421 τὸ
2989 5369 3085 5422 τοῦ
3142 5370 3358 5441 Πατρδς
3411 5372 3581 5441 bona
3637 5362 3755 5438 μετὰ

525 5462 688 5515 etiam
740 5460 911 5514 solius
940 5455 1155 5523 ell'atur,
1191 5466 1245 5513 et
1274 5471 1332 5514 tu
1372 5460 1575 5529 inquis,
1616 5461 1865 5530 quisquis
1903 5460 2094 5515 tanden

2214 5457 2545 5530 προσθήκης
2573 5456 2669 5511 τοῦ
2705 5458 2872 5528 μόνου
2908 5460 3134 5531 ἐρρέθη,
3156 5464 3252 5513 irai
3276 5463 3341 5515 σὺ
3395 5462 3575 5530 λέγεις
3625 5460 3753 5516 ὅστις

540 5550 739 5613 tueris,
775 5553 867 5619 qui
904 5552 1018 5604 haac
1046 5552 1097 5603 in
1130 5551 1353 5605 dubium
1374 5567 1555 5618 vocas,
1589 5551 1772 5619 Quare
1795 5569 1898 5607 non
1931 5562 1984 5607 et
2013 5567 2094 5605 nn:

2215 5549 2284 5602 ἂν
2311 5550 2454 5620 εἴης,
2482 5550 2510 5601 ὁ
2542 5549 2715 5603 ταῦτα
2743 5550 3040 5621 διαπορῶν,
3064 5554 3215 5605 Διατί
3253 5553 3330 5623 μὴ
3358 5548 3756 5618 συνεκφωνεῆαι

529 5659 654 5701 cum
694 5640 849 5696 Patre
893 5640 1063 5696 Filius
1107 5646 1486 5712 pronuntiatur
1524 5646 1579 5699 in
1616 5646 1966 5715 processionc
2000 5642 2093 5713 Spi

2218 5643 2245 5695 ὁ
2284 5641 2412 5704 Υἱὸς
2467 5639 2547 5710 τῷ
2575 5641 2751 5712 Πατρὶ
2810 5642 2868 5693 ἐν
2930 5643 2997 5711 τῇ
3057 5642 3270 5713 προόδῳ
3302 5642 3396 5695 τοῦ
3426 5640 3751 5711 Πνεύματοςὶ

606 5802 650 5835 ³⁸
679 5803 844 5858 Matth
903 5818 975 5869 Kl,
1006 5802 1096 5860 Ξῖ.
1175 5804 1216 5834 ⁸³
1253 5799 1408 5859 Joau.
1442 5818 1530 5866 xv,
1558 5802 1650 5858 9.6.
