3974 6640
308 489 420 558 569

1342 487 1439 554 DE
1477 487 1998 555 PROCESSIONE
2039 492 2100 551 S.
2146 480 2526 553 SPIRITUS.

3458 475 3567 550 9'20

319 615 468 666 Ἀλλ’
499 615 548 667 εἰ
579 615 672 669 καὶ
698 616 762 668 σὺ
785 615 1032 683 κρεῖττον
1055 613 1086 683 ἦ
1121 613 1262 665 κατὰ
1281 612 1376 664 τὸν
1413 612 1589 682 μέγαν
1617 612 1894 664 Βασίλειον

2020 609 2182 663 itus?
2213 607 2604 664 Verumtamen
2642 606 2858 663 etiamsi
2909 617 2963 663 tu
3011 607 3128 678 ipso
3160 606 3357 662 Basilio
3379 607 3575 666 melius

309 707 579 774 ψαντάζει
605 709 726 766 ταῖς
748 707 846 774 τῆς
868 703 1148 771 θεολογίας
1167 704 1366 770 αὐγαῖς
1399 704 1560 756 ὲναστ
1572 701 1894 768 ράπτεσθαι,

309 801 432 864 ἐγὼ
462 799 520 851 δὲ
549 797 656 852 τῶν
683 797 836 866 αὖτῷ
889 795 1321 864 θεολογηθέντων
1361 792 1665 863 ὁλοσχερῶς
1708 791 1892 859 ἐξέχει-

311 892 448 945 σθαι
506 893 609 943 οὐκ
638 890 964 958 ἀναδύομαι,
994 888 1092 939 καὶ
1119 887 1224 960 ὑπὸ
1266 885 1559 955 καθηγητῇ
1608 884 1707 938 καὶ
1749 883 1895 936 διδα-

312 982 512 1050 σκάλῳ
555 979 706 1047 αὐτῷ
731 979 824 1031 τὸν
855 978 1015 1045 λόγον
1049 972 1169 1029 οἶδα
1195 975 1331 1028 καθ’
1361 975 1419 1027 ὃν
1449 975 1509 1027 τὸ
1540 973 1725 1042 μόνος
1752 974 1893 1041 λαμ-

309 1073 542 1125 εάνεται
578 1072 670 1123 ἐπὶ
705 1069 804 1123 τοῦ
855 1068 1090 1138 Πατρός.
1142 1065 1315 1129 Αὐτὸς
1340 1064 1448 1134 γὰρ
1503 1059 1658 1126 οὗτος
1709 1064 1737 1114 6
1791 1063 1891 1130 τῆς

309 1164 607 1230 θεολογίας
637 1161 867 1230 φωστὴρ
891 1157 1282 1228 ἐξηγούμενος,
1318 1157 1376 1209 τὸ
1420 1176 1438 1208 ι
1471 1155 1658 1218 Οἰδεὶς
1680 1150 1788 1207 οἵδε
1809 1155 1899 1208 τὸν

312 1255 452 1308 Υἰὶν
487 1255 616 1322 εἰμὴ
666 1259 695 1305 6
739 1252 947 1321 Πατὴρ,
980 1248 1195 1317 »λέγει,
1243 1268 1260 1299 ι
1309 1246 1443 1300 Οὐδὲ
1490 1247 1600 1315 γὰρ
1628 1248 1744 1298 ἐκεῖ
1797 1245 1898 1313 ἄγ-

313 1366 481 1403 νοιαν
551 1346 646 1400 τοῦ
710 1343 1028 1414 Πνεύματος
1083 1343 1384 1413 κατηγορεῖ
1449 1339 1477 1392 6
1535 1339 1702 1404 Υίδς,
1767 1337 1901 1391 ἀλλὰ

313 1439 530 1511 πρώτῳ
567 1439 645 1508 τῷ
685 1439 864 1506 ιιατρὶ
888 1435 1217 1504 ἐνυπάρχειν
1250 1431 1583 1503 τὴνςγνῶσιν
1611 1431 1713 1501 τῆς
1763 1431 1892 1483 ἐαυ-

310 1533 418 1584 τοῦ
444 1533 659 1600 φύσεως
681 1530 967 1599 μαρτυρεῖ.
1006 1545 1024 1577 ι
1060 1527 1167 1578 Καὶ
1196 1524 1280 1589 τὸ,
1315 1544 1333 1575 ι
1361 1527 1409 1576 εἰ
1443 1523 1516 1594 μὴ
1550 1518 1629 1587 εἷς
1657 1521 1847 1585 ὁΘεὸς,
1876 1541 1894 1576 ι

313 1628 450 1678 ἀντὶ
509 1623 628 1686 τοῦ,
671 1639 689 1672 ι
733 1623 782 1674 εἰ
836 1619 914 1690 μὴ
985 1619 1146 1687 μόνος
1199 1619 1227 1670 6
1290 1616 1504 1685 Πατὴρ,
1547 1635 1564 1667 ι
1602 1615 1904 1686 ’ὲκλαμὸά-

315 1734 474 1779 νων,
540 1717 596 1768 ὲν
655 1718 723 1784 τῇ
783 1714 1044 1783 ἐξηγήσει
1113 1711 1249 1781 φησί
1366 1709 1601 1779 δήλωσιν
1648 1707 1793 1778 ἔχειν
1844 1708 1904 1760 τὸ

314 1809 481 1882 ῥῆμα
525 1807 618 1859 τοῦ
660 1807 880 1875 πρῶτον
908 1803 1117 1872 ἀγαθῦν
1172 1796 1312 1854 εἶναι
1351 1801 1443 1852 τὶν
1507 1800 1742 1870 Πατέρα.
1796 1799 1904 1851 Καὶ

315 1899 458 1950 ἐπεὶ
500 1901 564 1951 ἐκ
591 1899 703 1962 τῶν
737 1897 1056 1965 ἐξηγήσεων
1080 1893 1284 1945 τούτων
1313 1887 1431 1944 οἶδα
1455 1894 1514 1944 τδ
1565 1892 1756 1958 μόνος
1812 1891 1905 1941 ἐπὶ

2003 700 2290 771 theologiae
2336 700 2722 770 splendoribus
2771 699 3070 754 illuminari
3105 699 3443 769 imaginaris,
3475 715 3574 769 ego

2001 793 2357 848 nihilominus
2416 793 2485 846 ab
2534 792 2680 847 illius
2754 791 3070 863 theologicis
3127 792 3293 848 dictis
3351 809 3576 862 prorsus

2000 887 2304 954 dependere
2336 899 2441 938 non
2471 899 2689 948 recuso,
2721 899 2830 954 quo
2859 886 3123 956 magistro
3157 901 3220 940 ac
3249 895 3577 956 praeceptore
3655 946 3659 950 ,

2004 976 2226 1032 modum
2286 990 2502 1045 quoque
2542 975 2692 1042 novi,
2720 988 2829 1044 quo
2851 977 2994 1030 solus
3016 977 3280 1046 accipitur
3307 978 3371 1032 de
3398 977 3578 1034 Patre.
3660 977 3664 982 ’

2003 1068 2122 1137 Ipse
2180 1067 2326 1122 enim
2388 1066 2676 1136 theologia:
2732 1069 2918 1122 lumen
2977 1068 3345 1140 interpretans
3408 1071 3580 1134 illud,

2007 1177 2026 1210 ‹
2069 1157 2238 1213 Nemo
2277 1157 2428 1211 novit
2470 1156 2666 1210 Filium
2709 1158 2814 1213 nisi
2849 1157 3031 1223 Pater,
3087 1179 3104 1212 ι
3149 1162 3264 1217 ait:
3293 1181 3310 1211 ι
3353 1161 3428 1216 Eo
3477 1163 3579 1217 loci

2003 1263 2111 1303 non
2174 1249 2483 1316 ignorantia
2539 1248 2782 1318 Spiritus
2822 1265 2850 1304 a
2904 1250 3044 1305 Filio
3098 1254 3443 1322 praedicatur,
3487 1257 3580 1310 sed

2004 1341 2182 1409 primo
2208 1339 2355 1394 Patri
2393 1341 2572 1396 inesse
2605 1344 2964 1410 cognitionem
3001 1343 3146 1398 illius
3179 1357 3386 1401 natura:
3421 1356 3578 1402 testa-

2003 1440 2116 1495 tur,
2156 1450 2174 1483 ι
2210 1441 2263 1486 et
2305 1432 2456 1496 illud,
2503 1451 2522 1483 ι
2583 1434 2685 1487 nisi
2733 1449 2876 1489 unus
2929 1433 3094 1498 Deus,
3156 1455 3174 1488 ι
3235 1437 3355 1493 loco
3410 1439 3582 1503 illius,

2013 1542 2031 1575 ι
2071 1523 2179 1578 nisi
2211 1523 2362 1579 solus
2396 1523 2579 1588 Pater,
2625 1543 2644 1576 ι
2680 1525 2975 1594 accipiens,
3010 1537 3063 1581 et
3090 1543 3365 1597 exponens
3395 1531 3580 1594 tradit,

2012 1614 2376 1683 significatum
2410 1614 2730 1685 praeseferre
2765 1616 3059 1671 dictionem
3094 1618 3266 1682 illam,
3297 1639 3316 1671 ι
3347 1621 3580 1690 primum
3680 1671 3692 1687 ,

2007 1707 2210 1760 bonum
2239 1721 2361 1762 esse
2389 1705 2630 1762 Patrem.
2671 1727 2690 1758 ι
2725 1709 2939 1762 Etcum
2974 1723 3039 1763 ex
3071 1710 3346 1766 similibus
3367 1714 3579 1782 esposi-

2013 1797 2259 1854 tionibus
2295 1799 2626 1869 comperiam
2657 1800 2800 1853 solus
2833 1801 2897 1855 de
2935 1799 3098 1857 Patre
3144 1817 3241 1872 pro
3275 1805 3443 1872 primo
3493 1820 3586 1858 ac-

2007 1888 2137 1958 cipi,
2193 1904 2370 1958 neque
2424 1890 2514 1944 ubi
2549 1891 2701 1945 solus
2733 1891 2894 1946 Pater
2921 1905 3087 1947 causa
3122 1894 3345 1960 dicitur,
3379 1905 3473 1950 aut
3520 1907 3585 1950 ex

313 1987 424 2041 τοῦ
481 1988 693 2057 Πατρὶς
739 1988 861 2039 ἀντὶ
901 1984 996 2036 τοῦ
1044 1982 1282 2051 πρώτου
1326 1980 1730 2050 λαμϐάνεσθαι,
1781 1978 1903 2032 οὐδὲ

2020 1983 2125 2037 solo
2160 1981 2336 2048 Patre,
2380 1982 2625 2052 ignorem
2657 1983 2818 2038 verba
2862 1984 3147 2050 denotare,
3180 1990 3411 2055 primam
3451 2001 3584 2044 cau-

311 2082 464 2133 ὃπου
491 2079 651 2150 μόνος
683 2080 712 2130 6
745 2078 931 2147 Πατὴρ
964 2076 1136 2137 αἴτιος
1167 2074 1422 2141 λέγεται,
1457 2072 1489 2142 ἢ
1517 2073 1581 2124 ἐκ
1615 2071 1781 2141 μόνου
1810 2070 1903 2123 τοῦ

316 2171 568 2241 Πατρδς,
596 2168 778 2236 ἀγνοῶ
835 2166 1071 2236 δήλωσιν
1098 2165 1245 2234 ἔχειν
1275 2162 1344 2216 τὰ
1373 2163 1590 2232 ῥήματα
1613 2161 1707 2214 τοῦ
1761 2161 1908 2232 πρὼ-

313 2279 430 2332 την
458 2262 636 2313 αἰτίαν
671 2260 762 2312 τὸν
790 2257 1008 2324 Πατέρα
1047 2254 1310 2308 νοεῖσθαι.
1349 2253 1504 2305 Ἐπεὶ
1543 2252 1652 2323 γὰρ
1681 2251 1833 2304 οὐδέν
1854 2268 1908 2304 τι

313 2354 440 2407 τῶν
454 2355 555 2406 τοῦ
581 2351 714 2406 Υίοῦ
749 2350 891 2413 ἰδίως
907 2348 1056 2420 αὐτῷ
1103 2347 1300 2410 ἔνεστι,
1336 2347 1431 2399 καὶ
1455 2345 1608 2398 οὐδέν
1621 2345 1792 2398 τιτῶν
1813 2343 1906 2398 τοῦ

317 2445 465 2498 Υίοῦ
493 2444 566 2507 ὡς
619 2445 726 2497 ἰδία
747 2440 996 2511 ἐνέργειά
1043 2442 1159 2492 ἐστι
1199 2436 1351 2507 παρὰ
1379 2436 1477 2506 τὴν
1511 2436 1788 2507 ἐνέργειαν
1816 2433 1908 2489 τοῦ

318 2538 564 2606 Πατρός,
605 2535 720 2598 πῶς
759 2535 858 2586 οὐκ
895 2533 960 2585 ἂν
1006 2532 1166 2602 μόνος
1199 2531 1370 2592 αἴτιος
1397 2527 1588 2598 ῥηθείη
1621 2530 1649 2580 6
1682 2527 1906 2598 Πατήρ;

317 2631 512 2701 Ὅπερ
537 2632 646 2698 γὰρ
679 2631 707 2680 6
731 2627 902 2696 μέγας
926 2617 1079 2686 οὗτος
1138 2623 1328 2692 Πατὴρ
1380 2621 1509 2691 περὶ
1533 2620 1632 2688 τῆς
1658 2619 1910 2687 γνώσεως

313 2723 480 2792 λέγει
513 2723 610 2791 τῆς
681 2723 809 2788 περὶ
863 2718 964 2788 τῆς
1016 2718 1228 2787 ἡμέρας
1264 2714 1480 2784 ἐκείνης
1517 2715 1613 2766 καὶ
1641 2712 1738 2781 τῆς
1760 2711 1910 2781 ὥρας

319 2815 530 2883 σαφῶς
562 2812 936 2883 δογματίζων,
980 2809 1091 2863 οὐδ’
1129 2809 1195 2862 ἂν
1236 2809 1265 2860 6
1305 2807 1433 2868 Υἱὸς
1474 2806 1614 2874 ἔγνω
1670 2805 1907 2876 ἐκείνην,

317 2910 375 2959 εἰ
428 2905 500 2976 μὴ
523 2908 549 2957 6
580 2905 772 2974 Πατὴρ
806 2902 970 2969 ἔγνω,
995 2903 1105 2962 τοῖς
1135 2899 1342 2952 ἐκείνου
1365 2897 1544 2965 λόγοις
1594 2896 1912 2966 ὀποθαρρή·

322 3017 460 3060 σας,
492 2997 646 3050 τοῦτο
680 2997 772 3049 καὶ
806 2995 970 3056 αὐτος
999 2993 1128 3061 πῖρὶ
1177 2994 1276 3056 τῆς
1304 2991 1396 3044 τοῦ
1434 2989 1750 3057 Πνεύματος
1780 3005 1912 3057 προ-

321 3092 460 3144 όδου
515 3089 645 3158 ἐρῶ.
676 3088 791 3141 Οὐκ
818 3087 884 3141 ἄν
908 3101 1039 3138 ποτε
1071 3086 1130 3137 τὸ
1155 3083 1378 3152 Πνεῦμα
1413 3081 1682 3152 προῆλθεν
1706 3084 1769 3133 ἐκ
1817 3079 1910 3133 τοῦ

327 3179 497 3240 Υἰοῦ,
522 3179 570 3231 εἰ
607 3179 682 3248 μὴ
709 3174 979 3246 προῆλθεν
1005 3175 1070 3228 ἐκ
1097 3173 1191 3227 τοῦ
1224 3172 1457 3243 Πατρός.
1489 3172 1654 3224 Πόθεν
1684 3172 1750 3240 γᾶ
1762 3189 1792 3241 ρ
1846 3170 1913 3224 ἆν

323 3272 436 3325 καὶ
462 3270 618 3340 ἔσχεν
647 3270 868 3339 Πνεῦμα
895 3272 923 3323 ὀ
951 3268 1078 3331 Υἱὸς
1131 3269 1160 3321 6
1194 3266 1362 3337 μηδὲν
1395 3265 1535 3335 ἔχων
1575 3264 1708 3318 ἴδιον
1760 3265 1910 3332 παρὰ

319 3366 428 3417 τὸν
463 3331 702 3431 Πατέρα,
757 3331 804 3412 εί
839 3361 914 3430 μὴ
951 3358 1104 3429 παρὰ
1137 3331 1232 3410 τοῦ
1258 3331 1470 3426 Πατρός
1495 3355 1743 3428 contacti);
1766 3331 1914 3424 εῖχεν
1940 3331 1982 3389 c

322 3455 508 3520 3316;
555 3456 665 3508 Kal.
695 3453 819 3506 ἐπεὶ
863 3452 1064 3516 πάντα,
1099 3444 1174 3504 ὧν
1199 3451 1346 3503 ἐστιν
1379 3452 1407 3502 6
1452 3449 1579 3510 Υἱὸς
1611 3447 1802 3510 αἰτιος,
1836 3447 1914 3510 εἰς

321 3549 431 3600 τὸν
482 3547 706 3614 Πατέρα
727 3543 827 3614 τὴν
873 3541 1097 3612 πρώτην
1121 3540 1300 3593 αἰτίαν
1335 3540 1434 3611 τὴν
1473 3539 1753 3608 ἀναφορὰν
1778 3538 1914 3607 ἔχει,

324 3640 457 3702 πῶς
492 3638 614 3706 οὑχί
655 3637 816 3706 μόνος
849 3636 1025 3699 αἴτιος
1063 3637 1091 3688 6
1122 3635 1315 3702 Πατὴρ
1345 3635 1488 3686 κατὰ
1524 3632 1616 3684 τὸν
1639 3632 1704 3684 ἐκ
1727 3633 1915 3699 Δαμα-

325 3731 474 3784 σκοῦ
522 3731 772 3797 θεολόγον
827 3729 1168 3798 ῥηθήσεταις
1222 3725 1376 3779 Ἐπεὶ
1407 3724 1464 3778 δὲ
1497 3725 1661 3777 πάλιν
1695 3724 1916 3778 πάντων

328 3827 452 3879 τῶν
482 3824 576 3877 τοῦ
629 3822 846 3893 Πατρὸς
898 3819 1149 3890 φυσικῶν
1205 3818 1428 3887 ἀγαθῶν
1528 3816 1785 3878 κοινωνός
1823 3817 1911 3868 ὲσ-

325 3933 428 3968 τιν
454 3917 481 3967 ὀ
524 3914 669 3980 Υἱὸς,
723 3914 837 3976 πῶς
871 3911 992 3980 οὐχὶ
1026 3911 1087 3962 τὸ
1132 3911 1196 3961 ὲκ
1253 3906 1350 3960 τοῦ
1384 3907 1597 3978 Πατρὸς
1624 3907 1920 3976 λεγόμενον

327 4005 507 4075 εἶναι,
537 4007 634 4059 καὶ
666 4007 732 4058 ὲκ
770 4002 866 4058 τοῦ
914 4003 1046 4056 Υίοῦ
1087 3999 1394 4070 ῥηθήσεται
1419 3993 1606 4062 εἷναις
1648 4000 1745 4051 καὶ
1799 3996 1918 4060 πῶς

328 4099 405 4152 τὸ
436 4096 530 4150 τοῦ
558 4096 774 4166 lla-:96;
835 4092 1064 4163 Πνεῦμα
1104 4091 1228 4162 οὐχὶ
1273 4091 1370 4144 καὶ
1401 4088 1497 4143 τοῦ
1557 4087 1689 4143 Υἰοῦ
1741 4087 1914 4160 ῥηθή-

329 4206 501 4244 σεται
533 4189 755 4257 Πνεῦμα
799 4204 816 4254 ;
855 4187 952 4239 καὶ
983 4185 1100 4247 πῶς
1127 4184 1192 4236 ὲκ
1213 4181 1308 4234 τοῦ
1360 4181 1575 4252 Πατρδς
1597 4181 1839 4252 ὑπάρχον
1860 4182 1922 4231 τὸ

333 4282 572 4352 Πνεῦμα
635 4280 712 4350 μὴ
752 4280 850 4332 καὶ
881 4280 945 4330 ὲκ
975 4277 1070 4329 τοῦ
1117 4274 1248 4328 Υἰοῦ
1273 4275 1543 4344 ὑπάρχειν
1583 4272 1922 4343 ρηθήσεταις

329 4378 404 4429 Εἰ
435 4381 541 4444 γαρ
573 4375 649 4444 μὴ
677 4374 824 4424 τοῦτ’
880 4367 973 4439 ἦν,
1000 4369 1102 4422 οὐκ
1133 4367 1198 4421 ἂν
1232 4368 1259 4417 6
1290 4367 1465 4436 μέγας
1509 4365 1833 4426 Ἀθανάσιος
1864 4367 1922 4416 ἐν

325 4471 408 4536 τῇ
442 4469 579 4535 πρὸς
614 4466 940 4534 Σεραπίωνα
975 4461 1104 4530 περὶ
1139 4458 1235 4513 τοῦ
1263 4458 1421 4525 ἁγίου
1457 4457 1773 4526 Πνεύματος
1802 4457 1920 4509 ἐπι.

329 4560 506 4628 στολῇ
537 4557 602 4631 ἧς
637 4557 850 4627 ἡάρχὴ,
894 4574 911 4606 ι
960 4555 1245 4621 Ἐνέτυχον
1307 4551 1402 4603 καὶ
1433 4553 1498 4619 τῇ
1533 4549 1627 4602 νῦν
1651 4549 1926 4621 γραφείσῃ

2009 2087 2126 2128 sam
2162 2073 2378 2128 Putrem
2410 2073 2684 2144 intelligi;
2717 2089 2840 2130 cum
2871 2075 3016 2130 enim
3063 2077 3196 2130 nihil
3243 2090 3307 2132 ex
3343 2079 3428 2142 iis,
3465 2092 3586 2149 qua:

2011 2161 2133 2218 Filii
2165 2172 2316 2229 sunt,
2350 2164 2569 2234 proprie
2618 2164 2721 2234 ipsi
2756 2166 2917 2229 inest,
2948 2177 3003 2222 et
3045 2167 3180 2221 nihil
3211 2182 3276 2222 ex
3305 2167 3432 2236 illis,
3467 2185 3588 2240 quia:

2010 2253 2135 2310 Filii
2191 2265 2343 2320 sunt,
2394 2257 2612 2327 propria
2663 2258 2908 2328 operatio
2951 2269 3055 2327 est,
3108 2275 3217 2329 prae
3267 2261 3588 2330 operatione

2011 2349 2212 2414 Patris,
2245 2365 2486 2419 quanam
2532 2350 2745 2404 ratione
2779 2351 2929 2407 solus
2960 2367 3125 2408 causa
3175 2351 3335 2408 Pater
3362 2369 3470 2409 non
3510 2355 3592 2408 di-

2011 2446 2210 2502 cetur?
2237 2444 2392 2513 Quod
2421 2461 2654 2517 magnus
2684 2447 2771 2503 hic
2810 2446 2972 2502 Pater
2999 2447 3067 2504 de
3094 2450 3410 2520 cognitione
3443 2450 3590 2506 illius

2013 2536 2116 2590 diei
2143 2545 2200 2590 et
2228 2536 2377 2590 horae
2425 2535 2676 2603 aﬂirmat,
2737 2537 2898 2606 plane
2926 2537 3091 2592 veluti
3135 2538 3332 2610 dogma
3379 2542 3590 2596 cenatio

2015 2635 2195 2690 tuens,
2235 2641 2516 2696 nunquam
2564 2625 2763 2681 Filium
2817 2628 3005 2681 horam
3037 2628 3184 2683 iliam
3215 2630 3589 2700 cogniturum,

2019 2717 2124 2772 nisi
2152 2716 2311 2771 Pater
2335 2717 2702 2788 cognovisset,
2730 2717 2878 2773 illius
2905 2719 3255 2776 sermonibus
3285 2723 3590 2785 conlidens.

2019 2808 2122 2862 hoc
2156 2808 2334 2878 ipsum
2359 2817 2413 2863 ct
2441 2801 2540 2878 ego
2566 2810 2634 2865 de
2659 2809 2895 2878 Spiritus
2931 2826 3222 2881 pragressu
3254 2815 3590 2869 enuntiabo:

2016 2900 2306 2970 Nunquam
2339 2899 2580 2970 Spiritus
2613 2916 2936 2971 progressus
2971 2902 3163 2958 fuisset
3191 2919 3257 2958 ex
3293 2903 3455 2967 Filio.
3485 2907 3593 2961 nisi

2021 3005 2342 3059 progressus
2373 2990 2570 3045 fuisset
2607 3006 2669 3045 ex
2714 2991 2894 3046 Patre.
2951 2990 3104 3046 Uade
3133 2993 3281 3047 enim
3325 2993 3590 3064 Spiritum

2019 3082 2187 3138 Filius
2218 3083 2522 3149 habuisset,
2569 3085 2662 3153 qui
2691 3084 2826 3137 nihil
2853 3095 3047 3153 prteter
3077 3085 3292 3138 Patrem
3317 3086 3593 3155 proprium

2023 3175 2206 3240 habet,
2246 3176 2352 3230 nisi
2381 3191 2411 3230 a
2441 3173 2607 3230 Patre
2645 3176 2962 3230 naturaliter
2987 3177 3138 3230 illum
3173 3178 3511 3247 possideret?
3532 3177 3599 3232 Et

2021 3283 2150 3326 cum
2182 3268 2388 3332 omnia,
2433 3283 2667 3337 quorum
2702 3267 2873 3324 Filius
2923 3283 3090 3324 causa
3121 3279 3225 3335 est,
3273 3271 3339 3324 ad
3375 3269 3594 3326 Patrem

2022 3361 2251 3432 primam
2287 3375 2510 3416 causam
2546 3361 2881 3427 referantur,
2924 3379 3162 3433 quanam
3220 3365 3434 3420 ratione
3483 3379 3592 3418 n0u

2023 3453 2172 3508 solus
2198 3469 2364 3509 causa
2399 3453 2562 3509 Pater
2611 3461 3002 3520 astructur,“ut
3031 3457 3402 3513 Damascenns
3437 3456 3595 3512 theo~

2023 3544 2177 3612 logus
2208 3544 2498 3616 indigitat?
2532 3546 2597 3600 Et
2633 3562 2759 3601 rum
2791 3563 2980 3602 rursus
3007 3549 3251 3601 omnium
3278 3547 3458 3603 Patris
3502 3565 3599 3603 na-

2025 3634 2283 3688 turalium
2321 3637 2588 3691 bonorum
2631 3635 2800 3691 Filius
2833 3639 3104 3708 particeps
3153 3648 3259 3702 est,
3291 3655 3398 3710 quo
3437 3651 3598 3710 pacto

2023 3727 2118 3795 qui
2151 3743 2217 3782 ex
2251 3726 2410 3783 Patre
2453 3729 2654 3785 dicitur
2687 3746 2831 3792 esse,
2875 3746 2979 3784 nou
3018 3733 3230 3786 dicetur
3272 3748 3394 3788 esse
3435 3744 3490 3787 et
3528 3748 3594 3788 ex

2028 3813 2202 3870 Filio?
2225 3826 2278 3870 et
2302 3818 2579 3887 quomodo
2618 3817 2797 3874 Patris
2827 3818 3066 3887 Spiritus
3131 3835 3238 3888 non
3293 3821 3507 3877 dicetur
3547 3833 3604 3877 et

2028 3905 2150 3961 Filii
2188 3907 2462 3979 Spiritus?
2491 3908 2555 3965 Et
2585 3925 2694 3980 qua
2727 3911 2937 3985 ratione
2969 3910 3206 3981 Spiritus
3237 3915 3508 3968 cxsistens
3533 3931 3600 3968 ex

2031 4003 2218 4070 Patre,
2247 4020 2356 4059 non
2385 4005 2586 4060 dicitur
2614 4021 2680 4060 es
2717 4005 2854 4061 Filio
2877 4022 3098 4078 quoque
3119 4008 3604 4064 exsistere?Nam~

2031 4109 2138 4166 que
2165 4095 2216 4150 id
2254 4095 2303 4151 si
2342 4111 2450 4152 non
2493 4105 2659 4160 esset,
2687 4112 2970 4169 nunquam
3001 4113 3233 4170 magnus
3270 4100 3604 4156 Athanasius

2029 4189 2095 4240 ad
2133 4187 2490 4258 Serapionem
2518 4188 2770 4260 epistola,
2795 4190 2955 4259 cujus
2988 4190 3318 4260 principium
3340 4231 3355 4253 ,
3396 4208 3416 4243 ι
3465 4190 3608 4246 Red-

2027 4275 2138 4329 dita
2169 4284 2253 4331 est
2285 4275 2422 4331 mihi
2453 4291 2602 4331 nunc
2628 4290 2657 4331 a
2701 4286 2792 4330 tua
2823 4278 3024 4346 pietate
3056 4278 3256 4346 scripta
3284 4278 3539 4346 epistola,
3577 4295 3596 4330 ι

2029 4368 2376 4436 scripsisset:
2436 4387 2454 4420 ι
2511 4366 2760 4422 Profecto
2801 4367 2962 4421 Patre
3016 4367 3262 4421 mittente
3315 4365 3600 4436 Spirittttn,

2041 4457 2215 4513 Filius
2248 4459 2472 4513 sumans
2497 4460 2665 4512 tradit
2713 4459 2868 4511 illum
2902 4457 3208 4526 discipulis,
3250 4474 3374 4511 cum
3423 4458 3605 4512 omnia

2029 4566 2151 4621 qua:
2185 4550 2351 4604 habet
2383 4551 2544 4604 Pater
2573 4549 2692 4604 Filii
2729 4551 2859 4604 sint.
2892 4568 2911 4601 ι

324 4657 598 4725 ἐπιστολῇ
633 4654 782 4723 παρὰ
806 4651 899 4718 τῆς
932 4647 1028 4715 σῆς
1058 4646 1343 4707 εὐλαϐείας
1365 4681 1382 4706 ,
1427 4661 1448 4695 ο
1481 4643 1615 4710 ἔφη·
1654 4659 1673 4691 ι
1697 4640 1912 4710 Ἀμέλει
1934 4639 2025 4693 τοῦ
2063 4640 2274 4708 Πατρὸς
2306 4641 2614 4710 πέμποντος
2648 4640 2707 4692 τὸ
2773 4640 3015 4712 Πνεῦμα,
3039 4639 3068 4692 6
3097 4640 3223 4704 Υἱὸς
3255 4640 3514 4710 ἐμφυσῶν
3533 4643 3608 4696 δί-

323 4747 503 4799 δωσιν
548 4744 678 4795 αὐτὸ
714 4743 820 4803 τοῖς
848 4740 1138 4809 μαθηταῖς,
1175 4737 1362 4802 ἐπειδὴ
1408 4734 1586 4786 πάντα
1617 4731 1716 4783 ὅσα
1740 4731 1858 4800 ἔχει
1895 4733 1923 4783 6
1951 4731 2138 4802 Πατὴρ
2166 4731 2261 4783 τοῦ
2296 4731 2430 4784 Υίοῦ
2469 4733 2642 4784 ἐστιν.
2676 4749 2695 4783 ι

423 4835 514 4904 ιη’.
540 4835 616 4887 Ἐἰ
646 4834 702 4886 δὲ
734 4833 797 4883 σὺ
828 4833 894 4882 ὲκ
922 4828 1018 4882 τοῦ
1074 4826 1282 4896 Πατρὶς
1332 4822 1548 4878 ἁκούων
1602 4825 1664 4875 sb
1696 4821 1910 4891 Πνεῦμι

2109 4823 2198 4878 18.
2239 4823 2393 4888 Quod
2422 4823 2468 4877 si
2505 4832 2562 4876 tu
2595 4838 2664 4876 ex
2692 4821 2850 4877 Patre
2890 4822 3120 4878 audiens
3154 4823 3415 4892 Spiritum
3450 4837 3509 4882 et
3540 4841 3604 4881 ex

333 4931 443 4986 καὶ
467 4933 530 4984 ὲκ
558 4928 652 4982 τοῦ
680 4926 831 4992 Υίοῦ,
851 4923 944 4977 δύο
973 4924 1116 4978 κατὰ
1142 4923 1323 4974 πᾶσαν
1360 4921 1608 4989 ἀνάγκην
1664 4921 1732 4972 τὰ
1774 4919 1925 4972 αίτια

332 5025 518 5086 θέλεις
547 5024 712 5083 νοεῖν,
740 5018 854 5073 ἀλλ’
883 5017 996 5086 ἐγὼ
1027 5015 1202 5069 ταῦτὰ
1236 5031 1319 5067 σοι
1362 5012 1683 5082 ὑποτίθημι.
1743 5011 1928 5065 Ἐπεί-

330 5135 452 5185 περ
491 5118 520 5168 6
576 5115 680 5182 τῆς
717 5110 1001 5171 εὐσεϐείας
1055 5108 1281 5161 ἀπαιτεῖ
1328 5105 1486 5173 λόγος
1536 5102 1765 5155 ἕπεσθαι
1811 5105 1926 5166 τοῖς

331 5207 496 5274 παρὰ
528 5204 633 5257 τῶν
681 5203 852 5271 ἁγίων
886 5200 1150 5270 Πατέρων
1213 5190 1599 5266 παραδοθεῖσιν
1646 5195 1778 5262 ἡμῖν
1807 5194 1927 5246 θεο-

329 5301 600 5367 λογικῶς,
658 5299 884 5366 πρώτην
946 5295 1132 5348 αἰτίαν
1166 5291 1255 5344 τὸν
1276 5289 1500 5358 Πατέρα
1553 5285 1923 5350 ἁκούεις,καὶ

335 5396 478 5465 μίαν
513 5393 727 5452 πάντως
758 5389 962 5449 αἰτίαν,
1016 5385 1106 5438 διὰ
1138 5383 1198 5436 τὸ
1232 5383 1340 5436 πᾶν
1359 5381 1422 5433 τὸ
1444 5379 1599 5450 παρὰ
1631 5379 1724 5432 τοῦ
1787 5379 1918 5432 Υἰοῦ

332 5486 634 5553 λεγόμενον
666 5479 805 5536 εἶναι
830 5482 907 5543 εἰς
937 5478 1104 5533 αὑτὸν
1127 5471 1523 5543 ἀναφέρεσθαι,
1579 5471 1674 5522 καὶ
1723 5485 1920 5538 περαι-

333 5579 486 5646 τέρω
523 5574 998 5644 πολυπραγμονεῖν
1039 5586 1098 5622 σε
1121 5569 1182 5621 οὐ
1206 5569 1307 5631 δεῖ,
1343 5565 1514 5626 θέλεις
1581 5564 1662 5626 εἰς
1699 5562 1918 5616 διαστο-

332 5673 439 5739 λὴν
500 5669 595 5722 τοῦ
629 5666 760 5720 Υίοῦ
806 5661 1194 5732 ἰκλαμὸἀνειν,
1251 5660 1384 5712 ὅπου
1433 5657 1494 5710 τὸ
1546 5652 1642 5709 τοῦ
1707 5651 1922 5723 Πατρδς

333 5764 513 5832 ὄνομα
543 5761 685 5831 μετὰ
705 5757 1022 5829 προσθήκης
1055 5755 1151 5808 τοῦ
1174 5753 1365 5823 μόνοιν
1401 5750 1740 5820 εὑρίσκεται.
1780 5743 1920 5800 Ἀλλ’

336 5859 370 5906 6
411 5855 584 5922 μέγας
609 5849 890 5909 Βασίλειος
947 5846 1356 5917 ἐξηγησάμενος
1387 5841 1469 5906 τὸ,
1505 5859 1522 5890 ι
1558 5839 1748 5895 Οϋὸεὶς
1799 5833 1910 5890 οἶδε

335 5946 432 5997 τὸν
464 5945 592 5998 Υἰὸν
626 5946 675 5997 εί
706 5943 780 6012 μὴ
807 5943 835 5994 6
873 5940 1084 6010 Πατὴρ,
1126 5957 1142 5991 t
1177 5937 1271 5992 καὶ
1293 5933 1652 6004 παραστήσας
1700 5929 1799 5982 οὐκ
1831 5931 1907 5990 είς

2035 4913 2195 4980 Filio,
2237 4917 2375 4970 duas
2417 4930 2648 4986 prorsus
2696 4917 3011 4971 necessario
3060 4931 3253 4971 causas
3311 4917 3609 4986 intelligere

2039 5009 2138 5072 vis,
2165 5022 2267 5078 ego
2318 5008 2434 5062 hac
2491 5008 2585 5062 tibi
2621 5022 2873 5078 suggero.
2909 5006 3360 5078 Quandoquidem
3394 5009 3610 5078 pietatis

2032 5101 2175 5154 ratio
2213 5099 2482 5169 deposcit,
2535 5114 2658 5168 qua:
2704 5115 2734 5153 a
2771 5101 2977 5154 sanctis
3013 5098 3266 5154 Patribus
3303 5101 3461 5156 nobis
3499 5113 3612 5155 tra-

2028 5193 2144 5247 dita
2186 5203 2340 5257 sunt,
2373 5192 2678 5261 theologica
2731 5191 2877 5246 dicta
2905 5191 3084 5262 sequi,
3118 5194 3350 5262 primam
3383 5209 3606 5247 causam

2027 5287 2243 5341 Patrem
2295 5289 2492 5351 audis,
2543 5294 2600 5341 et
2654 5302 2820 5341 unam
2871 5288 3123 5342 Omnium
3174 5302 3418 5350 causam,
3464 5289 3610 5356 quod

2026 5379 2298 5449 quidquid
2332 5396 2360 5432 a
2397 5377 2536 5433 Filio
2567 5394 2690 5433 esse
2724 5379 2946 5442 dicitur,
2990 5379 3044 5431 in
3098 5378 3275 5447 ipsum
3315 5377 3604 5440 referatur,

2025 5471 2280 5539 ultraque
2331 5471 2606 5525 curiosius
2645 5470 2902 5538 indagare
2937 5483 3044 5523 non
3094 5469 3342 5533 addecet,
3379 5478 3604 5522 conten-

2027 5562 2112 5616 dis
2144 5563 2210 5616 ad
2243 5563 2648 5617 distinctionem
2685 5561 2812 5616 Filii
2843 5561 3037 5631 accipi,
3072 5562 3162 5615 ubi
3190 5559 3367 5615 Patris
3407 5575 3604 5615 nomen

2029 5670 2153 5710 cum
2185 5655 2351 5708 solius
2377 5654 2655 5709 additione
2695 5655 2988 5722 reperitur.
3020 5653 3088 5706 At
3116 5668 3344 5724 magnus
3376 5652 3608 5707 Basilius

2031 5747 2418 5815 interpretans,
2453 5765 2472 5798 ι
2512 5745 2682 5800 Nemo
2715 5746 2866 5800 novit
2896 5743 3093 5799 Filium
3125 5745 3228 5800 nisi
3274 5744 3459 5810 Pater,
3496 5764 3516 5798 ι
3550 5761 3607 5800 et

2036 5839 2372 5892 conﬁrmans
2433 5853 2539 5891 non
2589 5837 2655 5891 ad
2693 5836 3103 5891 distinctionem
3164 5835 3284 5892 Filii
3323 5838 3452 5892 illud
3485 5855 3609 5892 essu

2037 5931 2408 5994 enuntiatum,
2443 5929 2534 5984 sed
2596 5929 2661 5982 ad
2722 5928 3136 5996 intrinoandutn,
3174 5931 3408 6000 primum
3461 5927 3609 5986 Patri
