3974 6648
310 489 418 554 273

1340 507 1437 566 DE
1483 506 2000 567 PROCESSION‘E
2030 505 2102 566 .S.
2149 503 2530 564 SPIR‘ITUS.

3444 498 3551 562 ΞΜ

309 604 656 673 Χριστιανῶν
708 610 886 680 δόγμα
930 611 1004 682 τῷ
1057 614 1417 682 παραδοδέντι
1470 617 1732 686 Συμὸόλῳ
1781 617 1876 684 τῆς

1995 631 2122 677 esse,
2176 613 2228 668 in
2267 613 2466 668 tradito
2521 609 2650 667 ﬁdei
2679 608 2932 680 Symbolo
2967 623 3073 663 non
3105 607 3395 674 inclusum,
3443 627 3552 681 quc

311 699 553 762 πίστεως
587 701 664 769 μὴ
693 703 1096 773 ἐμφερόμενον,
1136 707 1262 760 πότε
1295 708 1361 760 ἆν
1391 711 1418 762 ό
1459 709 1670 777 ἀληθὴς
1719 709 1878 776 λόγος

307 788 410 856 τῆς
466 789 566 858 σῆς
614 791 857 856 διανοίας
927 795 1294 867 ὲνανγασθείη
1360 800 1472 857 τοῖς
1536 797 1876 866 ὀφθαλμοῖς

310 882 462 950 Πλὴν
493 884 542 936 εί
573 887 666 937 καὶ
701 886 791 952 σὺ,
822 887 972 948 ὅστις
1016 889 1082 942 ἂν
1136 891 1277 960 εἴης,
1326 893 1354 944 δ
1390 891 1532 944 οὕτω
1574 893 1879 945 διακεῖσθαι

308 971 660 1042 βουλόμενος,
699 975 851 1045 βύεις
888 978 956 1031 τὰ
983 973 1097 1032 ὦτα
1137 983 1273 1048 πρὸς
1319 984 1425 1035 πᾶν
1483 982 1542 1036 τδ
1593 983 1731 1052 πρὸς
1783 983 1880 1052 τὴν

303 1066 535 1134 εἰρήνην
553 1085 612 1120 σε
635 1069 1060 1137 ἐκκαλούμενοι),
1099 1073 1234 1124 ἀλλὰ
1258 1073 1347 1126 διὰ
1375 1076 1501 1137 τοὺς
1530 1074 1879 1144 εὐγνώμονας

302 1156 419 1207 τῶν
443 1158 728 1226 ἀκροατῶν
758 1157 868 1226 ἐγὼ
900 1163 991 1213 καὶ
1022 1161 1183 1214 πάλιν
1216 1163 1346 1232 ἐρῶ,
1377 1163 1412 1218 ἆ
1446 1181 1504 1217 τε
1531 1167 1882 1234 προτεινομέ-

301 1264 434 1308 νους
461 1251 696 1319 ἀκήκοα,
719 1251 845 1313 τοὺς
871 1251 958 1305 διὰ
989 1254 1217 1321 ταυτηνὶ
1247 1256 1356 1324 τὴν
1395 1256 1570 1310 αἰτίαν
1627 1258 1725 1326 τὴν
1773 1258 1879 1310 τῶν

315 1340 665 1407 Ἐκκλησιῶν
697 1342 1126 1412 ἀπωθουμένους
1152 1346 1396 1417 εἰρήνην,
1437 1348 1530 1400 καὶ
1552 1348 1697 1420 ἅπερ
1757 1352 1877 1420 ἐμοὶ

307 1433 668 1486 συντείνοντα
720 1435 870 1487 δοκεῖ
926 1436 1063 1506 πρὸς
1113 1437 1214 1508 τήν
1269 1439 1479 1492 τούτων
1536 1441 1876 1512 ἀνατροπήν,

305 1527 751 1594 προηγουμένως
787 1527 886 1597 μὲν
919 1529 1246 1600 παραϐάτην
1276 1524 1419 1584 εἶναι
1468 1533 1566 1598 τῆς
1599 1534 1881 1599 εὐσεϐείας

306 1615 473 1678 φασὶ,
503 1613 595 1666 τδν
636 1616 802 1685 μέχρι
832 1617 964 1684 γοῦν
995 1620 1091 1670 καὶ
1127 1621 1252 1689 μιᾶς
1278 1621 1511 1690 κεραίας
1540 1622 1881 1693 τολμήσοντα

304 1706 637 1775 προσθεῖναι
688 1710 780 1762 ἐπὶ
827 1709 906 1779 τῷ
940 1710 1202 1782 Συμϐόλῳ
1261 1713 1358 1782 τῆς
1401 1714 1658 1778 πίστεως.
1719 1717 1884 1784 ὐπη-

304 1798 443 1850 νίκα
486 1798 542 1851 δὲ
587 1799 896 1858 ἀκούσωσιν
935 1802 1097 1856 Ἀλλὰ
1153 1803 1286 1867 Θεὸς
1331 1805 1392 1858 τὸ
1433 1805 1655 1873 Πνεῦμα
1690 1807 1749 1857 ἐν
1805 1806 1884 1878 τῷ

304 1890 578 1961 Συμεὸλῳ
601 1893 702 1945 οὐκ
727 1894 961 1963 ετρηται,
984 1895 1094 1948 οὐδ’
1118 1896 1402 1965 όμοούσιον
1430 1897 1606 1967 Harp!
1631 1898 1723 1951 καὶ
1746 1898 1879 1968 Υίῷ,

1984 706 2195 761 tandem
2231 713 2474 773 tempore
2510 717 2633 758 vera
2669 710 2778 756 tute
2811 701 3006 757 mentis
3065 700 3204 755 ratio
3257 703 3554 772 oculusque

1982 797 2430 854 eollustrabitur?
2464 796 2530 850 Et
2568 795 2613 850 si
2662 804 2744 861 tu,
2788 795 3034 863 quisquis
3086 793 3302 848 tandem
3359 793 3549 855 fueris,

1982 890 2080 958 qui
2107 890 2178 943 ita
2208 888 2456 951 alIectus,
2500 887 2565 941 ad
2591 901 2754 942 voces
2784 901 2994 949 omnes,
3031 901 3218 955 pacem
3250 885 3554 940 adhortan-

1985 991 2067 1036 tes
2097 997 2256 1036 aures
2283 981 2515 1044 claudis,
2545 978 3146 1046 nihilominuspropter
3167 991 3354 1046 aequos
3393 976 3554 1031 audi-

1981 1083 2130 1128 tores
2159 1088 2348 1128 rursus
2377 1072 2491 1140 ipse
2527 1079 2788 1138 repetam,
2824 1085 2944 1137 quae
2991 1083 3086 1123 eos
3115 1082 3417 1137 proponere
3455 1082 3550 1121 au-
3605 1133 3609 1138 Ι

1983 1166 2114 1228 divi,
2145 1166 2236 1234 qui
2292 1173 2513 1235 propter
2545 1163 2685 1216 banc
2710 1176 2929 1216 causam
2968 1175 3153 1229 pacem
3189 1157 3552 1214 Ecclesiarnm

1983 1257 2260 1326 rejiciunt,
2311 1270 2538 1325 quaeque
2583 1255 2827 1322 apprime
2863 1252 2928 1306 ad
2955 1265 3050 1307 eos
3093 1251 3418 1307 refellendos
3449 1251 3557 1304 uti-

1981 1348 2054 1402 lia
2113 1356 2277 1418 atq-ue
2336 1346 2700 1401 conducibilia
2754 1343 3031 1398 videntur.
3095 1343 3235 1396 Ante
3290 1340 3395 1395 alia
3427 1355 3557 1394 vero

1982 1439 2197 1508 pietatis
2223 1453 2343 1492 esse
2370 1437 2684 1492 violatorem
2719 1443 2993 1498 asserunt,
3025 1433 3108 1487 vel
3151 1447 3319 1487 unum
3347 1431 3554 1501 apicem

1983 1531 2037 1583 in
2074 1528 2330 1599 Symbolo
2370 1527 2491 1582 ﬁdei
2526 1525 2722 1580 addere
2761 1533 3205 1595 prmsumcntem.
3258 1523 3559 1578 Verumta-

1983 1637 2104 1675 men
2140 1635 2262 1674 cum
2301 1620 2546 1681 audiunt,
2583 1617 2689 1673 Sed
2731 1616 2872 1671 Deus
2904 1615 3141 1685 Spiritus
3179 1614 3230 1668 in
3286 1612 3544 1684 Symboio

1985 1726 2089 1765 non
2122 1710 2335 1780 legitur,
2369 1725 2546 1778 neque
2583 1704 3068 1764 consubstantialis
3121 1705 3268 1759 Patri
3306 1713 3360 1759 et
3392 1705 3550 1766 Filio,

1985 1809 2410 1870 oportet-etque,
2470 1810 2530 1853 ut
2570 1798 2702 1868 ipsis
2763 1797 3066 1861 allubeseit,
3130 1796 3344 1864 pietatis
3393 1794 3559 1847 viola—

1987 1891 2150 1948 tionis
2209 1892 2412 1945 crimen
2466 1891 2606 1946 inuri
2648 1889 2972 1958 theologiam
3019 1889 3158 1944 hanc
3203 1888 3254 1941 in
3303 1887 3560 1958 Symbolo

303 1983 412 2032 καὶ
465 1981 546 2034 δεῖ
583 1983 778 2036 λοιπὸν
829 1984 973 2038 κατὰ
1022 1987 1083 2039 τὸ
1133 1987 1325 2040 δοκοῦν
1357 1989 1542 2052 αὐτοῖς
1593 1991 1882 2053 εὐσεϐείας

1995 2001 2098 2038 ιιοη
2145 1985 2394 2039 traditam
2453 1983 2889 2043 decernentibus,
2950 1981 3050 2050 ipsi
3100 1981 3316 2050 quidem
3366 1995 3560 2035 conce-

303 2067 669 2132 ἐγκαλεῖσθαι
694 2071 1044 2140 παραόασίαν
1075 2077 1200 2134 τοὺς
1234 2075 1331 2145 τὴν
1365 2076 1644 2144 θεολογίαν
1678 2080 1886 2149 ταύτην

309 2159 397 2226 μὴ
428 2159 506 2228 τῷ
531 2161 794 2230 Συμϐόλῳ
822 2164 1208 2238 ἐμφερομένην
1261 2167 1668 2236 θεολογοιῖντας,
1701 2171 1884 2244 δέχον-

303 2265 410 2300 ται
455 2251 555 2321 μὲν
591 2252 792 2324 μηκέτι
821 2254 1073 2324 κρίνεθαι
1108 2257 1367 2323 ἀσεϐείας
1413 2261 1539 2324 τοὺς
1573 2262 1668 2314 καὶ⁸
1701 2262 1769 2315 τὰ
1811 2262 1886 2333 μὴ

306 2341 676 2411 ἐμφερόμενα
724 2345 805 2414 τῷ
847 2347 1112 2418 Συμϐόλῳ
1141 2349 1532 2417 θεολογοῦντας
1565 2354 1645 2417 είς
1677 2354 1886 2409 ἔννοιαν

304 2431 556 2501 εὐσεῦῆο
613 2434 815 2504 ἐφεξῆς
842 2437 900 2490 δὲ
929 2437 1003 2501 ὡς
1037 2439 1258 2510 ἰσχυρόν
1309 2459 1362 2494 τι
1404 2443 1543 2512 τάχα
1604 2445 1696 2498 καὶ
1739 2446 1886 2516 ἄμα-

304 2524 799 2591 χονπροτείνουσιν
843 2529 925 2591 είς
971 2529 1312 2602 ἀντίρρησιν,
1361 2531 1508 2584 Ἀλλ’
1552 2535 1580 2586 ό
1628 2536 1887 2605 μέγιστος

311 2613 593 2687 Κύριλλος
632 2617 735 2687 τῆς
774 2619 967 2690 τρίτης
1025 2623 1248 2677 συνόδου
1291 2625 1536 2695 ἀρχηγὸς
1583 2625 1679 2692 ὣν,
1730 2631 1889 2700 εἴπερ

304 2705 437 2776 ᾔδει
469 2709 531 2760 ὲκ
554 2708 648 2761 τοῦ
681 2711 810 2763 Υἱοῦ
838 2711 899 2765 τὸ
927 2713 1149 2781 Πνεῦμα
1170 2715 1438 2787 ὑπάρχον,
1471 2719 1584 2782 πῶς
1618 2720 1680 2772 οὐ
1711 2739 1883 2792 προσ-

305 2799 477 2852 έθετο
535 2801 592 2852 ὲν
645 2801 724 2871 τῷ
809 2804 1099 2876 Συμϐόλῳ,
1164 2826 1183 2859 ι
1231 2809 1324 2862 καὶ
1384 2812 1446 2862 ἐκ
1497 2809 1591 2864 τοῦ
1645 2813 1811 2879 Υίοῦ;
1862 2833 1882 2867 ι

322 2891 654 2957 Ἀκούοντες
677 2894 733 2947 δὲ
763 2899 857 2948 καὶ
904 2900 998 2950 ἐπὶ
1046 2900 1176 2963 ταῖς.
1215 2901 1502 2966 τοιαύταις
1555 2903 1888 2971 ἀντιλογίαις

306 2983 504 3035 αὐτῶν
532 2985 607 3048 ὡς
639 2987 690 3039 οἱ
722 2987 967 3058 Πατέρες
1005 2990 1102 3060 τῆς
1130 2990 1390 3062 δευτέρας
1421 2994 1640 3048 συνόδου
1691 2995 1761 3048 δι’
1798 2999 1889 3048 οὐ-

308 3075 412 3127 δὲν
441 3075 648 3147 ἕτερον,
685 3078 799 3131 ἀλλ’
836 3080 871 3150 ,ἢ
903 3081 992 3133 διὰ
1019 3083 1113 3134 τὸν
1147 3085 1290 3137 κατὰ
1334 3085 1443 3139 τῶν
1491 3089 1889 3160 Πνευματομά-

310 3183 434 3236 χων
467 3167 850 3238 ἀθροισθέντες
881 3173 1093 3242 ἀγῶνα,
1135 3176 1229 3228 καὶ
1255 3178 1459 3232 σκοπὸν
1483 3178 1604 3232 ὅλον
1659 3180 1756 3249 τῆς
1807 3182 1889 3244 εἰς

310 3258 382 3310 τὺ
414 3259 546 3312 αὐτὸ
573 3261 884 3333 συνδρομῆς
910 3266 1009 3334 τὴν
1037 3268 1136 3336 τῆς
1162 3269 1460 3337 θεολογίας
1494 3271 1588 3324 τοῦ
1627 3272 1886 3343 Πνεύμα-

310 3363 414 3407 τος
445 3348 812 3419 διατράνωσιν
846 3353 1088 3422 ἔχοντες,
1117 3357 1256 3427 ὅπερ
1283 3359 1440 3428 δῆλον
1481 3361 1588 3414 ἀπὸ
1643 3363 1737 3416 τοῦ
1794 3365 1890 3417 καὶ

310 3438 424 3506 τὴν
477 3441 802 3512 προσθήκην
859 3448 1039 3499 πᾶσαν
1081 3449 1211 3519 περὶ⁹
1281 3451 1444 3518 μόνου
1495 3454 1746 3519 γενέσθαι
1796 3455 1888 3508 τοῦ

313 3529 665 3600 Πνεύματος.
704 3535 850 3588 διατί
895 3537 969 3608 μὴ
998 3537 1133 3592 Θεδν
1168 3541 1229 3592 τὸ
1261 3543 1508 3613 Πνεῦμα,
1541 3546 1636 3597 καὶ
1685 3546 1888 3616 όμοού·

315 3640 442 3676 σιον
477 3625 652 3698 Πατρὶ
688 3633 781 3682 καὶ
817 3631 930 3701 Υἱῷ
959 3635 1018 3686 ὲν
1049 3634 1125 3701 τῷ
1167 3635 1428 3705 Συμϐόλῳ
1472 3639 1728 3707 φανερῶς
1769 3641 1893 3692 ἁνε-

314 3719 591 3786 κήρυξαν,
618 3722 756 3793 δπερ
784 3725 944 3778 πλέον
963 3726 1072 3778 τῶν
1104 3728 1505 3796 προστεθεισῶν
1539 3731 1647 3782 dm
1659 3730 1766 3783 σῶν
1799 3731 1858 3782 λέ
1878 3761 1891 3772 -

317 3808 464 3873 ξεων
490 3813 618 3881 περὶ
645 3815 835 3880 αὐτοῦ,
879 3816 1072 3886 ἔμελλε
1101 3819 1201 3889 τὴν
1250 3820 1415 3873 αὐτοῦ
1452 3820 1688 3893 θεότητα
1733 3841 1895 3894 παρι-

317 3904 462 3972 στᾴν
509 3907 606 3957 καὶ
633 3906 998 3976 δ,ιατρανοῦν;
1036 3911 1360 3976 Ἀκούοντες
1385 3913 1519 3982 γοῦν
1567 3913 1762 3979 ταῦτα,
1811 3917 1891 3968 ἔτι

313 3995 380 4048 δὲ
409 3997 502 4048 καὶ
534 4002 1034 4068 προσεπακούοντες
1071 4004 1148 4068 ὼς
1189 4007 1218 4058 ό
1269 4005 1590 4075 θαυμαστὸς
1620 4006 1893 4077 Κύριλλος

315 4086 418 4139 τὸν
448 4088 546 4156 τῆς
577 4090 770 4158 τρίτης
816 4092 1035 4146 συνόδου
1099 4094 1366 4163 σύλλογον
1419 4096 1510 4148 διὰ
1569 4098 1738 4166 μόνην
1793 4097 1893 4167 τὴν

317 4179 618 4246 Θεοτόιιος
675 4184 915 4236 ἐποιεῖτο
960 4187 1170 4256 φωνὴν,
1217 4187 1314 4241 καί⁹
1365 4187 1453 4241 ἵνα
1502 4188 1554 4240 τί
1597 4173 1682 4258 μή
1724 4189 1782 4241 ἐν
1816 4188 1893 4258 τῷ

320 4270 593 4342 Συμϐόλῳ
620 4275 909 4345 προδήλως
937 4280 1236 4333 Θεοτόκον
1263 4279 1602 4351 ἀνηγόρευσε
1647 4279 1745 4350 τὴν
1797 4280 1891 4333 τοῦ

319 4363 539 4431 Κυρίου
586 4367 825 4436 μητέρα,
881 4369 1018 4422 ἀλλὰ
1057 4370 1277 4441 Μαρίαν
1329 4373 1633 4440 Παρθένον,
1698 4371 1894 4441 αἰσχύ-

319 4468 514 4506 νονται
562 4456 680 4524 μὲν,
706 4457 1027 4527 δεδογμένον
1071 4461 1130 4514 δὲ
1169 4462 1318 4527 ἅπαξ
1375 4464 1561 4526 αὐτοῖς
1612 4463 1751 4533 πρὸς
1802 4464 1898 4534 τὴν

318 4545 802 4618 ἐκκλησιαστικὴν
857 4552 1086 4621 είρήνην
1153 4554 1518 4624 ἁφηνιάζειν,
1585 4557 1684 4627 τῆς
1739 4557 1893 4625 σφῶν

320 4637 509 4690 αὐτῶν
533 4643 835 4710 πεισμονῆς
857 4645 961 4696 οὐκ
993 4646 1345 4713 ἀφίστανται.

397 4735 504 4784 κα’.
554 4730 696 4786 Ἀλλ’
728 4729 874 4788 οὗτοι
913 4736 1012 4804 μὲν
1043 4739 1301 4808 ἐχόντων,
1331 4741 1405 4803 ὡς
1436 4741 1641 4812 έχουσι.
1673 4743 1891 4796 Γένθιιτο

320 4821 388 4874 δὲ
411 4823 521 4876 κᾶν.
547 4825 678 4892 γοῦν
706 4827 802 4896 ὀψὲ
825 4828 919 4882 τοῦ
951 4831 1145 4900 χρόνου
1173 4833 1270 4886 καὶ
1317 4833 1518 4898 αὐτοὺς
1570 4835 1896 4904 ἐπιγνόντας

319 4916 427 4977 τὰς
456 4919 597 4970 κατὰ
631 4923 862 4992 καιροὺς
889 4927 1191 4992 γενομένας
1253 4927 1406 4999 παρὰ
1440 4929 1704 5000 Πατέρων
1735 4930 1894 5000 ήμῶν

325 5007 572 5074 μεγάλας
599 5012 944 5081 οἰκονομίας,
976 5015 1068 5067 τὸν
1108 5016 1182 5086 μή
1213 5019 1334 5070 κατ’
1383 5019 1684 5087 ἐπίγνωσιν
1729 5035 1897 5090 παρι-

321 5100 443 5152 δεῖν
467 5100 653 5173 ζῆλον,
690 5108 783 5158 καὶ
816 5107 954 5176 πρὸς
985 5108 1086 5178 τὴν
1114 5111 1224 5163 τῶν
1281 5113 1621 5182 Ἐκκλησιῶν
1672 5115 1897 5184 εἰρήνην

327 5192 673 5264 ἱλαρώτερον
700 5197 1031 5258 ἑνατενίσαι.
1097 5203 1287 5271 Ὑμεῖς
1333 5202 1412 5265 δὲ,
1459 5202 1503 5258 ὦ
1553 5204 1898 5275 εὐγνώμονες

324 5283 438 5336 τῶν
485 5287 632 5356 ἐμῶν
703 5288 876 5358 λόγων
933 5293 1231 5363 ἀκροαταὶ,
1283 5297 1423 5350 αὐτὰ
1482 5297 1551 5350 τὰ
1599 5300 1898 5368 φαινόμενα

323 5377 516 5441 ἐξότου
573 5383 608 5452 ή
656 5382 824 5451 μέσον
858 5385 1018 5455 ήμῶν
1057 5404 1116 5439 τε
1153 5389 1247 5441 καὶ
1298 5389 1518 5441 Ἰταλῶν
1565 5390 1758 5458 εἰρήνη
1807 5390 1901 5456 γέη

324 5483 480 5534 γονε,
513 5471 798 5542 μάρτυρας
843 5475 1319 5545 ἁπαραγράπτους
1374 5479 1894 5548 παραλαμϐάνοντες

321 5559 432 5626 τῆς
482 5561 592 5614 τῶν
634 5563 923 5633 δογμάτων
971 5568 1129 5637 ἡμῶν
1198 5579 1605 5639 συντηρήσεως,
1661 5572 1753 5622 καὶ
1801 5570 1896 5622 τού

325 5651 748 5724 ἁμεταποιήτου
774 5655 884 5710 τῶν
919 5660 1202 5729 ἡμετέρων
1225 5659 1382 5724 ἐθῶν,
1418 5662 1514 5713 καλ⁵
1565 5661 1744 5731 πάσης
1796 5663 1896 5732 τῆς

323 5747 823 5816 πατροπαραδότου
852 5750 1011 5819 ἡμῶν
1058 5752 1311 5817 εὐταξίας
1352 5770 1410 5806 τε
1453 5753 1550 5806 καὶ
1601 5754 1900 5823 κοσμιότηο

321 5852 441 5898 τος.
475 5839 779 5908 ἀλοπχερῶς
833 5843 930 5912 τῆς
970 5845 1195 5914 εἰρήνης
1233 5846 1509 5916 ἑξέχεσθε,
1562 5847 1897 5911 ἀδιστὰκτως

325 5929 423 5982 ἐπὶ
454 5928 530 5997 τῷ
562 5932 863 6005 εἰρηνάρχῃ
895 5939 1213 6002 πεποιθότες
1248 5939 1492 6010 Χριστῷ,
1536 5939 1610 6009 τῷ
1665 5941 1729 5992 τὰ
1783 5941 1890 5992 διε-

1993 2080 2130 2133 dunt
2180 2093 2285 2132 non
2331 2093 2452 2131 esse
2485 2076 2782 2145 impietatis
2814 2073 3174 2137 accusandos,
3209 2066 3328 2127 non'
3361 2071 3558 2126 tradita

1993 2171 2048 2225 in
2077 2169 2334 2242 Symbolo
2364 2169 2800 2239 prmscribentes,
2819 2174 3192 2221 verumtamen
3225 2178 3388 2219 sensu
3449 2176 3559 2216 non

1997 2280 2026 2317 ιι
2059 2263 2254 2333 pietate
2277 2262 2475 2328 alieno,
2517 2271 2628 2314 tum
2659 2259 2914 2328 deinceps
2941 2257 3110 2312 veluti
3145 2255 3380 2310 validum
3407 2252 3559 2322 qttid,

1996 2364 2047 2408 et
2079 2354 2164 2409 cui
2200 2353 2524 2422 respondere
2546 2365 2802 2419 nequeas,
2835 2348 3117 2416 objiciunt.
3157 2344 3265 2400 Sed
3294 2345 3562 2398 maximus

1996 2445 2262 2516 Gyrillus,
2301 2443 2392 2513 qui
2443 2441 2658 2513 praefuit
2692 2442 2863 2496 tertiae
2899 2439 3128 2512 synodo,
3180 2437 3227 2494 si
3257 2437 3465 2493 sciebat
3495 2450 3563 2492 ex

1997 2535 2134 2590 Filio
2185 2535 2450 2605 Spiritum
2493 2549 2634 2597 esse,
2685 2548 2854 2603 quare
2889 2548 2995 2586 non
3031 2530 3287 2602 apposuit
3317 2529 3371 2582 in
3404 2527 3561 2598 Sym-

1996 2628 2140 2690 bolo,
2176 2645 2192 2677 ι
2227 2636 2364 2682 ctex
2399 2623 2573 2679 Filio?
2615 2643 2633 2676 ι
2671 2624 2808 2677 Cum
2840 2635 3026 2693 postea
3062 2623 3309 2682 audiunt,
3351 2636 3446 2689 pro
3476 2619 3561 2672 di.-

1997 2719 2098 2774 ctis
2119 2721 2234 2774 suis
2265 2717 2681 2788 objectionibus,
2717 2716 2903 2769 Patres
2938 2715 3192 2770 secunda:
3230 2713 3446 2783 synodi,
3492 2715 3566 2765 ob

1998 2811 2198 2865 nullam
2231 2810 2391 2864 aliam
2422 2823 2642 2864 causam
2669 2822 2831 2876 quam
2869 2815 2928 2859 ut
2959 2820 3083 2859 cum
3115 2804 3354 2874 Spiritus
3385 2802 3560 2856 hosti-

1999 2903 2390 2956 busccrtmnen
2426 2900 2693 2961 subirent,
2735 2897 2908 2953 eoacti
2952 2905 3007 2951 et
3047 2896 3114 2950 ad
3166 2910 3291 2950 eum
3331 2894 3562 2956 exitrnn,

1997 2995 2092 3062 qui
2134 2994 2246 3048 illis
2271 2991 2648 3048 tantummodo
2682 2990 2785 3045 fuit
2837 2989 3172 3059 pronositus.
3207 3001 3562 3058 congressum

1998 3087 2147 3142 illum
2218 3095 2381 3156 atque
2452 3083 2750 3140 sententias
2813 3081 3146 3151 dirigentes,
3203 3089 3263 3135 ut
3311 3079 3566 3134 divinita-

1999 3189 2102 3234 tem
2136 3178 2371 3248 Spiritus
2402 3175 2762 3240 declararent,
2802 3175 2944 3244 quod
2986 3176 3192 3230 clarum
3227 3182 3472 3228 remanet
3499 3187 3564 3225 ex

1999 3271 2291 3330 additionc,
2325 3267 2669 3323 solummodo
2727 3266 2795 3321 de
2847 3265 3050 3336 Spiritu
3092 3266 3255 3330 lar-ta,
3299 3279 3463 3335 quam
3496 3264 3566 3318 ob

1994 3377 2215 3418 causam
2251 3361 2512 3433 Spiritum
2566 3360 2732 3416 Deum
2770 3368 2823 3416 ct
2863 3360 3009 3416 Patri
3048 3371 3101 3414 ct
3159 3357 3292 3413 Filio
3330 3355 3570 3414 consub-

2000 3453 2312 3508 stantialem
2365 3454 2540 3523 palam
2587 3463 2887 3522 aperteque
2938 3468 3046 3507 non
3103 3450 3563 3520 depraediearunt,

1995 3545 2140 3612 quod
2179 3545 2350 3614 magis
2375 3558 2438 3598 ac
2456 3543 2759 3596 dilucidius
2797 3543 2919 3596 aliis
2946 3540 3207 3596 omnibus
3227 3536 3574 3592 dictionibus

1993 3638 2058 3691 de
2078 3652 2141 3690 eo
2172 3635 2454 3706 appositis,
2486 3635 2642 3706 illius
2675 3634 2928 3688 deitatem
2955 3635 3399 3694 demonstrasset,
3434 3643 3568 3683 con-

1994 3725 2442 3797 stabilissetque?
2505 3724 2631 3779 Haec
2674 3724 2837 3793 igitur
2884 3723 3190 3785 audientes,
3242 3735 3452 3775 necnon
3513 3725 3566 3776 et

1995 3820 2084 3874 illa
2117 3830 2400 3890 praetcrea,
2447 3818 2824 3874 admirabilem
2858 3817 3118 3889 Cyrillum
3165 3815 3334 3870 tertia:
3365 3814 3562 3886 synodi

1996 3929 2347 3984 congressum
2378 3912 2447 3968 ob
2478 3912 2648 3967 solam
2681 3911 2924 3980 Deiparze
2945 3926 3130 3964 vocem
3157 3909 3482 3968 celebrasse,
3507 3919 3563 3960 et

1998 4014 2177 4061 tamen
2227 4007 2279 4061 in
2315 4006 2560 4077 symbolo
2591 4005 2741 4060 nullo
2786 4005 2949 4060 modo
3006 4002 3294 4058 manifeste
3345 4001 3557 4056 Domini

1997 4097 2221 4152 Matrem
2252 4096 2540 4169 Deiparam
2583 4109 2954 4166 nuncupasse,
2994 4095 3088 4152 sed
3122 4094 3343 4150 Mariam
3385 4092 3567 4161 Virgi-

1997 4207 2146 4255 nem,
2181 4191 2386 4259 pudore
2439 4189 2691 4260 equidem
2729 4188 3156 4254 suﬂ'unduntur;
3190 4195 3568 4243 verumtamen

1999 4295 2120 4336 eum
2164 4279 2332 4334 semel
2367 4279 2726 4345 decreverint,
2779 4278 3202 4334 ecclesiasticam
3236 4291 3420 4346 pacem
3453 4285 3568 4328 tur-

1997 4375 2096 4428 bas
2125 4372 2316 4427 ciendo
2359 4386 2640 4444 respuere,
2679 4386 2708 4425 a
2749 4370 2969 4445 propria
2993 4369 3289 4446 pertinacia
3323 4383 3432 4422 non
3469 4368 3566 4420 de..-

1999 4465 2218 4520 sistunt.

2072 4751 2164 4804 2i.
2212 4750 2272 4803 Et
2323 4749 2376 4804 bi
2405 4749 2621 4818 quidem
2665 4765 2763 4820 pro
2803 4750 3026 4806 libidine
3074 4764 3180 4804 sua.
3202 4763 3330 4804 sese
3353 4757 3564 4818 gerant,

1999 4840 2516 4913 agantquc.Utinam
2541 4858 2692 4907 vero,
2725 4843 2851 4898 licet
2883 4857 3030 4904 sero,
3059 4856 3248 4895 verum
3273 4840 3568 4910 aliquando

1999 4937 2362 5008 contingeret,
2395 4944 2453 4989 ut
2479 4936 2700 5007 agnitis,
2733 4951 2852 5006 qua:
2877 4951 2906 4990 a
2935 4934 3192 4990 Patr-ibus
3219 4933 3424 4989 nostris
3445 4949 3570 4988 cer-

2003 5030 2070 5085 tis
2131 5029 2466 5096 temporibus
2517 5044 2728 5104 magnaa
2792 5029 3228 5099 dispensatioues
3278 5037 3568 5083 transacta:

2000 5129 2150 5180 sunt.
2185 5119 2358 5172 zelum
2398 5119 2698 5172 secundum
2739 5119 3103 5187 cognitionem
3133 5132 3238 5172 non
3270 5118 3567 5188 negligant,

2000 5213 2092 5266 sed
2156 5211 2221 5266 ad
2284 5209 2650 5266 Eeclesiarum
2709 5226 2900 5281 pacem
2967 5212 3139 5266 multo
3197 5210 3434 5264 alacrius
3507 5223 3573 5262 ac

2001 5305 2304 5374 promptius
2323 5305 2522 5362 oculos,
2546 5305 2727 5374 ligant.
2757 5302 2865 5359 Vos
2889 5318 3042 5370 vero,
3076 5319 3322 5360 meorum
3365 5316 3573 5358 sermo-

2004 5414 2131 5452 num
2184 5397 2331 5467 aequi
2382 5398 2660 5454 auditores
2720 5407 2775 5452 ct
2815 5396 3051 5467 iudices,
3108 5411 3196 5452 res
3250 5396 3418 5465 ipsas.
3449 5408 3571 5462 qua!

2003 5489 2174 5543 oculis
2190 5490 2641 5559 contemplamur,
2673 5505 2737 5544 ex
2764 5504 2874 5558 quo
2902 5489 3040 5543 inter
3075 5503 3172 5560 nos
3199 5496 3250 5541 et
3282 5484 3446 5541 Italos
3467 5500 3572 5555 pax

2003 5580 2335 5645 intercessit,
2381 5581 2547 5635 veluti
2591 5590 2758 5637 testes
2789 5582 2937 5636 onmi
2974 5581 3296 5650 exceptione
3333 5581 3570 5645 majores

2005 5672 2353 5740 accipientes,
2382 5655 2700 5741 dogmatum
2737 5682 3050 5727 nostrorum
3109 5669 3570 5731 conservationis,

2006 5762 2310 5829 nostrarum
2345 5764 2802 5817 consuetudinum
2835 5743 3208 5829 permanentis
3242 5761 3568 5826 retinentia,

2005 5869 2215 5909 necnon
2280 5853 2521 5908 universi
2569 5870 2597 5907 a
2632 5853 2885 5907 Patribus
2921 5853 3075 5909 nobis
3103 5853 3287 5908 traditi
3335 5854 3567 5910 instituti

2007 5955 2167 6013 atque
2212 5955 2436 5999 ornatus
2471 5945 2586 6013 pari
2637 5945 3014 6010 adluercscite,
3052 5946 3188 5999 citra
3217 5945 3378 6000 ullam
3416 5943 3572 6000 brsi-
