3974 6648
253 522 362 584 277

1393 524 1636 585 EPiS’I‘.
1674 523 1775 583 an
1816 478 2332 583 AeALLtANUM.

3396 503 3501 568 273

248 632 444 698 jicere.
492 632 854 687 asscrentinm
911 647 1037 687 vero
1099 646 1163 685 ex
1215 634 1450 687 essentia
1483 632 1603 688 Filii
1642 631 1906 701 Spiritum
1948 637 2168 697 propter
2206 625 2450 681 eamdem
2506 626 2756 675 naturam
2817 614 2947 680 dici,
2991 622 3150 685 atque
3194 614 3274 670 sic
3300 625 3503 684 puncto

253 723 627 793 signantium,
683 724 1056 780 defensionem
1117 727 1397 795 suscipere
1447 728 1693 780 animum
1753 720 2068 777 induxisti?

337 816 407 887 β’.
438 815 504 872 Ei
535 818 634 888 τὴν
667 819 726 870 ὲν
753 820 930 890 τούτῳ
973 820 1183 889 πλάνην
1215 820 1423 883 ἐθέλεις
1455 819 1673 888 μαθεῖν,
1707 818 1828 869 ἐπεὶ

2001 814 2055 866 2.
2089 813 2144 867 Si
2185 824 2452 871 errorem,
2499 821 2607 876 quo
2664 821 2715 858 tn
2765 800 3034 858 similibus
3082 799 3329 856 aberras.
3364 814 3491 853 aves

253 909 365 979 τῆς
397 910 679 979 θεολογίας
733 914 834 965 οὐκ
895 913 1043 966 ἔστιν
1093 913 1375 983 ἀλλότριον
1420 914 1484 964 ἐκ
1546 911 1654 964 τῶν
1709 909 1832 962 καθ’

247 1001 417 1070 ἡμᾶς
445 1001 642 1072 δηλοῦν
680 1004 831 1073 ἡμᾶς
866 1003 934 1056 τὰ
965 1003 1106 1073 ὑπὲρ
1140 1004 1309 1073 ἡμᾶς,
1359 1002 1505 1055 ἔστιν
1548 995 1611 1055 οὗ
1655 1018 1837 1070 παρα-

250 1095 525 1165 δείγμασι
555 1097 670 1159 τοῖς
702 1095 911 1158 ὐλαξοις
936 1096 1251 1165 χρεομένους
1285 1096 1379 1148 καὶ
1414 1094 1693 1164 αἰσθητοῖς
1728 1094 1837 1146 τῶν

255 1184 450 1238 ἁΰλων
478 1184 705 1237 ἐκείνων
737 1186 831 1238 καὶ
887 1186 1026 1257 ὑπὲρ
1074 1185 1218 1249 νοῦν,
1254 1186 1530 1256 πρόσσχες
1586 1184 1679 1237 ἐπὶ
1730 1184 1839 1237 τῶν

252 1274 574 1347 ἀνθρώπων
603 1277 765 1347 ἡμῶν
798 1292 812 1307 ⁸
850 1276 901 1329 τί
954 1277 1073 1346 μὲν,
1119 1278 1248 1330 ὅταν
1292 1277 1390 1346 τῆς
1436 1277 1608 1345 αὐτῆς
1653 1274 1839 1337 οὐσίας

256 1368 356 1421 τὶν
386 1368 600 1423 Παῦλον
626 1364 766 1421 εἶναι
800 1368 878 1437 τῷ
924 1369 1118 1441 Πέτρῳ
1165 1370 1368 1439 φαμὲν,
1411 1369 1558 1421 ἔστιν
1601 1369 1734 1438 ἡμῖν
1779 1367 1839 1418 τὸ

255 1460 598 1531 δηλούμενον
641 1478 656 1495 θ
692 1463 745 1514 τί
792 1462 870 1525 δὲ,
905 1463 1033 1515 ὅταν
1074 1463 1139 1515 ὲκ
1189 1463 1290 1531 τῆς
1341 1461 1436 1515 τοῦ
1489 1461 1697 1531 Πέτρου
1748 1459 1840 1512 τὸν

257 1550 486 1604 Παῦλον
514 1547 651 1605 εἶναι
672 1553 863 1614 οὐσίας
898 1569 914 1583 ’
948 1554 1042 1606 καὶ
1077 1554 1295 1617 πάντως
1324 1553 1719 1623 προσεσχηκὼς
1763 1551 1840 1620 τῷ

256 1644 731 1712 παρατηρήματι,
771 1643 876 1697 ὐπὸ
910 1645 1011 1714 μὲν
1060 1644 1159 1712 τῆς
1211 1643 1320 1697 τῶν
1351 1645 1565 1714 ῥήσεων
1602 1645 1731 1713 μιᾶς
1756 1644 1843 1694 εὐ-

260 1736 463 1800 ρήσεις
492 1735 826 1804 δηλούμενον
856 1737 917 1788 τὸ
956 1738 1046 1789 τὸν
1101 1735 1316 1790 Παῦλον
1358 1734 1645 1805 ὀμοούσιον
1700 1730 1841 1788 εἶναι

256 1827 466 1897 Πέτρῳ
493 1827 633 1881 κατὰ
664 1828 726 1880 τὸ
755 1828 1018 1898 ὁμοειδές.
1044 1829 1222 1897 Ὅπερ
1271 1827 1335 1899 δὴ
1379 1827 1691 1897 ὁμοούσιον,
1747 1828 1843 1880 καὶ

255 1917 358 1967 ἐπὶ
390 1916 501 1968 τῶν
531 1917 794 1980 ὁμοειδῶν
829 1918 1004 1971 ἄλλων
1041 1918 1256 1970 πάντων
1296 1916 1602 1983 ἀνθρώπων
1638 1916 1841 1986 διήκει,

256 2011 363 2059 ταὶ
404 2009 748 2077 ἀντιστρέφει
797 2011 831 2079 ἡ
889 2010 1067 2079 ῥῆσις.
1119 2009 1232 2078 Τῆς
1283 2007 1393 2077 γὰρ
1440 2008 1608 2076 αὐτῆς
1652 2007 1842 2070 οὐσίας

256 2099 488 2152 Παῦλον
520 2101 595 2170 τῷ
631 2102 843 2172 Πέτρῳ,
878 2102 971 2154 καὶ
1029 2101 1236 2170 Πέτρον
1285 2097 1351 2153 αὐ
1398 2100 1497 2163 τῆς
1554 2098 1728 2166 αὐτῆς
1764 2097 1843 2166 τῷ

252 2188 513 2258 Παύλῳ,
582 2190 814 2258 λέγσμετι
866 2192 1332 2260 ἀντιστρέφοντες,
1396 2190 1534 2242 ἐπὰν
1594 2189 1655 2241 τὸ
1699 2190 1845 2241 κατὰ

248 2282 322 2333 τὸ
357 2281 604 2349 ὁμοειδὲς
657 2282 838 2335 αὐτῶν
892 2281 1179 2352 σημαίνειν
1229 2279 1481 2349 θέλοιμεν
1533 2278 1842 2348 ὀμοούσιον.

264 2372 422 2425 ’Υπξ
471 2373 528 2424 δὲ
569 2373 668 2442 τῆς
738 2372 1001 2443 λεγούσης
1062 2374 1124 2425 ἐκ
1180 2371 1278 2441 τῆς
1326 2371 1419 2424 τοῦ
1476 2371 1685 2440 Πέτρου
1754 2371 1846 2424 τὶν

258 2464 491 2519 Παῦλον
542 2461 683 2517 εἶναι
739 2464 948 2528 οὐσίας,
1004 2461 1148 2528 εἶπε,
1217 2465 1426 2534 πατέρα
1463 2462 1673 2516 Παύλου
1706 2457 1846 2515 εἶναι

252 2554 431 2623 τύχοι
457 2555 545 2607 τὸν
575 2555 808 2626 Πέτρον.
861 2556 921 2607 Ei
950 2561 1059 2625 γὰρ
1110 2555 1184 2625 μὴ
1230 2552 1411 2615 τοῦτο,
1457 2553 1577 2606 οὐδὲ
1631 2554 1695 2606 ἐκ
1747 2551 1846 2620 τῆς

248 2647 360 2699 τέιῦ
393 2647 601 2716 Πέτρου
637 2646 703 2701 ἄν
759 2664 889 2701 ποτε
948 2647 1140 2719 ῥηθείη
1189 2644 1402 2709 Παῦλος
1454 2646 1658 2708 οὐσίας.
1707 2643 1844 2698 Ἀλλ’

248 2741 349 2793 ὅτι
401 2742 659 2811 εὑρήσεις
720 2742 1047 2812 δηλούμενον
1108 2740 1170 2793 τὸ
1231 2739 1320 2792 τὸν
1375 2736 1591 2791 Παῦλον
1645 2736 1847 2807 δηλαδὴ

248 2833 522 2885 αίτιατὸν
574 2832 634 2899 ἐξ
688 2834 867 2887 αἰτίου
906 2829 1048 2886 εἶναι
1093 2830 1187 2885 τοῦ
1239 2830 1468 2901 Πέτρου,
1496 2831 1596 2897 οὐχ
1650 2827 1726 2890 ὡς
1789 2828 1847 2880 έν

251 2939 380 2977 τινι
431 2924 539 2978 τῶν
577 2918 653 2979 ὧν
700 2925 1064 2997 ἐξωτερικιῖκ,
1106 2924 1270 2994 ῆτουν
1315 2920 1611 2994 ποιητικῶς
1676 2919 1845 2984 αἴτιος

253 3015 418 3071 εἶναι
465 3019 675 3086 πέφυκε
727 3017 953 3089 Πέτρος,
1030 3016 1146 3070 ἀλλ’
1207 3013 1497 3087 ὁμοούσιον
1577 3013 1842 3078 αἰτιατὸν,

257 3111 371 3161 καὶ
416 3107 519 3178 τῆς
567 3108 705 3170 ἰδίας
752 3108 828 3177 τῷ
861 3108 1021 3178 αἰτίῳ
1078 3105 1245 3161 αὐτοῦ
1298 3104 1515 3175 φύσεως
1577 3103 1844 3174 γέννημα.

259 3199 389 3253 Καὶ
431 3200 463 3269 ἡ
505 3201 663 3270 ῥῆσις
718 3194 821 3254 ὧδε
862 3200 964 3254 οὐκ
1007 3186 1367 3270 ἀντιστρέφει
1394 3213 1409 3227 ⁸
1468 3200 1549 3260 εἰς
1619 3195 1845 3265 ταύτην,

260 3292 347 3354 ὡς
382 3291 508 3361 ἐμοὶ
535 3292 702 3357 δοκεῖ,
736 3291 995 3364 εὑρήσεις
1043 3291 1399 3361 μεριζόμενον
1449 3290 1549 3359 τὴν
1580 3288 1847 3358 διαφορὰν

264 3384 384 3438 ὐπὸ
414 3383 523 3437 τῶν
549 3385 861 3456 εἰρημένων
908 3385 1003 3438 δύο
1037 3385 1249 3455 ῥήσεων
1278 3383 1340 3436 τδ
1372 3381 1577 3454 μεταξὺ
1624 3380 1840 3435 Παύλου

261 3472 367 3525 καὶ
406 3473 614 3543 Πέτρου
644 3473 939 3544 λεγόμενον
976 3471 1284 3545 ὁμοούσιον.

342 3756 423 3817 τ’·
459 3749 523 3802 Εἰ
569 3751 667 3822 μὲν
719 3747 815 3806 οῦν
862 3753 957 3807 καὶ
1001 3751 1082 3806 σοὶ
1115 3752 1290 3807 ταῦτα
1352 3751 1624 3813 συνδοκεῖ,
1680 3747 1845 3802 τινῶν

263 3841 456 3896 ἄλλων
482 3838 658 3911 λόγων
704 3846 785 3906 είς
816 3843 916 3914 τὴν
946 3843 1047 3914 τῆς
1082 3843 1348 3914 διαφορᾶς
1379 3840 1727 3911 κατασκευὴν
1773 3838 1848 3911 μὴ

258 3932 797 4002 δεόμενος,αὐτόθεν
827 3934 934 3989 ὑπὸ
967 3934 1060 3988 τοῦ
1092 3933 1390 4005 ληφθέντος
1433 3932 1494 3998 EE
1536 3933 1844 4007 ἀνθρώπων

259 4026 415 4095 ἡμῖν
447 4026 892 4095 παραδείγματος
940 4026 1189 4097 λάμϐανε
1248 4028 1344 4080 καὶ
1396 4026 1458 4079 τὸ
1508 4012 1731 4095 Πνὲῦμα
1787 4026 1850 4080 τὸ

264 4118 461 4182 ἆτιον,
494 4117 633 4170 κατὰ
667 4119 768 4187 μὲν
793 4117 854 4171 τὸ
893 4120 1031 4189 πρδς
1087 4120 1179 4172 τὸν
1211 4117 1339 4171 Υἰδν
1381 4116 1709 4188 σύμμορφον
1749 4117 1849 4187 τῆς

263 4207 456 4277 αᾷτῆς
483 4209 560 4278 τῷ
594 4208 705 4278 Υίῷ
740 4209 1108 4279 θεολογείσθαι
1155 4209 1366 4273 οὐσίας,
1417 4210 1513 4262 καὶ
1564 4210 1852 4278 ἀντιστρέ-

265 4316 412 4368 φειν
464 4301 558 4370 τὴν
611 4301 791 4372 ῥῆσιν,
838 4302 915 4365 ὡς
983 4305 1082 4357 καὶ
1130 4301 1219 4354 τον
1252 4303 1379 4356 Υἰὸν
1410 4302 1509 4372 τῆς
1560 4304 1731 4373 αὐτῆς
1772 4300 1851 4372 τῷ

269 4389 573 4461 Πνεύματι
609 4392 913 4460 λέγεσθαι·
949 4393 1092 4448 κατά
1138 4392 1196 4447 δὲ
1244 4394 1304 4454 τὸ
1360 4393 1610 4463 ιρυσικῶς
1655 4396 1747 4447 καὶ
1789 4394 1849 4447 οὐ

266 4481 589 4552 ποιητικῶς
634 4476 877 4538 αἰτιατδν
932 4482 993 4548 ἐξ
1055 4481 1213 4547 Υἰοῦ,
1259 4482 1531 4546 τουτέστι,
1593 4483 1663 4536 δι’
1715 4480 1849 4536 Υίοῦ

269 4572 429 4628 εἶναι
465 4573 620 4641 αὐτὸ,
656 4578 721 4629 ἐκ
762 4576 860 4646 τῆς
907 4575 999 4630 τοῦ
1047 4574 1178 4629 Υίοῦ
1225 4574 1597 4642 θεολογεῖσθαι
1634 4573 1847 4641 οὐσίας,

272 4671 379 4721 καὶ
413 4667 514 4737 τὴν
537 4669 697 4736 ῥῆσιν
740 4668 816 4740 μὴ
846 4667 1249 4738 ἀντιστρέφειν.
1307 4667 1418 4721 Καὶ
1475 4667 1619 4721 οὕτω
1675 4668 1849 4722 ταῦτα

270 4757 583 4829 λαμϐάνων
613 4758 714 4828 τῆς
767 4759 976 4827 πλάνης
1032 4756 1376 4813 ἀπαλλάττου
1423 4756 1627 4819 καλῶς.
1686 4757 1748 4809 Εἰ
1791 4757 1848 4810 δέ

1936 908 2239 964 addiscere,
2293 918 2416 956 cum
2467 917 2493 954 a
2535 897 2833 966 theologica
2882 892 3208 948 tractatione
3263 891 3500 945 alienum

1941 1017 2049 1054 non
2085 998 2178 1060 sit,
2231 1012 2329 1050 nos
2367 1012 2431 1047 ex
2484 994 2633 1047 hisce
2693 990 2915 1053 nostris,
2959 1001 3020 1041 ea
3052 1000 3173 1056 quae
3214 998 3381 1052 supra
3408 998 3508 1036 nos

1938 1074 2084 1154 sunt,
2117 1105 2258 1160 sirpe
2289 1089 2498 1144 scilicet
2538 1101 2604 1140 ex
2638 1083 2881 1138 materia!
2907 1096 2970 1135 ac
2996 1079 3177 1134 sensui
3221 1078 3384 1132 rebus
3414 1077 3512 1131 ob-

1941 1185 2142 1245 noxiis,
2180 1183 2395 1237 illorum
2429 1194 2549 1249 qua:
2580 1186 2731 1231 extra
2768 1173 3051 1229 materiam
3095 1179 3245 1235 sunt,
3279 1180 3331 1223 et
3363 1185 3513 1222 men-

1942 1286 2048 1329 tem
2082 1275 2373 1328 humanam
2409 1276 2691 1339 superant,
2719 1265 2899 1320 ductis
2934 1261 3202 1331 exemplis
3244 1260 3513 1319 indicare,

1942 1376 2154 1423 attento
2177 1368 2361 1421 animo
2414 1362 2541 1418 audi
2589 1361 2657 1415 de
2691 1359 2853 1415 rebus
2895 1355 3150 1410 humanis
3179 1365 3513 1407 sermonem.

1943 1459 2082 1526 Quid
2131 1474 2255 1513 cum
2289 1448 2553 1527 'ejusdem
2586 1468 2708 1509 esse
2756 1450 3007 1506 essentia:
3056 1445 3282 1501 Paulum
3327 1454 3380 1498 et
3412 1443 3514 1497 Pe-

1944 1563 2129 1611 trum:
2165 1551 2297 1621 quid
2325 1565 2450 1606 cum
2482 1565 2545 1603 ex
2590 1547 2736 1601 Petri
2763 1543 2997 1601 essentia
3027 1540 3253 1594 Paulum
3288 1553 3408 1594 esse
3437 1536 3519 1590 di-

1945 1645 2142 1707 cimus,
2192 1658 2221 1697 a
2263 1642 2421 1698 nobis
2452 1641 2727 1696 indicatur
2758 1656 2771 1693 :
2805 1645 2861 1693 et
2907 1634 3085 1689 modis
3124 1631 3401 1693 omnibus,
3440 1630 3518 1705 si-

1944 1737 2166 1805 quidem
2218 1718 2520 1804 perattente
2572 1729 3008 1787 observationem
3057 1740 3232 1780 meam
3271 1720 3520 1777 conside-

1948 1829 2178 1891 raveris,
2217 1827 2508 1897 percipies,
2542 1824 2610 1879 ab
2638 1838 2747 1877 uno
2773 1822 2968 1875 borum
3005 1818 3276 1873 dictorum
3309 1813 3519 1884 signiti-

1946 1921 2082 1986 cari,
2125 1919 2351 1973 Paulum
2383 1931 2504 1972 esse
2533 1913 2783 1985 ejusdem
2816 1927 2880 1968 ae
2922 1910 3142 1966 Petrum
3188 1916 3395 1963 naturae
3427 1921 3517 1960 se-

1951 2012 2190 2068 cundum
2234 2010 2480 2065 eamdem
2524 2009 2782 2077 speciem,
2813 2020 2934 2074 quae
2988 2014 3180 2058 natura
3210 2009 3265 2056 et
3289 2000 3354 2054 ad
3382 2000 3519 2053 alios

1948 2116 2166 2172 quoque
2190 2114 2382 2155 omnes
2420 2098 2662 2169 ejusdem
2702 2095 3175 2165 speciei-homines
3210 2090 3404 2147 transit
3430 2108 3442 2144 :
3468 2100 3520 2143 et

1946 2198 2148 2250 dictum
2197 2194 2301 2248 hoc
2335 2192 2571 2247 vicissim
2598 2192 2872 2245 vertitur:
2907 2202 3142 2258 namque
3163 2185 3407 2255 ejusdem
3435 2197 3523 2236 es-

1947 2285 2134 2342 sentia
2158 2285 2385 2339 Paulum
2420 2297 2541 2338 cum
2578 2282 2738 2337 Petro
2760 2323 2774 2346 ,
2803 2282 3092 2349 etjt’etrum
3127 2279 3254 2332 item
3274 2276 3518 2341 ejusdem

1946 2385 2070 2433 eum
2121 2376 2289 2432 Paulo
2347 2377 2609 2440 dicimus,
2647 2374 2871 2430 nomina
2928 2371 3350 2449 reciprocantes.
3393 2381 3517 2422 cum

1948 2484 2111 2525 unam
2146 2469 2462 2524 eorumdem
2497 2468 2796 2523 essentiam
2831 2463 3131 2521 secundum
3162 2461 3400 2531 speciem
3434 2460 3518 2512 io-

1947 2561 2217 2617 dicamus.
2247 2560 2314 2615 At
2344 2560 2395 2614 in
2438 2559 2586 2613 dicto
2618 2559 2746 2619 alio,
2779 2572 2891 2628 quo
2924 2555 3246 2620 asserimus,
3279 2567 3343 2607 ex
3377 2550 3518 2605 Petri

1946 2651 2181 2709 essentia
2232 2648 2465 2707 Paulum
2493 2664 2640 2712 esse,
2676 2647 2839 2702 Pauli,
2858 2652 3161 2717 parentem,
3190 2643 3235 2698 si
3268 2642 3340 2696 ita
3374 2641 3519 2695 obti-

1948 2745 2079 2814 gerit
2104 2760 2247 2809 esse,
2281 2754 2555 2799 notamus.
2582 2740 2825 2812 Namque
2851 2738 2899 2794 si
2927 2735 2981 2793 id
3007 2749 3114 2791 non
3142 2743 3309 2797 esset.
3346 2746 3520 2800 neque

1947 2853 2011 2892 ex
2064 2836 2208 2893 Petri
2263 2837 2500 2891 essentia
2543 2834 2757 2890 Paulus
2790 2845 3030 2902 unquam
3060 2830 3353 2885 diceretur.
3398 2823 3519 2892 Quo

1949 2929 2076 2986 item
2128 2930 2373 2985 invenies
2417 2927 2646 2982 indicari
2690 2924 2941 2989 Paulum,
2993 2937 3187 2992 nempe
3238 2916 3517 2984 eirectum,
3612 2973 3623 2979 ,

1946 3043 2010 3083 ex
2042 3027 2200 3081 Petro
2233 3025 2319 3077 sui
2345 3035 2511 3077 causa
2541 3035 2684 3081 esse,
2717 3018 2874 3088 cujus
2897 3030 3005 3072 non
3047 3016 3121 3069 uti
3147 3014 3309 3069 unius
3335 3012 3517 3074 exiis,

1948 3134 2069 3189 qua:
2106 3125 2325 3172 externa
2354 3122 2504 3179 sunt,
2536 3111 2743 3167 factitia
2775 3124 2987 3178 nempe,
3014 3106 3398 3163 causa‘Petrus
3426 3119 3524 3159 na-

1948 3220 2069 3267 tura
2086 3225 2185 3266 sua
2196 3215 2302 3273 est,
2326 3209 2420 3263 sed
2437 3206 2678 3277 ejusdem
2689 3202 2946 3259 essentia:
2971 3199 3220 3263 effectus,
3249 3199 3520 3267 uniusque

1949 3311 2154 3357 naturae
2176 3316 2298 3356 cum
2324 3298 2407 3355 sui
2436 3295 2825 3354 causafactus.
2857 3293 2922 3348 Et
2951 3293 3152 3349 dictum
3185 3291 3282 3345 hac
3306 3292 3522 3345 ratione

1918 3399 1923 3404 '
1949 3399 2272 3462 conceptum
2301 3387 2788 3449 non'convertitur,
2819 3384 2958 3439 eLin
2988 3380 3409 3439 hoe-discrimen
3438 3380 3520 3434 die

1868 3505 1915 3563 α
1947 3482 2218 3539 videntem
2252 3480 2563 3550 comperies
2588 3478 2860 3537 eamdem,
2896 3476 3189 3546 quaeinter
3216 3473 3433 3528 Petrum
3461 3481 3519 3527 et

1949 3576 2176 3632 Paulum
2224 3582 2326 3641 est,
2360 3582 2631 3636 naturam,
2661 3581 2720 3626 ut
2755 3568 2899 3624 mihi
2931 3568 3164 3632 videtur,
3205 3567 3354 3621 hisce
3382 3563 3520 3619 duo-

1949 3669 2051 3724 bus
2080 3668 2239 3723 dict-is
2270 3681 2613 3738 expressum.

2020 3763 2073 3817 5.
2108 3758 2327 3827 Quod’si
2355 3759 2469 3814 haec
2492 3759 2677 3812 eadem
2712 3764 2766 3810 tu
2795 3769 3014 3826 quoque
3043 3754 3262 3823 probas,
3300 3749 3373 3802 ad
3393 3763 3519 3803 cor—

1952 3852 2323 3925 roborandum
2360 3852 2465 3906 hoc
2501 3848 2818 3910 discrimen,
2863 3846 2986 3901 aliis
3013 3844 3317 3899 rationibus
3345 3850 3399 3897 et
3430 3855 3520 3894 ar-

1950 3945 2230 4016 gumentis
2248 3941 2490 4009 omissis,
2521 3941 2626 3997 hoc
2652 3954 2717 3995 ex
2754 3935 3070 3994 hominibus
3105 3937 3390 4004 desumpto
3425 3948 3521 4002 per

1951 4052 2051 4092 nos
2080 4036 2327 4105 exemplo
2355 4042 2554 4099 teneto,
2607 4041 2855 4088 sanctum
2886 4030 3051 4085 etiam
3097 4026 3361 4097 Spiiitum
3394 4040 3521 4093 pro-

1953 4139 2068 4203 pter
2099 4144 2261 4207 unam
2312 4142 2436 4184 cum
2489 4125 2624 4182 Filio
2647 4126 2874 4181 formam
2924 4122 3166 4193 ejusdem
3220 4135 3343 4176 cum
3387 4117 3522 4171 Filio

1952 4222 2272 4279 substantiae
2302 4219 2543 4285 decerni,
2592 4225 2646 4273 et
2677 4216 2881 4271 dictum
2930 4215 3034 4269 hoc
3062 4212 3412 4273 contraverti,
3467 4219 3524 4262 ut

1952 4313 2122 4370 Filius
2152 4328 2369 4384 quoque
2428 4309 2673 4383 ejusdem
2709 4324 2832 4363 cum
2864 4306 3069 4377 Spiritu
3097 4304 3346 4359 essentiaa
3382 4316 3525 4355 θεειο-

1953 4416 2153 4473 ratur;
2192 4401 2283 4460 sed
2330 4402 2631 4459 secundum
2679 4399 2981 4456 naturalem
3013 4404 3066 4450 et
3101 4409 3211 4449 non
3253 4393 3517 4447 factitium

1951 4496 2204 4552 et'fectum
2234 4511 2300 4551 ex
2330 4495 2492 4560 Filio,
2517 4495 2622 4563 hoc
2657 4501 2741 4547 est
2764 4505 2859 4561 per
2893 4487 3088 4542 Filium
3120 4500 3242 4541 esse
3271 4484 3420 4537 illum
3455 4499 3522 4537 ex

1953 4589 2073 4646 Filii
2104 4588 2339 4645 essentia
2379 4584 2663 4651 alﬂrmari,
2696 4592 2750 4638 et
2779 4581 2982 4637 dictum
3026 4592 3133 4633 non
3173 4577 3520 4631 contraverti.

1954 4681 2019 4737 Et
2044 4682 2190 4735 hunc
2220 4681 2273 4734 in
2301 4678 2519 4733 modum
2550 4677 2667 4731 base
2686 4672 3023 4743 concipiens,
3048 4670 3116 4724 ab
3142 4682 3331 4724 errore
3360 4674 3429 4733 te,
3464 4678 3523 4719 ut

1953 4774 2108 4826 decet
2138 4769 2412 4827 hominem
2445 4767 2697 4837 probum,
2725 4765 2915 4820 libera.
2943 4762 3098 4828 Quod
3119 4762 3161 4815 si
3197 4768 3522 4830 nugatorum

270 4868 344 4918 γε
371 4850 475 4921 τῆς
506 4849 617 4903 τῶν
663 4850 1035 4919 ματαιολόγων
1079 4849 1229 4914 ἅπαξ
1254 4847 1508 4921 ἡττηθεὶς
1558 4848 1845 4920 φλυαρίας,

1956 4858 2367 4930 vaniloquentia
2393 4857 2668 4922 inductus,
2696 4863 2980 4910 momenta
3000 4854 3270 4907 rationum
3296 4849 3526 4903 additos

271 4941 381 4995 καὶ
413 4940 589 5009 λόγων
617 4939 727 4994 τῶν
760 4941 840 5003 είς
873 4940 1223 5011 κατασκευὴν
1252 4941 1364 4992 τῶν
1388 4940 1699 5011 εἰρημένων
1750 4938 1844 4993 δύο

270 5033 505 5104 τρόπων
529 5032 630 5102 τῆς
661 5032 819 5101 ἡμῶν
849 5031 1072 5103 χρῄζεις
1098 5030 1542 5101 ὀμοουσιότητος,
1582 5030 1650 5084 ἵν’
1670 5028 1853 5083 ἐντεῦ-

272 5123 378 5176 θεν
408 5121 546 5187 πρὸς
573 5121 634 5175 τὸ
663 5122 919 5194 διάφορον
948 5122 1181 5192 βεϐαίως
1220 5122 1510 5194 ὁδηγηθεὶς
1545 5120 1646 5193 τῆς
1669 5140 1727 5176 τε
1761 5122 1851 5175 λε-

269 5212 491 5284 γούσης
513 5212 746 5284 ῥήσεως,
779 5212 877 5283 τῆς
907 5214 1082 5283 αὐτῆς
1103 5211 1183 5285 τῷ
1214 5213 1330 5284 Υίῷ
1356 5214 1417 5267 τὸ
1448 5214 1677 5285 Πνεῦμα
1708 5211 1850 5269 εἶναι

271 5306 497 5372 οὐσίας,
526 5305 647 5361 καθ’
676 5308 741 5377 ἢν
775 5306 837 5361 τὸ
864 5304 1052 5370 ἁπλῶς
1080 5308 1263 5361 αὐτῶν
1296 5309 1621 5379 σημαίνεται
1657 5308 1854 5378 ὀμοού-

273 5413 424 5462 σιον,
459 5397 556 5466 τῆς
584 5414 645 5451 τε
679 5399 744 5451 ἐκ
774 5396 871 5451 τοῦ
903 5397 1033 5450 Υἱοῦ
1065 5398 1337 5470 λεγούσης
1382 5400 1635 5470 προϊέναι
1665 5380 1853 5463 οὐσίας

271 5490 440 5552 αὐτὸ,
476 5489 598 5543 καθ’
625 5488 696 5561 ἢν
722 5489 783 5543 τὸ
811 5489 901 5543 διὰ
942 5490 1035 5544 τοῦ
1069 5491 1199 5545 Υίοῦ
1253 5492 1542 5562 ὁμοούσιον
1604 5493 1851 5547 αίτιατὸν

268 5581 537 5653 δηλοῦται
569 5581 759 5647 αὐτοῦ,
792 5584 932 5654 προς
963 5584 1372 5656 ἀντιδιαστολὴν
1403 5583 1515 5639 τῶν
1541 5586 1847 5657 ποιητικῶς

269 5676 351 5728 δι’
388 5673 520 5727 Υξοῦ
574 5676 857 5740 αίτιατῶν,
914 5674 1029 5745 ἐγώ
1081 5692 1162 5729 σοι
1210 5676 1310 5730 καὶ
1358 5677 1482 5738 τοὺς
1529 5678 1627 5743 τῆς
1678 5694 1849 5730 κατα-

272 5766 483 5835 σκευῆς
517 5765 606 5819 διὰ
639 5765 910 5837 βραχέων,
942 5768 1019 5832 ὡς
1062 5765 1175 5821 οἷόν
1220 5784 1281 5821 τε
1323 5768 1516 5836 λόγους
1574 5767 1849 5839 παραδοῦ-

269 5876 368 5913 ναι
393 5859 497 5911 οὐκ
520 5860 842 5928 ἀποκνήσω.
870 5860 977 5913 Καὶ
1008 5860 1174 5914 ἄκουε
1201 5859 1288 5931 δή.
1322 5860 1387 5913 El
1425 5861 1595 5931 μηδέν
1645 5878 1697 5914 τι
1744 5860 1851 5914 διέ-

272 5969 413 6020 φερε
445 5952 547 6022 τῆς
580 5952 754 6022 αὐτῆς
784 5952 972 6016 οὐσίας
1009 5952 1084 6021 τῷ
1136 5953 1327 6025 Πέτρῳ
1356 5954 1448 6008 τὸν
1479 5953 1713 6019 Παῦλον,
1758 5953 1851 6006 καὶ

1959 4952 2072 5023 jam
2104 4953 2279 5007 dictos
2308 4951 2501 5006 modos
2534 4948 2827 5019 proposita:
2856 4946 3015 5001 nobis
3045 4942 3522 5001 consubstantiali-

1960 5043 2087 5098 tatis
2142 5040 2480 5098 roborandos
2529 5039 2802 5110 exposcis,
2840 5046 2898 5092 ιιι
2947 5037 3070 5092 inde
3119 5045 3238 5091 cate
3272 5044 3326 5090 et
3356 5032 3529 5089 solide

1924 5148 1929 5154 '
1960 5134 2273 5191 discrimine
2302 5142 2576 5205 percepto,
2610 5140 2722 5186 tum
2751 5130 2878 5186 dicti
2909 5132 3230 5194 asserentis,
3264 5128 3525 5197 Spiritum

1961 5223 2150 5279 eadem
2179 5238 2299 5279 esse
2329 5238 2393 5278 ac
2429 5212 2622 5278 Filium
2654 5221 2913 5287 essentia,
2945 5235 3055 5291 quo
3088 5219 3406 5289 simpliciter
3430 5234 3527 5272 eo-

1960 5331 2077 5370 rum
2109 5331 2213 5370 una
2247 5325 2438 5371 natura
2466 5316 2817 5384 exprimitur,
2849 5324 2960 5369 tum
3003 5312 3347 5377 allirmantis,
3376 5310 3535 5385 illum.

1956 5423 2019 5462 ex
2047 5406 2164 5462 Filii
2199 5408 2439 5464 essentia
2480 5408 2753 5477 progredi,
2784 5421 2894 5477 quo
2927 5420 3024 5475 per
3056 5404 3255 5459 Filium
3280 5402 3520 5472 ejusdem

1956 5499 2206 5555 essentiae
2248 5499 2472 5555 effectus
2502 5499 2646 5554 illius
2678 5498 2974 5560 indicatur,
3019 5498 3083 5551 ad
3121 5495 3524 5550 distinctionem

1957 5581 2169 5654 eorum,
2208 5605 2330 5660 quae
2363 5599 2492 5645 sunt
2537 5606 2632 5660 per
2685 5590 2885 5645 Filium
2914 5596 3181 5658 tanquam
3207 5602 3237 5640 a
3268 5586 3529 5640 Creatore

1957 5682 2245 5750 producta,
2282 5698 2382 5757 ego
2428 5684 2523 5737 tibi
2569 5695 2622 5738 et
2670 5683 3005 5753 probationis
3060 5677 3398 5749 hujusmodi,
3447 5679 3526 5732 uti

1957 5772 2071 5826 lieri
2109 5782 2305 5840 potest,
2355 5775 2595 5828 rationes
2629 5772 2839 5828 tradere
2876 5788 2982 5825 non
3029 5772 3311 5841 gravabor.
3353 5773 3416 5826 Et
3445 5781 3529 5827 at-

1959 5876 2140 5921 tentus
2169 5880 2330 5920 aures
2361 5867 2595 5937 porrige.
2633 5865 2687 5920 Si
2731 5866 2862 5919 nihil
2895 5864 3249 5934 discreparet,
3285 5866 3524 5932 ejusdem

1959 5956 2205 6014 essentia;
2238 5972 2362 6012 cum
2416 5957 2575 6012 Petro
2624 5956 2849 6012 Paulum
2905 5970 3047 6023 esse,
3091 5964 3145 6014 et
3180 5973 3242 6011 cx
3293 5962 3529 6013 essentia
