3974 6578
386 1356 391 1357 κ
491 1318 888 1384 comprohahit.
924 1319 1152 1388 Copiose
1177 1336 1412 1389 namque
1455 1322 1546 1375 ille
1579 1322 1630 1374 in
1666 1337 1727 1375 ea
1772 1323 1839 1375 de
1884 1323 2062 1377 nomi-

424 4634 427 4639 .
477 4595 618 4646 Sunt
655 4603 709 4648 et
740 4596 845 4650 alia
871 4598 1114 4658 nomina.
1149 4612 1271 4665 qua:
1314 4611 1424 4652 non
1467 4598 1853 4655 adscribuntur
1880 4598 2049 4669 Spiri.

406 5541 422 5600 ί

468 3860 601 3917 ista:
632 3864 874 3926 virtutis,
902 3868 1073 3919 sancti
1094 3876 1293 3921 suntet
1310 3866 1571 3922 adorandi
1608 3865 1864 3937 Spiritus.
1910 3867 2049 3923 Sunt

454 5044 558 5096 ~ch
591 5046 747 5098 alteri
790 5045 1250 5114 Christianorum,
1302 5051 1807 5122 sanctiﬁcationem,
1833 5057 2041 5126 accipio

1605 271 1659 289 θ’

497 385 600 450 2η1
1400 403 1404 407 ’
1523 390 1733 452 ΙΟᾹΝ.
1777 386 1987 449 VECCI
2026 387 2049 446 (

2169 385 2446 446 PATRU
2462 384 2681 447 RCIIE
3630 394 3721 461 299

496 514 772 560 etuanare,
821 498 1106 554 nonnullis
1144 499 1196 554 in
1236 499 1373 555 locis
1404 499 1470 556 de
1520 501 1723 571 Spiritu
1774 515 1841 555 ex
1900 500 2049 554 Patre

2167 495 2315 560 σθαι,
2347 514 2363 546 ι
2405 499 2496 549 καὶ
2529 516 2547 547 ι
2592 494 2938 563 ἁναδλύζειν,
2980 517 2997 550 ι
3036 499 3181 553 ἔστιν
3219 494 3282 556 οῦ
3308 502 3571 574 λεγόμενα
3606 509 3722 583 περὶ

499 591 666 655 dicta,
707 591 861 643 illum
900 608 963 644 ex
999 592 1156 647 Patre
1182 609 1240 651 ε.
1283 592 1713 647 cssentialitcret
1743 591 2049 646 naturaliter

2163 587 2257 641 τοῦ
2292 588 2644 656 Πνεύματος,
2689 591 2753 642 ὲκ
2791 590 3005 660 Πατρδς
3051 592 3328 658 οὐσιωδῶς
3367 595 3612 668 δηλοῦσι,
3641 607 3723 658 καὶ

495 697 618 737 esse
670 682 932 749 indicent,
969 701 1071 737 non
1106 695 1285 738 tamen
1316 684 1453 736 idem
1511 684 1763 745 innuero,
1793 699 1893 739 nec
1939 682 2049 753 Spi‘

2163 677 2413 745 φυσικῶς
2450 680 2719 749 ὑπάρχειν
2754 681 2886 734 αὐτὸ
2932 682 2995 734 ἐκ
3043 683 3282 754 Πατρδς,
3310 684 3425 741 ἀλλ’
3464 689 3567 742 οὐκ
3597 691 3723 747 ἐπὰν

495 771 632 824 ritus
664 787 724 824 ex
753 770 886 824 Filio
912 772 1206 825 naturalem
1236 773 1613 827 oxsistcntiam
1637 772 1920 834 denotare,
1966 775 2049 827 sed

2161 771 2411 839 λέγονται
2463 771 2634 825 ταῦτα
2688 774 2784 827 καὶ
2822 774 2886 827 ὲκ
2912 773 3006 827 τοῦ
3051 774 3208 839 Υίοῦ,
3244 777 3345 849 τὴν
3377 784 3612 852 φυσικὴν
3635 786 3724 839 αὖ·

492 860 802 929 spiritnalia
838 862 1086 930 qttu'dam
1122 864 1284 923 dona,
1321 878 1443 916 cum
1498 878 1561 917 cx
1589 861 1729 917 Filio
1763 862 2049 917 eadem‘di-

2161 864 2261 931 τὴν
2304 863 2398 916 τοῦ
2450 866 2770 935 Πνεῦματος
2820 865 3060 936 ὕπαρξιν
3086 868 3186 922 τοῦ
3228 870 3407 937 ἁγίου,
3442 873 3580 928 ἀλλά
3614 892 3725 933 τινα

496 962 721 1004 cuntur.
791 954 1032 1015 Eorum,
1080 954 1172 1021 qui
1219 953 1417 1007 similia
1466 953 1782 1009 discrimina
1837 952 2065 1007 commi-

497 1044 783 1097 niscuntur
818 1053 982 1112 atque
1044 1056 1395 1113 proponunt,
1459 1046 1848 1100 absurditatem
1878 1044 2062 1129 lingua

497 1151 718 1199 aureus,
739 1144 792 1187 cl.
811 1137 934 1188 tuha
966 1136 1283 1204 Spirituses
1311 1140 1645 1199 auroducta,
1670 1135 1906 1191 Joannes
1934 1152 2061 1192 ora.

496 1225 643 1278 tione
674 1241 841 1297 quani.
871 1228 960 1281 ille
1003 1228 1192 1282 hahuit
1244 1229 1310 1282 de
1346 1228 1695 1283 sanctissimo
1757 1226 2061 1299 Spiritum

2162 956 2512 1023 πνευματικὰ
2542 956 2763 1026 δηλοῦσι
2794 957 3222 1028 χαρίσματαΛἹ)
3252 962 3395 1016 πάνυ
3429 966 3724 1035 παράλογον

2160 1046 2258 1113 τῆς
2286 1046 2397 1098 τῶν
2436 1049 2827 1118 πλαττομένων
2857 1050 2957 1114 τὰς
2992 1053 3247 1118 τοιαύτας
3281 1056 3583 1119 ἑνστάσειυς
3620 1058 3723 1112 δια·-

2162 1138 2366 1208 φορὰς,
2433 1140 2462 1191 δ
2523 1142 2923 1212 χρυπρρήμων
2981 1142 3235 1214 ’ῐωάννης
3264 1185 3282 1210 ,
3351 1148 3585 1215 σάλπιγξ
3641 1151 3722 1204 τοῦ

2162 1226 2490 1297 Πνεύματος
2518 1230 2551 1297 ἡ
2587 1231 2953 1299 χρυσήλατος,
2988 1236 3046 1285 ἐν
3069 1232 3147 1302 τῷ
3174 1236 3302 1305 περὶ
3341 1236 3434 1289 τοῦ
3471 1241 3724 1305 παναγίου

2163 1318 2480 1387 Πνεῦματος
2508 1322 2879 1391 συγγραφέντι
2913 1324 3044 1393 παρ’
3074 1324 3249 1377 αὑτοῦ
3305 1325 3448 1396 λόγῳ
3481 1332 3726 1400 συστήσει

2163 1425 2269 1465 σοι.
2304 1410 2478 1463 Πολὺν
2521 1411 2628 1480 γὰρ
2666 1408 2834 1477 οὗτος·
2863 1417 2980 1467 ἐκεῖ
3013 1416 3271 1486 περὶτῶν
3292 1419 3385 1472 τοῦ
3420 1420 3725 1490 Πνεύματος

2160 1502 2444 1571 ὀνομάτων
2481 1503 2791 1571 ὲξυφαίνων
2822 1508 2912 1560 τὸν
2944 1509 3102 1576 λόγον
3126 1552 3138 1575 ,
3171 1512 3266 1563 καὶ
3296 1511 3524 1582 διαιρῶν
3550 1515 3611 1567 τὸ
3639 1517 3724 1569 τοῦ

497 1587 666 1653 nium,
694 1589 974 1659 ipsamque
999 1600 1247 1645 naturam
1273 1591 1530 1661 Spiritus,
1549 1595 1640 1663 qui
1662 1591 1893 1649 Triados
1910 1609 2049 1649 com-

2163 1591 2478 1675 Πςεύματος
2537 1595 2708 1661 ὄνομα
2736 1597 2815 1659 εἰς
2870 1613 2929 1649 τε
2985 1600 3086 1666 τὴν
3119 1599 3355 1667 δήλωσιν
3417 1603 3586 1672 αὐτῆς
3634 1605 3726 1675 τῆς

493 1681 820 1750 plementum
858 1691 962 1748 est,
996 1689 1107 1736 tum
1155 1683 1221 1737 ad
1257 1685 1616 1754 spiritualium
1652 1687 1918 1740 donorum
1950 1687 2049 1741 dis-

2160 1672 2469 1748 αῦθεντίας,
2504 1687 2602 1739 καὶ
2637 1686 2857 1755 φύσεως
2883 1689 2978 1741 τοῦ
3009 1691 3110 1759 τῆς
3137 1692 3367 1763 Τριάδος
3406 1672 3727 1765 συμπληρω-

490 1770 846 1826 tributionem
909 1772 1383 1840 manifestandam,
1414 1783 1469 1830 ct
1524 1785 1782 1830 accurate
1817 1792 1929 1832 rem
1961 1792 2049 1832 ex-

2162 1774 2311 1828 τικοῦ
2335 1777 2673 1848 Πνεῦματος,
2708 1780 2787 1843 είς
2816 1797 2876 1832 τε
2906 1782 3005 1852 τὴν
3037 1782 3270 1853 δήλωσιν
3297 1785 3397 1853 τῆς
3422 1786 3537 1839 τῶν
3566 1802 3721 1841 πνευ·

488 1863 736 1931 planans,
766 1871 820 1917 et
849 1874 1004 1918 acute
1058 1864 1349 1920 admodum
1401 1867 1699 1930 extricans,
1758 1868 2049 1937 aliquando

2168 1867 2419 1938 ματικῶν
2449 1831 2812 1942 χαρισμάτων
2840 1831 3125 1943 διανῦμῆς,
3151 1874 3246 1927 καὶ
3268 1831 3554 1945 διασαφῶν
3578 1879 3726 1950 ἀκρι-

498 1969 694 2007 nomen
722 1953 956 2024 Spiritus
980 1955 1188 2011 inferre
1226 1972 1633 2028 proponereque
1680 1960 1854 2029 ipsum
1888 1958 2049 2015 Para-

2160 1958 2292 2023 σῶς,
2322 1961 2415 2012 καὶ
2449 1961 2822 2031 διερμηνεύων
2869 1963 3008 2017 πάνυ
3036 1964 3269 2030 λεπτῶς,
3320 1966 3394 2035 πῆ
3447 1969 3549 2035 μὲν
3590 1971 3725 2023 ἔστιν

487 2044 709 2109 oletum,
751 2046 1048 2115 aliquando
1080 2051 1269 2103 eodem
1304 2050 1523 2104 nomine
1545 2052 1772 2118 gratiam
1810 2052 2049 2120 aliquam

2161 2048 2394 2103 ἀκοῦσαι
2422 2051 2484 2105 τὸ
2510 2053 2604 2105 τοῦ
2638 2052 2951 2123 Πνεῦματος
2982 2054 3172 2125 ὄνομα,
3207 2059 3302 2110 καὶ
3333 2060 3526 2127 νοῆσαι
3571 2060 3722 2115 αὑτὸν

485 2137 773 2203 insinuari,
807 2139 893 2193 his
917 2140 1107 2196 iisdem
1136 2141 1310 2195 verbis
1342 2140 1594 2196 denotat:
1632 2159 1653 2193 ι
1687 2142 1882 2211 Opera:
1925 2156 2049 2212 pre-

2152 2141 2250 2194 τὸν
2288 2143 2672 2213 Παράκλητον,
2712 2145 2792 2215 πῆ
2815 2146 2874 2199 δὲ
2908 2147 3141 2200 ἀκοῦσαι
3164 2149 3326 2202 πάλιν
3362 2150 3534 2220 ὄνομα
3564 2152 3725 2205 Ilvati-

486 2228 618 2282 tium
661 2239 844 2284 autem
872 2242 977 2297 est,
1012 2240 1068 2286 ut
1101 2247 1519 2302 perseveremus
1551 2232 1758 2288 diutius
1874 2234 2049 2290 sancti

2162 2249 2361 2303 ματος,
2397 2234 2492 2286 καὶ
2520 2238 2711 2304 νοῆσαι
2754 2236 2915 2306 χάριν
2965 2238 3087 2289 τινὰ
3110 2238 3452 2309 δηλουμένην
3490 2256 3725 2309 πνευμα-

487 2321 865 2391 adorandique
919 2323 1154 2391 Spiritus
1211 2324 1576 2388 enarratione,
1626 2335 1682 2380 et
1710 2326 2049 2381 manifestius

2158 2324 2354 2395 τικὴν,
2411 2324 2586 2387 οὕτως
2630 2327 2727 2378 ἐπὶ
2778 2326 2981 2390 λέξεων
3029 2326 3180 2395 λέγει
3205 2344 3221 2361 ·
3253 2346 3273 2379 ε
3316 2329 3638 2397 Ἀναγκαῖον
3673 2331 3723 2383 δὲ

490 1409 652 1463 nibus
684 1410 917 1478 Spiritus
985 1426 1292 1466 sermonem
1343 1413 1670 1477 instituens,
1713 1423 1773 1469 et
1819 1412 2089 1482 Spiritus‘

489 1514 686 1554 nomen
715 1500 1093 1563 subdividens,
1116 1510 1229 1556 tum
1273 1502 1338 1557 ad
1367 1505 1743 1559 auctoritatem
1796 1513 1853 1559 et
1883 1505 2055 1559 domi-

2157 2416 2309 2469 ἐστιν
2361 2418 2641 2485 ἐπιμεῖναι
2690 2419 2756 2488 τῇ
2814 2417 2908 2471 τοῦ
2959 2418 3113 2487 ἁγίου
3178 2419 3273 2474 καὶ
3348 2422 3720 2492 προσκυνητοῦ

2156 2508 2477 2579 Πνεοῦματος
2532 2508 2830 2579 ἐξηγήσει,
2865 2512 2959 2563 καὶ
2991 2512 3325 2584 σαφέστερόν
3359 2530 3413 2566 τι
3460 2518 3589 2585 περὶ
3636 2515 3724 2584 τῆς

2154 2597 2321 2665 ἁγίας
2357 2599 2448 2652 καὶ
2472 2598 2685 2666 ἐνδόξου
2717 2599 2999 2669 δυνάμεως
3027 2605 3227 2666 εἰπεῖν,
3259 2604 3361 2655 οὐκ
3390 2603 3450 2669 ἐξ
3471 2599 3547 2657 ὧν
3584 2604 3724 2673 λογι-

2157 2688 2399 2758 ζόμεθα,
2435 2689 2552 2742 ἀλλ’
2602 2688 2662 2756 ἐξ
2708 2683 2783 2745 ὧν
2816 2691 3206 2762 διδασκόμεθα.
3262 2695 3335 2747 Τὸ
3397 2695 3623 2767 Πνεῦμα
3669 2696 3723 2749 τὸ

2155 2779 2313 2850 ἅγιον
2366 2781 2464 2853 τὴν
2534 2783 2634 2852 μὲν
2689 2782 2852 2852 φύσιν
2892 2785 3042 2838 ἐστὶν
3092 2785 3417 2857 ἀδιαίρετον,
3447 2789 3545 2842 ἆτε
3580 2789 3642 2859 δὴ
3667 2791 3723 2841 ὲκ

2154 2873 2254 2943 τῆς
2309 2873 2619 2938 ἀδιαιρέτου
2673 2877 2769 2928 καὶ
2833 2876 3129 2947 ἀμερίστου
3176 2878 3391 2949 φύσεως
3448 2881 3718 2952 προελθὸν,

2154 2963 2325 3035 ὄνομα
2376 2965 2434 3019 δὲ
2489 2965 2655 3021 αὐτοῦ
2706 2966 2931 3037 Πνεῦμα
2971 2968 3146 3037 ἅγιον,
3180 2970 3406 3040 Πνεῦμα
3448 2974 3718 3045 ἀληθείας,

2153 3055 2379 3126 Πνεῦμα
2415 3056 2511 3111 τοῦ
2565 3057 2742 3123 Θεοῦ,
2790 3059 3016 3129 Πνεῦμα
3078 3063 3323 3133 Κυρίου,
3363 3066 3591 3136 Πνεῦμα
3635 3069 3719 3121 τοῦ

2074 3188 2118 3246 c
2154 3147 2387 3217 Πατρὸς,
2442 3146 2666 3219 Πνεῦμα
2696 3149 2792 3203 τοῦ
2822 3150 2973 3216 Υίοῦ,
3006 3150 3228 3223 Πνεῦμα
3260 3155 3523 3226 Χριστοῦ.
3564 3175 3582 3208 ι
3621 3161 3737 3225 Καὶ·

2154 3234 2287 3303 μετ’,
2302 3234 2458 3304 ὀλίγα
2481 3248 2495 3265 ⁸
2534 3254 2554 3288 ι
2606 3237 2841 3306 Λέγεται
2870 3240 3052 3295 τοίνυν
3083 3242 3308 3314 Πνεῦμα
3365 3245 3545 3314 ἅγιον.
3579 3249 3717 3318 Αὕτη

2150 3331 2260 3403 γάρ
2290 3333 2438 3387 ἐστιν
2470 3334 2503 3403 ἡ
2542 3337 2713 3405 κυρία
2742 3338 2836 3390 καὶ
2862 3337 3056 3411 πρώτη
3081 3344 3455 3415 προσηγορία,
3486 3349 3521 3418 ἡ
3548 3348 3716 3416 ὲμφα-
3784 3374 3797 3393 ί

2146 3422 2450 3493 τικωτέραν
2486 3424 2685 3494 ἔχουσα
2715 3428 2815 3499 τὴν
2843 3427 3106 3496 διάνοιαν,
3140 3433 3238 3486 καὶ
3271 3436 3603 3504 παριστῶσα
3627 3435 3715 3490 τοῦ

2150 3511 2310 3579 ἁγίου
2333 3513 2651 3584 Πνεῦματος
2670 3517 2767 3586 τὴν
2784 3517 2966 3588 φύσιν.
3006 3538 3025 3574 ι
3066 3522 3174 3575 Καὶ
3196 3522 3314 3592 μετ’
3339 3524 3498 3593 ὀλίγα
3529 3527 3684 3579 πάλιν
3700 3543 3713 3557 ·

2153 3620 2193 3654 ι»
2213 3602 2274 3656 Et
2301 3603 2358 3657 δέ
2386 3622 2469 3668 τις
2489 3606 2714 3691 Πνεῦμα
2738 3609 2978 3680 Χριστοῦ
3007 3615 3108 3667 οὐκ
3127 3612 3264 3684 εχει,
3294 3622 3388 3669 καὶ
3426 3616 3536 3688 μὴν
3561 3621 3717 3691 ἐχρῆν

2146 3695 2442 3759 είπεῖν,Εί
2489 3696 2547 3751 δέ
2596 3688 2687 3762 τις
2726 3701 2950 3769 Πνεῦμα
2979 3703 3115 3757 Θεοῦ
3161 3706 3261 3760 οὐκ
3305 3707 3439 3778 ἔχει,
3468 3688 3716 3763 ἀλλἐἷπε

2148 3784 2386 3856 Χριστοῦ
2415 3805 2430 3855 ζ
2457 3788 2595 3844 ἀλλά
2626 3791 2785 3844 τοῦτο
2838 3789 3012 3859 εἶπεν,
3044 3795 3128 3850 ἵνα
3155 3799 3302 3871 δείξῃ
3328 3802 3410 3853 ὅτι
3436 3802 3553 3855 ἴσον
3578 3804 3715 3856 ἐστῖν

487 2413 692 2483 aliquid
739 2414 807 2468 de
860 2424 1047 2469 sancta
1095 2415 1438 2486 gloriosaque
1492 2414 1747 2471 facultate
1782 2417 2051 2481 dicamus,

485 2519 593 2559 non
620 2520 714 2575 per
734 2519 796 2559 ea
823 2521 943 2576 quae
972 2506 1460 2572 comminiscimur,
1491 2507 1588 2563 sed
1620 2522 1717 2578 per
1743 2523 1867 2579 quae
1889 2508 2053 2564 doce-

485 2611 629 2650 mur.
680 2597 919 2666 Spiritus
954 2606 1178 2653 sanctus
1211 2606 1404 2653 natura
1451 2607 1535 2653 est
1561 2598 1926 2665 indivisibilis,
1965 2607 2054 2653 ut-

486 2692 611 2756 pote
660 2686 751 2754 qui
783 2702 846 2739 ex
880 2686 1223 2755 inscparabili
1250 2695 1303 2742 et
1332 2686 1645 2742 indivisibili
1682 2696 1872 2741 natura
1927 2702 2052 2757 pro-

482 2791 706 2845 gressus
730 2786 813 2832 est
857 2797 870 2832 :
900 2794 1097 2832 nomen
1127 2787 1310 2833 autem
1330 2778 1471 2848 ejus,
1506 2778 1743 2849 Spiritus
1800 2791 2046 2845 sanctus,

488 2866 725 2934 Spiritus
775 2867 1049 2931 veritatis,
1091 2866 1327 2937 Spiritus
1376 2867 1497 2933 Dei,
1524 2868 1773 2939 Spiritus
1806 2868 2045 2934 Domini,

484 2957 721 3026 Spiritus
754 2957 954 3022 Patris,
988 2957 1224 3028 Spiritus
1258 2958 1401 3026 Filii,
1451 2958 1685 3028 Spiritus
1739 2959 1966 3015 Christi.
2021 2979 2052 3013 ι.

481 3044 550 3102 Ει
593 3047 779 3114 paucis
813 3048 1082 3101 annexis:
1111 3066 1128 3099 t
1176 3046 1364 3117 Itaque
1414 3049 1617 3102 dicitur
1649 3047 1890 3119 Spiritus
1920 3064 2050 3103 san-

481 3145 627 3191 ctus.
661 3134 785 3191 llaec
831 3137 974 3191 enim
1000 3146 1082 3192 est
1105 3137 1277 3206 prima
1318 3148 1373 3193 et
1403 3139 1617 3208 propria
1652 3140 1966 3210 appellatio,
1992 3151 2048 3196 et.

482 3234 541 3278 nt
592 3227 980 3281 evidentiorem
1037 3227 1244 3282 habens
1309 3228 1746 3298 intelligentiam,
1809 3230 2045 3302 Spiritus

485 3317 659 3370 sancti
692 3326 939 3371 naturam
977 3318 1337 3372 demonstrat.
1366 3337 1385 3370 ι
1419 3318 1486 3372 Ει
1518 3330 1641 3390 post
1688 3337 1895 3391 pauca:
1932 3342 1951 3376 ι
1988 3324 2045 3378 Si

478 3409 603 3476 quis
639 3418 820 3462 autem
860 3406 1123 3476 Spiritum
1176 3410 1384 3463 Christi
1441 3426 1549 3465 non
1575 3411 1782 3479 habet;
1820 3423 1871 3467 et
1915 3430 2047 3471 sane

481 3502 766 3568 oportebat
797 3500 1003 3566 dicere,
1041 3499 1094 3555 Si
1132 3500 1258 3570 quis
1291 3511 1475 3557 autem
1505 3500 1766 3572 Spiritutn
1811 3503 1903 3559 Dei
1936 3521 2043 3562 non

482 3590 676 3644 habet:
706 3592 798 3645 sed
829 3593 964 3645 dixit
998 3590 1260 3661 Spiritum
1286 3591 1529 3657 Christi;
1560 3592 1698 3647 dixit
1725 3594 1777 3649 id
1803 3609 1951 3661 vero,
1988 3605 2047 3650 ut

478 3682 812 3745 ostenderet,
872 3683 1013 3737 idem
1077 3697 1202 3738 esse
1257 3683 1463 3751 dicere,
1509 3682 1776 3753 Spiritum
1839 3686 1952 3752 Dei,
1992 3696 2047 3743 et

481 3771 748 3841 Spiritum
775 3772 1006 3827 Christi.
1040 3773 1166 3829 llmc
1191 3776 1409 3830 nomina
1447 3785 1649 3831 sanctae
1692 3786 1748 3831 et
1776 3778 2043 3833 immacu-

2148 3878 2326 3929 είπεῐν
2357 3878 2581 3950 Πνεῦμα
2623 3882 2759 3937 Θεοῦ
2790 3923 2805 3947 ,
2854 3888 2960 3963 καὶ⁵
2981 3886 3206 3958 Πνεῦμα
3234 3894 3498 3961 Χριστοῦ.
3540 3894 3717 3948 Ταῦτα

2143 3967 2212 4019 τὰ
2239 3968 2481 4039 ὀνόματα
2515 3972 2616 4039 τῆς
2651 3974 2814 4042 ἁγίας
2863 3981 2959 4033 καὶ
3012 3981 3283 4051 ἀχράντου
3311 3984 3597 4054 δυνάμεως
3624 3984 3714 4039 τοῦ

2143 4058 2302 4126 ἁγίου
2339 4060 2458 4114 ἐστὶ
2504 4063 2599 4115 καὶ
2654 4070 3036 4135 προσκυνητοῦ
3084 4072 3424 4143 Πνεύματος.
3471 4076 3626 4129 Ἐστι
3660 4075 3710 4127 δὲ

2145 4149 2283 4204 ἄλλα
2333 4152 2577 4223 ὀνόματα
2623 4158 2685 4209 οὐ
2740 4161 2808 4229 τῇ
2869 4161 3035 4230 φύσει
3082 4167 3459 4237 προσήκοντα,
3496 4167 3630 4223 ἀλλὰ
3649 4172 3710 4240 τῇ

2146 4243 2419 4333 ἐνεργείᾳ.
2455 4245 2634 4310 Βαθὺς
2697 4251 2725 4302 ὁ
2754 4249 2931 4318 λόγος,
2966 4255 3060 4307 καὶ
3100 4258 3291 4329 χρῄζει
3335 4260 3507 4328 ἀκοῆς
3554 4278 3711 4333 προσ-

477 3967 605 4006 vero
629 3961 682 4005 et
712 3953 819 4007 alia
850 3957 1090 4021 nemina,
1121 3972 1229 4013 non
1264 3967 1473 4013 natura:
1494 3961 1895 4025 convenientia,
1934 3960 2030 4016 sed

478 4045 804 4111 operationi.
840 4044 1149 4101 Profundus
1172 4062 1378 4115 sermo,
1413 4057 1468 4103 et
1497 4065 1637 4119 opus
1686 4050 1848 4106 habet
1892 4051 2042 4107 auri-

477 4132 581 4186 hus
613 4135 859 4199 attentis,
913 4138 1146 4192 munitis
1175 4176 1191 4203 ,
1241 4146 1299 4194 et
1357 4140 1622 4197 lhlelibus.
1664 4140 1872 4197 Dicitur
1898 4144 2043 4198 enim

483 4219 723 4290 Spiritus
778 4224 939 4289 vitm,
987 4242 1111 4281 cum
1164 4227 1417 4284 Salvator
1468 4232 1667 4286 dicat:
1713 4250 1734 4284 ι
1775 4232 1887 4304 Ego
1921 4249 2041 4289 sum
2084 4266 2095 4269 ι

490 4316 693 4369 veritas
743 4325 793 4369 et
814 4317 917 4369 vita
955 4317 994 4371 ‘.
1029 4335 1048 4369 ι
1086 4318 1295 4375 Dicitur
1335 4321 1574 4391 Spiritus
1619 4324 1765 4388 vitae,
1801 4334 1860 4380 ut
1906 4323 2047 4380 Pau-

2151 4332 2307 4401 εχοῦς
2345 4336 2441 4387 καὶ
2496 4336 2779 4407 ἀσφαλοῦς
2810 4316 3154 4415 animati):
3179 4316 3421 4415 ’λέγεται
3460 4316 3521 4403 δὲ
3558 4316 3709 4405 nim.

477 4406 565 4460 lus
605 4406 779 4459 dicit:
830 4404 942 4460 Lex
991 4413 1135 4463 enim
1189 4411 1427 4481 Spiritus
1472 4413 1616 4468 vitm.
1664 4412 1791 4470 Hac
1824 4417 2042 4471 nomina

2151 4422 2207 4475 τὸ
2239 4423 2465 4495 Πνεῦμα
2500 4404 2647 4497 ζωῆς
2701 4429 2953 4500 Πνεῦμα,
2988 4404 3175 4505 ιπεὶδὴ
3221 4404 3493 4510 δέωτὴρ
3547 4442 3707 4510 λέγει,

475 4501 721 4570 ejusdem
766 4513 897 4559 sunt
950 4504 1322 4570 auctoritatis,
1394 4513 1450 4560 et
1506 4506 1753 4577 ejusdem
1813 4519 2041 4563 natura.

2154 4530 2173 4564 t
2213 4514 2353 4582 Ἐγώ
2415 4518 2530 4586 εἰμι
2586 4520 2619 4589 ἡ
2651 4517 2877 4590 ἀλήθεια
2906 4524 3001 4576 καὶ
3046 4524 3079 4595 ἠ
3129 4501 3264 4597 ζωή.
3300 4547 3318 4580 ι
3356 4501 3587 4599 Λέγεται
3617 4501 3709 4585 οὖν

2148 4600 2370 4676 Πνεῦμα
2393 4605 2561 4677 ζωῆς,
2591 4609 2772 4676 καθὼς
2808 4614 2906 4666 καὶ
2948 4616 2976 4668 6
3025 4616 3240 4682 Παῦλος
3296 4619 3472 4691 λέγει,
3521 4623 3581 4677 Ὁ
3608 4623 3706 4692 γὰρ

2146 4694 2311 4765 νόμος
2339 4698 2433 4750 τοῦ
2464 4699 2785 4769 Πνεύματος
2820 4705 2922 4773 τῆς
2949 4704 3114 4776 ζωῆς.
3147 4709 3330 4763 Ταῦτα
3363 4712 3430 4765 τὰ
3474 4712 3706 4783 ὁ.όματα

2146 4784 2316 4853 αὐτῆς
2361 4785 2463 4854 τῆς
2518 4788 2828 4857 αὐθεντίας,
2863 4793 3033 4863 αὐτῆς
3062 4797 3161 4864 τῆς
3197 4796 3432 4865 φύσεως.
3477 4804 3703 4855 Ἐστιῶ

2144 4874 2280 4927 ἄλλα
2297 4875 2562 4944 ὀνόματα,
2581 4877 2617 4931 ἃ
2638 4878 2698 4930 οὐ
2723 4884 3139 4954 προσγράφεται
3156 4888 3233 4958 τῷ
3254 4890 3397 4961 ἁγίῳ
3415 4892 3702 4962 Πνεύματι,

2147 4966 2285 5020 ἀλλὰ
2328 4970 2396 5039 τῇ
2440 4969 2705 5039 δυνάμει,
2740 4974 2838 5027 καὶ
2871 4978 2936 5048 τῇ
2972 4979 3223 5053 ἐνεργείᾳ
3258 4982 3459 5048 αὐτοῦ,
3496 4981 3608 5039 οἷον
3650 4989 3703 5038 αι

2146 5058 2348 5129 δωρεαὶ
2401 5060 2597 5129 αὐτοῦ,
2654 5063 2802 5134 λέγω
2845 5067 2903 5121 δὲ
2930 5069 3029 5123 καὶ
3059 5073 3570 5145 προσδιασαφηνίζω
3608 5076 3704 5146 τὴν

2146 5150 2379 5216 ἔννοιαν,
2416 5154 2514 5207 καὶ
2544 5157 2737 5227 ἐπάγω
2768 5158 2868 5231 τὴν
2899 5162 3224 5233 μαρτυρίαν.
3262 5164 3514 5220 Ἐπειδὰν
3551 5167 3701 5240 χαρίο

2148 5258 2315 5313 σηται
2353 5245 2416 5298 τὸ
2463 5247 2693 5319 Πνεῦμα
2742 5252 2803 5304 τὸ
2847 5254 3024 5320 ἅγιον,
3059 5255 3246 5326 εὐχαῖς
3292 5257 3404 5310 τῶν
3458 5260 3696 5329 ἁγίων,ῆ

2142 5335 2288 5404 ιμοὶ,
2319 5338 2352 5407 ἢ
2376 5338 2549 5411 ἑτέρῳ
2571 5341 2884 5415 Χριστιανῷ
2909 5346 3205 5417 ἁγιασμδν,
3226 5349 3324 5403 καὶ
3346 5350 3495 5405 λάϐω
3514 5352 3696 5424 δῶρον,

2143 5424 2285 5480 ὥστε
2332 5427 2491 5497 ἆγιον
2521 5430 2669 5502 ἔχειν
2695 5434 2756 5489 τὸ
2786 5434 2946 5508 σῶμα
2987 5438 3082 5491 καὶ
3121 5438 3223 5510 τὴν
3245 5441 3501 5513 ψυχὴν,ή
3530 5444 3698 5513 δωρεὰ

481 4681 560 4733 tui
600 4693 816 4742 sancto,
849 4683 941 4736 scd
980 4684 1169 4736 virtuti
1201 4684 1348 4739 illius
1368 4693 1423 4738 et
1448 4688 1750 4755 operationi
1773 4728 1790 4754 ,
1824 4701 1883 4743 ut
1918 4702 2048 4747 sunt

473 4771 617 4824 dona
640 4772 776 4841 ejus.
822 4773 951 4829 Dico
984 4774 1163 4843 itaque
1195 4784 1250 4829 et
1307 4776 1531 4846 insuper
1560 4779 1779 4835 deciaro
1825 4792 2046 4837 senten-

476 4862 641 4923 tiam,
689 4873 874 4930 postea
911 4863 1280 4918 testimonium
1329 4866 1783 4924 subiuducturus.
1819 4868 2046 4936 Quando

477 4952 570 5005 dat
601 4950 836 5022 Spiritus
869 4965 1095 5008 sanctus
1127 4956 1380 5024 precibus
1427 4969 1763 5026 sanctorum,
1805 4962 1886 5015 vel
1908 4963 2038 5017 mihi

471 5134 678 5187 donum
712 5137 785 5189 ita
819 5144 878 5189 ut
911 5148 1161 5192 sanctum
1216 5138 1445 5194 habeam
1476 5149 1533 5195 et
1580 5155 1777 5211 corpus
1831 5154 1888 5199 et
1917 5146 2036 5201 ani-

474 5240 643 5279 mam.
704 5226 919 5282 Donum
977 5228 1108 5283 mihi
1162 5230 1463 5286 exhibitum
1530 5244 1756 5288 vocatur
1813 5238 2040 5306 spiritus

475 5317 805 5384 sanctitatis,
868 5320 970 5373 hoc
1024 5329 1111 5375 est
1148 5335 1371 5376 munus.
1432 5320 1492 5377 Si
1540 5324 1750 5378 dederit
1800 5325 2038 5397 Spiritus

474 5417 701 5462 sanctus
729 5410 968 5479 cuipiam
1001 5413 1231 5481 donutn,
1262 5428 1371 5469 non
1424 5415 1644 5471 habenti
1696 5420 2043 5489 sapientiam,

543 5567 562 5599 ¹
592 5567 751 5623 Joan.
783 5585 894 5632 xw,
927 5570 978 5626 6.

471 5796 501 5848 ὑ
542 5724 841 5847 (vllittjnls
896 5727 1159 5785 elationis
1214 5730 1540 5803 principium
1600 5742 1734 5791 est:
1796 5734 1947 5804 Heri,
2010 5755 2039 5793 ο
2082 5737 2278 5796 Christi
2317 5752 2603 5815 amatores,
2685 5749 2824 5803 sacri
2874 5758 2926 5806 et
2983 5750 3245 5809 adorandi
3293 5751 3519 5823 Spiritus
3574 5753 3698 5808 cele-

509 5813 567 5847 ru
606 5818 633 5846 α
666 5813 726 5845 nr
759 5812 1031 5848 σιυίηιηε.

509 5812 726 5847 ruUulur
759 5812 1031 5851 adventus.
