3974 6584
341 402 380 462 2
390 405 459 467 L33

1198 409 1298 469 AD
1329 408 1812 470 THEODORUM
1850 406 2193 468 SUGDEJE
2235 404 2472 466 EPlSC.
2514 402 2662 462 LIB.
2706 401 2755 460 ῐ.

3495 395 3599 458 9'31

345 527 385 592 ὴ
422 523 636 576 δοθεῖσά
671 538 762 591 μοι
807 522 1052 575 καλεῖται
1083 520 1300 592 πνεῦμα
1323 525 1656 592 ἁγιωσύνης,
1693 524 1938 577 τουτέστι

2046 537 2153 573 non
2204 519 2420 573 habenti
2463 513 2906 584 intelligentiam,
2951 511 3042 566 sed
3078 511 3168 565 det
3203 511 3277 566 illi
3325 511 3496 568 solam
3543 515 3605 566 ﬁ‘

342 615 622 683 χάρισμα.
663 611 790 664 Ἐὰν
831 611 906 679 δῷ
937 611 998 664 τὸ
1032 612 1256 682 Πνεῦμα
1281 613 1342 666 τὸ
1389 614 1544 684 ἅγιον
1583 615 1792 685 δωρεάν
1822 631 1927 666 τινι

344 706 436 774 μὴ
469 703 649 772 ἔχοντι
678 701 892 770 σοφίαν,
928 703 1004 772 μὴ
1043 703 1222 773 ἔχοντι
1265 704 1489 772 γνῶσιν,
1516 705 1649 760 ἀλλὰ
1679 705 1752 776 δῷ
1783 703 1931 775 αὐτῷ

351 797 531 864 μόνον
584 795 792 858 πίστιν,
821 793 896 856 ῶς
935 795 1042 846 είσι
1074 795 1262 848 πολλοὶ
1294 796 1542 866 χάρισμα
1586 798 1802 866 ἔχοντες
1834 797 1928 850 τοῦ

345 886 637 939 πιστεύειν
674 886 834 955 μόνον
869 887 1136 955 Γραφαῖς,
1172 887 1272 940 οὐκ
1313 889 1513 952 εἰδότες
1553 891 1651 952 τὰς
1683 889 1926 959 Γραφάς.

345 979 455 1031 καὶ
489 980 607 1040 ταῖς
645 975 890 1047 Γραφαῖς
923 977 1292 1043 πιστεύοντες,
1329 980 1577 1032 καλεῖται
1607 981 1786 1050 δωρεὰ
1814 981 1931 1034 ἐκεῖ

344 1072 452 1122 καὶ
503 1069 721 1136 πνεῦμα
765 1067 1025 1130 πίστεως.
1083 1067 1208 1122 Ἐάν
1246 1087 1329 1133 τις
1382 1070 1520 1140 λάϐῃ
1573 1071 1782 1141 δωρεὰν
1833 1071 1928 1124 καὶ

341 1158 585 1229 δύναμιν
641 1159 793 1228 παρὰ
821 1157 916 1210 τοῦ
969 1157 1127 1225 ἁγίου
1171 1160 1489 1230 Πνεύματος
1531 1161 1814 1214 πιστεύειν
1862 1163 1926 1232 τῇ

343 1253 662 1324 ἐπαγγελίᾳ
700 1252 808 1304 τῶν
849 1252 1144 1322 διδομένων
1183 1253 1406 1322 ἀγαθῶν
1439 1255 1494 1305 ὲν
1537 1253 1614 1322 τῷ
1657 1253 1926 1324 μέλλοντι,

340 1345 515 1396 ἔλαϐε
552 1344 768 1413 πνεῦμα
829 1343 1185 1413 ἐπαγγελίας.
1249 1344 1374 1397 Ἐάν
1428 1362 1512 1407 τις
1539 1344 1682 1414 λάϐῃ
1738 1347 1929 1412 σοφίας

339 1435 551 1502 δῶρον,
580 1435 828 1488 καλεῖται
861 1437 894 1504 ἡ
925 1435 1104 1504 δωρεὰ
1125 1434 1344 1504 πνεῦμα
1379 1436 1592 1503 σοφίας,
1627 1435 1722 1489 καὶ
1753 1436 1929 1490 πάντα

337 1526 418 1576 τὰ
448 1527 764 1595 χαρίσματα
799 1525 896 1578 τοῦ
937 1527 1251 1596 Πνεύματος
1281 1525 1528 1579 καλεῖται
1559 1526 1798 1596 πνεῦμα,
1833 1527 1928 1579 καὶ

338 1617 590 1686 πρόσεχε
622 1610 794 1668 τύπον
815 1616 1316 1686 διασαφηνιζόντων
1346 1613 1503 1688 ἡμῶν
1528 1620 1590 1670 ἐκ
1611 1620 1809 1689 μέρους
1829 1619 1930 1689 τῆς

337 1707 604 1775 θεωρίας.
648 1708 819 1760 Ὅταν
873 1725 956 1771 τις
1006 1709 1106 1781 ἔχῃ
1147 1709 1393 1779 χάρισμα
1422 1710 1666 1781 ἀγάπης,
1694 1704 1914 1778 λέγεται

331 1797 436 1848 ὅτι
495 1797 714 1867 πνεῦμα
762 1799 984 1869 ἀγάπης
1033 1799 1169 1868 ἔχει.
1207 1801 1374 1852 Ὀταν
1401 1799 1542 1872 λάϐῃ
1571 1818 1654 1863 τις
1681 1803 1927 1871 χάρισμα

2033 610 2154 664 dem
2178 649 2192 674 ,
2234 609 2420 677 quales
2461 616 2586 662 sunt
2627 605 2779 660 mttlti
2821 603 3081 658 habentes
3117 603 3314 657 donum
3339 641 3354 666 ,
3386 612 3445 656 ut
3483 618 3575 657 ere

2034 701 2165 753 dant
2212 701 2385 754 solum
2432 697 2766 766 Seripturis,
2805 697 3113 764 ignorantes
3162 693 3502 762 Scripturas,
3548 702 3603 746 et

2043 791 2340 860 Scripturis
2397 791 2731 850 credentes;
2810 786 2940 838 illud
3005 786 3206 838 donum
3272 793 3496 839 vocatur
3549 794 3604 839 rt

2036 882 2262 948 spiritus
2299 880 2442 935 fidei.
2478 879 2533 932 Si
2565 879 2688 948 quis
2717 877 2941 944 accipiat
2969 875 3172 929 donum
3209 884 3264 928 et
3288 875 3540 928 virtutem
3568 889 3598 928 a

2037 975 2240 1044 Spirittt
2278 983 2492 1032 sancto.
2553 983 2608 1025 ut
2669 972 2852 1026 thdat
2899 970 3252 1040 promissioni
3312 971 3598 1034 honorum,

2035 1083 2158 1136 quae
2190 1067 2389 1120 dantur
2422 1067 2474 1119 in
2512 1064 2694 1118 l‘uiuro
2745 1063 2944 1118 sasrulo
2974 1104 2988 1126 ,
3041 1062 3129 1116 ille
3180 1063 3428 1131 spiritum
3477 1078 3604 1129 pro-

2036 1157 2318 1212 missionis
2371 1156 2600 1225 accepit.
2640 1154 2694 1209 Si
2746 1154 2869 1222 quis
2925 1153 3130 1222 accepit
3180 1155 3460 1222 sapientia:
3507 1155 3606 1206 do-

2036 1265 2189 1310 num,
2221 1249 2352 1302 illttd
2389 1258 2616 1302 vocatur
2670 1247 2894 1314 spiritus
2944 1246 3269 1314 sapientiae;
3312 1254 3365 1299 et
3415 1246 3598 1298 omnia

2035 1339 2176 1394 dona
2202 1338 2441 1408 Spiritus
2481 1343 2652 1391 sancti
2681 1347 3066 1404 nuncupantur
3116 1335 3342 1400 spiritus
3373 1348 3388 1387 :
3447 1345 3501 1389 et
3531 1346 3608 1386 at-

2049 1431 2212 1484 tende
2245 1430 2532 1501 diligenter
2561 1429 2812 1486 fortnam,
2835 1444 2939 1495 qua
2973 1427 3066 1480 tibi
3103 1437 3305 1494 partem
3352 1427 3604 1496 specula-

2043 1521 2207 1574 tionis
2235 1520 2582 1590 exponimus.
2619 1519 2847 1584 Quando
2877 1517 3002 1586 quis
3051 1517 3211 1570 habet
3240 1517 3442 1570 donum
3477 1519 3606 1570 cha-

2035 1613 2233 1677 l'itatis,
2266 1611 2462 1666 dicitur
2496 1611 2694 1664 habere
2740 1609 2992 1678 spiritum
3034 1607 3338 1662 charitatis.
3375 1607 3606 1674 Quando

2037 1705 2160 1775 quis
2221 1704 2490 1774 acceperit
2552 1704 2754 1757 donum
2819 1701 3096 1770 martyrii,
3148 1701 3345 1756 dicitur
3407 1702 3605 1755 habere

2037 1797 2251 1850 virtutis
2301 1797 2554 1866 spiritum
2594 1811 2609 1858 ;
2651 1794 2756 1846 hoc
2810 1801 2896 1845 est
2953 1792 3182 1854 donum,
3232 1792 3377 1861 quod
3416 1794 3603 1846 datutn

335 1889 678 1958 μαρτυρίου,
698 1891 920 1957 λέγεται
951 1891 1169 1960 πνεῦμα
1187 1890 1470 1959 δυνάμεως
1489 1891 1654 1962 ἔχειν,
1681 1892 1928 1944 τουτέστι

2037 1887 2278 1957 Spiritus
2305 1900 2529 1942 sanctus
2549 1886 2875 1955 appellatur,
2925 1893 2980 1938 et
3013 1883 3218 1938 donum
3263 1884 3451 1939 eodem
3510 1899 3606 1936 nn-

305 1979 618 2047 ’χάρισμα
670 1978 972 2048 ἐπειδήπερ
1031 1979 1090 2030 τὸ
1146 1978 1494 2047 δωρούμενον
1521 1979 1581 2031 τὸ
1619 1978 1845 2048 Πνεῦμα
1869 1978 1930 2031 τὸ

339 2067 511 2134 ἂγιὸν
566 2071 704 2123 ἐστι.
761 2068 1140 2122 Καλεῖταικαὶ
1187 2071 1248 2122 τὸ
1301 2069 1646 2141 δωρούμενον
1686 2070 1932 2141 ’Πνεῦμα

339 2158 382 2211 5.
401 2177 531 2224 ;ιον,
557 2160 801 2212 καλεῖται
832 2159 925 2213 καὶ
942 2159 1002 2212 τὸ
1029 2158 1200 2229 δῶρον
1235 2159 1540 2229 ὁμωνύμως
1565 2161 1642 2229 τῷ
1672 2161 1928 2232 χαρίζον-

337 2266 429 2301 τι.
461 2268 479 2302 ι
526 2249 633 2302 Καὶ
658 2249 777 2320 μετ’
795 2250 971 2316 ὀλίγα’
1004 2268 1022 2302 ι
1049 2251 1205 2304 Οῦτω
1229 2251 1320 2304 καὶ
1343 2253 1371 2304 ὁ
1395 2254 1662 2323 μακάριος
1679 2253 1928 2316 Ἡσαΐας·

348 2359 372 2390 ι
432 2339 822 2405 ἐξελεύσεται,
856 2342 987 2409 φησι
1011 2379 1026 2404 ,
1061 2339 1255 2409 ῥάϐδος
1281 2342 1344 2394 ὲκ
1367 2342 1464 2412 τῆς
1505 2341 1662 2411 ῥίζης
1710 2344 1928 2409 Ἰεσσαὶ,

342 2432 451 2482 καὶ
473 2430 630 2494 ἄνθος
666 2430 724 2496 ἐξ
768 2431 943 2500 αὐτῆς
969 2432 1328 2502 ἀναϐήσεται,
1357 2436 1450 2486 καὶ
1478 2435 1929 2488 ὲπαναπαύσεται

343 2518 446 2572 ἐπ’
469 2521 630 2572 αύτὶν
663 2520 886 2590 Πνεῦμα
906 2521 1000 2572 τοῦ
1028 2520 1186 2574 Θεοῦ.
1216 2541 1233 2571 ι
1268 2515 1394 2574 Ὧδε
1425 2521 1484 2574 τὸ
1507 2522 1676 2591 ὄνομα
1702 2523 1798 2592 τῆς
1826 2523 1931 2591 φύ-

345 2628 494 2676 σεως
526 2611 690 2665 αὑτοῦ
716 2614 810 2665 τοῦ
841 2613 1180 2682 Πνεύματος,
1216 2614 1401 2666 λοιπὸν
1427 2615 1484 2667 δὲ
1511 2616 1579 2668 τά
1613 2617 1926 2685 χαρίσματα

344 2705 573 2774 πνεῦμα
628 2705 827 2774 σοφίας
887 2709 980 2758 καὶ
1029 2705 1317 2769 συνέσεως,
1371 2706 1591 2773 πνεῦμα
1651 2708 1924 2774 γνώσεως,

342 2795 572 2866 πνεῦμα
622 2798 930 2862 εύσεὸείας,
966 2797 1190 2868 πνεῦμα
1219 2799 1386 2866 φόϐου
1416 2799 1575 2852 Θεοῦ.
1619 2817 1637 2851 ι
1677 2799 1788 2854 Καὶ
1811 2801 1928 2868 μετ’

343 2890 510 2956 ὀλίγα
541 2891 729 2942 πάλινο
762 2907 779 2940 ι
823 2888 1056 2942 Ἔλαϐεν
1076 2894 1102 2943 ὁ
1128 2891 1396 2946 διδάσκων
1420 2892 1638 2962 πνεῦμα
1666 2892 1878 2962 σοφίας,
1901 2895 1928 2946 ὁ

345 2981 745 3050 διδασκόμενος
777 2980 998 3050 πνεῦμα
1039 2983 1330 3048 συνέσεως,
1360 2983 1446 3035 ἵνα
1467 2986 1621 3052 συνῇ.
1657 2985 1756 3039 Διὰ
1772 2983 1929 3037 τοῦτο

347 3070 596 3133 Ἶίσαῖας
654 3073 753 3142 τὴν
805 3073 996 3140 σοφίαν
1052 3074 1352 3144 ἐπιγράφει
1404 3073 1483 3144 τῷ
1532 3077 1781 3143 λέγοντι,
1830 3076 1927 3146 τὴν

347 3163 571 3214 σύνεσιν
600 3163 676 3233 τῷ
708 3163 987 3230 ἀκούοντι,
1019 3165 1114 3218 καί
1139 3182 1294 3234 φησι,
1322 3166 1490 3232 Σοφὸν
1513 3167 1924 3236 ἀρχιτέκοτονα,

348 3258 454 3309 καὶ
492 3257 711 3309 συνετὸν
761 3259 1069 3329 ἀκροατήν.
1107 3258 1332 3328 Πνεῦμα
1370 3259 1564 3330 βουλῆς
1615 3261 1817 3314 δίδοται
1845 3263 1926 3332 τῷ

346 3347 450 3415 τὴν
479 3347 706 3417 γνώμην
763 3349 1063 3420 δεχομένῳ.
1101 3368 1118 3402 ι
1151 3349 1261 3402 Καὶ
1308 3353 1447 3420 μετά
1487 3367 1608 3403 τινα
1643 3353 1740 3421 τῆς
1770 3371 1928 3424 περι-

347 3439 532 3508 κοπῆς
563 3454 576 3468 ·
634 3457 653 3490 t
707 3441 1183 3509 Ἐπαναλαμδάνω
1233 3441 1417 3494 τοίνυν
1447 3443 1512 3495 τά
1539 3443 1785 3513 ὀνόματα
1830 3447 1929 3516 τῆς

343 3529 635 3599 ἁφράστου
666 3529 908 3600 φύσεως,
942 3531 1159 3602 πνεῦμα
1184 3533 1344 3598 Θεοῦ,
1376 3533 1594 3604 πνεῦμα
1624 3535 1704 3599 τὸ,
1733 3538 1794 3589 ἐκ
1833 3537 1927 3591 τοῦ

349 3620 533 3680 Θεοῦ,
579 3619 799 3690 πνεῦμα
856 3623 1090 3692 Κυρίου,
1129 3623 1354 3694 Πνεῦμα
1404 3625 1653 3696 Πατρὺς,
1703 3629 1930 3699 ’Πνεῦμα

352 3714 512 3776 Υἱού,
545 3712 768 3784 Πνεῦμα
810 3713 1070 3784 Χριστοῦ,
1103 3715 1331 3786 Πνεῦμα
1365 3715 1459 3770 τοῦ
1499 3720 1806 3790 ἐγείραντος
1838 3721 1930 3774 τὸν

339 3808 614 3876 ¹Χριστὸν,
655 3805 878 3876 πνεῦμα
923 3807 1088 3878 ζωῆς,
1120 3807 1346 3878 πνεῦμα
1398 3809 1683 3881 ἀληθείας.
1728 3814 1930 3868 Λοιπὸν

352 3901 424 3948 τά
451 3896 790 3967 χαρίσματα,
825 3895 1044 3964 πνεῦμα
1089 3896 1401 3965 δυνάμεως,
1435 3897 1652 3968 πνεῦμα
1685 3901 1927 3967 ἀγάπης,

351 3989 578 4058 πνεῦμα
611 3987 997 4059 σωφρονισμοῦ
1020 4027 1036 4054 ,
1067 3987 1286 4058 πνεῦμα
1327 3990 1680 4058 ἐπαγγελίας,
1711 4008 1931 4061 πνεαμα

351 4080 858 4149 πίστεως,πνεῦμα
884 4077 1311 4147 ἀποκαλύψεως,
1335 4080 1552 4150 πνεῦμα
1583 4081 1924 4145 υίοθεσίας.τ

355 4171 544 4225 Ταῦτα
570 4172 754 4239 σαφῶς
778 4170 870 4224 τοῦ
893 4173 1342 4242 χρυσορῤἡμονος
1369 4173 1583 4240 Πατρδς
1616 4173 1933 4245 διηυκρινη-

358 4263 515 4326 κότος
540 4266 643 4317 ,καὶ
687 4259 1155 4330 παραδεδωκότος,
1179 4263 1257 4333 πῆ
1288 4262 1388 4334 μὲν
1436 4264 1585 4317 ἔστιν
1609 4264 1840 4318 ἀκοῦσαι
1872 4265 1932 4319 τὺ

354 4355 455 4408 τοῦ
495 4357 810 4425 Πνεύματος
860 4355 1052 4425 δ.ομα,
1091 4358 1185 4408 καὶ
1229 4360 1417 4425 νοῆσαι
1441 4357 1604 4410 αὑτὸν
1630 4358 1719 4411 τὸν
1744 4358 1930 4428 Παρά-

360 4449 582 4517 κλητον,
621 4451 694 4516 πῆ
720 4447 776 4499 δὲ
807 4447 1038 4500 ἀκοῦσαι
1069 4449 1229 4502 πάλιν
1258 4448 1430 4515 ὄνομα
1469 4450 1804 4517 πνεύματος,
1837 4453 1932 4505 καὶ

2034 1981 2215 2044 nrine,
2245 1994 2356 2049 quo
2399 1979 2445 2032 is
2492 1981 2582 2046 qui
2615 1980 2802 2032 donat.
2842 1993 2860 2027 ›
2901 1975 2963 2029 Et
3021 1977 3210 2045 paucis
3259 1976 3601 2044 interjectis:

2040 2093 2060 2126 ι
2100 2073 2175 2128 lla
2209 2081 2262 2128 et
2331 2073 2521 2126 beatus
2579 2069 2750 2126 Isaias
2786 2086 2798 2122 :
2837 2087 2855 2120 ι
2886 2069 3232 2138 Egredietur,
3270 2069 3472 2138 inquit,
3537 2071 3605 2122 de

2036 2165 2216 2220 radice
2252 2162 2407 2218 Jesse
2431 2163 2579 2229 virga
2605 2169 2657 2214 et
2686 2160 2786 2216 ﬂos
2817 2174 2878 2214 ex
2911 2175 2974 2214 ea
3003 2160 3280 2222 ascendet,
3317 2168 3366 2213 et
3386 2159 3605 2226 requie-

2033 2263 2147 2310 scet
2193 2269 2354 2324 super
2386 2268 2509 2306 curn
2563 2250 2799 2320 Spiritus
2824 2251 2915 2304 Dei
2957 2252 3002 2306 ³.
3035 2268 3052 2300 ι
3106 2248 3200 2304 llic
3264 2259 3347 2304 est
3405 2265 3604 2304 uorum

2033 2345 2205 2414 ipsius
2235 2352 2443 2397 natura:
2467 2342 2728 2412 Spiritus;
2759 2340 3014 2408 deinceps
3070 2348 3382 2407 sequuntur
3411 2340 3551 2392 dena
3581 2355 3596 2392 :

2031 2437 2260 2505 spiritus
2297 2435 2573 2505 sapientia:
2615 2445 2670 2488 et
2699 2433 3024 2492 intellectus,
3053 2433 3279 2500 spiritus
3311 2431 3526 2486 consilii
3551 2442 3606 2486 et

2036 2529 2396 2592 lortitudidis,
2440 2527 2665 2596 spiritus
2714 2524 3058 2594 cognitionis,
3097 2525 3322 2593 spiritus
3364 2523 3600 2593 pietatis,

2041 2624 2269 2688 Spiritus
2324 2620 2535 2673 timoris
2589 2618 2702 2670 Dei.
2738 2636 2757 2668 ι
2802 2615 2860 2693 Et
2909 2624 3030 2684 post
3069 2629 3235 2684 pauca
3272 2630 3287 2668 :
3328 2633 3345 2666 ι
3378 2616 3602 2684 Acceth

2032 2713 2262 2765 docens.
2297 2711 2546 2780 spiritum
2578 2708 2877 2778 sapientiae,
2908 2706 3288 2771 etaddiscens,
3332 2708 3588 2776 spirituut

2029 2804 2420 2870 intelligentee,
2445 2811 2503 2854 ιιι
2533 2801 2815 2870 intelligat.
2849 2797 3139 2861 Propterea
3171 2798 3342 2852 Isaias
3367 2799 3588 2865 sapien-

2029 2898 2160 2950 tiam
2208 2896 2436 2948 ascribit
2493 2893 2734 2954 dicenti,
2797 2891 3136 2944 intellectum
3193 2891 3480 2951 audienti;
3521 2896 3597 2952 et,

2029 2989 2224 3058 inquit,
2253 2988 2551 3056 sapientem
2576 2984 2960 3045 architectum,
2997 2993 3050 3036 et
3083 2981 3471 3050 intelligentem
3503 2995 3602 3031 au-

2027 3082 2281 3136 ditorem.
2317 3079 2552 3148 Spiritus
2585 3077 2802 3130 consilii
2829 3076 3028 3130 dicitur
3050 3075 3406 3140 consiliatio;
3441 3073 3603 3141 spiri-
3691 3143 3696 3148 ι

2033 3182 2119 3228 lus
2156 3171 2541 3242 fortitudinis,
2603 3169 2892 3223 consilium
2957 3167 3265 3236 accipienti.
3307 3183 3330 3218 ι
3367 3165 3432 3218 Et
3480 3173 3602 3234 post

2029 3265 2133 3318 alia
2165 3262 2427 3316 nonnulla
2488 3263 2766 3330 pericOpes
2800 3274 2814 3310 :
2856 3276 2874 3310 ι
2915 3256 3120 3325 Repeto
3161 3257 3324 3327 igitur
3379 3257 3598 3310 nomina

2030 3354 2317 3410 inell'abilis
2359 3362 2567 3406 natura:
2631 3351 2870 3420 Spiritus
2925 3348 3051 3411 Dei,
3090 3347 3326 3417 Spiritus
3381 3346 3474 3416 qui
3527 3361 3594 3400 ex

2030 3447 2175 3512 Deo,
2232 3446 2467 3512 Spiritus
2510 3444 2743 3507 Domini,
2795 3441 3033 3511 Spiritus
3090 3439 3302 3503 Patris,
3360 3439 3600 3506 Spiritus

2029 3539 2198 3602 Filii,
2275 3539 2516 3608 Spiritus
2573 3537 2832 3600 Christi,
2887 3533 3125 3603 Spiritus
3178 3534 3269 3600 qui
3334 3531 3600 3584 excitavit

2028 3631 2328 3694 Christum,
2370 3629 2606 3698 Spiritus
2632 3631 2776 3689 vitaz,
2806 3625 3041 3695 Spiritus
3076 3624 3318 3677 veritatis
3349 3640 3365 3676 :
3405 3622 3599 3676 deinde

2030 3725 2195 3788 dona,
2253 3721 2480 3791 spiritus
2529 3717 2767 3781 virtutis,
2795 3717 3037 3786 [spiritus
3088 3713 3392 3779 charitatis,
3439 3713 3602 3782 Spiri-

2033 3826 2122 3873 tus
2179 3815 2577 3886 tetnperantiaz,
2632 3811 2856 3880 spiritus
2912 3807 3326 3879 promissionis,
3376 3807 3602 3875 spiritus

1987 3933 2002 3946 ι
2032 3909 2179 3973 lidei,
2211 3908 2436 3976 spiritus
2493 3903 2861 3969 revelationis,
2914 3901 3140 3970 Spiritus
3182 3899 3490 3968 adoptionis
3544 3901 3603 3950 ti-

2030 4003 2255 4057 liorum.
2297 4019 2315 4053 ι
2369 3998 2495 4055 Haec
2549 3998 2724 4067 palam
2799 3997 3194 4066 Chrysostomo
3261 3992 3603 4046 discernente

2034 4093 2394 4168 tradente'que
2450 4090 2744 4161 aliquando
2791 4089 3042 4144 audimus
3097 4085 3331 4156 Spiritus
3383 4098 3600 4145 nomen,

2034 4197 2082 4240 et
2121 4184 2457 4239 Paracletum
2495 4184 2669 4251 ipsum
2706 4180 3060 4250 intelligimus
3090 4193 3106 4241 ;
3155 4176 3458 4245 aliquando
3482 4188 3603 4226 rur-

2035 4291 2128 4330 sus
2192 4273 2447 4328 audimus
2503 4285 2700 4325 nomen
2767 4269 3028 4338 spiritus,
3090 4276 3144 4319 et
3207 4265 3423 4333 aliquod
3491 4263 3601 4331 spi-

2039 4366 2233 4420 rituale
2297 4365 2501 4419 donum
2581 4377 2678 4432 per
2757 4361 2887 4413 illud
2952 4358 3246 4412 indicatum
3318 4355 3604 4422 cognosci-

2040 4475 2211 4522 mus;
2271 4471 2506 4525 quanam
2574 4455 2824 4514 ratione,
2885 4451 3018 4520 qtti,
3097 4448 3360 4518 quidquid
3427 4449 3597 4499 visum

357 4543 549 4608 νοῆσαι
594 4541 754 4608 χάριν
783 4539 907 4590 τινὰ
954 4539 1295 4609 δηλουμένην
1352 4541 1768 4612 πνευματικὴν,
1819 4544 1932 4607 πῶς

2041 4551 2222 4615 fuerit,
2248 4549 2436 4604 elIt'eni
2473 4562 2568 4601 ore
2599 4545 2872 4609 eﬂutiunt,
2903 4543 3258 4605 contendunt,
3293 4557 3396 4592 non
3445 4549 3603 4592 uatu-

359 4630 576 4695 ἕξουσιν
607 4631 655 4682 οἱ
699 4631 920 4698 σύμπαν
955 4632 1015 4682 τὸ
1042 4630 1233 4682 δοκοῦν
1267 4631 1455 4693 αὐτοῖς
1505 4632 1774 4703 άπυλώτῳ
1799 4634 1934 4686 ἀπε-

364 4721 695 4792 ρευγόμενοι
771 4721 999 4789 στόματι
1058 4721 1453 4788 διενίστασθαι,
1490 4725 1566 4794 μὴ
1622 4723 1719 4793 τὴν
1775 4723 1937 4792 φύσιν

359 4810 454 4864 τοῦ
495 4811 654 4878 ἁγίου
706 4809 1043 4882 Πνεύματος,
1086 4811 1222 4865 ἀλλὰ
1264 4812 1330 4865 τὰ
1367 4815 1713 4882 πνευματικά
1742 4815 1940 4885 δηλοῦο

362 4903 488 4955 σθαι
521 4901 874 4972 χαρίσματα;
911 4903 999 4955 Ἑν
1023 4903 1296 4973 οίῳδήτινι
1327 4903 1392 4955 ἂν
1415 4904 1513 4972 τῆς
1545 4904 1691 4967 Θείας
1720 4905 1941 4976 Γραφῆς

364 4997 524 5064 μέρει
560 4994 881 5064 εὑρίσκηται
927 4994 988 5046 τὸ
1023 4995 1246 5065 Πνεῦμα
1278 4995 1338 5048 τὸ
1363 4995 1513 5062 ἅγιον
1541 4997 1804 5066 ὑπάρχον,
1838 5001 1933 5050 καὶ

363 5085 690 5152 ἀναδλύζον,
720 5088 816 5139 καὶ
847 5087 1216 5158 προχεόμενον
1271 5087 1330 5152 ἐξ
1385 5087 1514 5139 Υίοῦ
1549 5103 1566 5153 ;
1605 5089 1664 5140 El
1693 5091 1801 5159 γὰρ
1841 5093 1930 5141 τὸν

364 5178 494 5245 περὶ
511 5176 619 5228 τῶν
643 5175 925 5246 ὀνομάτων
957 5176 1114 5243 λόγον
1149 5175 1177 5228 ὁ
1210 5176 1364 5243 ἆγιος
1389 5173 1717 5244 ποιούμενός
1745 5193 1932 5246 φησιν,

371 5287 390 5319 t
424 5268 634 5337 Ὀνομα
658 5267 714 5318 δὲ
744 5267 908 5319 αὑτοῦ
941 5266 1166 5336 Πνεῦμα
1197 5266 1376 5332 ἀγιον,
1405 5267 1629 5336 Πνεῦμα
1658 5267 1934 5333 ἀληθείας,

369 5358 594 5429 Πνεῦμα
643 5359 737 5412 τοῦ
773 5361 931 5423 θεοῦ,
955 5359 1178 5428 Πνεῦμα
1214 5359 1308 5411 τοῦ
1345 5359 1581 5429 Πατρὸς,
1601 5359 1824 5430 Πνεῦμα
1843 5361 1934 5412 τοῦ

369 5450 521 5516 Υίοῦ,
542 5452 637 5506 καὶ
658 5452 1030 5521 προστίθησιν,
1056 5470 1072 5501 t
1098 5450 1246 5521 Αὕτη
1276 5452 1389 5520 γάρ
1419 5453 1566 5503 ἐστιν
1588 5451 1622 5521 ἡ
1648 5453 1812 5520 κυρία
1845 5454 1938 5503 καὶ

369 5547 560 5611 πρώτη
631 5545 992 5612 προσηγορία,
1033 5545 1064 5611 η
1112 5543 1570 5614 ὲμφατικωτέραν
1608 5542 1804 5612 ἔχουσα
1838 5543 1936 5611 τὴν

367 5634 631 5696 διάνοιαν,
667 5635 760 5685 καὶ
805 5634 1126 5703 παριστῶσα
1174 5634 1268 5688 τοῦ
1303 5635 1457 5702 ἁγίου
1492 5634 1808 5704 Πνεύματος
1839 5640 1936 5705 τὴν

440 5795 457 5822 ¹
490 5793 591 5844 isti.
634 5809 706 5849 λ’,
743 5793 783 5848 Ι.
821 5793 872 5843 2)..

2049 4657 2164 4696 ram
2204 4641 2375 4694 sancti
2399 4623 2660 4708 Spiritus,
2712 4635 2806 4690 sed
2855 4633 3161 4703 spiritttalia
3204 4634 3345 4685 dona
3385 4631 3438 4684 iit
3470 4646 3606 4698 qua-

2035 4745 2252 4801 cunque
2283 4743 2452 4784 sacrae
2481 4727 2776 4795 Scriptura:
2807 4733 2958 4794 parte
3005 4723 3292 4791 reperitur,
3340 4719 3598 4788 Serrturu

2037 4832 2453 4884 sanctumesse,
2494 4832 2772 4880 emanare,
2805 4823 2859 4869 et
2914 4813 3116 4868 emrndi
3178 4826 3243 4866 ex
3276 4809 3412 4865 Filio
3460 4808 3601 4862 iudi-

2039 4915 2198 4969 cari?
2229 4911 2495 4979 Namque,
2525 4911 2568 4964 si
2592 4909 2660 4963 de
2692 4907 3010 4960 nominibus
3053 4905 3279 4974 spiritus
3322 4901 3487 4954 verba
3527 4901 3606 4952 l'a-

2041 5009 2214 5067 ciens,
2262 5012 2486 5056 sanctus
2509 5001 2586 5054 ait
2625 5016 2638 5052 :
2673 5018 2690 5049 t
2732 4999 2941 5051 Numen
2973 5013 3098 5050 vero
3143 4995 3339 5065 ipsius,
3368 4991 3608 5062 Spiritus

2040 5108 2283 5160 sanctos,
2315 5095 2548 5164 Spiritus
2601 5092 2866 5154 veritatis,
2905 5089 3143 5158 Spiritus
3201 5087 3315 5151 Dei,
3366 5084 3604 5154 Spiritus

2040 5187 2238 5252 Patris,
2280 5184 2515 5255 Spiritus
2548 5182 2694 5246 Filii,
2739 5201 2755 5232 ι
2795 5189 2849 5234 et
2893 5179 3043 5234 addit
3080 5196 3095 5232 :
3129 5196 3148 5228 ι
3186 5176 3310 5231 llaec
3343 5177 3487 5230 enim
3525 5183 3608 5227 est

2045 5293 2260 5348 propria
2295 5288 2348 5330 et
2377 5277 2550 5346 prima
2583 5275 2898 5345 appellatio,
2935 5287 3056 5343 qua:
3089 5269 3412 5325 sententiain
3447 5267 3607 5319 habet

2043 5371 2460 5437 expressiorem,
2477 5378 2528 5422 et
2555 5376 2806 5421 naturain
2828 5368 3080 5434 Spiritus
3108 5365 3280 5418 sancti
3307 5373 3608 5429 repracsen-

2045 5466 2161 5520 tat;
2200 5473 2220 5506 ›
2278 5464 2390 5507 ttnn
2450 5456 2637 5509 subdit
2681 5455 2878 5509 deinde
2916 5470 2928 5506 :
2977 5471 2995 5503 ι
3041 5452 3164 5505 Ilaec
3219 5459 3346 5503 sunt
3389 5462 3608 5500 tiouuna

2044 5555 2248 5600 sancta:
2282 5546 2722 5600 etimtuaculataz
2776 5547 2992 5599 virtutis
3038 5541 3213 5596 sancti
3247 5550 3300 5593 et
3344 5537 3604 5592 adorandi

2044 5641 2304 5708 Spiritus,
2339 5659 2356 5692 ι
2391 5657 2718 5712 rursumque
2752 5659 2764 5694 :
2801 5660 2818 5691 ι
2858 5639 2978 5693 ΙΙιυο
3005 5636 3223 5690 nomina
3273 5644 3399 5688 sttnt
3422 5648 3612 5686 aucto-
