3974 6580
459 360 582 459 ἲ³¹¹
1504 373 1720 438 JOAN.
1761 376 1974 438 vnum
2011 380 2118 440 cr.
2163 377 2670 442 PATRIARCII.~E
3608 370 3704 437 312

456 492 669 557 meque.
710 492 774 533 ex
812 477 926 548 jam
973 478 1135 537 dictis
1180 493 1586 554 consequenter
1631 486 1814 558 colligi
1841 496 2041 558 potest.

2153 489 2602 556 συλλογίσασθαι.
2652 488 2741 552 Ὠς
2768 488 2876 558 γὰρ
2909 489 2936 542 ὁ
2979 487 3106 551 Υἱὸς
3131 486 3285 554 τάξει
3329 484 3429 557 μιν
3469 483 3708 557 δεύτερος

456 570 945 637 Quemadmodum
999 573 1147 628 enim
1176 571 1346 631 Filius
1392 575 1585 632 ordine
1621 578 1841 648 quidem
1873 594 1902 632 a
1941 579 2043 633 Pa-

375 701 378 704 .
472 670 556 717 tre
582 663 853 720 secundus
878 671 981 729 est,
1016 665 1274 734 quoniam
1305 667 1374 722 ab
1423 668 1518 722 illo
1547 677 1651 736 est,
1684 670 2040 742 etdignitate,

471 755 732 827 quoniam
751 756 926 825 origo,
947 766 1109 827 atque
1133 774 1297 815 causa
1325 760 1469 830 quod
1500 760 1589 815 ille
1625 764 1720 827 sit,
1754 763 1916 819 Pater
1939 773 2044 828 est,

470 857 529 903 et
562 847 708 918 quod
741 862 838 918 per
864 850 1039 917 ipsum
1080 864 1358 915 accessus,
1392 859 1447 907 et
1474 850 1731 907 adductio
1770 854 1837 909 ad
1874 854 2041 909 Deum

470 940 687 996 Patrem
717 959 733 1007 ;
763 950 959 997 natura
985 957 1115 997 vero
1145 942 1321 997 nullo“
1354 944 1517 998 modo
1549 946 1849 1010 secundus,
1897 949 2042 1018 quod

466 1018 525 1087 in
568 1042 799 1103 utroque
832 1049 938 1088 una
968 1033 1152 1089 Deitas
1185 1043 1270 1090 est
1300 1052 1318 1091 :
1349 1037 1421 1090 ita
1454 1037 1702 1092 videlicet
1721 1048 1773 1093 et
1804 1038 2045 1109 Spiritus

469 1133 712 1189 sanctus,
740 1132 793 1179 et
826 1125 873 1180 si
911 1124 1172 1197 dignitate
1200 1134 1255 1181 et
1291 1127 1486 1182 ordine
1532 1129 1808 1185 secundus
1840 1145 1871 1186 a
1904 1129 2043 1184 Filio

467 1226 574 1280 est,
606 1233 715 1272 non
747 1227 928 1272 tamen
959 1219 1355 1284 verisimiliter,
1408 1221 1598 1277 aliena:
1627 1237 1750 1279 esse
1806 1232 2039 1291 naturae,

468 1306 596 1361 inde
619 1308 883 1376 consequi
919 1307 1240 1363 dixerimus.
1265 1327 1285 1361 ι
1321 1308 1389 1364 Ει
1416 1310 1518 1366 boc
1555 1312 1734 1382 magni
1772 1310 1954 1369 Basilii
1977 1313 2045 1370 de

466 1396 672 1467 Spiritu
699 1408 893 1455 sancto
926 1399 1295 1470 theologicum
1323 1401 1551 1466 dictum,
1594 1413 1652 1458 ut
1696 1405 1875 1473 primo
1905 1404 2045 1460 rela-

465 1488 634 1544 tionis
665 1497 771 1544 tute
825 1490 999 1559 capite
1039 1492 1377 1554 continetur,
1435 1493 1580 1549 inter
1609 1502 1662 1549 te
1692 1504 1746 1550 et
1788 1511 1911 1552 sese
1944 1496 2041 1551 tibi

463 1592 800 1652 opponentes
827 1594 1104 1640 certamen
1125 1587 1445 1648 exsuscitat,
1467 1588 1595 1641 dum
1653 1596 1708 1643 tu
1744 1589 2033 1645 contendis

462 1675 657 1739 libros,
688 1676 781 1743 qui
809 1676 1013 1731 dictum
1040 1677 1153 1747 jam
1186 1688 1526 1749 propositum
1585 1680 1883 1752 integrum,
1939 1697 2042 1738 nec

466 1767 649 1839 aliqua
681 1769 765 1824 sui
813 1778 967 1840 parte
1010 1770 1385 1835 imminutum,
1446 1780 1508 1827 ut
1542 1787 1710 1843 supra
1768 1773 2040 1844 digestum

2150 582 2243 635 τοῦ
2271 582 2504 653 Πατρὸς,
2529 583 2611 636 ὅτι
2635 581 2728 634 ἀπ’
2752 581 2982 639 ἐκείνου,
3012 580 3105 633 καὶ
3129 578 3423 650 ἀξιώματι,
3445 578 3528 631 ὅτι
3552 576 3704 645 ἀρχὴ.

2151 675 2249 729 καὶ
2278 675 2429 730 αἰτία
2461 673 2537 746 τῷ
2568 667 2708 728 εἶναι
2738 670 2905 728 αὑτοῦ
2938 669 3183 744 Πατέρα,
3213 670 3309 724 καὶ
3332 668 3412 724 ὅτι
3450 666 3521 722 δι’
3551 665 3704 722 αὑτοῦ

2151 767 2185 837 ἡ
2220 767 2479 836 πρόσοδος
2516 767 2609 820 καὶ
2641 764 2979 837 προσαγωγὴ
3022 763 3161 827 πρὸς
3184 762 3278 814 τὸν
3306 760 3437 813 Θεὸν
3474 759 3572 812 καὶ
3602 757 3706 811 Πα-

2150 861 2285 930 τίρα
2315 875 2330 891 ο
2367 860 2531 927 φύσει
2556 859 2612 913 δὲ
2636 859 2735 912 οὐκ
2764 859 2841 911 ἔτι
2883 857 3159 923 δεύτερος,
3196 852 3332 905 διότι
3366 851 3399 922 ἡ
3432 848 3624 917 θεότης
3655 848 3707 900 ἐν

2149 952 2396 1022 ἑκατέρῳ
2419 951 2517 1021 μία
2544 966 2559 981 ο
2585 948 2730 1004 οὕτω
2748 948 2992 1019 δηλονότι
3017 948 3110 1000 καὶ
3130 946 3189 997 τὸ
3217 941 3440 1011 Πνεῦμα
3459 940 3520 992 τδ
3543 940 3706 1007 ἅγιον,

2149 1048 2198 1098 εί
2230 1048 2325 1099 καὶ
2357 1042 2670 1114 ὑποϐέϐηκε
2712 1042 2804 1096 τὸν
2849 1039 2981 1094 Υἱὸν
3017 1042 3079 1107 τῇ
3113 1036 3263 1102 τάξει
3303 1035 3400 1090 καὶ
3434 1033 3529 1102 τῷἶ
3557 1029 3709 1095 ἀξιώ-

2149 1154 2303 1209 ματι,
2335 1136 2436 1189 οὐκ
2492 1135 2567 1189 ἔτ’
2624 1134 2692 1188 ἂν
2734 1134 2963 1196 εἰκότως
3016 1132 3091 1193 ὡς
3149 1127 3439 1198 ἀλλοτρίας
3473 1124 3707 1192 ὑπάρχον

2148 1227 2364 1298 φύσεως
2389 1225 2705 1281 ἀκολουθεῖν
2738 1226 2989 1293 εἴπομεν.
3035 1241 3055 1275 ι
3097 1221 3245 1289 Αὕτη
3288 1218 3398 1271 τῶν
3422 1215 3519 1269 τοῦ
3552 1213 3710 1285 μεγά·

2145 1320 2239 1372 λου
2305 1318 2589 1373 Βασιλείον
2657 1316 2989 1384 οεολογικῶν
3036 1313 3166 1384 περὶ
3220 1310 3539 1379 Πνεύματος
3586 1302 3709 1359 οὖσα

2145 1412 2444 1484 περικοπὴ.
2481 1411 2558 1474 ὡς
2585 1410 2646 1464 τὸ
2677 1410 2895 1482 πρῶτον
2944 1408 3134 1479 ἐδήλου
3168 1422 3250 1459 σοι
3284 1404 3382 1471 τῆς
3418 1399 3709 1469 ἀναφορᾶς,

2149 1506 2325 1576 μέγαν
2353 1505 2557 1575 μεταξύ
2601 1522 2696 1558 σου
2727 1505 2824 1557 καὶ
2854 1502 2967 1555 τῶν
2993 1496 3512 1566 ἀντιδιατιθεμένων
3540 1493 3710 1561 ἵστησι

2143 1599 2235 1652 τὸν
2289 1597 2482 1665 ἀγῶνα
2511 1613 2527 1629 ο
2590 1595 2685 1649 σοῦ
2751 1594 2850 1665 μὲν
2906 1590 3316 1661 διενισταμένου
3361 1582 3399 1659 ἦ
3465 1588 3572 1656 μὴν
3623 1583 3713 1647 τὰς

2143 1689 2377 1753 ἐντελῶς
2427 1689 2504 1751 ὡς
2565 1689 2800 1742 ἐνταῦθα
2859 1687 2958 1740 καὶ
3013 1684 3452 1753 ἀναγέγραπται,
3516 1676 3712 1743 ταύτην

2145 1781 2375 1851 ἐχούσας
2410 1780 2625 1850 βίϐλους
2674 1780 2737 1832 τὸ
2774 1778 2995 1848 βέϐαιον
3020 1774 3231 1844 αὐχεῖν,
3266 1770 3364 1826 καὶ
3394 1767 3715 1839 ἀπαρεγχεί·

465 1866 571 1922 est,
632 1859 935 1922 continent.
964 1861 1273 1917 ﬁrmitatem
1325 1864 1425 1919 sibi
1456 1864 1755 1930 vindicare,
1792 1882 1893 1921 nec
1948 1865 2041 1920 ulli

2150 1890 2333 1944 ρητον,
2354 1873 2466 1926 τῶν
2486 1871 2544 1926 δι
2565 1888 2629 1942 γε
2656 1871 2727 1926 δι’
2754 1870 3009 1933 ἐναντίας
3036 1866 3208 1922 πολλὰ
3233 1862 3712 1935 διισχυριζομὲνων

466 1950 755 2006 calumnia:
786 1953 984 2023 subjici
1018 1972 1034 2008 :
1068 1953 1143 2008 illi
1180 1969 1311 2010 vero
1348 1970 1419 2011 cx
1462 1955 1693 2013 adverso
1718 1957 1825 2012 alia
1872 1965 2041 2030 atque

2149 1965 2413 2036 ἑτέρωθεν
2452 1965 2550 2029 τὰς
2581 1964 2679 2034 μὲν
2708 1964 2881 2027 οὕτως
2915 1960 3152 2034 ἐχούσας
3184 1960 3431 2029 ἀκριϐῶς
3475 1951 3712 2009 νενοϐεὖο

466 2044 594 2108 alia,
628 2047 791 2100 etiam
819 2046 979 2116 longe
1009 2048 1231 2103 aliunde
1260 2050 1447 2117 petita,
1512 2048 1856 2105 contentiose
1907 2066 2041 2121 pro-

2149 2056 2295 2117 σθαι.
2329 2053 2418 2126 ἐφ’
2439 2051 2523 2119 οἷς
2553 2049 2713 2111 αὗται
2752 2054 2836 2122 τὸ,
2894 2073 2912 2106 t
2959 2051 3091 2123 παρ’
3123 2050 3291 2105 αὑτοῦ
3320 2050 3380 2102 to
3410 2044 3551 2101 εἶναι
3579 2043 3711 2112 ἕχον,

465 2136 690 2199 ducant,
750 2139 942 2204 libros,
1002 2140 1095 2210 qui
1141 2140 1342 2194 similia
1387 2141 1699 2206 continent,
1772 2143 2041 2200 falsidicis

2149 2148 2240 2201 καὶ
2263 2149 2393 2219 παρ’
2417 2146 2586 2201 αὑτοῦ
2616 2146 2917 2217 λαμϐάνον,
2958 2145 3053 2198 καὶ
3082 2140 3414 2210 ἀναγγέλλον
3447 2138 3603 2207 ἡμῖν,
3629 2134 3715 2187 καὶ

465 2228 699 2285 fallaciis
747 2246 974 2300 prorsus
1027 2242 1259 2288 onustos
1298 2248 1438 2298 esse,
1478 2234 1533 2289 in
1570 2235 1635 2289 iis
1669 2251 1866 2306 nempe
1919 2254 2041 2308 qua:

2152 2239 2372 2310 ἐκείνης
2400 2238 2502 2310 τῆς
2521 2240 2701 2302 αἰτίας
2722 2236 3032 2309 ἐξημμένον
3060 2254 3078 2287 ι
3104 2231 3547 2302 διαλαμϐάνουσι
3579 2243 3594 2257 ·
3623 2224 3714 2289 τὰς

464 2334 739 2389 asserunt,
801 2341 820 2375 ι
866 2323 1150 2394 Tanquam
1195 2327 1286 2395 qui
1347 2326 1415 2381 ab
1471 2342 1560 2392 eo,
1617 2329 1762 2398 quod
1817 2329 1907 2395 sit,
1948 2330 2041 2385 ba-

2149 2331 2207 2385 δὲ
2238 2332 2314 2403 μὴ
2352 2333 2525 2394 οὕτως
2556 2331 2811 2404 ἐχούσας,
2857 2323 2933 2384 ὧν
2975 2329 3149 2382 ταῦτα
3190 2325 3392 2397 δηλαδὴ
3431 2320 3718 2390 διαγέγρα-

463 2410 577 2473 bet,
606 2422 660 2467 et
684 2415 751 2468 ab
800 2429 866 2469 eo
884 2415 1103 2485 accipit,
1152 2424 1207 2471 et
1246 2415 1402 2472 nobis
1459 2419 1767 2480 annuntiat,
1797 2428 1855 2475 et
1889 2436 2041 2489 pror—

2149 2441 2302 2489 ςτται,
2335 2425 2428 2479 καὶ
2461 2425 2607 2496 μάλα
2632 2424 2693 2479 τὸ
2734 2424 2934 2495 ἀληθὲς
2959 2423 3105 2494 ἔχειν
3136 2423 3231 2476 καὶ
3256 2416 3563 2490 ἀκραιφνές
3586 2431 3602 2447 ·
3631 2413 3717 2468 καὶ

463 2518 562 2559 sus
608 2504 684 2559 illi
737 2521 919 2563 causa:
953 2508 1238 2573 atlltmret;
1282 2527 1301 2562 ι
1343 2509 1436 2579 qui
1491 2525 1620 2564 vero
1666 2511 1869 2567 similia
1927 2530 2040 2571 non

2149 2517 2229 2571 ’ὁτι
2269 2520 2389 2587 μὲν,
2420 2522 2501 2580 είς
2533 2518 2629 2573 δύο
2658 2515 2804 2572 οὕτω
2833 2516 2978 2587 μέρη
3012 2514 3318 2585 γινομένων
3361 2511 3477 2564 τῶν
3510 2508 3715 2580 βίϐλων,

465 2597 687 2664 habent,
722 2608 778 2654 et
805 2616 869 2655 ex
903 2601 1106 2671 quibus
1140 2601 1268 2656 talia
1289 2601 1696 2670 abjndicantur,
1718 2606 2039 2663 verissimos

2147 2609 2207 2664 ἓν
2243 2611 2525 2666 ὁποιονοῦν
2556 2629 2610 2666 τι
2673 2610 3003 2672 νενόθευται,
3062 2608 3342 2678 δηλονοτιὴ
3378 2604 3480 2656 καὶ
3519 2598 3714 2669 τυφλῷ.

462 2702 529 2743 ac
560 2690 961 2748 sincerissimos
997 2706 1160 2747 esse:
1196 2699 1273 2756 et,
1306 2691 1444 2747 duas
1473 2692 1553 2747 sic
1582 2692 1635 2748 in
1673 2703 1856 2764 partes
1898 2695 2054 2754 libris
2088 2697 2305 2767 divisis,
2345 2718 2507 2759 unam
2547 2716 2771 2774 prorsus
2837 2701 3201 2755 adulteratam
3256 2710 3399 2757 esse,
3431 2692 3520 2747 vel
3553 2687 3717 2746 caecus

462 2783 682 2841 viderit.

535 2876 588 2932 ‘5.
642 2877 775 2932 Cum
851 2896 979 2933 vero
1025 2891 1079 2936 et
1129 2890 1401 2938 accurata'
1459 2884 1941 2950 considerationis,
1991 2896 2047 2941 et

464 2971 736 3026 sermonis
784 2973 877 3040 qui
916 2972 1075 3028 tidem
1111 2974 1274 3029 faciat
1298 2975 1366 3029 ad
1397 2975 1783 3033 inveniendam
1843 2980 2043 3035 verita-

2224 2883 2293 2954 γ⁹.
2341 2885 2495 2937 Ἐπεὶ
2548 2883 2606 2938 δὲ
2639 2882 2958 2953 σκέμματος
2989 2879 3255 2951 ἀκριϐοῦς
3315 2879 3415 2949 τῆς
3468 2876 3717 2945 ἀληθείας

2152 2978 2289 3047 πρὸς
2319 2976 2558 3048 εὕρεσιν,
2602 2976 2693 3028 καὶ
2727 2975 2885 3042 λόγου
2911 2974 3164 3027 πιστικοῦ
3192 2970 3371 3041 χρεία,
3409 2970 3505 3024 τὶν
3547 2986 3717 3022 πιστι-

464 3069 600 3123 tem.
633 3076 774 3131 opus
799 3066 893 3125 sit,
922 3078 1025 3119 nos
1056 3079 1369 3120 sermonem
1425 3066 1592 3132 hunc,
1645 3069 1737 3137 qui
1769 3070 1863 3132 sit,
1899 3069 2039 3124 duo-

2149 3069 2247 3123 κδν
2273 3069 2464 3122 τοῦτον
2492 3068 2651 3135 λόγον
2685 3069 2852 3138 ἡμεῖς
2898 3065 3020 3119 δυσὶ
3052 3064 3267 3123 τούτοις
3309 3063 3563 3133 τρόποις,
3598 3063 3709 3120 καὶ.

464 3152 571 3208 bus
622 3152 782 3208 hisce
832 3154 1034 3220 modis,
1082 3165 1158 3222 et,
1221 3167 1401 3227 utego
1451 3175 1599 3224 reor,
1626 3160 1829 3231 quibus
1879 3158 2045 3218 nemo

463 3244 881 3311 contradixerit,
931 3247 1106 3303 altero
1154 3249 1455 3303 secundum
1514 3250 1805 3319 judicium,
1832 3253 1978 3322 quod
2014 3270 2042 3309 a

462 3336 775 3391 rationibus
808 3338 1034 3405 petitur,
1058 3338 1235 3394 altero
1278 3340 1582 3397 secundum
1619 3341 2046 3400 demonstratio-

466 3445 614 3495 nem,
646 3429 739 3499 qui
764 3446 832 3486 ex
864 3431 1169 3502 Scripturis
1212 3433 1509 3503 colligitur,
1563 3435 1939 3505 expediemus.
1979 3436 2044 3493 Et

465 3523 690 3576 nuncin
727 3521 804 3576 tui
836 3522 1066 3591 gratiam
1099 3523 1169 3579 de
1203 3524 1395 3579 iisdem
1431 3525 1670 3595 agimus,
1707 3526 2044 3597 eosdemque

465 3615 532 3670 ad
563 3613 990 3671 confutationem
1021 3617 1463 3672 adversariorum
1512 3619 1820 3688 promimus
1849 3637 1865 3687 ;
1902 3636 2045 3692 prae-

464 3719 662 3778 eatque
712 3712 806 3780 qui
848 3727 880 3765 a
933 3710 1452 3768 ratiocinationibus
1479 3720 1585 3768 est.
1617 3712 1724 3779 Qui
1769 3715 2045 3771 contraria

465 3809 743 3863 asserunt.
770 3801 929 3866 illud,
971 3819 991 3855 ι
1026 3804 1172 3872 quod
1205 3803 1274 3858 ab
1309 3803 1449 3873 ipso,
1480 3803 1628 3873 quod
1658 3805 1755 3870 sit,
1798 3805 1986 3873 habet,
2021 3825 2039 3858 ι

468 3900 523 3945 et
552 3891 794 3962 reliquas
834 3892 972 3949 alias
1026 3908 1210 3959 voces,
1255 3910 1375 3965 qum
1418 3893 1619 3951 Filium
1658 3910 1880 3952 causam
1925 3913 2048 3953 esse

470 3981 733 4051 Spiritus.
793 3975 980 4053 aperte
1037 3984 1341 4049 insinuant,
1409 3984 1597 4041 Basilii
1662 3986 1843 4059 Magni
1892 3988 2045 4043 nullo

464 4074 631 4129 modo
652 4088 796 4139 esse,
829 4073 1121 4131 aﬂirmant.
1154 4073 1326 4146 liujus
1377 4077 1520 4132 ratio
1549 4078 1596 4134 si
1635 4081 1943 4149 postuletur
1976 4081 2046 4135 ab

463 4166 580 4231 iis,
635 4181 745 4222 non
778 4167 868 4224 illa
922 4168 1181 4224 omnibus
1236 4169 1292 4224 in
1340 4170 1511 4226 libris
1564 4171 1933 4236 circumferri,
1989 4172 2043 4227 in

462 4259 668 4329 quibus
699 4260 814 4315 hazc
869 4260 1158 4317 continens
1206 4263 1387 4318 oratio
1429 4274 1654 4319 exarata
1712 4273 1818 4329 est,
1852 4264 2045 4319 ethoc

463 4352 809 4408 solummodo
849 4351 1069 4409 abunde
1110 4354 1247 4411 satis
1279 4370 1404 4410 esse
1446 4356 1770 4411 existimant
1815 4355 1885 4411 ad
1946 4356 2045 4410 de-

2147 3161 2225 3223 ὡς
2279 3156 2518 3231 δγῷμαι,
2576 3161 3015 3233 ἀναντιρῤήτοις,
3073 3159 3424 3228 εὖρίσκομεν,
3488 3157 3569 3210 ἑνὶ
3626 3155 3715 3225 μὲν

2147 3255 2291 3309 κατὰ
2319 3254 2504 3324 κρίσιν
2530 3252 2905 3322 εὑρισκομένῳ
2934 3253 3033 3323 τὴν
3070 3251 3179 3304 ἀπὸ
3205 3249 3513 3319 λογισμῶν,
3550 3250 3712 3319 ἑτέρῳ

2146 3348 2204 3401 δὲ
2230 3347 2351 3400 κατ’
2382 3345 2662 3410 ἀπόδειξιν
2694 3343 3048 3415 συναγομένῳ
3076 3344 3174 3413 τὴν
3198 3344 3306 3398 ἀπὸ
3333 3344 3440 3397 τῶν
3466 3343 3712 3414 Γραφῶν,

2146 3439 2277 3507 περὶ
2308 3431 2384 3491 ὧν
2435 3436 2498 3506 δή
2539 3452 2623 3488 σοι
2669 3436 2765 3489 κα)⁵
2812 3435 3070 3504 λέγομεν,
3102 3434 3194 3487 καὶ
3229 3431 3325 3496 οὓς
3369 3432 3432 3502 δή
3468 3450 3555 3486 σοι
3592 3431 3717 3502 πρὸς

2145 3527 2466 3599 ἀποτροπὴν
2489 3527 2596 3580 τῶν
2618 3526 2878 3581 ἐναντίων
2896 3525 3323 3595 παραδιδίαμεν.
3354 3523 3708 3595 Προηγείσθω

2146 3619 2202 3673 δὲ
2229 3620 2256 3671 ὁ
2289 3618 2395 3672 ἀπὸ
2426 3616 2724 3685 λογισμῶν.
2762 3614 2869 3668 Τοῦ
2907 3614 3148 3685 μεγάλου
3191 3614 3507 3678 Βασιλείου,
3537 3614 3588 3667 οἱ
3624 3615 3716 3667 ἀν·

2146 3708 2484 3773 τιδικοῦντὲς
2532 3726 2718 3773 φασιν.
2780 3706 2896 3760 ἐστὶ
2935 3705 2995 3758 τὸ
3030 3723 3049 3756 t
3089 3704 3225 3774 Παρ⁹
3267 3704 3432 3758 αὑτοῦ
3485 3706 3549 3759 τὸ
3587 3701 3718 3758 εἶναι

2145 3804 2291 3874 ἕχον,
2329 3820 2349 3854 ι
2381 3802 2478 3855 καὶ
2527 3800 2650 3854 ὅσαι
2676 3799 2834 3854 ἄλλαι
2866 3798 2960 3851 τὸν
2992 3797 3123 3852 Υίδν
3156 3797 3334 3862 λέξεις
3377 3798 3561 3851 αἴτιον
3596 3813 3720 3865 προ-

2147 3898 2331 3968 φανῶς
2367 3893 2591 3966 δηλοῦσι
2623 3896 2717 3947 τοῦ
2746 3891 3085 3961 Πνεύματος.
3120 3892 3230 3946 Καὶ
3256 3892 3343 3955 τίς
3377 3893 3410 3962 ἡ
3448 3888 3718 3954 ἀπόδειξις

2146 3986 2519 4057 ἐρωτώμενοι.
2539 3985 2613 4038 “rs
2640 3983 2721 4056 μὴ
2752 3984 2980 4048 πάσαις.
3010 3984 3166 4052 φασὶ,
3192 3985 3316 4045 ταῖς
3369 3982 3577 4053 βίϐλοις
3599 3982 3719 4037 ταύ-

2144 4098 2266 4143 ταις
2299 4077 2662 4149 ὲμφέρεσθαι,
2691 4072 2778 4141 αἷς
2802 4079 2830 4131 ὁ
2862 4077 2965 4148 τὴν
3011 4077 3269 4149 ῥηθεῖσαν
3310 4075 3595 4144 οεολογίαν
3631 4091 3720 4128 πε·

2148 4173 2345 4244 ριέχων
2389 4172 2547 4240 λόγος
2601 4170 3136 4240 κεκαλλιγράλοηται.
3182 4170 3293 4222 Καὶ
3341 4167 3509 4222 τοῦτο
3560 4169 3713 4240 μόνον

2146 4263 2430 4336 ἀρκοῦσαν
2460 4259 2601 4317 εἶναι
2650 4262 2927 4328 ἀπόδειξιν
2984 4263 3189 4315 οἴονται
3247 4259 3344 4313 τοῦ
3380 4260 3717 4331 διεφθορότος

2147 4356 2257 4412 τῶν
2284 4355 2383 4427 τὴν
2415 4356 2575 4426 ῥῆσιν
2602 4354 2863 4422 ἐχουσῶν,
2893 4352 2971 4415 ὡς
3002 4354 3098 4408 καὶ
3142 4353 3536 4408 ἁνατέτακται.
3582 4350 3716 4419 Ἐγὼ

461 4442 880 4498 monstrandum
913 4443 1117 4498 dictum
1151 4444 1355 4511 simile,
1387 4443 1688 4503 referentes
1734 4445 1930 4509 libros,
1971 4456 2038 4501 ut

2149 4447 2203 4500 δέ
2230 4464 2377 4518 φημι
2398 4446 2494 4509 ὡς,
2530 4447 2579 4499 εί
2609 4445 2707 4516 μὲν
2733 4444 2845 4499 οὐδ’
2869 4444 3004 4508 ὅλως
3034 4446 3093 4497 ὲν
3116 4444 3347 4515 οὐδεμιᾷ
3380 4444 3485 4497 τῶν
3528 4443 3715 4515 βίϐλων

462 4546 628 4604 supra
656 4534 892 4602 positum
926 4543 1032 4600 est,
1084 4545 1376 4607 corruptos
1430 4536 1605 4594 fuisse
1636 4555 1652 4592 :
1684 4549 1876 4594 contra
1929 4538 2045 4609 ipse

460 4625 758 4694 contendo,
792 4626 838 4681 si
872 4627 1025 4682 nullo
1069 4627 1123 4682 in
1154 4629 1438 4684 Volumina
1501 4630 1708 4685 dictum
1762 4628 1867 4685 hoc
1897 4639 2043 4686 esset

459 4727 770 4780 exaratum.
800 4733 925 4774 esse
973 4734 1100 4789 quas
1144 4718 1213 4774 de
1243 4734 1310 4772 eo
1360 4719 1543 4776 aﬂ‘erri
1584 4729 1837 4791 possent,
1889 4722 2040 4777 omni

460 4810 775 4879 obiectione
800 4810 1111 4880 superiora.
1150 4809 1534 4866 Verumtamen
1566 4826 1688 4867 οιιηι
1720 4812 1776 4868 in
1802 4813 2041 4869 nonnul-

460 4901 531 4958 iis
580 4918 688 4958 non
737 4903 1026 4967 habeatur,
1064 4903 1118 4959 in
1178 4903 1463 4959 nonnullis
1525 4904 1650 4960 aliis
1719 4904 2038 4970 inseratur;

460 4994 924 5051 considerandum
948 5004 1032 5051 est
1063 4996 1131 5051 ab
1157 4996 1248 5060 iis,
1286 4996 1380 5067 qui
1440 5004 1692 5051 neutram
1727 4996 1781 5052 in
1825 5004 2037 5067 partem

460 5085 827 5155 propendent,
853 5095 907 5140 et
936 5096 1083 5143 recta
1105 5095 1286 5143 mente
1306 5103 1394 5142 res
1424 5087 1751 5157 diiudicant,
1779 5105 2033 5158 quaenam

458 5192 590 5246 pars
624 5176 961 5232 voluminum
986 5190 1246 5249 corrupta
1285 5179 1401 5245 sit;
1438 5194 1508 5235 an
1539 5196 1603 5235 ea
1633 5180 1687 5235 iu
1722 5181 1928 5253 quibus
1953 5181 2038 5235 in-

460 5275 704 5338 tcgrum,
750 5276 814 5323 ut
852 5284 1018 5340 supra
1059 5270 1383 5341 posuimus,
1445 5271 1762 5340 ascribitur,
1818 5288 1888 5327 an
1907 5286 2040 5328 vero

459 5360 633 5415 altera
656 5360 711 5415 in
742 5361 944 5431 quibus
985 5377 1259 5430 nusquam
1305 5373 1550 5433 apparet.
1599 5364 1705 5430 Qui
1734 5365 1909 5426 enim!
1936 5365 2041 5420 bac

456 5448 675 5507 ratione
695 5465 808 5506 rem
838 5452 1204 5523 perpendunt,
1224 5453 1384 5523 plane
1406 5454 1536 5509 mihi
1565 5455 1790 5519 suadeo,
1810 5470 2040 5512 summa:

456 5541 697 5598 vesaniae
749 5551 934 5598 notam
997 5544 1325 5613 incurrere,
1375 5547 1424 5603 si
1476 5547 1754 5604 volumina
1828 5547 2036 5603 dictum

457 5631 830 5702 praeferentia,
863 5635 1099 5693 conﬁcta
1147 5637 1482 5695 existiment.
1541 5638 1788 5709 Namque
1821 5640 1869 5695 si
1914 5650 2039 5709 post

454 5725 742 5781 dissidium
767 5741 892 5782 cum
924 5728 1171 5786 Romana
1200 5728 1467 5796 Ecclesia,
1490 5732 1773 5787 volumina
1798 5731 1907 5786 ista
1944 5747 2037 5785 ex-

461 5818 664 5889 scripta
702 5829 850 5888 sunt,
883 5823 1158 5892 quomodo
1188 5823 1486 5895 quispiam,
1516 5824 1837 5881 dummodo,
1859 5837 2031 5880 sanus

2152 4540 2187 4607 ἡ
2227 4540 2384 4610 ῥῆσις
2411 4536 2701 4610 ἑνεφέρετο
2740 4537 2905 4607 αὕτη,
2932 4531 3075 4608 ἦσαν
3106 4536 3173 4591 ἂν
3206 4538 3303 4590 καὶ
3332 4538 3513 4607 πάσης
3542 4537 3692 4605 ἁντιῤ

2152 4632 2364 4701 ρήσεως
2390 4630 2641 4701 ἀνώτερα
2678 4629 2751 4684 τά
2781 4629 2912 4700 περὶ
2955 4628 3130 4698 αὐτῆς
3154 4643 3172 4660 ο
3199 4630 3325 4682 ἐπεὶ
3357 4629 3415 4683 δὲ
3471 4628 3584 4682 τῶν
3621 4627 3715 4695 μὲν

2146 4723 2574 4794 διαγέγραπται,
2596 4724 2717 4785 ταῖς
2746 4720 2804 4775 δὲ
2860 4721 2970 4775 τῶν
2998 4721 3199 4792 βίϐλων
3244 4722 3567 4791 ἐμφέρεται,
3602 4734 3715 4772 σκο-

2151 4813 2272 4865 πεῖν
2300 4811 2382 4866 δεῖ
2406 4812 2533 4875 τοὺς
2567 4812 2832 4883 ἀρῤεπεῖς
2867 4828 2929 4865 τε
2964 4812 3062 4866 καὶ
3086 4810 3517 4880 εὐθυγνώμονας
3542 4811 3713 4863 ὁποῖον

2152 4903 2318 4974 μέρος
2364 4903 2474 4957 τῶν
2519 4902 2719 4974 βίϐλων
2766 4901 3105 4966 νενόοευται,
3135 4897 3249 4974 ἆρά
3286 4917 3350 4968 γε
3386 4902 3447 4954 τὸ
3473 4901 3604 4970 παρ’
3632 4892 3714 4960 αἷς

2149 4999 2183 5068 ἦ
2221 4998 2381 5068 ῥῆσις
2412 4997 2640 5060 ἐντελῶς
2668 4995 2814 5051 οὕτω
2839 4997 3043 5061 κεῖται,
3075 4995 3153 5058 ὡς
3187 4994 3284 5049 καὶ
3314 4994 3562 5063 εἴρηται,
3599 4991 3630 5060 ἢ
3655 4990 3710 5042 τὸ

2150 5091 2279 5162 παρ’
2310 5089 2399 5155 αἶς
2427 5091 2580 5145 ἐστιν
2617 5093 2651 5161 ἡ
2697 5091 3009 5161 ἀφαίρεσις.
3044 5088 3170 5153 Τοῖς
3213 5089 3322 5158 γὰρ
3346 5087 3492 5142 οὕτω
3517 5103 3580 5155 γε
3606 5085 3714 5138 ﬁta-

2149 5184 2548 5254 σκοπουμένοις
2608 5182 3014 5252 διαγνωσθῆναι
3090 5182 3404 5249 πέπεισμαι
3475 5175 3710 5249 ἀκριϐῶς

2148 5276 2348 5346 πολλῆς
2395 5274 2499 5345 τῆς
2554 5273 2896 5345 ἠλιθιότητος
2928 5273 3124 5343 γέμειν
3171 5272 3234 5326 τὸ
3286 5271 3498 5325 οἴεσθαι
3525 5270 3624 5335 τὰς
3653 5266 3709 5319 τὸ

2148 5368 2360 5432 ἐντελὲς
2383 5368 2612 5439 ἐχούσας
2640 5366 2856 5436 βίϐλους
2876 5366 3211 5421 πεπλάσθαι.
3239 5366 3302 5419 Εἰ
3328 5366 3428 5435 μὲν
3446 5365 3554 5435 γὰρ
3582 5358 3711 5434 μετὰ

2146 5457 2245 5530 τὴν
2266 5460 2367 5527 τῆς
2405 5459 2724 5529 Ῥωμαϊκῆς
2772 5457 3104 5528 Ἐκκλησίας
3130 5457 3416 5512 διάστασιν
3463 5459 3519 5512 ai
3550 5454 3709 5527 βίϐλοι

2146 5549 2470 5620 ἐγράφησαν
2502 5544 2687 5616 αὗται,
2722 5551 2844 5615 πῶς
2880 5550 2949 5605 ἄν
2996 5566 3084 5613 τις
3118 5549 3213 5603 τοῦ
3242 5548 3340 5603 καὶ
3382 5548 3595 5620 φρενῶν
3621 5542 3711 5598 κύ-

2149 5659 2265 5713 ριος
2291 5642 2505 5709 δέξαιτο
2534 5644 2662 5708 τοὺς
2693 5644 2754 5697 ὲν
2777 5642 2955 5714 καιρῷ
2984 5645 3088 5709 τῆς
3125 5641 3332 5713 μεταξῦ
3362 5640 3473 5695 τῶν
3495 5638 3710 5706 Ἐκκλη-

2147 5734 2279 5791 σιῶν
2311 5737 2492 5808 μάχης
2511 5737 2637 5802 τοὺς
2661 5737 2791 5806 παρ’
2817 5736 2949 5807 ἡμῖν
2970 5734 3285 5808 γράφοντας
3310 5730 3581 5804 βίδλουςῆ
3612 5744 3707 5782 πα⁶

2147 5825 2491 5895 ρεντίθεσθαί
2537 5845 2589 5882 τι
2636 5829 2759 5893 ταῖς
2809 5827 3014 5893 βίϐλοις
3062 5826 3242 5895 ἡμῶν,
3278 5827 3390 5890 τοῖς
3426 5822 3706 5880 ἀντιδίκοις
