3846 6564
497 366 603 432 315

1527 382 1735 442 ΙΟᾹΝ.
1776 383 1989 443 VECCI
2032 383 2144 441 (ΖΡ.
2186 386 2697 451 PATRIARCHIE

3626 401 3707 467 36

499 498 624 536 nem
666 497 796 538 vero
821 482 990 550 illius,
1025 485 1286 555 Spiritum
1321 488 1587 557 dignitate
1611 507 1734 546 esse
1769 492 2052 546 secundum

2178 495 2413 563 χρῆσθαι
2443 497 2543 551 οὔκ
2570 498 2689 552 ἔστι
2718 499 2897 566 λέγειν
2934 500 3088 555 αὐτό.
3126 520 3144 553 ι
3177 500 3292 573 Τὴν
3316 499 3371 555 δὲ
3406 512 3709 583 κατασκευὴν

499 590 529 626 a
567 573 728 641 Filio,
764 590 860 643 per
889 578 1044 641 illud,
1088 597 1107 630 ι
1136 581 1282 648 quod
1318 581 1383 635 ab
1416 596 1483 635 eo
1515 581 1699 645 habet,
1731 583 1873 652 quod
1903 585 1997 647 sit,
2024 594 2076 637 et

498 664 663 719 abeo
690 667 909 735 accipit,
967 677 1021 722 et
1077 671 1233 724 nobis
1285 674 1608 740 annuntiat;
1642 693 1660 726 ι
1714 683 1925 728 tantum
1964 691 2073 728 non

498 754 706 819 dicens,
736 769 1025 827 propterea
1058 762 1203 828 quod
1237 779 1302 817 ex
1338 765 1478 819 Filio
1506 774 1609 830 est,
1643 766 1765 819 ideo
1798 767 2075 822 secundus

498 861 529 898 a
565 846 700 900 Filio
725 855 828 902 est.
866 846 932 903 Et
958 849 1002 903 si
1038 850 1135 904 tibi
1165 851 1218 905 itt
1253 855 1437 910 animo
1467 866 1574 923 est,
1606 859 1922 929 quicunque
1946 870 2091 923 tan-,5

496 936 621 990 dem
657 936 850 1005 fueris,
884 939 976 1008 qui
1021 942 1339 1012 refragaris,
1381 963 1737 1018 cognoscere,
1774 951 1817 1004 si
1862 968 1888 1001 a
1930 950 2072 1006 Filio

494 1040 603 1078 non
641 1035 808 1092 esset,
846 1042 1027 1099 neque
1051 1033 1327 1090 secundus
1362 1050 1393 1090 a
1429 1036 1570 1091 Filio
1594 1053 1818 1106 prorsus
1845 1050 2072 1096 vocatus

492 1114 709 1180 fuisset,
737 1118 906 1175 deme
932 1119 1141 1176 dictum
1187 1124 1311 1189 hoc,
1342 1127 1752 1197 assignanobis
1784 1129 1945 1184 aliam
1975 1146 2069 1184 ra-

492 1207 699 1262 tionem
733 1226 842 1279 qua
894 1224 924 1266 a
972 1212 1112 1269 Filio
1142 1214 1381 1285 Spiritus
1457 1221 1730 1276 secundus
1767 1233 2065 1277 asscratur.

488 1296 706 1354 Etenim
742 1316 852 1369 prae
904 1302 1006 1359 hac
1044 1322 1152 1361 una
1203 1308 1322 1364 sola
1376 1312 1608 1376 ratione,
1657 1323 1751 1368 aut
1787 1317 2067 1386 temporali

490 1390 802 1459 intervallo,
838 1405 931 1449 aut
966 1396 1020 1452 in
1069 1400 1308 1457 sedendo
1362 1402 1610 1459 inferiori
1659 1407 1943 1474 subsellio,
1975 1420 2071 1465 aut

489 1480 676 1550 gloria:
705 1485 1025 1555 indigentia,
1062 1493 1319 1548 secunda
1352 1496 1432 1549 ita:
1462 1504 1644 1565 partes
1670 1496 1911 1569 Spiritus
1933 1517 2067 1555 con-

487 1574 779 1643 ripientur.
814 1578 870 1633 Si
930 1581 1117 1651 itaque
1167 1584 1370 1640 dictum
1425 1602 1701 1655 asserens,
1753 1609 1773 1643 ι
1805 1592 2068 1662 dignitate

490 1676 795 1724 scentulum
830 1686 954 1728 esse
986 1689 1014 1728 a
1050 1674 1193 1731 Filio
1219 1675 1509 1747 Spiritum,
1545 1700 1564 1733 ι
1602 1697 1669 1735 ex
1695 1684 1942 1740 oratione
1975 1688 2063 1742 illa

488 1760 743 1816 universa
804 1765 1128 1833 erasissent,
1181 1770 1277 1837 qui
1327 1771 1471 1826 aliud
1522 1774 1700 1842 palam
1771 1787 2063 1847 aperteque

2175 583 2269 636 τοῦ
2323 587 2383 638 τὸ
2424 588 2648 658 Πνεῦμα
2710 590 3049 661 δευτερεύειν
3104 592 3240 646 Υίοῦ
3299 592 3377 662 τῷ
3428 593 3705 668 ἀξιώματι,

2174 678 2284 730 ἀπὸ
2311 680 2407 731 τοῦ
2444 698 2464 731 ι
2508 681 2641 753 παρ’
2671 682 2837 737 αὐτοῦ
2883 684 2944 736 τὸ
2973 679 3114 738 εἶναι
3158 684 3325 755 ἔχειν,
3367 686 3460 737 καὶ
3496 692 3612 758 παρ’
3635 696 3712 747 αὐ.

2174 769 2268 820 τοῦ
2317 769 2638 839 λαμϐάνειν,
2683 772 2779 824 καὶ
2813 773 3174 840 ἀναγγέλλειν
3205 777 3359 845 ἡμῖν,
3399 793 3418 827 t
3455 787 3710 853 μονονουχὶ

2176 858 2400 927 φάσκων
2422 862 2496 927 ὼς
2526 863 2690 917 διὰτὸ
2719 866 2782 918 ἐκ
2812 865 2902 918 τοῦ
2933 866 3064 919 Υίοῦ
3097 864 3258 931 εἶναι,
3288 871 3383 920 καὶ
3407 868 3708 939 δευτερεύειν

2175 951 2364 1005 αὑτοῦ.
2389 954 2499 1006 Καὶ
2521 956 2569 1007 εξ
2593 954 2794 1023 βούλει,
2821 957 2970 1019 ὅστις
2996 957 3117 1010 ποτ’
3141 958 3208 1011 ἂν
3242 959 3337 1010 καλ⁸
3370 959 3487 1028 εἴης
3516 962 3540 1013 ὁ
3589 963 3708 1017 διεν-

2168 1042 2486 1109 ιστάμενος,
2546 1044 2767 1111 γνῶναι,
2831 1045 2926 1112 ὼς,
2955 1047 3003 1099 εἰ
3068 1047 3142 1117 μὴ
3177 1051 3328 1117 παρᾶ
3349 1047 3443 1100 τοῦ
3485 1049 3529 1100 Υ
3558 1050 3613 1103 οῦ
3636 1049 3708 1123 ἦν,

2170 1132 2294 1185 οὐδὲ
2329 1132 2650 1203 δευτερεῦον
2692 1137 2759 1190 ἂν
2803 1138 2941 1200 ὅλως
2980 1138 3182 1209 ἐρρέθη
3208 1138 3405 1192 αὐτοῦ’
3446 1139 3603 1209 ἄφελε
3628 1146 3710 1205 τὴν

2173 1226 2329 1295 ῥῆσιν
2369 1227 2577 1296 ταύτην
2621 1228 2716 1281 καὶ
2761 1220 3026 1299 δὸςῆμῖν
3076 1233 3141 1283 σὺ
3171 1231 3359 1301 ἕτερον
3386 1231 3542 1298 λόγον
3584 1239 3705 1301 τινὰ,

2170 1316 2291 1370 καθ’
2324 1318 2384 1371 ὃν
2429 1320 2522 1371 τοῦ
2548 1319 2678 1372 Υἱοῦ
2732 1320 3059 1392 δευτερεύει
3084 1322 3144 1373 τό
3174 1321 3422 1391 Πνεῦμα.
3452 1323 3601 1394 Παρὰ
3621 1328 3712 1397 γὰρ

2165 1407 2257 1460 τὸν
2286 1408 2530 1462 τοιοῦτον
2555 1411 2711 1477 λόγον
2742 1412 2774 1482 ἦ
2806 1411 3137 1483 διαστήματι
3170 1414 3384 1485 χρόνον,
3415 1415 3447 1484 ἦ
3473 1417 3713 1487 καθέδρας

2166 1499 2415 1570 ύφεδρία,
2450 1501 2481 1572 ἦ
2518 1502 2680 1572 δίξης
2713 1504 2910 1575 ἐνδείᾳ,
2943 1505 3004 1557 τὸ
3032 1505 3342 1574 δευτερεῖον
3377 1506 3706 1577 νοηθήσεται.

2165 1593 2227 1645 ΕΞ
2266 1593 2365 1657 μὲν
2400 1590 2494 1646 οὖν
2533 1596 2632 1648 καὶ
2668 1595 2769 1665 τὴν
2812 1597 3083 1665 λέγουσαν
3120 1599 3280 1667 ῥῆσιν
3336 1617 3355 1649 ι
3397 1598 3712 1670 δευτερεύειν

2164 1682 2438 1750 ἀξιώματι
2495 1686 2590 1740 τοῦ
2632 1686 2761 1739 Υἰοῦ
2824 1689 2883 1741 τὸ
2936 1688 3184 1757 Πνεῦμα,
3239 1708 3258 1741 ι
3295 1689 3586 1760 διέγραφον
3634 1694 3711 1745 τοῦ

2163 1778 2367 1841 παντὸς
2393 1778 2550 1847 λόγου
2577 1780 2628 1833 οἱ
2680 1780 2780 1851 τὴν
2825 1783 2954 1852 παρ’
2988 1780 3157 1835 αὑτοῦ
3190 1782 3254 1833 τὸ
3294 1778 3437 1834 εἶναι
3478 1781 3596 1852 ἔχον
3616 1783 3715 1837 δια-

486 1854 806 1919 cnuntiaus,
845 1876 866 1909 ι
897 1858 966 1913 ab
994 1874 1084 1927 eo,
1108 1863 1254 1931 quod
1288 1862 1382 1930 sit,
1417 1838 1600 1933 habet,
1638 1886 1656 1919 ι
1730 1838 2052 1927 obliterare-

2165 1871 2538 1939 γραψάμενοι,
2574 1873 2734 1944 ἔσχον
2759 1874 2828 1928 ἂν
2854 1877 2984 1939 ἴσως
3016 1874 3074 1929 τὸ
3102 1875 3202 1945 τῆς
3229 1876 3502 1946 πονηρῖατ
3534 1877 3715 1943 αὐτῶν,

484 1952 636 2010 runt,
674 1944 813 2001 forte
850 1957 963 2005 tum
996 1966 1187 2008 eorum
1217 1954 1563 2025 improbitas,
1600 1969 1659 2015 ut
1692 1962 1800 2019 illis
1834 1966 2062 2021 collubi-

487 2043 601 2089 tum
633 2045 772 2104 erat,
799 2038 962 2096 tinem
992 2056 1245 2101 assecuta
1277 2049 1493 2105 luisset.
1532 2051 1638 2108 Sed
1676 2070 1823 2111 nunc
1859 2060 2061 2114 verita-

482 2127 556 2183 tis
598 2130 793 2199 spiritu
844 2148 1034 2190 eorum
1083 2139 1443 2209 cogitationes
1485 2146 1866 2213 subvertente,
1904 2150 2057 2216 illud,

488 2236 507 2268 ι
558 2234 588 2273 a
638 2220 780 2275 Filio
839 2238 963 2279 esse
1044 2225 1332 2297 Spiritum,
1413 2249 1433 2282 ι
1467 2233 1838 2304 abrogarunt;
1912 2256 1931 2288 ι
1964 2239 2056 2293 sed

480 2312 785 2367 secundum
822 2329 945 2371 esse
992 2333 1116 2373 eum
1148 2335 1178 2374 a
1231 2320 1395 2391 Filio,
1453 2345 1471 2376 ι
1515 2326 1567 2380 in
1599 2331 1857 2385 omnibus
1908 2331 2059 2387 libris

479 2402 819 2474 descriptum
895 2409 1257 2479 reliquerunt.
1310 2413 1574 2487 Indeque,
1633 2422 1727 2491 qui
1784 2425 2057 2491 sapientes

467 2496 839 2561 apprehendit
870 2499 923 2553 in
950 2502 1265 2560 callididate
1299 2521 1513 2571 eorum,
1546 2512 1835 2582 diligenter
1857 2515 2057 2571 similia

476 2587 946 2657 examinantibus,
998 2592 1245 2650 fraudem
1284 2602 1749 2669 comprehendere
1781 2609 2055 2667 concedit.

474 2672 544 2730 Et
579 2678 727 2732 nulla
772 2681 875 2735 alia
911 2685 1124 2740 ratione
1174 2687 1448 2744 dicturum
1498 2709 1735 2763 unquam
1792 2695 2054 2755 Basilium

474 2765 756 2839 Magnum,
802 2772 1066 2843 Spiritum
1119 2780 1421 2836 secundum
1474 2798 1594 2838 esse
1638 2801 1666 2839 a
1701 2786 1860 2852 Filio,
1891 2804 2055 2860 argu-

474 2861 709 2912 mentari
737 2861 861 2916 licet
893 2879 955 2917 ex
988 2864 1097 2932 his,
1128 2882 1248 2935 qua:
1273 2869 1388 2937 ipse
1417 2873 1579 2927 dic1is
1609 2874 1846 2932 adnectit
1871 2895 1885 2932 :
1913 2880 2054 2936 infra

473 2948 618 3002 enim
667 2950 779 3005 haec
814 2954 1017 3010 habet:
1056 2975 1076 3007 ι
1119 2957 1361 3028 Etenim,
1394 2966 1855 3030 qucn‘tadmodum
1883 2970 2054 3028 Filius

474 3035 665 3090 ordine
705 3040 1049 3111 etdignitate
1099 3061 1128 3099 a
1172 3046 1330 3104 Patre
1380 3054 1653 3111 secundus
1694 3066 1816 3126 est;
1865 3060 2054 3117 ordine

2161 1961 2301 2033 ὅπερ
2335 1962 2616 2018 ἐϐούλοντο
2646 1967 3006 2036 ἀποτέλεσμα
3025 1983 3038 1998 ο
3085 1965 3181 2019 νῦν
3215 1967 3259 2020 δ’
3279 1968 3368 2020 ὅτε
3397 1968 3461 2020 τὸ
3482 1968 3575 2037 τῆς
3598 1968 3715 2035 ἁλη-

2163 2054 2315 2117 θείας
2343 2056 2570 2124 Πνεῦμα
2602 2056 2704 2126 τὴν
2755 2057 2941 2111 αὐτῶν
2972 2057 3215 2111 διάνοιαν
3243 2058 3503 2128 ἔσφαλλε,
3544 2059 3600 2109 τὸ
3632 2060 3715 2127 μὲν

2168 2167 2188 2201 ι
2227 2149 2381 2221 παρά
2414 2149 2509 2203 τοῦ
2562 2150 2694 2203 Υἱοῦ
2739 2146 2881 2205 εἶναι
2934 2152 2996 2204 τὺ
3056 2151 3302 2220 Πνεῦμα,
3364 2170 3382 2202 ι
3420 2150 3518 2204 τοῦ
3575 2151 3713 2219 λόγου

2159 2240 2481 2311 διέγραψαν.
2520 2260 2540 2294 ι
2578 2242 2917 2307 δευτερεύειν
2941 2243 2997 2297 δὲ
3020 2244 3152 2296 αὐτὸ
3180 2244 3281 2297 τοῦ
3305 2242 3459 2307 Υἱοῦ,
3490 2264 3507 2296 ι
3546 2244 3600 2297 ἐν
3629 2247 3719 2296 πᾶ-

2162 2348 2284 2395 σαις
2313 2332 2539 2401 ἀφῆκαν
2564 2336 2685 2398 ταῖς
2714 2333 2920 2405 βίὸλοις
2959 2335 3334 2405 ἀνάγραπτον.
3368 2334 3717 2388 Κάντεῦθενό

2156 2425 2285 2488 τοὺς
2316 2425 2517 2494 σοφοὺς
2568 2426 2939 2497 δρασσόμενος
2996 2430 3056 2481 ἐν
3089 2431 3154 2498 τῇ
3211 2429 3524 2498 πανουργίᾳ
3549 2427 3713 2480 αὐτῶν

2156 2510 2341 2565 δίδωσι
2368 2514 2483 2576 τοῖς
2521 2512 2592 2566 τά
2641 2515 2870 2568 τοιαῦτα
2918 2515 3199 2586 ἐπιμελῶς
3236 2518 3715 2586 διασκοπουμένοις

2156 2606 2446 2658 κατανοεῖν
2471 2606 2533 2658 τὸ
2557 2607 2924 2676 σκαιωρηθὲν.
2957 2608 3064 2658 Καὶ
3091 2606 3172 2661 ἔτι
3210 2608 3289 2671 δὲ,
3319 2608 3402 2661 ὅτι
3450 2609 3574 2660 κατ’
3603 2607 3716 2659 οὐδ-

2161 2693 2260 2748 ἕνα
2316 2693 2505 2765 ἕτερον
2529 2696 2688 2764 λόγον
2722 2697 2936 2767 εἰρήκει
2964 2696 3029 2748 ἄν
3075 2714 3207 2750 ποτε
3234 2697 3295 2750 τὸ
3347 2697 3581 2766 Πνεῦμα
3610 2696 3719 2750 δεύ-

2157 2804 2315 2857 τερον
2343 2785 2437 2840 τοῦ
2466 2786 2596 2841 Υἱοῦ
2626 2790 2654 2842 ὁ
2682 2787 2855 2859 μέγας
2896 2789 3201 2854 Βασίλειοῖ,
3239 2790 3560 2857 λογίσασθαι
3612 2792 3715 2842 ἐστι

2156 2879 2252 2933 καὶ
2283 2878 2343 2943 ἐξ
2371 2874 2446 2932 ὧν
2475 2874 2634 2942 οὗτος
2684 2882 2796 2943 τοῖς
2832 2880 3149 2950 εἰρημένοις
3183 2882 3385 2949 ἐπάγει
3406 2896 3420 2911 ο
3462 2881 3598 2949 φησι
3621 2882 3719 2948 γὰρ

2155 2970 2539 3034 ὑποκαταϐὰς·
2574 2991 2593 3024 ι
2644 2973 2733 3036 Ὡς
2762 2973 2871 3041 γὰρ
2902 2976 2929 3025 ὁ
2974 2973 3100 3034 Υἱὸς
3121 2973 3275 3040 τάξει
3320 2973 3414 3027 καὶ
3455 2973 3718 3041 ἀξιώματι

2153 3062 2407 3133 δεύτερος
2460 3062 2558 3117 τοῦ
2624 3063 2861 3133 Πατρὸς,
2918 3063 3076 3129 τάξει
3114 3066 3212 3134 μὲν
3235 3067 3319 3118 ὅτι
3357 3066 3454 3117 ἀπ’
3492 3065 3718 3125 ἐκείνου,

473 3129 717 3195 quidem,
741 3135 886 3201 quod
920 3150 985 3190 ex
1019 3153 1085 3193 eo
1113 3149 1232 3206 est;
1262 3141 1523 3213 dignitate
1551 3162 1703 3213 vero,
1724 3152 1870 3220 quod
1897 3154 2051 3223 prin-

2156 3157 2251 3210 καὶ
2288 3129 2583 3225 ἀξιώματι,
2619 3155 2701 3209 ὅτι
2730 3129 2872 3226 ἀρχὴ
2906 3159 3002 3211 καὶ
3027 3129 3175 3210 αίτνία
3212 3157 3309 3211 τοῦ
3336 3153 3478 3210 εἶναι
3510 3158 3721 3225 Πατέρα

474 3221 676 3288 ripium
712 3235 762 3278 et
789 3240 953 3281 causa
986 3229 1131 3286 illius
1162 3231 1325 3288 Pater
1359 3246 1461 3301 est,
1491 3249 1543 3292 et
1572 3241 1713 3308 quod
1755 3258 1851 3313 per
1872 3221 2050 3315 ipsum

472 3326 730 3371 accessus
760 3326 814 3371 et
846 3318 1103 3376 adductio
1137 3324 1201 3376 ad
1240 3325 1406 3379 Deum
1449 3326 1700 3398 Patrem;
1736 3344 1928 3390 natura
1958 3353 2053 3391 au-

472 3412 581 3457 tem
620 3406 773 3460 nullo
800 3411 964 3464 modo
998 3413 1296 3479 secundus,
1332 3418 1473 3484 quod
1515 3418 1695 3478 Deitas
1728 3423 1781 3476 in
1821 3436 2051 3496 utroque

471 3510 621 3550 una:
657 3500 772 3567 pari
817 3500 1027 3557 ratione
1077 3505 1346 3571 videlicet,
1403 3517 1457 3562 et
1507 3508 1745 3580 Spiritus
1795 3526 2046 3586 sanctus,

470 3586 597 3643 licet
631 3591 842 3657 ordine,
899 3605 954 3649 et
995 3597 1257 3664 dignitate
1312 3601 1539 3657 inferior
1574 3614 1679 3670 est,
1724 3622 1829 3661 non
1868 3619 2046 3664 tamen

470 3682 598 3736 inde
622 3683 1012 3752 verisitnilitcr,
1044 3689 1239 3744 alienae
1262 3706 1382 3747 esse
1409 3704 1639 3762 naturae,
1664 3699 1817 3766 sequi
1844 3700 2049 3756 dixeri-

475 3783 674 3828 mus.)
732 3775 1052 3842 Consideret
1096 3779 1183 3832 cui
1239 3780 1291 3834 id
1347 3783 1646 3838 collibitum
1695 3786 1879 3853 fuerit,
1937 3807 2044 3845 non

472 3865 712 3919 alienum
744 3882 867 3922 esse
909 3885 938 3921 a
988 3870 1203 3938 pietatis
1237 3875 1446 3928 ratione
1483 3878 1783 3933 secundum
1816 3896 1935 3936 esse
1966 3882 2049 3937 di-

474 3956 679 4025 gnitate
704 3972 732 4011 a
765 3958 905 4012 Filio
937 3960 1223 4029 Spiritum,
1249 3965 1395 4032 quod
1431 3980 1492 4019 ex
1530 3968 1900 4036 proportione,
1927 3987 2047 4040 qua:

470 4059 555 4102 est
587 4047 710 4102 Filii
748 4051 814 4103 ad
844 4049 1084 4121 Patrem,
1133 4055 1263 4109 dum
1310 4054 1482 4110 Filius
1518 4062 1788 4116 secundas
1828 4078 1857 4115 a
1889 4061 2046 4119 Patre

469 4168 655 4228 partes
686 4160 949 4227 possidet,
982 4162 1395 4231 comprobatur.
1428 4162 1517 4217 Ait
1549 4165 1692 4219 enim
1724 4183 1737 4219 :
1771 4164 1920 4222 Licet
1957 4185 2047 4224 or-

469 4250 616 4318 dine,
651 4262 702 4305 et
736 4252 999 4322 dignitate
1029 4252 1170 4307 Filio
1199 4254 1431 4310 inferior
1474 4256 1566 4322 sit,
1603 4274 1710 4311 non
1744 4260 1866 4314 ideo
1909 4262 2044 4317 Filio

467 4344 658 4398 ordine
685 4353 739 4399 et
766 4345 1025 4416 dignitate
1055 4344 1283 4402 inferior
1307 4357 1407 4411 est,
1440 4350 1592 4419 quasi
1619 4351 1810 4407 aliena:
1837 4366 2045 4411 naturae

468 4453 695 4508 compos
726 4456 740 4493 :
774 4441 995 4510 quando
1027 4452 1082 4495 et
1108 4441 1300 4505 Filius,
1330 4442 1456 4498 licet
1498 4459 1528 4498 a
1563 4443 1724 4500 Patre
1766 4449 2042 4503 secundus

2154 3248 2345 3314 αὑτοῦ,
2372 3249 2467 3302 καὶ
2488 3249 2574 3302 ὅτι
2601 3248 2671 3303 δι’
2694 3248 2860 3301 αὑτοῦ
2885 3250 2918 3320 ἡ
2947 3249 3229 3320 πρόσοδος,
3261 3249 3356 3304 καὶ
3382 3251 3719 3319 προσαγωγὴ

2152 3344 2290 3413 πρὸς
2320 3341 2414 3396 τὸν
2445 3341 2597 3407 Θεὸν,
2640 3343 2734 3395 καὶ
2786 3342 3026 3413 Πατέρα,
3077 3343 3238 3411 φύσει
3271 3343 3326 3395 δὲ
3357 3346 3460 3396 οὐκ
3494 3343 3577 3396 ἔτι
3611 3343 3720 3395 δεύ·

2149 3451 2327 3504 τερος,
2358 3434 2493 3487 διότι
2595 3434 2785 3505 θεότης
2808 3436 2863 3486 ὲν
2892 3435 3140 3506 ἑκατέρῳ
3170 3436 3267 3506 μία
3296 3452 3312 3468 ο
3344 3437 3493 3490 οὓτω
3538 3436 3722 3506 δηλον-

2108 3547 2121 3561 ·
2166 3529 2248 3581 ὁτι
2305 3526 2400 3582 καὶ
2428 3528 2490 3582 τὸ
2524 3526 2746 3597 Πνεῦμα
2773 3527 2832 3582 τὸ
2860 3529 3040 3597 ἅγιον,
3072 3531 3123 3583 εί
3162 3531 3260 3583 καὶ⁸
3290 3530 3607 3600 ὑποϐέϐηκε
3640 3530 3723 3580 τδν

2150 3619 2281 3674 Υίὸν
2308 3623 2374 3691 τῇ
2406 3620 2558 3684 τάξει
2591 3622 2688 3675 καὶ
2719 3621 2795 3691 τῷ
2835 3620 3132 3690 ἀξιώματι,
3165 3621 3265 3673 οὐκ
3291 3621 3370 3673 ἔτι
3399 3621 3468 3674 ἂν
3502 3622 3723 3682 εἰκότως

2148 3712 2225 3775 ὼς
2244 3709 2529 3783 ἀλλοτρίας
2555 3712 2801 3782 ὑπάρχον
2821 3713 3037 3781 φύσεως
3054 3712 3368 3766 ἀκολουθεῖν
3389 3714 3665 3782 εἴποιμεν.
3699 3730 3718 3762 ι

2147 3804 2430 3857 Σκοπείτω
2479 3804 2506 3855 ὁ
2559 3804 2880 3877 βουλόμενος
2925 3803 3021 3857 τοῦ
3069 3804 3169 3873 τῆς
3220 3804 3514 3866 εὐσεϐείας
3562 3804 3721 3871 ).όγο.ι

2151 3893 2224 3963 μὴ
2270 3895 2487 3949 ἀποδεῖν
2533 3896 2595 3949 τὸ
2625 3894 2968 3965 δευτερεύειν
3024 3894 3302 3965 ἀξιώματι
3360 3895 3459 3948 τοῦ
3502 3894 3636 3948 Υἱοῦ
3666 3896 3721 3947 τὸ

2148 3986 2411 4057 Πνεῦμα·
2444 3990 2507 4041 ἐκ
2534 3991 2632 4059 τῆς
2677 3989 2967 4057 ἀναλογίας
3007 3988 3102 4042 τοῦ
3159 3989 3295 4060 πρὸς
3348 3989 3442 4043 τὸν
3482 3988 3723 4057 Πατέρα,

2145 4077 2460 4148 δευτερεῖον
2495 4079 2593 4131 τοῦ
2627 4077 2759 4131 Υἱοῦ
2792 4080 3078 4150 συνίστησι
3106 4080 3287 4134 τοῦτο.
3317 4080 3457 4149 Φησὶ
3491 4082 3605 4149 γὰρ
3629 4080 3719 4142 ὡς,

2146 4173 2210 4224 El
2274 4173 2368 4225 καί
2400 4172 2710 4241 ύποϐἐϐηκε
2740 4171 2831 4225 τὸν
2863 4171 2990 4224 Υίὸν
3021 4175 3082 4243 τῇ
3115 4172 3265 4237 τάξει
3311 4176 3407 4226 xz‘v.
3436 4173 3531 4245 τῷ.
3562 4174 3726 4238 ἀξιώο

2148 4282 2303 4335 ματι,
2333 4264 2434 4316 οὐκ
2466 4262 2548 4316 ἔτι
2582 4264 2648 4317 ἂν
2712 4264 2788 4327 ὡς
2844 4264 3133 4335 ἀλλοτρίας
3191 4265 3439 4337 ὑπάρχον
3486 4268 3727 4336 φύσεως,

2146 4352 2489 4423 ὑποϐέϐηκεν
2516 4354 2680 4407 αὐτὸν
2708 4356 2774 4424 τῇ
2807 4353 2959 4418 τάξει
2992 4354 3088 4408 καὶ
3122 4355 3201 4423 τῷ
3241 4354 3547 4425 ἀξιώματι.
3577 4357 3730 4410 Ἐπεὶ

2143 4448 2238 4500 καὶ
2277 4448 2306 4499 ὁ
2336 4447 2462 4509 Υἱὸς
2520 4446 2773 4518 δεύτερος
2806 4445 2882 4499 ὢν
2932 4446 3026 4499 τοῦ
3080 4448 3295 4515 Πατρδς
3338 4450 3498 4514 τάξει
3537 4469 3599 4504 τε
3640 4452 3729 4504 καὶ

467 4530 539 4585 sit
570 4531 764 4588 ordine
815 4543 869 4588 et
912 4534 1195 4603 dignitate,
1225 4553 1332 4590 non
1377 4546 1463 4592 est
1511 4548 1793 4607 propterea
1845 4551 2039 4595 natura

2156 4540 2440 4610 ἱιξιιῦματι,
2495 4540 2837 4593 ούκέτι’καὶ
2895 4538 3056 4608 φύσει
3120 4540 3240 4592 ἐστὶ
3295 4541 3599 4612 δεύτεροςο
3639 4545 3733 4597 καὶ

465 4625 742 4679 secundus
772 4643 785 4679 :
817 4636 872 4680 et
900 4641 1182 4697 exponens
1210 4640 1433 4686 sanctus
1467 4631 1691 4696 dictum,
1722 4649 1831 4701 quo
1866 4633 2038 4690 Filius

470 4728 499 4766 a
537 4714 695 4769 l’atre
723 4720 996 4774 secundus
1019 4732 1134 4775 est:
1167 4740 1185 4771 ι
1207 4721 1411 4776 Ordine
1427 4723 1678 4791 quidem,
1715 4725 1913 4794 inquit,
1944 4742 2033 4780 se-

465 4808 680 4863 cundus
711 4820 796 4864 est
843 4826 872 4865 a
909 4813 1087 4876 Patre,
1133 4815 1277 4883 quod
1300 4830 1364 4869 ex
1406 4816 1506 4868 illo
1532 4826 1636 4879 est,
1671 4826 1724 4872 et
1749 4818 2035 4885 dignitate,

465 4900 613 4970 quod
650 4901 978 4972 principium
1005 4915 1057 4958 et
1096 4922 1284 4972 causa,
1314 4908 1458 4977 quod
1484 4909 1573 4963 ille
1603 4910 1696 4969 sit.
1731 4909 1890 4964 Pater
1916 4922 2035 4976 est;

463 4995 689 5063 etquod
739 5010 833 5064 per
877 5013 997 5050 eum
1041 5013 1300 5055 accessus
1346 5011 1399 5054 et
1463 5000 1725 5055 adductio
1753 5002 1818 5064 ad
1868 5002 2033 5057 Deum

460 5086 701 5141 Patrem.
746 5107 764 5139 ι
800 5120 811 5128 -

624 5177 727 5230 Sed
759 5180 881 5247 quis
921 5178 1044 5245 scit,
1083 5181 1336 5251 inquiunt
1380 5184 1699 5251 adversarii,
1733 5201 1800 5239 an
1842 5200 2040 5240 serun-

465 5268 563 5324 das
619 5280 801 5339 partes
850 5270 1087 5339 Spiritus
1156 5286 1407 5345 respectu
1473 5276 1632 5340 Filii,
1686 5279 2039 5347 proportione

464 5360 710 5430 quidem,
745 5366 1077 5432 reSpondere
1098 5377 1322 5419 sanctus
1353 5367 1604 5434 opinetur
1624 5370 1884 5425 Secundis
1916 5370 2035 5423 Filii

467 5453 736 5521 partibus,
785 5465 1031 5523 respectu
1082 5454 1299 5510 Patris?
1338 5456 1471 5522 Quis
1504 5461 1644 5512 scit?
1690 5460 1790 5526 Qui
1831 5463 2037 5516 theolo-

466 5551 587 5617 gira
622 5548 763 5603 dicta
806 5551 1093 5618 diligenter
1125 5553 1417 5619 percurrit,
1446 5555 1649 5621 quibus
1684 5557 1880 5613 similis
1910 5574 2036 5626 pro-

470 5641 648 5708 partio
698 5641 855 5710 plane
904 5641 1216 5695 innotescit.
1249 5642 1383 5706 Qua:
1437 5645 1563 5699 licet
1605 5647 1858 5715 pleraque
1903 5649 2033 5711 sint,

468 5745 641 5799 pauca
664 5733 1014 5787 nihilominus
1038 5733 1125 5788 hic
1153 5750 1507 5803 apponemus,
1534 5742 1773 5791 contenti
1801 5747 2037 5791 tantum-

468 5822 630 5879 modo
680 5822 841 5879 dimis
898 5826 1075 5896 magni
1130 5825 1435 5897 Athanasii,
1492 5844 1613 5898 qua:
1661 5845 1890 5901 magnus
1947 5830 2035 5886 ille

2142 4630 2535 4701 ἐφερμηνεύων
2569 4634 2597 4683 ὁ
2628 4631 2782 4699 ἅγιος
2832 4630 2922 4682 τὶν
2952 4630 3133 4698 λόγον,
3188 4631 3312 4683 καθ’
3352 4633 3412 4685 ὃν
3444 4636 3573 4685 ἐστι
3602 4632 3723 4687 δεύ-

2140 4740 2297 4792 τερος
2346 4723 2441 4777 τοῦ
2502 4725 2715 4793 Πατρὺς
2766 4727 2793 4776 ὀ
2848 4724 2996 4787 Υἱδς,
3058 4741 3075 4774 ι
3140 4723 3303 4787 Τάξει
3344 4726 3467 4794 μὲν,
3515 4745 3534 4778 ι
3575 4727 3730 4798 φησὶ,

2146 4833 2165 4867 ι
2205 4815 2300 4868 τοῦ
2352 4816 2566 4885 Πατρός
2615 4817 2733 4868 ἐστι
2763 4815 3040 4884 δεύτερος,
3093 4815 3176 4866 ὅτι
3232 4814 3327 4866 ἀπ’
3358 4817 3608 4883 ἐκείνου,
3643 4818 3732 4869 καὶ

2142 4907 2438 4979 ἀξιώματι,
2468 4908 2550 4962 ὅτι
2583 4909 2747 4980 ἀρχὴ,
2773 4912 2866 4963 καὶ
2905 4907 3056 4960 αἰτία
3084 4906 3163 4975 τῷ
3195 4902 3337 4959 εἶναι
3367 4910 3606 4977 Πατέρα
3635 4909 3733 4963 αύ-

2139 5002 2234 5053 τοῦ
2286 5002 2381 5055 καὶ
2434 5001 2514 5053 ὅτι
2550 5000 2617 5053 δι’
2646 5000 2810 5053 αὐτοῦ
2863 5003 2894 5071 ἠ
2929 5001 3190 5067 πρόσοδος
3246 5000 3341 5053 καὶ
3378 5006 3731 5072 προσαγωγὴ

2140 5095 2278 5164 προς
2308 5094 2402 5146 τὸν
2432 5093 2564 5146 Θεὸν
2596 5095 2690 5147 καὶ
2725 5095 2962 5163 Πατέρα.
3008 5116 3025 5149 ι

2239 5186 2253 5206 '
2323 5186 2469 5240 Ἀλλ’
2519 5188 2601 5216 ”"
2685 5182 2761 5227 ’δε
2948 5191 2962 5221 ὀ
3075 5191 3300 5241 ιἐ-ιη
3407 5208 3503 5230 ’τι
3608 5189 3733 5242 ίτδ

2211 5205 2273 5240 ε.
2450 5203 2482 5239 α
2530 5205 2598 5249 σι,
2654 5204 2785 5253 οιΑ,
2837 5205 2998 5256 (pacm
3042 5208 3069 5242 ο
3120 5209 3501 5258 muneror“,
3571 5208 3596 5242 ε
3687 5225 3703 5241 .

2137 5278 2234 5331 τοῦ
2264 5276 2583 5346 Πνεύματος
2612 5279 2746 5349 πρὶς
2791 5280 2881 5331 τὸν
2939 5280 3065 5332 Υἱὶν
3093 5282 3399 5351 δευτερεῖον
3448 5283 3733 5351 ἀνάλογον

2138 5367 2167 5419 ὁ
2201 5367 2351 5430 ᾶγιος
2378 5366 2553 5419 οίεται
2594 5366 2671 5436 τῷ
2718 5368 2852 5437 πρὸς
2887 5369 2981 5421 τὸν
3021 5370 3241 5441 Πατέρα
3284 5373 3594 5442 δευτερείῳ
3639 5373 3731 5425 τοῦ

2142 5457 2309 5522 Υἰοῦ;
2363 5457 2461 5518 Τίς
2512 5453 2694 5521 οἶδεν;
2745 5460 2805 5512 ὐ
2836 5461 2901 5513 τὰ
2931 5461 3214 5531 θεολογικά
3261 5465 3402 5533 ῥητὰ
3432 5465 3731 5534 ἐπιμελῶς

2139 5550 2516 5619 ἐξερχόμενος,
2571 5552 2629 5616 ἐξ
2661 5545 2735 5605 ὧν
2791 5555 2822 5619 ἡ
2858 5554 3082 5622 τοιαύτη
3134 5555 3395 5622 ἀναλογία
3451 5558 3582 5626 ἔχει
3633 5558 3734 5626 τὴν

2139 5642 2521 5713 διατράνωσιν,
2552 5638 2625 5696 ὧν
2659 5643 2869 5696 πολλῶν
2909 5645 3080 5698 ὄντων
3103 5647 3365 5713 ὀλιγᾶττα
3396 5651 3454 5700 ἐν
3501 5649 3589 5719 τῷ
3624 5668 3732 5702 πα-

2144 5734 2289 5803 ρόντι
2321 5735 2648 5805 ἐκΟήσομεν,
2677 5738 2858 5805 privet;
2896 5740 3007 5800 τοῖς
3048 5740 3143 5791 τοῦ
3182 5742 3422 5807 μεγάλου
3477 5743 3730 5795 Ἀθανα-

2145 5824 2282 5893 σξου,
2315 5820 2395 5889 οἷς
2419 5827 2445 5878 ὁ
2475 5826 2646 5897 μέγας
2676 5823 2829 5891 οὗτος
2863 5830 2919 5883 ἐν
2963 5832 3029 5899 τῇ
3063 5830 3199 5899 πρὸς
3232 5832 3573 5901 Σεραπίωυα
3604 5836 3735 5908 περὶ
