3974 6566
235 382 354 452 3ίῖ

1126 397 1229 456 AD
1269 394 1749 457 THEODORUM
1786 392 2128 454 SUGDAHE
2169 395 2400 456 EPISC.
2438 395 2585 454 LIB.
2628 394 2710 453 II.

3388 373 3494 450 318

233 499 342 555 τοῦ
370 500 527 568 ἁγίου
551 502 870 575 Πνεΰματος
903 506 1192 579 Ἐπιστολῇ
1222 510 1520 579 ἐχρήσατο,
1550 507 1820 579 ἀρκεσθέ-
1854 532 1862 565 ε

1949 510 2155 575 'pistola
2184 509 2250 563 ad
2282 508 2634 577 Serapionem
2668 505 2735 559 de
2778 501 2984 574 Spiritu
3034 510 3225 557 sancto
3261 516 3494 569 usurpa-

234 609 394 655 ντες.
427 592 586 647 Οὕτω
630 596 740 667 γὰρ
768 599 796 651 6
826 597 980 666 ἅγιος
1011 599 1188 652 ἑκεῖσέ
1230 612 1400 669 φησι⁸
1443 618 1462 650 ι
1498 601 1607 653 Καὶ
1639 599 1747 667 γὰρ
1773 599 1821 649 εἰ

232 682 339 738 διὰ
392 683 490 753 τὴν
548 685 686 756 πρὸς
740 687 833 740 τὸν
893 689 1113 759 Πατέρα
1143 690 1237 743 τοῦ
1281 691 1456 758 Λόγου
1483 690 1711 757 ἑνότητα
1758 690 1820 742 οὐ

235 774 496 829 θέλουσιν
545 772 683 830 εἶναι
727 781 837 832 τῶν
867 780 1115 850 γενητῶν
1157 780 1322 834 αὐτὸν
1359 782 1453 833 τὸν
1501 780 1651 843 Υίὺν,
1681 779 1823 832 διατί

234 869 306 921 τὸ
368 870 596 939 Πνεῦμα
638 871 699 924 τὸ
735 872 911 940 ἅγιον,
944 873 1005 925 τὸ
1058 874 1158 942 τὴν
1209 874 1386 942 αὐτὴν
1420 873 1542 943 ἔχον
1591 874 1824 942 ἑνότητα

238 958 392 1029 πρ³ις
439 962 533 1013 τὸν
566 961 717 1025 Υἱδν,
767 966 834 1034 ἣν
886 964 1046 1026 αὐτὸς
1099 963 1210 1034 ἔχει
1268 964 1404 1034 πρὸς
1459 964 1548 1017 τὸν
1579 964 1821 1027 Πατέρα,

240 1053 462 1115 κτίσμα
499 1052 756 1118 λέγουσις
800 1072 819 1106 ι
862 1054 959 1107 καὶ
991 1056 1130 1124 μετὰ
1172 1054 1342 1107 πολλὰ
1370 1055 1467 1124 τῆς
1504 1054 1826 1119 Ἐπιστολῆς

240 1142 457 1211 ταύτης
487 1158 503 1173 ο
539 1162 559 1195 ι
606 1144 826 1212 Ἀμέλει
882 1147 911 1197 6
950 1146 1052 1214 μὲν
1096 1146 1226 1207 Υἱὸς
1286 1145 1438 1215 παρὰ
1489 1144 1583 1199 τοῦ
1615 1145 1829 1214 Πατρδς

240 1234 669 1288 ἀποστέλλεται.
713 1256 731 1287 ι
759 1236 917 1290 Οῦτω
943 1237 1079 1305 γὰρ,
1106 1238 1294 1307 φησὶν,
1345 1238 1374 1288 6
1398 1237 1530 1297 Θεὸς
1570 1236 1826 1306 ἠγάπησε

241 1327 347 1378 τὸν
377 1326 602 1392 κόσμον,
638 1328 776 1381 ὥστε
803 1330 894 1381 τὸν
917 1328 1046 1380 Υίὸν
1080 1327 1242 1381 αὐτοῦ
1266 1327 1359 1379 τὸν
1402 1329 1662 1397 μονογενῆ
1693 1327 1828 1379 ἔδω·-

242 1434 350 1469 κεν
370 1435 386 1448 ο
421 1438 445 1470 ι
471 1421 499 1472 6
524 1419 577 1472 bi;
605 1419 732 1483 Υίδς
753 1420 815 1473 τὸ
840 1420 1064 1488 Πνεῦμα
1092 1418 1433 1472 ἀποστέλλει·
1476 1437 1494 1468 ι
1547 1418 1673 1470 Ἐὰν
1698 1416 1827 1487 γὰρ,

241 1512 445 1579 φησὶν,
466 1512 575 1580 ἐγὼ
593 1512 811 1565 ἀπέλθω
834 1512 1117 1565 ἀποστελῶ
1147 1513 1239 1565 τὸν
1264 1511 1620 1582 Παράκλητον
1646 1526 1661 1541 ο
1689 1529 1707 1562 ι
1736 1509 1832 1563 καὶ

240 1604 272 1655 ὁ
342 1605 443 1672 μὲν
487 1603 615 1666 Υἱὸς
654 1606 746 1657 τὸν
797 1604 1020 1674 Πατέρα
1068 1602 1303 1669 δοξάζει,
1345 1604 1538 1674 λέγων,
1575 1621 1593 1653 ι
1621 1603 1826 1671 Πάτερ,

244 1696 369 1763 ἑγὼ
401 1713 461 1748 σε
489 1694 718 1760 ἐδόξασα
740 1713 755 1726 ’
799 1714 818 1747 ι
852 1696 912 1746 τὸ
950 1672 1008 1747 δὲ
1037 1697 1260 1764 Πνεῦμα
1290 1672 1627 1761 δοξάζείτδν
1665 1695 1792 1747 Υἱόν
1814 1710 1829 1726 ο

256 1806 279 1839 α
337 1787 577 1849 Ἐκεῖνος
634 1777 764 1856 γὰρ,
797 1786 983 1852 φησὶν,
1025 1785 1128 1853 ἐμὲ
1178 1783 1415 1849 δοξάσει,
1452 1801 1471 1835 ι
1510 1783 1604 1836 καὶ
1653 1784 1683 1835 6
1735 1782 1833 1852 μὲν

248 1878 389 1940 Υίὸς
415 1895 580 1947 φησιν
602 1894 618 1908 ·
666 1896 685 1929 ι
726 1878 794 1930 Ἀ
824 1877 1033 1946 ἥκουσα
1068 1877 1220 1947 παρὰ
1247 1876 1343 1928 τοῦ
1381 1876 1613 1944 Πατρός,
1659 1875 1834 1927 ταῦτα

247 1970 352 2022 καὶ
376 1968 519 2021 λαλῶ
542 1970 618 2032 είς
642 1966 732 2020 τὸν
758 1967 985 2035 κόσμον.
1014 1986 1032 2017 ι
1065 1968 1138 2020 Tb
1166 1968 1223 2020 δὲ
1248 1965 1470 2035 Πνεῦμα
1495 1968 1556 2018 ὲκ
1582 1964 1675 2018 τοῦ
1701 1965 1833 2018 Υἱοῦ

246 2060 552 2128 λαμϐάνειν
599 2077 618 2110 ι
662 2059 755 2111 Ἐκ
783 2057 879 2112 τοῦ
922 2058 1058 2127 ἐμοῦ
1101 2059 1210 2129 γὰρ
1245 2057 1504 2128 λήψεται,
1535 2058 1628 2109 καὶ
1659 2057 1834 2124 ἀναγ-

248 2153 412 2223 γελεῖ
457 2154 610 2222 ὑμῖν,
654 2171 671 2202 ι
711 2151 880 2221 φησί’
912 2152 1008 2202 καὶ
1055 2152 1082 2204 ὁ
1112 2151 1211 2218 μὲν
1240 2150 1370 2213 Υἱὸς
1414 2151 1475 2201 ὲν
1506 2150 1584 2220 τῷ
1607 2148 1833 2219 ὀνόματι

250 2242 356 2299 τοῦ
390 2241 605 2312 Πατρδς
635 2236 764 2312 ἦλθε
793 2255 808 2270 °
862 2258 882 2290 ι
931 2239 1006 2290 Tb
1054 2238 1111 2291 δὲ
1144 2238 1370 2308 Πνεῦμα
1395 2238 1457 2291 τὸ
1494 2231 1669 2305 ἆγιόν,
1729 2254 1836 2307 φη-

256 2339 372 2398 σιν,
397 2336 427 2387 ὃ
451 2333 661 2403 πέμψει
687 2334 717 2385 6
749 2332 937 2403 Πατὴρ
961 2335 1019 2384 ὲν
1066 2331 1144 2402 τῷ
1170 2331 1394 2402 ὀνόματί
1423 2348 1549 2401 μου.
1582 2349 1601 2382 ι
1638 2328 1839 2400 Τοιαύ-

254 2443 363 2495 την
390 2425 449 2478 δὲ
476 2425 632 2489 τάξιν
670 2424 765 2477 καὶ
797 2425 961 2493 φύσιν
997 2423 1211 2493 ἔχοντος
1229 2423 1323 2475 τοῦ
1354 2423 1671 2491 Πνεύματος
1698 2421 1838 2491 πρὸς

256 2519 357 2573 τὸν
388 2517 537 2581 Υἰὸν,
576 2517 696 2569 οἵαν
731 2518 759 2568 6
787 2516 915 2578 Υἱὸς
944 2515 1057 2586 ἔχει
1085 2516 1223 2585 πρὸς
1260 2516 1353 2567 τὸν
1386 2515 1630 2585 Πατέρα,
1665 2515 1779 2576 πῶς
1812 2514 1840 2566 6

262 2613 427 2665 τοῦτο
453 2611 661 2681 κτίσμα
691 2611 892 2677 λέγων,
938 2611 1005 2677 οῦ
1033 2609 1095 2662 τδ
1123 2609 1260 2662 αὐτὸ
1292 2610 1387 2661 καὶ
1415 2610 1543 2677 περὶ
1576 2608 1673 2661 τοῦ
1704 2607 1838 2661 Υίοῦ

262 2706 329 2770 ἑξ
383 2706 631 2775 ἀνάγκης
679 2707 977 2774 φρονήσει;
1040 2721 1058 2754 ι
1106 2704 1167 2755 ’0
1222 2701 1291 2754 τὰ
1330 2701 1614 2769 θεολογικὰ
1669 2700 1842 2753 ταῦτα

264 2802 408 2869 ῥητὰ
429 2797 701 2867 ἐπιμελῶς
729 2795 1486 2867 ἐπερχόμενος,εὐγνωμόνως
1515 2794 1690 2862 πάντη
1715 2808 1844 2843 συν-

266 2894 497 2961 θήσεται
528 2894 646 2953 τοῖς
678 2889 1104 2957 διαγινώσκουσι
1131 2890 1252 2942 κατ’
1303 2887 1493 2940 οὐδένα
1530 2884 1716 2956 ἕτερον
1751 2883 1842 2935 λό-

264 2976 366 3053 γον
390 2984 451 3037 τὸ
483 2986 708 3054 Πνεῦμα
741 2985 1117 3051 θεολογείσθαι
1144 2982 1404 3051 δεύτερον
1436 2979 1530 3034 τοῦ
1565 2979 1698 3032 Υἱοῦ
1724 2977 1842 3031 ἀλλ’

264 3080 301 3148 ἦ
335 3080 477 3131 κατὰ
534 3079 696 3148 μόνον
724 3079 885 3131 ar)th
940 3076 1060 3129 καθ’
1086 3076 1114 3128 ὃ
1147 3075 1241 3128 καὶ
1273 3077 1301 3128 6
1335 3075 1462 3137 Υἱὸς
1485 3073 1578 3126 τοῦ
1630 3071 1845 3141 Πατρός

1926 604 2022 658 vit.
2056 602 2233 656 Verba
2263 603 2409 656 i’llius
2439 608 2568 656 sunt
2593 614 2612 652 :
2661 616 2680 649 ι
2719 595 2955 658 Etenim,
2993 596 3037 649 si
3071 603 3293 663 propter
3331 592 3493 646 Verbi

1925 697 2181 750 unionem
2208 695 2273 747 ad
2296 689 2534 754 Patrem,
2557 691 2804 744 abnuunt
2834 704 2956 743 esse
2978 695 3283 743 creaturam
3316 687 3491 755 ipsum

1927 787 2150 850 Filium,
2196 800 2302 855 qua
2337 785 2421 851 {de
2455 796 2620 837 causa
2668 780 2929 851 Spiritum
2972 788 3218 834 sanetum
3250 778 3493 843 ejusdem

1927 879 2143 934 unionis
2174 877 2240 932 ad
2275 876 2493 939 Filium,
2524 889 2687 944 quam
2719 873 2911 936 Filius,
2952 872 3113 925 habet
3156 870 3220 924 ad
3256 870 3498 931 Patrem,

1927 981 2259 1043 compotem.
2295 980 2603 1025 creaturam
2639 967 2933 1022 asserunt?
2970 985 2987 1018 ι
3032 964 3371 1036 Ειῃιιιιηίιιιις.
3396 963 3503 1016 ibi-

1928 1067 2049 1119 dem
2086 1063 2389 1133 interjectis
2422 1080 2433 1117 :
2483 1081 2501 1114 ι
2536 1060 2787 1115 Profecto
2821 1060 2993 1113 Filius
3028 1059 3248 1128 quidem
3284 1073 3312 1111 a
3339 1059 3498 1111 Patre

1930 1158 2186 1212 mittitur.
2228 1175 2246 1207 ι
2283 1156 2375 1208 Sic
2402 1155 2569 1219 enim,
2603 1153 2800 1222 inquit,
2830 1151 2969 1206 Deus
2999 1150 3260 1203 mundmn
3285 1148 3500 1212 dilexit,

1930 1259 1990 1304 ut
2024 1250 2217 1303 Filium
2257 1263 2415 1301 suum
2448 1246 2783 1314 unigenitum
2821 1243 3034 1298 daret“
3064 1260 3080 1308 ;
3113 1261 3131 1294 ι
3172 1241 3342 1295 Filius
3369 1255 3501 1293 vero

1929 1338 2191 1406 Spiritum
2224 1335 2410 1390 mittit.
2455 1354 2473 1386 ‹
2505 1334 2560 1388 Si
2592 1336 2736 1389 enim
2767 1334 2863 1397 ait,
2897 1348 2997 1402 ego
3031 1333 3237 1397 abiero,
3289 1331 3499 1384 mittam

1932 1429 2272 1484 Paraelelum
2300 1429 2366 1491 η,
2407 1444 2426 1478 ι
2468 1437 2522 1480 et
2556 1425 2731 1480 Filius
2776 1424 2996 1495 quidem
3047 1421 3259 1476 Patrem
3294 1420 3502 1489 gloriﬁ-

1931 1530 2039 1584 cat,
2074 1520 2285 1584 dicens,
2318 1518 2498 1584 Pater,
2537 1532 2639 1588 ego
2675 1525 2727 1571 te
2758 1513 3086 1586 gloriﬁcavi;
3119 1511 3352 1579 Spiritus
3375 1524 3503 1564 vero

1932 1610 2199 1682 gloriﬁcat
2222 1610 2452 1673 Filium;
2507 1627 2525 1659 ι
2557 1607 2649 1661 Ille
2686 1607 2852 1667 enim,
2887 1604 3018 1659 dicit
3055 1616 3161 1665 me,
3222 1599 3495 1671 gloriﬁca-

1937 1701 2095 1758 bit".
2144 1721 2163 1754 ι
2201 1702 2266 1755 Et
2315 1698 2491 1755 Filius
2521 1698 2739 1768 quidem
2785 1695 2916 1750 dicit
2950 1707 2968 1746 :
3027 1713 3046 1741 ι
3080 1693 3210 1759 Quae
3259 1690 3443 1744 audivi
3476 1705 3506 1741 a

1937 1794 2120 1856 Patre,
2141 1794 2256 1847 haec
2285 1791 2480 1859 loquor
2508 1790 2563 1844 in
2597 1787 2860 1846 mundum
2888 1784 2955 1839 η.
2985 1804 3002 1836 ι
3036 1783 3275 1853 Spiritus
3290 1797 3420 1837 vero
3440 1797 3507 1836 ex

1865 1852 1907 1908 Β
1937 1888 2074 1943 Filio
2103 1885 2335 1955 accipit;
2376 1900 2395 1935 ι
2430 1881 2511 1935 Ex
2545 1894 2667 1935 meo
2716 1878 2860 1932 enim
2915 1852 3135 1945 accipit.
3182 1874 3281 1939 ait,
3324 1884 3376 1927 et
3406 1888 3507 1926 au-

1936 1977 2212 2036 nuntiabit
2258 1974 2478 2031 vobis"
2511 1989 2527 2026 :
2562 1991 2581 2025 ι
2637 1983 2692 2027 et
2724 1971 2896 2026 Filius
2936 1969 3157 2039 quidem
3206 1969 3259 2022 in
3288 1966 3509 2019 nomine

1935 2069 2116 2123 Patris
2146 2067 2326 2137 venit;
2364 2082 2384 2117 ι
2418 2064 2657 2134 Spiritus
2681 2076 2810 2117 vero
2839 2068 3085 2119 sanctus.
3119 2073 3279 2127 quem
3312 2059 3507 2119 uiuet,

1937 2158 2140 2228 inquit,
2180 2159 2343 2214 Pater
2387 2155 2442 2210 in
2473 2153 2697 2209 nomine
2725 2165 2849 2206 meo
2866 2150 2931 2204 “.
2965 2167 2984 2202 ι
3019 2149 3175 2202 Hunc
3204 2147 3385 2216 itaque
3415 2162 3509 2198 oro

1939 2251 2119 2306 dinem
2156 2260 2212 2304 et
2242 2259 2492 2304 naturam
2526 2261 2652 2314 erga
2687 2243 2885 2297 Filium
2929 2240 3247 2311 possidente
3280 2237 3508 2306 Spiritu,

1938 2360 2100 2417 quam
2128 2353 2183 2413 et
2213 2341 2387 2397 Filius
2417 2340 2657 2410 possidet
2681 2351 2811 2406 erga
2849 2333 3088 2399 Patrem,
3123 2347 3227 2399 qua
3275 2331 3512 2395 ratione,

1940 2437 2033 2508 qui
2088 2438 2233 2492 hunc
2263 2436 2572 2489 creaturam
2604 2427 2966 2491 asserit,.non
3006 2424 3149 2478 idem
3188 2431 3242 2476 et
3277 2422 3344 2476 de
3374 2421 3512 2474 Filio

1942 2527 2258 2582 necessario
2310 2518 2674 2592 excogitabit?
2708 2537 2726 2570 ι
2760 2516 2863 2583 Qui
2894 2517 3006 2569 haac
3039 2511 3341 2579 theologica
3368 2510 3512 2565 dicta

1942 2625 2197 2672 accurate
2223 2613 2541 2684 perpendet,
2564 2625 2723 2680 aequo
2757 2611 2941 2663 animo
2973 2621 3201 2677 prorsus
3223 2619 3509 2660 assensum

1942 2708 2225 2783 praebebit,
2276 2703 2739 2771 concordahitque
2784 2716 2908 2756 cum
2968 2697 3386 2759 ailirmantihus.
3428 2695 3514 2748 illa

1943 2798 2285 2858 solummodo
2315 2797 2526 2850 ratione
2552 2793 2814 2862 Spiritum
2839 2789 2945 2845 dici
2974 2787 3272 2843 secundum
3301 2802 3327 2838 a
3355 2783 3512 2847 Filio,

1943 2908 2053 2963 qua
2078 2901 2133 2945 et
2170 2889 2342 2943 Filius
2381 2903 2412 2941 a
2448 2887 2608 2941 Patre
2652 2899 2772 2938 esse
2819 2881 3096 2936 secundus
3133 2879 3426 2943 astruitnr;
3463 2888 3518 2929 et

1946 2987 2031 3042 his
2076 2982 2296 3054 quidem
2351 2992 2640 3035 assensum
2694 2972 2977 3043 praebebit,
3008 2981 3067 3025 ut
3101 2970 3212 3035 jam
3249 2967 3381 3029 dixi,
3426 2965 3518 3034 qui

1943 3092 2101 3149 aequo
2132 3075 2318 3131 animo
2350 3086 2438 3126 res
2470 3069 2758 3139 dijudicat.
2800 3064 2863 3118 Et
2906 3064 3123 3124 modus,
3151 3060 3243 3129 qui
3279 3076 3343 3113 ex
3372 3057 3522 3112 Scri-

265 3173 389 3222 ἑστι
426 3169 702 3239 δεύτερος.
755 3170 865 3221 Καὶ
897 3170 925 3220 6
967 3169 1065 3237 μὲν
1100 3172 1212 3232 τοῖς
1243 3167 1420 3221 ταῦτα
1448 3164 1844 3234 διαγινώσκου-

1951 3167 2130 3240 pturis
2185 3161 2708 3219 demonstrationem
2757 3156 2859 3211 sibi
2906 3152 3176 3216 vindieat,
3223 3150 3520 3208 secnmlns,

269 3280 358 3314 σιν
382 3261 559 3324 οὕτως
588 3260 970 3331 εὐγνωμονῶν,
1000 3260 1074 3323 ὥς
1112 3278 1201 3330 μοι
1231 3260 1450 3332 ἐρρέθη,
1478 3258 1802 3328 συνθήσεται
1828 3272 1843 3288 '

269 3357 403 3422 ἡμῖν
429 3353 486 3405 δὲ
518 3357 612 3405 καὶ
636 3354 664 3404 6
695 3353 794 3422 τὴν
824 3351 1111 3416 ἀπόδειξιν
1136 3353 1243 3404 ἁπδ
1277 3338 1509 3423 Γραφῶν
1559 3351 1700 3421 ἔχων
1721 3348 1843 3402 δεύ-

268 3462 432 3513 τεψῖ
478 3445 680 3513 τρόπος
724 3447 816 3497 ἐπὶ
845 3447 960 3507 τοῖς
1004 3445 1249 3514 ῥηθεῖσιν
1307 3441 1507 3507 ἓξειτὸ
1539 3441 1728 3512 κῦρος.
1781 3440 1847 3493 El

273 3540 382 3606 γὰρ
412 3537 538 3606 ὃρτς
577 3536 663 3598 τίς
696 3539 844 3590 ἐστιν
903 3536 1012 3590 ἀπὸ
1042 3537 1278 3606 Γραφῶν
1322 3536 1700 3606 ἀπαράϐατος,
1729 3537 1852 3588 κατ’

275 3628 470 3679 οὔὸένα
527 3628 715 3697 ἕτερον
746 3626 906 3694 λόγον
938 3627 971 3697 ἢ
1006 3627 1169 3696 μόνον
1200 3642 1262 3693 γε
1317 3627 1410 3680 τὸν
1444 3626 1539 3679 τοῦ
1573 3624 1851 3692 αἰτιατοῦ,

278 3717 373 3769 καὶ
402 3716 463 3769 τὸ
489 3716 582 3768 τοῦ
607 3716 734 3769 Υἰοῦ
775 3717 912 3786 πρὸς
940 3718 1033 3769 τὸν
1059 3718 1307 3786 Πατέρα,
1340 3718 1436 3770 καὶ
1461 3718 1523 3769 τὸ
1551 3718 1646 3770 τοῦ
1685 3716 1856 3769 Πνεύ·

282 3825 453 3878 ματος
471 3808 609 3876 πρὸς
638 3810 730 3860 τὶν
760 3809 912 3871 Υἱὸν,
948 3810 1045 3861 καὶ
1069 3812 1183 3870 τοῖς
1209 3809 1520 3874 θεολογοῦσι
1549 3810 1856 3880 δευτερεῖον

278 3902 560 3972 εἰλῆφθαι,
589 3902 953 3954 ὲντελὲστατα
983 3902 1202 3963 πάντως
1235 3904 1366 3972 ημῖν
1394 3905 1428 3972 ἡ
1457 3904 1564 3955 ἀπὸ
1582 3905 1691 3957 τῶν
1717 3905 1859 3974 Γρα-

282 3995 403 4065 ςιῶν
434 3995 529 4046 τοῦ
553 3993 805 4064 δευτέρου
833 3992 1039 4062 τρόπου
1081 3993 1378 4061 ἀπόδειξις,
1411 3995 1506 4047 τοῦ
1538 3996 1642 4049 τῶν
1670 3995 1858 4065 ἐντελῆ

280 4092 380 4159 τὴν
417 4088 577 4157 ῥῆσιν
610 4086 849 4157 ἐχουσῶν
881 4085 1103 4156 βίϐλων,
1158 4087 1346 4154 ὑγιοῦς
1394 4087 1491 4140 καὶ
1522 4088 1860 4159 ἀπαρεγχει-

280 4175 777 4246 ρητου-ὲκϐἑῦηκε.

355 4266 429 4332 ς’.
462 4269 605 4336 Πρὸς
632 4268 689 4319 δὲ
716 4268 776 4320 τὸ
799 4268 898 4337 τῆς
928 4268 1205 4338 ἀναφορᾶς
1235 4268 1509 4340 δεύτερον,
1542 4269 1570 4323 ὃ
1607 4271 1735 4342 περὶ
1761 4273 1860 4342 τῆς

278 4361 378 4412 τοῦ
401 4361 562 4426 ἁγίου
592 4358 907 4429 Πνεὺματὸς
941 4363 1088 4415 ἐστιν
1130 4363 1508 4432 ἐμφυσήσεως,
1543 4363 1707 4435 χάριν
1733 4364 1862 4417 ταύ-

277 4469 382 4522 την
404 4447 544 4505 εἶναι
571 4454 946 4523 πνευματικὴν
968 4453 1073 4505 τῶν
1097 4454 1164 4507 δι’
1187 4453 1438 4515 ἐναντίας
1463 4456 1857 4527 ἐνισταμένων,

275 4544 458 4597 ταῦτά
498 4560 581 4597 σοι
611 4545 938 4613 ἀποχρήσει,
965 4542 1003 4596 ἃ
1035 4546 1063 4596 ὁ
1094 4544 1255 4606 αὐτὸς
1292 4544 1465 4612 μέγας
1505 4545 1788 4611 Βασίλειος
1808 4548 1865 4601 ἐν

279 4636 366 4690 ἑνὶ
423 4636 535 4687 τῶν
586 4636 916 4704 κεφαλαίων,
951 4629 1012 4688 οὗ
1062 4639 1094 4706 ἡ
1142 4639 1445 4710 ἐπιγραφὴ,
1491 4659 1509 4691 ι
1561 4639 1685 4692 Ὅτι
1748 4640 1867 4693 θεία

280 4729 448 4797 φύσις
479 4731 540 4780 τὸ
573 4726 818 4797 Πνεῦμα,
852 4747 870 4779 ι
908 4729 1041 4796 φησί
1066 4745 1078 4757 ·
1112 4747 1131 4781 ι
1183 4730 1406 4801 Πνεῦμα
1446 4732 1552 4802 γὰρ
1596 4731 1673 4801 τῷ
1704 4730 1867 4795 ζῶντι

281 4820 444 4890 Λόγῳ
485 4818 921 4887 συντεταγμένον
953 4822 1035 4881 εἰς
1064 4820 1124 4872 τὸ
1166 4821 1540 4891 δημιουργεῖν,
1585 4821 1737 4886 ζῶσα
1773 4824 1863 4877 δύ-

280 4927 450 4978 ναμις
482 4913 575 4963 καὶ
601 4910 722 4962 θεία
766 4910 947 4980 φύσις,
977 4911 1212 4983 ᾶρρητος
1251 4912 1310 4977 ἐξ
1341 4915 1580 4985 ἀρρήτου
1605 4915 1869 4984 στόματος

282 5003 594 5069 πεφηκυῖα,
623 5001 881 5071 ἀρρήτως
925 4996 1187 5057 καὶκατὰ
1216 5004 1314 5074 τὴν
1339 5007 1647 5076 ἐμφύσησιν
1675 5008 1752 5069 είς
1779 5009 1869 5062 τὸν

286 5094 579 5163 ἄνθρωπον
634 5095 1042 5164 ἀπεσταλμένη,
1076 5098 1169 5148 καὶ
1214 5095 1356 5148 κατὰ
1396 5097 1490 5150 τὸν
1540 5099 1868 5167 σωματικῶς

287 5183 398 5235 ὑπὸ
420 5186 514 5236 τοῦ
552 5182 757 5251 Κυρίου
805 5184 1084 5253 δειχθέντα
1137 5184 1328 5252 τύπον,
1360 5182 1517 5249 αὖθις
1569 5187 1665 5239 ὑπ’
1702 5187 1869 5240 αὐτοῦ

285 5274 359 5326 δι’
406 5276 774 5345 ὲμφυσήσεως
828 5275 1344 5348 ἀποκαθισταμένην
1398 5278 1707 5349 συντρέχειν
1762 5282 1870 5350 γὰρ

287 5367 373 5420 δεῖ
486 5368 773 5438 καταρχὴν
800 5370 1076 5439 καινότητι
1104 5370 1203 5441 τὴν
1234 5371 1330 5423 νῦν
1376 5371 1742 5438 ἁνακαίνισιν,
1778 5376 1872 5425 καὶ

289 5461 392 5530 τὴν
428 5461 736 5531 συνδρομὴν
776 5461 1141 5528 ὲξετύπωσεν,
1169 5465 1511 5534 ὲμφυσήσας,
1544 5465 1642 5533 οὐχ
1688 5466 1874 5535 ἕτερος

290 5553 371 5607 ὣν
406 5553 560 5623 παρὰ
611 5553 704 5606 τὸν
739 5554 798 5617 ἐξ
843 5554 1021 5624 ἀρχῆς
1060 5556 1476 5626 ὲμφυσήσαντα,
1530 5556 1643 5609 ἀλλ’
1690 5557 1873 5621 αὐτὸς,

293 5647 366 5699 δι’
397 5641 459 5700 οὗ
506 5646 641 5710 Θεὸς
692 5647 888 5701 δέδωκε
923 5650 1022 5720 τὴν
1073 5648 1387 5720 ἐμφύσησιν
1424 5650 1546 5703 τότε
1599 5652 1697 5720 μὲν
1738 5650 1875 5720 μετὰ

369 5806 409 5837 ¹¹
446 5804 610 5861 Joau.
645 5821 727 5870 ιιι,
762 5805 846 5861 16.
923 5809 964 5838 ¹¹
995 5804 1148 5862 Itan.
1184 5824 1294 5874 xvr,
1329 5809 1380 5862 7.
1461 5808 1501 5840 ⁸³
1532 5807 1664 5862 ibid.
1695 5808 1776 5862 14.
1859 5811 1862 5838 ⁵

1949 5805 2084 5860 ὐιιιι.
2112 5823 2197 5871 κν,
2239 5805 2323 5860 15.

1948 3262 2120 3322 hisee,
2151 3272 2272 3327 quae
2301 3254 2563 3314 diximus,
2596 3249 2978 3305 auctoritatem
3027 3245 3256 3301 obtinet.
3284 3240 3522 3302 Etenim,

1948 3354 1994 3408 si
2024 3351 2434 3418 Scripturarum
2462 3343 2705 3404 decreto,
2742 3339 2888 3393 nulla
2926 3337 3029 3391 alia
3060 3336 3292 3391 ratione.
3328 3331 3422 3386 sed
3461 3346 3522 3383 ea

1949 3441 2356 3501 tantummodo,
2385 3451 2508 3507 qua:
2538 3446 2622 3490 est
2650 3449 2714 3487 ex
2747 3447 2936 3495 causa,
2969 3439 3021 3482 et
3043 3428 3168 3483 Filii
3196 3426 3259 3480 ad
3282 3425 3522 3488 Patrem,

1951 3547 2007 3593 et
2032 3535 2271 3606 Spiritus
2323 3530 2392 3585 ad
2446 3528 2664 3592 Filium,
2713 3523 2948 3593 theologi
2999 3519 3267 3575 secundas
3324 3522 3516 3586 partes

1955 3629 2248 3697 accipiunt,
2297 3619 2703 3678 absolutissime
2735 3629 2959 3684 prorsus
2992 3628 3059 3667 cx
3087 3610 3385 3680 Seripturis
3431 3620 3528 3676 per

1955 3718 2180 3774 modum
2228 3712 2530 3770 secundum
2580 3703 2981 3762 demonstratio
3034 3702 3227 3773 petita,
3261 3699 3525 3752 librorum

1957 3814 2225 3879 integrum
2270 3806 2476 3860 dictum
2546 3795 3017 3871 przesel‘ereutium
3075 3789 3524 3851 incolumitatem,

1958 3902 2124 3959 nullis
2179 3911 2420 3969 unquam
2465 3890 2769 3949 rationibus
2821 3884 3229 3943 convellendam
3310 3888 3533 3937 consta-

1961 3995 2098 4050 bilit.

2037 4284 2093 4338 ϐ.
2121 4280 2296 4350 Capiti
2338 4292 2471 4334 vero
2517 4286 2624 4331 tua:
2648 4273 2934 4330 relationis
2966 4271 3228 4335 secundo,
3273 4266 3417 4336 quod
3468 4265 3535 4321 de

1969 4375 2336 4433 insumatione
2365 4370 2601 4439 Spiritus
2624 4366 2798 4423 sancti
2829 4375 2935 4430 est,
2969 4379 3133 4433 quam
3162 4361 3389 4431 gratiam
3416 4373 3538 4413 esse

1970 4465 2304 4538 spiritualem
2352 4456 2649 4515 adversarii
2707 4454 3067 4517 contendunt,
3117 4450 3251 4506 satis
3292 4446 3537 4503 abunde-

1972 4575 2089 4626 que.
2115 4552 2469 4625 respondebit
2499 4562 2730 4619 magnus
2764 4545 3000 4600 Basilius
3030 4545 3232 4614 capite,
3278 4555 3388 4612 quo
3416 4555 3542 4609 pro-

1972 4650 2088 4713 bat,
2146 4646 2388 4701 divinam
2416 4656 2539 4697 esse
2563 4648 2843 4694 .naturam
2895 4635 3164 4706 Spiritus.
3211 4648 3333 4688 cum
3362 4632 3494 4687 dicit
3526 4648 3540 4683 :

1980 4758 1999 4792 ι
2044 4738 2285 4810 Spiritus
2327 4734 2473 4791 enim
2503 4747 2628 4787 cum
2669 4729 2874 4785 viventi
2904 4727 3078 4783 Verbo
3124 4727 3178 4782 in
3235 4724 3426 4780 eodem
3457 4737 3545 4776 or-

1978 4834 2108 4888 dine
2132 4832 2435 4887 collocatus
2485 4826 2552 4881 ad
2577 4826 2900 4889 creandum,
2941 4823 3128 4875 vivens
3155 4821 3351 4885 virtus,
3376 4826 3431 4873 et
3462 4817 3547 4871 di-
3646 4818 3651 4823 “

1977 4924 2100 4977 vina
2143 4929 2362 4982 natura,
2410 4915 2699 4971 ineﬂ'abilis
2729 4930 2795 4968 ex
2825 4911 3083 4967 inell‘abiii
3123 4925 3220 4965 ore
3253 4906 3546 4976 exsisteus,

1976 5014 2233 5071 ineffabili
2265 5009 2446 5075 modo,
2478 5017 2534 5062 et
2563 5022 2659 5078 per
2688 5005 2934 5061 inﬂatum
2981 5005 3035 5059 in
3074 5003 3322 5058 homines
3358 5002 3546 5065 missa,

1975 5118 2029 5165 et
2052 5105 2354 5164 secundum
2379 5115 2702 5171 corporeum
2724 5114 2753 5152 a
2776 5098 3004 5152 Domino
3035 5108 3220 5169 typum
3243 5103 3546 5158 ostensum,

1977 5211 2171 5252 rursus
2217 5193 2285 5247 ab
2323 5206 2413 5257 eo,
2458 5206 2555 5261 per
2612 5188 2858 5245 inﬂatum
2909 5188 3551 5242 restitutazconcurrere

1969 5290 2112 5345 etaim
2142 5284 2303 5340 debet
2331 5299 2454 5338 cum
2485 5282 2664 5353 prima
2698 5283 2961 5347 novitate,
2996 5295 3083 5343 ea,
3121 5294 3250 5349 quae
3281 5294 3428 5331 nunc
3451 5276 3545 5339 sit,

1974 5376 2274 5441 iunovatio,
2326 5383 2383 5430 et
2431 5389 2758 5429 concursum
2811 5372 3073 5442 expressit
3121 5370 3365 5433 suillans,
3401 5367 3545 5422 idem

1979 5474 2066 5526 ille
2096 5471 2398 5531 exsisteus,
2432 5468 2524 5536 qui
2567 5482 2598 5521 a
2651 5464 2921 5535 principio
2948 5462 3259 5525 insnlllavit,
3295 5461 3550 5528 idemque

1975 5578 2071 5631 per
2101 5575 2260 5632 quem
2297 5560 2440 5614 Deus
2473 5557 2720 5611 inﬂatum
2752 5556 3014 5624 elargitus
3046 5561 3149 5617 est,
3180 5562 3291 5605 tum
3331 5551 3546 5618 quidem

1976 5667 2099 5706 eum
2138 5650 2343 5715 anima,
2379 5664 2524 5703 nunc
2556 5661 2683 5701 vero
2724 5647 2776 5699 in
2817 5644 3080 5701 animam.
3119 5659 3139 5695 ι
3179 5640 3314 5697 Cum
3359 5640 3548 5710 itaque

2428 5805 2471 5838 ¹⁸
2499 5801 2635 5858 ibid.
2662 5800 2747 5855 H.
2853 5798 2895 5830 ¹⁶
2929 5795 3060 5851 ibid.
3108 5795 3195 5860 14,
3233 5793 3325 5851 26.
