3846 6570
429 350 535 414 319

1456 351 1669 416 IOAN.
1711 320 1931 417 VEcc'I
1973 354 2083 415 cr.
2123 352 2647 418 PATRIARClLE

3572 367 3657 437 320

434 484 669 539 magnus
724 465 812 524 hic
855 478 909 526 et
960 468 1016 525 in
1063 471 1231 527 rebus
1290 473 1613 540 tlioologicis
1658 471 2018 527 decernendis

2120 470 2315 542 ψυχῆς,
2352 472 2447 525 νῦν
2474 473 2529 526 δέ
2564 474 2642 534 εἰς
2674 470 2876 542 ψυχήν.
2924 490 2941 523 ι
2991 472 3146 526 Ἐπεί
3172 472 3307 541 γοῦν
3333 474 3362 527 ό
3411 476 3658 543 uincet...

431 562 668 618 eximius
709 560 966 627 Basilius,
1030 562 1273 618 inﬂatum
1329 565 1473 618 hunc
1505 565 1650 619 illius
1684 580 1810 621 esse
1845 565 2017 635 Spiri-

438 661 533 708 tus
556 661 786 718 asserat,
820 652 912 722 qui
948 666 1071 706 cum
1112 654 1322 707 vivente
1367 653 1542 706 Verbo
1590 654 1640 707 in
1668 653 1881 737 .codem
1924 671 2017 710 or-

431 743 564 798 dine
590 742 889 799 collocatur
919 745 985 798 ad
1015 746 1337 808 creandum,
1369 761 1532 798 nemo
1560 746 1809 816 equidem
1855 746 2015 801 affir-

447 837 641 898 mabit,
677 836 1019 906 spiritualem
1053 838 1284 907 gratiam
1335 854 1479 903 esse,
1532 854 1655 909 qua:
1693 856 1847 910 aeque
1890 856 2012 896 cum

437 924 620 981 Verbo
645 928 948 984 collocatur
976 927 1042 982 ad
1069 927 1394 992 creandum.
1429 932 1521 985 sed
1548 931 1718 1001 ipsam
1747 932 2015 985 viventem

435 1020 694 1075 virtutem
724 1031 779 1074 et
806 1020 1043 1076 divinam
1077 1031 1330 1076 naturam
1357 1023 1613 1092 Spiritus.
1645 1022 1733 1090 Et,
1768 1026 1810 1079 si
1838 1021 1889 1079 id
1913 1035 2015 1088 est,

440 1121 644 1165 temere
668 1126 764 1164 eos
797 1112 1018 1181 obloqui
1052 1113 1212 1177 scito,
1249 1114 1341 1182 qui
1380 1116 1432 1169 iu
1474 1116 1706 1185 gratiam
1753 1116 2015 1183 spiritua-

434 1195 564 1260 lem,
617 1198 868 1254 inﬂatum
906 1216 935 1255 a
986 1198 1128 1257 Filio
1152 1200 1423 1272 Spiritum
1470 1207 1766 1276 accipiunt,
1805 1198 1869 1264 et'
1891 1209 2015 1265 aliis

434 1290 686 1348 tradunt.
735 1292 968 1350 Attende
1011 1298 1199 1362 etiam,
1230 1298 1374 1366 quod
1412 1298 1544 1353 mihi
1583 1301 2016 1357 consideratione

431 1394 541 1435 non
570 1381 859 1450 indignum
886 1385 1188 1454 judicatur.
1220 1388 1449 1459 Magnus
1472 1388 1863 1448 Basiliusuunc
1888 1393 2014 1463 quis

432 1471 558 1527 dem
613 1475 876 1544 Spiritum
952 1479 1094 1536 hunc
1150 1480 1389 1536 divinam
1467 1484 1717 1538 naturam
1758 1486 2013 1555 appellat,

437 1565 767 1622 ineﬂ‘abilem
812 1587 875 1623 ex
920 1571 1177 1626 ineffabili
1225 1589 1321 1629 ore
1368 1586 1807 1645 promanantem,
1845 1594 2012 1632 unum

434 1657 628 1715 dicens
656 1675 741 1726 os,
775 1676 840 1714 ex
873 1677 983 1731 quo
1014 1663 1274 1732 Spiritus,
1305 1673 1359 1719 et
1388 1650 1512 1719 non.
1536 1667 1647 1722 duo
1674 1684 1687 1721 :
1722 1684 1869 1739 nunc
1886 1683 2016 1724 vero

434 1748 578 1805 infra
627 1753 901 1810 nonnullis
962 1757 1213 1822 annexis,
1259 1758 1508 1814 eumdem
1541 1774 1663 1816 esse
1697 1761 1882 1827 tradit,
1920 1761 2013 1832 qui

434 1842 724 1913 discipulis
780 1847 1096 1911 insnﬂlavit,
1143 1858 1199 1902 et
1231 1850 1487 1905 eumdem
1534 1867 1631 1922 per
1671 1868 1833 1922 quem
1875 1852 2014 1910 Deus

438 1936 743 2006 antiquitus
789 1939 1028 2007 primum
1070 1951 1260 1996 creato
1316 1942 1521 1998 homini
1554 1933 1813 2017 inﬂatum
1865 1946 2017 2001 exhi-

435 2026 575 2092 buit,
610 2037 664 2082 et
710 2044 834 2083 cum
887 2031 987 2095 ait,
1037 2051 1056 2086 ι
1088 2049 1184 2103 per
1232 2050 1393 2105 quem
1452 2034 1596 2097 Deus
1640 2037 1959 2105 insumavit,
1991 2057 2011 2091 ι

450 2120 742 2187 perspicue
771 2123 905 2176 duas
941 2137 1340 2200 commonstrat
1371 2116 1634 2194 personas
1675 2129 1768 2184 Dei
1807 2140 1861 2185 et
1895 2131 2018 2185 Pa-

445 2210 549 2281 tris
584 2227 647 2265 ex
699 2228 811 2283 quo
841 2215 1088 2284 inﬂatus,
1122 2226 1180 2273 et
1228 2219 1318 2274 Dei
1350 2218 1496 2284 Filii,
1519 2236 1616 2290 per
1651 2238 1812 2290 quem
1857 2222 2016 2277 inﬂa-

434 2308 562 2368 tus;
602 2317 730 2358 cum
760 2319 892 2359 .vero
919 2305 1184 2377 singulari
1219 2324 1448 2365 numero
1475 2325 1540 2366 os
1575 2309 1799 2379 profert,
1830 2319 2016 2365 osten-

429 2391 539 2460 dit,
565 2395 830 2466 quidquid
864 2398 931 2453 de
975 2397 1182 2470 Spiritu
1222 2417 1288 2455 ex
1318 2398 1480 2456 Patre
1522 2417 1618 2471 per
1651 2402 1847 2457 Filium
1878 2402 2019 2457 dici-

437 2496 551 2547 tur,
586 2503 693 2541 non
726 2498 984 2559 tanquam
1021 2509 1085 2546 ex
1121 2493 1333 2549 duabus
1373 2495 1560 2550 causis
1604 2510 1761 2559 esse;
1794 2497 1936 2563 quod
1966 2486 2019 2550 et

437 2580 709 2643 capitihus
773 2583 838 2633 ad
913 2584 1355 2653 Amphilochium
1414 2585 1628 2655 plenius
1693 2585 2016 2651 insinuavit,

430 2668 726 2725 dictionum
778 2691 867 2737 per
896 2668 1095 2730 Filium
1156 2678 1349 2747 primze
1380 2688 1434 2733 et
1494 2666 1778 2748 praecipuae
1836 2692 2018 2734 causa!

432 2761 836 2819 confessionem
883 2783 1005 2822 esse
1038 2756 1355 2825 decernens.

520 2853 576 2907 'f.
637 2853 884 2912 Tertium
943 2869 1049 2913 tua:
1100 2859 1384 2916 relationis
1452 2872 1615 2933 caput
1685 2871 1824 2929 erat,
1891 2878 2020 2933 pro-

441 2946 735 3016 prietatum
794 2951 1178 3009 confusionem
1249 2956 1449 3033 ascribi
1517 2960 1800 3023 Romanis,
1891 2973 2016 3013 cum

441 3035 684 3092 fatentur
763 3038 1025 3109 Spiritum
1100 3061 1167 3101 ex
1220 3046 1410 3111 Patre
1498 3059 1554 3105 et
1624 3050 1766 3104 Filio
1830 3064 2023 3119 proce—

2117 579 2210 629 τος
2240 565 2333 618 καὶ
2364 564 2530 626 πολὺς
2564 564 2661 631 τὴν
2694 564 2975 631 θεολογίαν
3005 565 3287 628 Basilus;
3314 566 3412 635 τὴν
3444 571 3659 648 ἐμφύση.

2119 672 2203 709 σιν
2236 656 2441 724 ταύτην
2469 656 2677 708 ἐκείνου
2708 649 2851 708 εἶναι
2892 656 3038 722 λέγει
3065 654 3166 709 τοῦ
3195 657 3526 724 Πνεύματος,
3546 666 3657 737 ὅπερ

2118 747 2235 802 ἐστί
2268 747 2346 822 τῷ
2381 747 2542 811 ζῶντι
2585 748 2743 816 Λόγῳ
2783 748 3218 816 συντεταγμένην
3248 748 3324 810 εἰς
3359 749 3417 801 τὺ
3444 749 3662 826 διμιουρ.

2117 843 2271 908 γετν·
2302 841 2519 901 πάντως
2565 840 2666 892 οὐκ
2717 838 2784 893 ἄν
2819 854 2904 902 τις
2941 840 3063 910 ἐρεῖ
3111 842 3485 911 πνευματικὴν
3530 848 3661 917 χάριν

2117 925 2257 986 εἶναι
2300 931 2399 999 τὴν
2432 931 2509 999 τῷ
2541 933 2699 1000 Λόγῳ
2747 931 3194 1001 συντεταγμένην
3224 935 3303 995 εἰς
3332 932 3393 984 τὸ
3434 934 3665 1009 δημιουρ.

2117 1024 2255 1093 γεϊν,
2289 1023 2403 1077 ἀλλ’
2438 1023 2608 1093 αὐτὴν
2639 1022 2736 1093 τὴν
2786 1022 2967 1087 ζῶσαν
2997 1023 3249 1091 δύναμιν,
3283 1025 3377 1077 καὶ
3415 1026 3553 1080 θείαν
3580 1036 3665 1098 φῦ.

2118 1131 2203 1168 σιν
2244 1113 2338 1167 τοῦ
2371 1113 2711 1183 Πνεῦματος.
2750 1114 2861 1169 Καὶ
2890 1116 2937 1167 εἰ
2985 1113 3165 1178 τοῦτο,
3219 1115 3396 1184 μάτην
3442 1115 3667 1186 λέγοντας

2119 1206 2252 1270 ίσθι,
2281 1207 2407 1269 τοὺς
2446 1205 2527 1270 εἰς
2570 1206 2736 1277 χάριν
2777 1205 3155 1278 πνευματικὴν
3188 1205 3251 1260 τὸ
3303 1207 3665 1279 ἐμφυσώμενον

2116 1297 2269 1368 παρὰ
2296 1297 2427 1351 Υίοῦ
2475 1298 2702 1369 Πνεῦμα
2749 1299 3170 1368 ἐξηγουμένους.
3208 1299 3408 1353 Σκόπει
3432 1298 3486 1353 δέ
3530 1304 3668 1360 καὶὸ

2120 1405 2211 1460 μοι
2261 1389 2583 1454 ἐπιστασίας
2633 1390 2882 1461 ἠξίωται.
2926 1392 2986 1444 Ὀ
3042 1390 3219 1461 μέγας
3276 1391 3550 1456 Βασίλειος
3588 1395 3669 1451 νῦν
3712 1390 3715 1393 ’

2120 1481 2219 1547 μὲν
2247 1481 2307 1534 τὸ
2346 1480 2570 1549 Πνεῦμα
2590 1481 2761 1555 τοῦτο
2808 1480 2960 1534 θείαν
2999 1480 3262 1549 ὀνομάζει
3308 1481 3490 1551 φύσιν,
3522 1484 3672 1555 ἄῤῥη.

2114 1588 2208 1637 τον
2246 1572 2304 1638 ἐξ
2342 1573 2582 1643 ἀρρήτου
2611 1572 2877 1641 στόματος
2902 1574 3228 1642 πεφηνυῖαν,
3271 1571 3330 1624 ἓν
3354 1567 3493 1625 εἶναι
3518 1572 3671 1643 λέγων

2115 1663 2176 1717 τὸ
2206 1663 2406 1735 στόμα.
2446 1662 2507 1730 ἐξ
2553 1658 2616 1719 οῦ
2646 1665 2707 1718 τὸ
2756 1663 3003 1733 Πνεῦμα.
3047 1666 3149 1719 καὶ·
3189 1664 3311 1734 οὐχὶ
3361 1664 3475 1729 δύο,
3513 1665 3601 1720 νῦν
3625 1669 3671 1722 δέ

2120 1772 2500 1828 παρακατιων,
2528 1758 2628 1812 οὐκ
2679 1756 2837 1810 ἄλλον
2875 1752 3017 1810 εἶναι
3048 1756 3193 1823 λέγει
3230 1744 3323 1810 τόν
3356 1759 3471 1821 τοῖς
3518 1760 3672 1829 μαθηο

2116 1851 2237 1912 ταῖς
2267 1832 2683 1919 ἐμφυσήσαντα,
2718 1849 2833 1903 ἀλλ’
2864 1850 3047 1913 αὐτὸν,
3083 1848 3152 1901 δι’
3179 1843 3240 1903 οὗ
3271 1848 3424 1911 Θεὸς.
3458 1851 3548 1902 καὶ
3586 1851 3677 1905 πά-

2115 1937 2310 2006 λαιλτῷ
2339 1938 2752 2009 πρωτοπῖἀστῳ
2791 1939 2991 1993 δέδωκε
3021 1938 3121 2010 τὴν
3150 1939 3486 2007 ἐμφύσησιν,
3520 1944 3605 1994 καὶ
3622 1946 3677 1996 ἐν

2121 2030 2224 2099 μέν
2267 2030 2364 2099 τῷ,
2400 2048 2420 2082 ι
2452 2031 2521 2085 δι’
2552 2024 2612 2084 οὗ
2657 2030 2790 2094 θεὸς
2822 2029 3155 2099 ἐνεφῦυησεν
3184 2049 3201 2081 ι
3246 2031 3678 2100 ὁμολογουμένως

2116 2123 2186 2178 τὰ
2207 2122 2302 2176 δύο
2325 2125 2583 2191 ἐμφαίνει
2621 2124 2910 2193 πρόσωπα,
2936 2123 3032 2175 τοῦ
3066 2140 3127 2176 τε
3154 2122 3303 2176 Θεοῦ
3334 2125 3433 2176 καὶ
3464 2123 3678 2193 Πατρός,

2116 2217 2176 2284 ἐξ
2214 2211 2339 2287 oili;
2380 2215 2713 2288 ἐμφύσησις,
2761 2217 2856 2270 καὶ
2888 2214 2983 2269 τοῦ
3023 2216 3158 2269 Θεοῦ
3191 2218 3285 2269 καί
3323 2216 3484 2280 Tino,
3517 2218 3584 2271 δι’
3624 2215 3680 2275 οῦ

2118 2309 2151 2379 ἡ
2189 2308 2535 2380 ἐμφύσησιςο,
2579 2311 2636 2362 ἐν
2662 2308 2719 2362 δέ
2770 2306 2849 2377 τῷ
2876 2307 3047 2378 ἐνικῷ
3087 2307 3181 2360 τοῦ
3225 2308 3503 2377 στόματος
3532 2327 3681 2380 παρι-

2120 2402 2223 2473 στᾷ
2264 2401 2360 2465 ὡς,
2404 2401 2455 2455 εί
2483 2418 2534 2454 τι
2571 2401 2699 2472 περὶ
2725 2396 2824 2457 τοῦ
2873 2399 3191 2470 Πνεύματος
3242 2401 3308 2453 ἐκ
3360 2401 3572 2469 Harpe;
3624 2403 3682 2455 δι’

2121 2491 2253 2546 Υἰοῦ
2283 2494 2524 2561 λέγεται,
2561 2493 2657 2562 οὐχ
2688 2493 2767 2556 ὡς
2797 2494 2863 2545 ἐκ
2895 2492 2988 2545 δύο
3020 2490 3212 2545 αἰτίων
3260 2492 3438 2553 ἐστὶν,
3468 2492 3498 2544 δ
3521 2494 3607 2544 καὶ
3631 2493 3687 2544 ἐν

2118 2591 2230 2651 τοῖς
2272 2587 2407 2655 πρὸς
2449 2586 2798 2657 ’Λμφιλόχιον
2821 2583 3125 2653 δεδήλωκεν
3151 2585 3570 2655 ἐναργέστερον,
3592 2585 3682 2655 τὴν

2126 2698 2145 2734 ι
2175 2680 2243 2733 δι’
2288 2678 2418 2733 Υἰοῦ
2467 2698 2485 2730 ι
2543 2678 2730 2747 φωνὴν
2790 2677 2888 2747 τῆς
2915 2712 2925 2723 ε
2953 2677 3471 2748 προκαταρκτικῆς,
3514 2677 3687 2740 αἰτίας

2119 2772 2409 2843 ὁμολογίαν
2428 2766 2864 2841 τεθεολὸγηκὼς.

2189 2863 2255 2930 ζ’.
2290 2864 2485 2935 Τρίτον
2512 2879 2595 2917 σοι
2623 2863 3022 2933 τῆςάναφορᾶς
3050 2862 3347 2932 κεφάλαιον
3376 2857 3450 2931 ἦν
3472 2860 3535 2913 τὸ
3563 2859 3688 2926 σύγ.

2119 2968 2276 3028 χυσιν
2336 2955 2611 3027 ίδιοτήτων
2666 2955 3010 3023 ἐγκαλεῖσθαι
3048 2954 3357 3023 Ῥωμαίους
3410 2956 3474 3006 ἐν
3527 2952 3603 3021 τῷ
3632 2952 3689 3005 τὸ

2120 3052 2343 3121 Πνεῦμα
2378 3050 2559 3117 λέγειν
2607 3049 2922 3122 ἐκ.Πατρὸς
2956 3052 3051 3103 καὶ
3098 3048 3228 3102 Υίοῦ
3270 3048 3688 3119 ἐκπορεύεσθαι.

439 3126 590 3186 dere.
630 3131 700 3185 At
754 3131 857 3188 hoc
920 3136 1211 3193 manifesto
1263 3138 1457 3195 falsum
1520 3156 1643 3195 esse
1718 3126 2006 3205 evincitur.

2120 3140 2291 3196 Τοῦτο
2337 3143 2395 3196 δέ
2428 3140 2645 3210 ψεῦδος,
2673 3136 2827 3197 ,εἶναι
2873 3137 3141 3207 πρόδηλον
3195 3134 3693 3204 ἀπελέγχεταιὰπὺ

443 3222 589 3287 quod
622 3226 853 3295 propria:
875 3227 929 3282 in
962 3227 1159 3285 Triade
1200 3233 1558 3302 proprietates
1607 3232 1723 3303 ipsa
1769 3233 1885 3289 haec
1915 3250 2016 3288 no-

441 3317 590 3372 mina
623 3330 772 3387 sunt,
805 3319 984 3389 Pater,
1011 3324 1181 3381 Filius
1203 3336 1257 3381 et
1285 3328 1539 3399 Spiritus.
1565 3330 1812 3385 Paterna:
1841 3330 2017 3400 siqui-

437 3411 561 3467 dem
617 3414 927 3486 hypostasis
985 3420 1257 3489 exquisita
1328 3422 1635 3492 praprietas
1704 3424 2021 3491 agnoscitur

435 3519 579 3569 esse,
618 3504 841 3564 Patrem
868 3525 1044 3580 neque
1079 3510 1277 3567 Filiqu
1326 3528 1504 3582 neque
1553 3513 1815 3585 Spiritum
1847 3529 1966 3570 esse
1999 3533 2025 3570 ι.

436 3606 493 3652 ct
523 3598 830 3669 hypostasis
877 3617 1067 3660 rursus
1120 3602 1267 3668 Filii,
1317 3603 1515 3660 Filium
1571 3622 1747 3676 neque
1801 3607 2021 3674 Patrem

442 3705 621 3758 neque
642 3688 906 3761 Spiritum
936 3709 1058 3750 esse
1087 3713 1101 3751 :
1129 3696 1245 3766 pari
1277 3698 1439 3753 modo
1466 3706 1521 3752 et
1562 3697 1799 3766 Spiritus
1848 3700 2018 3770 hypo-

439 3784 610 3838 Itasis
657 3786 873 3854 propria
919 3788 1252 3859 proprietas,
1301 3788 1563 3861 Spiritum
1608 3806 1783 3861 neque
1804 3790 2023 3857 Patrem

443 3889 622 3944 neque
654 3876 872 3945 Fllllﬂ“,
907 3880 1002 3936 sed
1027 3883 1696 3953 tantummodoSpiritum
1734 3900 1874 3942 esse.
1911 3887 2021 3941 Ita-i

440 3980 570 4035 que,
594 3968 662 4032 si,
690 3979 748 4024 ut
778 3966 881 4040 ipSi
910 3985 1184 4040 asserunt,
1211 3974 1461 4031 confusio
1489 3976 1735 4046 quaedam
1770 3979 2021 4047 proprie!

447 4068 622 4114 tatum
656 4064 744 4126 sit,
779 4079 901 4118 cum
928 4081 992 4120 ex
1028 4064 1161 4119 Filio
1211 4067 1444 4137 Spiritus
1484 4070 1776 4138 procedere
1813 4072 2017 4125 asseri-

445 4161 557 4219 tur,
587 4157 760 4210 multo
796 4170 953 4212 antea
985 4157 1127 4212 facta
1183 4157 1398 4225 fuisset,
1444 4176 1565 4215 cum
1612 4160 1848 4231 Spiritus
1896 4150 2017 4216 Filii

445 4248 624 4303 dictus
649 4258 753 4304 est.
783 4251 847 4305 Et
873 4252 1231 4307 nihilominus
1248 4260 1303 4307 et
1330 4252 1569 4320 Spiritus
1589 4254 1769 4309 Patris
1791 4254 2014 4320 dicitur,

441 4350 498 4397 et
523 4340 760 4412 Spiritus
796 4343 942 4408 Filii,
990 4354 1043 4399 et
1088 4344 1294 4415 nullam
1341 4347 1699 4415 proprietates
1739 4346 2020 4411 confusio-

444 4449 569 4488 nem
601 4435 902 4503 patiuntur.
925 4435 1105 4513 Quare
1135 4445 1191 4492 et
1225 4453 1290 4499 ex
1318 4435 1477 4499 Patre
1506 4440 1828 4507 procedens,
1855 4448 1911 4497 et
1949 4453 2022 4494 ex

445 4523 582 4578 Filio
607 4527 657 4580 in
680 4541 778 4580 sua
810 4526 1161 4595 proprietate,
1191 4527 1427 4597 Spiritus
1460 4529 1669 4595 scilicet
1685 4514 2015 4598 procedens,

446 4617 807 4673 immutabilis
834 4630 1215 4695 conservatur.
1270 4620 1431 4688 Tune
1473 4621 1635 4685 enim
1668 4606 2021 4690 proprietatis

445 4712 677 4765 mutatio
710 4713 787 4777 lit,
822 4728 945 4767 cum
975 4722 1070 4767 aut
1100 4712 1255 4768 Pater
1278 4722 1335 4767 ut
1359 4713 1517 4769 Pater
1551 4715 1646 4777 sit,
1674 4713 1895 4777 amittit,
1928 4722 2023 4769 aut

444 4805 616 4860 Filius
649 4816 708 4859 ut
743 4805 814 4859 sit
845 4805 1035 4871 Filius,
1069 4816 1164 4860 aut
1203 4806 1440 4875 Spiritus
1471 4815 1530 4861 ut
1564 4806 1801 4875 Spiritus
1849 4805 1941 4868 sit,
1967 4814 2025 4861 et

446 4898 681 4967 Spiritus
709 4898 884 4953 Patris
910 4910 964 4955 et
993 4898 1154 4967 Filii;
1187 4898 1653 4970 quemadmodum
1684 4909 1739 4954 et
1768 4899 2022 4969 proprie-

447 4993 576 5047 tatis
612 4995 924 5058 perennitas
949 5001 1051 5056 est,
1085 5009 1209 5048 ιιιιιι
1252 5008 1317 5048 ex
1355 4992 1528 5048 tribus
1576 4993 1807 5063 quilibet
1835 4994 1890 5047 in
1931 5006 2021 5056 eo,

451 5085 597 5153 quod
626 5093 729 5147 est,
766 5094 1093 5154 perseveret.
1120 5084 1205 5145 Et,
1244 5086 1403 5154 plane
1437 5085 1644 5140 nullam
1695 5086 1822 5140 inde
1867 5084 2024 5154 sequi

448 5176 856 5241 confusionem,
883 5178 995 5246 jam
1026 5178 1168 5232 dicta
1219 5177 1449 5246 probant
1489 5186 1695 5246 aperte.
1744 5176 2029 5232 Verumta-

448 5283 574 5322 men
605 5269 842 5337 propri-ie
870 5266 1091 5321 Triadis
1118 5267 1484 5337 proprietates
1517 5268 1635 5336 ipsa
1659 5268 1774 5325 hare
1803 5270 2026 5325 nomina

448 5358 798 5427 esse,Pater,
844 5368 897 5414 et
929 5358 1130 5423 Filius,
1184 5367 1239 5413 ct
1287 5359 1523 5429 Spiritus
1568 5368 1814 5426 sanctus,
1873 5361 2028 5417 hisce

456 5453 662 5523 scripto
720 5451 935 5505 traditis
998 5450 1330 5507 testimoniis
1402 5449 1691 5507 manifesto
1746 5453 2026 5521 probatur.

452 5543 734 5614 Nysscnus
762 5545 1003 5598 secunda
1041 5542 1307 5598 adversus
1356 5541 1687 5598 Eunomium
1736 5544 2027 5598 oratione:

456 5656 476 5687 ε
518 5636 948 5707 llypostaseon,»
989 5636 1090 5695 ait.
1127 5653 1145 5687 ι
1159 5634 1462 5705 proprietas
1497 5642 1738 5704 apertam
1760 5645 1813 5689 et
1843 5635 2032 5691 incon-

455 5729 633 5783 fusam
660 5726 820 5785 efficit
850 5742 1205 5796 personarum
1239 5725 1669 5790 distinctionem,
1699 5724 1897 5788 Patris,
1944 5728 2030 5778 in-

457 5835 648 5891 quam,
679 5830 734 5877 et
765 5819 909 5888 Filii,
934 5828 990 5877 et
1015 5818 1251 5891 Spiritus
1280 5817 1477 5876 sancti.
1516 5814 1610 5876 His
1632 5818 1775 5874 enim
1796 5815 2037 5888 compel-

2117 3228 2210 3291 τοῦ
2248 3228 2347 3303 τὰς
2383 3229 2591 3305 κυρίως
2630 3228 2731 3297 τῆς
2769 3226 2998 3298 Τριάδος
3045 3228 3316 3298 ἰδιότητας
3348 3226 3495 3279 αὐτὰ
3529 3225 3694 3277 ταῦτα

2116 3320 2183 3375 τὰ
2213 3323 2450 3391 ὀνόματα
2502 3316 2665 3395 εἰναι,
2696 3322 2756 3375 τὺ
2788 3320 2977 3391 Πατὴρ
3015 3320 3143 3384 Υἱός
3183 3337 3263 3384 τε,
3305 3320 3402 3372 καὶ
3451 3318 3695 3385 Πνεῦμα.

2117 3412 2232 3483 Τῆς
2256 3414 2373 3489 ,γὰρ
2409 3412 2517 3473 τοῦ,
2558 3412 2772 3485 Harpe:
2828 3411 3179 3495 ὑποστάσεως
3217 3409 3459 3479 ἀκριϐὴς
3501 3409 3699 3474 ἰδιότης

2115 3506 2275 3557 τοῦτο
2312 3502 2638 3573 γινώσκεται
2670 3498 2829 3564 εἶναι,
2860 3502 2920 3555 τὸ
2955 3502 3093 3571 μήτε
3125 3500 3254 3555 Υἰδν
3293 3503 3432 3569 μήτε
3474 3496 3697 3565 Πνεῦμα

2098 3589 2259 3646 ἐἶναι
2294 3593 2486 3647 αὐτόν’
2513 3595 2606 3646 καὶ
2628 3596 2661 3663 ὴ
2691 3593 2791 3661 τῆς
2840 3592 3192 3652 ὑποστάσεως
3223 3590 3386 3643 πάλιν
3433 3588 3536 3641 τοῦ
3570 3586 3700 3639 Υἱοῦ

2122 3686 2318 3757 ἰδιότης
2342 3686 2405 3739 τὸ
2441 3686 2579 3756 μήτε
2616 3684 2838 3756 Πατέρα
2878 3686 3015 3756 μήτε
3052 3682 3277 3752 Πνεῦμα
3314 3676 3459 3735 εἶναι
3501 3680 3695 3733 αὐτόν·

2118 3778 2381 3841 ὡσαύτως
2412 3778 2469 3831 δέ
2497 3779 2592 3832 καὶ
2635 3779 2667 3847 ἡ
2713 3776 2816 3847 τῆς
2845 3776 2939 3830 τοῦ
2972 3774 3291 3845 Πνεῦματος
3340 3770 3703 3842 ὑπορτάσεως

2120 3869 2324 3939 κυρίως
2370 3869 2567 3945 ἰδιότης
2620 3870 2681 3927 τὸ
2715 3869 2855 3940 μήτε
2915 3867 3156 3938 Πατέρα,
3190 3868 3327 3935 μήτε
3371 3862 3533 3925 Υἰὺν,
3566 3859 3701 3913 ἀλλὰ

2124 3946 2284 4032 μόνον
2319 3958 2543 4029 Πνεῦμα
2574 3955 2714 4033 εἶναι
2747 3957 2898 4012 αὐτό.
2925 3958 2989 4011 Εἰ
3014 3955 3146 4024 γοῦν
3176 3956 3315 4009 κατὰ
3352 3955 3486 4016 τοὺς
3516 3951 3705 4019 λέγον-

2119 4038 2218 4110 τας
2257 4046 2516 4118 σύγχυσίς
2550 4064 2631 4108 τις
2691 4047 2901 4115 γίνεται
2950 4045 3060 4098 τῶν
3097 4045 3404 4121 ἰδιοτήτων,
3458 4043 3595 4095 ὅταν
3646 4037 3703 4102 ἐξ

2120 4134 2251 4193 Υἰόῦ
2293 4132 2352 4192 τδ
2386 4139 2608 4208 Πνεῦμα
2640 4138 2848 4207 λέγοιτο
2890 4135 3310 4207 ἐκπορεύεσθαι,
3350 4132 3542 4202 πολλῷ
3574 4131 3707 4200 πρόο

2118 4249 2274 4303 τερον
2298 4233 2515 4301 ἐγένετο
2536 4230 2699 4301 αὕτη,
2722 4232 2850 4284 ὅταν
2881 4228 3106 4298 Πνεῦμα
3128 4227 3329 4299 ἐρρέθη
3348 4226 3510 4281 Υίοῦ.
3544 4222 3707 4276 Ἀλλὰ

2122 4322 2227 4395 μὴν
2258 4327 2350 4393 καὶ
2384 4323 2610 4392 Πνεῦμα
2644 4321 2851 4393 Πατρδς
2884 4320 3126 4388 λέγεται,
3153 4319 3247 4371 καὶ
3278 4316 3517 4387 Πνεῦμα
3549 4313 3705 4380 Υἰοῦ,

2119 4416 2214 4489 καί
2247 4406 2510 4491 σύγχυσιν
2553 4418 2611 4469 αἰ
2644 4415 2907 4485 ἰδιότητες
2958 4414 3056 4483 οὐχ
3109 4411 3432 4479 ὑφίστανται
3490 4412 3592 4462 καὶ
3645 4409 3710 4460 ἐκ

2121 4510 2331 4582 Πατρὸς
2359 4509 2490 4579 γοῦν
2524 4507 2954 4576 ἐκπορευόμενον
2982 4506 3076 4559 καὶ
3107 4503 3167 4567 ἐξ
3207 4501 3337 4555 Υἰοῦ
3384 4503 3445 4554 ἐν
3478 4502 3549 4569 τῇ
3579 4499 3715 4552 tau-

2119 4602 2213 4657 τοῦ
2251 4601 2495 4671 ἰδιότητι,
2546 4598 2770 4669 Πνεῦμα
2816 4597 3059 4668 δηλονότι
3108 4594 3443 4664 ἐκπορευτὸν
3498 4595 3716 4660 ἀμετα-

2121 4695 2363 4764 ποιήτως
2414 4692 2711 4763 τετήρηται
2762 4687 3005 4758 ἐκτροπὴ
3055 4686 3163 4757 γὰρ
3221 4684 3491 4754 ἰδιότητος
3532 4681 3716 4735 ἐκεῖνό

2122 4788 2257 4851 ἐστι,
2289 4786 2350 4840 τὸ
2398 4785 2431 4855 ἢ
2469 4785 2561 4838 τὸν
2592 4782 2814 4855 Πατέρα
2865 4780 3234 4835 ἀποϐαλέσθαι
3281 4778 3343 4832 τὸ
3391 4774 3544 4830 εἶναι
3600 4777 3718 4829 Πα-

2123 4880 2276 4947 τέρα,
2308 4876 2342 4949 ἢ
2371 4879 2461 4930 τὸν
2494 4876 2627 4929 Υίὸν
2648 4875 2710 4928 τὸ
2754 4871 2894 4927 εἶναι
2934 4872 3087 4937 Υίὸν,
3119 4872 3152 4941 ἢ
3201 4870 3336 4923 αὐτὸ
3366 4870 3427 4922 τὸ
3478 4867 3721 4937 Πνεῦμα

2122 4975 2187 5026 τὸ
2218 4969 2361 5026 εἶναι
2411 4970 2659 5040 Πνεῦμα,
2693 4968 2786 5022 καὶ
2841 4966 3068 5037 Πνεῦμα
3117 4963 3329 5035 Πατρδς
3387 4963 3491 5018 καὶ
3555 4960 3719 5015 Υἱοῦ.

2128 5066 2339 5136 ’Ὠσπερ
2367 5063 2458 5120 οῦν
2491 5063 2586 5116 καὶ
2613 5061 2696 5115 δια
2707 5058 2842 5129 μονὴ
2866 5058 3125 5127 ἰδιότητος
3148 5054 3307 5109 τοῦτό
3334 5057 3453 5107 ἐστι
3481 5055 3549 5106 τὸ
3574 5047 3723 5105 εἶναι

2124 5158 2357 5211 ἐκαστον
2394 5154 2502 5208 τῶν
2528 5152 2716 5221 τριῶν,
2748 5152 2884 5221 ὅπερ
2915 5148 3081 5202 ἐστίν.
3130 5145 3273 5199 ‘AD.’
3302 5147 3386 5219 ὅτι
3421 5144 3533 5214 μὲν
3562 5144 3724 5197 οὐδε-

2131 5250 2232 5321 μία
2263 5248 2514 5303 ἐντεῦθεν
2544 5246 2578 5316 ἡ
2619 5245 2879 5314 σύγχυσις
2917 5239 3141 5311 δηλοῦσι
3169 5239 3237 5292 τὰ
3285 5237 3571 5306 εἰρημένα
3597 5253 3613 5266 ·
3641 5237 3728 5289 ὅτι

2128 5341 2187 5394 δέ
2216 5341 2273 5392 αἰ
2303 5338 2401 5408 τῆς
2431 5337 2658 5408 Τριάδος
2685 5333 2892 5404 κυρίως
2934 5331 3195 5400 ἰδιότητες
3223 5328 3363 5382 αὐτὰ
3390 5326 3579 5380 ταῦτά
3616 5328 3729 5379 εἰσι

2128 5433 2197 5487 τὰ
2231 5431 2493 5500 ὀνόματα,
2522 5426 2583 5481 τὸ
2633 5424 2842 5495 Πατὴρ,
2868 5423 3028 5486 Υἱὸς,
3071 5422 3165 5474 καὶ
3197 5419 3445 5489 Πνεῦμα,
3479 5418 3583 5472 διὰ
3619 5417 3732 5470 τῶν

2130 5524 2419 5598 γραφικὼν
2465 5522 2632 5575 τῶνδε
2671 5518 3100 5591 παραστήσομέν
3129 5532 3211 5569 σοι
3258 5516 3621 5584 μαρτυριῶν.
3669 5512 3733 5564 '0

2130 5620 2350 5687 Νύσσης
2392 5619 2451 5669 ἐν
2472 5615 2549 5682 τῷ
2594 5614 2711 5667 κατ’
2741 5614 3011 5681 Εὖνομίου
3055 5607 3292 5677 δευτέρῳ
3330 5606 3482 5675 λόγῳ
3528 5602 3732 5665 αὑτοῦ,

2138 5731 2160 5765 ι
2207 5712 2272 5765 ’Π
2297 5709 2404 5763 τῶν
2457 5708 2827 5769 ὑιιοττάσεων,
2878 5703 3066 5771 φησὶν,
3111 5700 3310 5767 ἰδιότης
3360 5698 3586 5768 τρανὴν
3636 5695 3737 5747 καὶ

2134 5805 2436 5874 ἀσῦγχυτον
2477 5801 2715 5854 ποιεῖται
2750 5798 2849 5869 τὴν
2899 5796 3006 5851 τῶν
3037 5793 3346 5863 προσώπων
3394 5788 3736 5859 διαστολὴν,
