3846 6568
511 354 613 418 331

1548 356 1764 419 JOAN.
1809 355 2025 419 VECCl
2063 355 2173 418 CP.
2214 355 2730 418 PATRIARCIIA!
3644 376 3725 440 333

517 489 646 529 vero
674 471 817 541 Filii,
865 473 1092 530 subdola
1121 482 1205 529 est
1234 473 1370 540 haec,
1414 487 1690 543 praveque
1716 481 1964 528 contorta
1996 487 2077 526 ex-

2202 472 2450 544 Πνεῦμα,
2517 473 2706 544 ἕτερον
2762 473 2819 526 δὲ
2863 471 2957 528 τοῦ
3023 473 3177 539 Υίοῦ,
3243 481 3591 558 σεσοφισμένη
3639 492 3725 547 ἐστι

515 567 772 637 positio:
813 567 1012 621 ctenim
1068 566 1114 620 si
1169 563 1519 620 solummodo
1570 581 1633 620 ea
1693 567 1926 629 ratione,
1985 578 2094 632 qua

439 730 446 735 D
511 659 765 713 Christus
794 657 1004 721 carnis,
1042 665 1096 710 et
1133 656 1421 726 sanguinis
1458 658 1732 727 particeps
1771 655 1949 711 factus
1983 665 2091 730 est,

508 758 566 804 et
616 750 894 802 hominem
939 746 1268 816 assumpsit;
1297 735 1520 817 preprio
1569 747 1826 802 intinctus
1873 749 2093 816 spiritu,

509 841 716 897 dictum
772 853 1046 905 asserens,
1086 855 1105 889 ι
1143 835 1347 893 Christi
1390 838 1697 909 Spiritum,
1743 859 1760 890 ι
1799 854 2088 894 assumen-

509 933 640 987 dum
673 941 780 995 cst,
814 943 922 999 qua
950 943 1080 984 vero
1107 943 1172 982 ex
1200 939 1407 983 teterno
1431 939 1517 984 est
1546 929 1708 996 Deus,
1741 930 2086 994 nullatenus;

508 1021 909 1086 retributionis,
942 1027 995 1074 et
1028 1029 1228 1074 mutuae
1259 1020 1492 1075 duarum
1530 1020 1734 1076 Christi
1766 1031 2088 1076 naturarum

507 1112 1021 1170 communicationis
1079 1113 1304 1168 modum
1355 1113 1572 1170 inﬁcias
1621 1115 1804 1172 iverit.
1856 1114 2088 1170 Pravam

505 1208 649 1262 hanc
689 1205 1200 1276 interpretationem
1244 1205 1528 1277 Nyssenus
1559 1224 1779 1278 quoque
1837 1207 2070 1272 refellet,

504 1302 713 1364 dicens,
781 1317 800 1352 ι
849 1300 1114 1370 Spiritum
1162 1315 1228 1355 ex
1287 1300 1426 1355 Filio
1473 1316 1596 1356 esse
1627 1301 1918 1392 astipulatu
1951 1316 2084 1356 con-

505 1395 774 1448 firmatur.
819 1410 838 1444 ι
879 1392 1192 1463 Prohatque
1237 1393 1341 1448 hoc
1391 1394 1638 1463 Apostoli
1669 1395 1851 1448 dioto:
1894 1393 2086 1460 «Quis-

505 1488 627 1556 quis
680 1484 947 1555 Spiritum
1004 1484 1210 1541 Christi
1264 1502 1373 1541 nou
1430 1487 1614 1551 habet,
1668 1486 1754 1542 hic
1797 1488 1918 1556 ejus
1975 1503 2084 1543 non

505 1593 586 1636 est
614 1579 717 1651 (Ἰ).
759 1597 778 1632 ›

574 1770 625 1825 6.
657 1769 1008 1838 Rursumque
1037 1767 1203 1832 idem,
1237 1762 1504 1835 Spiritum
1524 1762 1728 1818 Christi
1761 1773 1915 1818 vocat
1955 1762 2081 1833 Spi-

2195 563 2356 618 τοῦτο
2390 565 2483 618 καὶ
2521 565 2847 638 διάστροφος
2898 567 3293 640 παρεξήγησιςο
3353 570 3416 625 Εἰ
3464 575 3566 646 γὰρ
3596 583 3726 648 μόνον

2196 655 2319 709 καθ’
2339 656 2398 710 ὃν
2425 657 2588 722 λόγον
2625 658 2826 728 σαρκὸς
2855 661 2884 712 ὁ
2907 659 3112 730 Κύριος
3173 662 3410 732 μετέσχε
3457 671 3544 720 καὶ
3589 673 3722 743 αἷμα.

2195 765 2308 812 τος,
2343 748 2436 802 καὶ
2467 748 2690 816 γέγονεν
2718 747 3006 822 ἄνθρωπος
3035 751 3112 822 τῷ
3139 753 3260 824 ἰδίῳ
3321 757 3553 825 χρισθεὶς
3593 768 3727 826 mgis.

2199 842 2471 914 ματι,τὴν
2506 860 2524 893 t
2571 842 2795 913 Πνεῦμα
2821 844 3062 914 Χριστοῦ
3104 864 3123 896 ι
3160 845 3422 913 λέγουσαν
3454 850 3512 902 τὸ
3543 853 3729 927 Πνεῦμα,

2193 935 2380 1005 φωνὴν
2433 935 2842 1006 ὲκλαμϐἀνεται
2872 953 2890 970 ο
2925 936 3049 990 καθ’
3090 937 3150 990 ὃν
3201 937 3256 991 δὲ
3292 939 3447 1007 λόγον
3491 943 3547 1008 ἐξ
3588 948 3727 1004 ἀϊδίου

2193 1030 2431 1103 ὑπάρχει
2471 1031 2608 1092 Θεὸς
2641 1028 2914 1100 οὐδαμῶς,
2945 1030 3041 1083 τὸν
3067 1032 3168 1101 τῆς
3201 1032 3522 1096 ἀντιδόσεως
3543 1039 3727 1106 τρόπον,

2191 1125 2285 1177 καὶ
2314 1125 2415 1195 τὴν
2445 1127 2528 1188 εἰς
2572 1123 2782 1195 ἄλληλα
2824 1124 3210 1195 περιχὼρησιν
3259 1125 3370 1178 τῶν
3407 1127 3500 1179 τοῦ
3529 1129 3730 1199 Χριστοῦ

2190 1214 2286 1269 δύο
2315 1215 2535 1285 φύσεων
2593 1216 2999 1285 ἀπαρνήσεται.
3046 1214 3288 1283 Ἐλέγξει
3351 1215 3410 1269 δὲ
3456 1219 3731 1274 καὶὸΝύσο

2195 1325 2292 1377 σης
2314 1308 2416 1376 τὴν
2452 1305 2864 1378 παρεξὴγησιν,
2889 1307 2946 1358 ὲν
2981 1301 3063 1370 οἷς
3085 1307 3146 1359 τὸ
3168 1306 3400 1378 Πνεῦμα
3439 1309 3500 1362 ὲκ
3524 1311 3612 1364 τοῦ
3630 1313 3731 1368 Υἱοῦ

2193 1393 2342 1452 εἶναι
2422 1398 2602 1467 λέγων
2687 1396 3284 1468 προσμαρτυρεῖσθαι,
3362 1404 3732 1466 κατασκευάζει

2186 1491 2321 1544 αὐτὸ
2375 1491 2486 1544 ἀπὸ
2541 1489 2636 1544 τοῦ
2709 1490 2802 1544 τὸν
2864 1489 3186 1544 Ἀπόστολον
3266 1491 3572 1563 εἰρηκέναι,
3621 1512 3639 1546 ι
3676 1498 3728 1548 Εἰ

2187 1601 2272 1646 τις
2332 1581 2561 1654 Πνεῦμα
2615 1579 2855 1654 Χριστοῦ
2912 1582 3014 1636 οὐκ
3068 1581 3207 1653 ἔχει,
3258 1576 3416 1647 οὗτος
3466 1585 3562 1637 οὐκ
3601 1584 3724 1640 ἐστιν

2185 1677 2378 1729 αὑτοῦ.
2437 1694 2457 1728 ι
3491 1737 3502 1750 .

2260 1769 2338 1832 ς’,
2369 1768 2480 1822 Καὶ
2510 1767 2672 1822 πάλιν
2721 1760 2878 1831 οὗτος
2915 1779 3013 1836 μεν
3069 1765 3296 1836 Πνεῦμα
3345 1767 3474 1820 Ποῦ
3522 1767 3655 1838 λέγει
3688 1778 3735 1825 τὸ

505 1878 641 1930 tum,
699 1862 846 1932 quod
901 1860 1148 1930 ejusdem
1207 1872 1334 1912 cum
1384 1855 1524 1911 Filio
1562 1857 1818 1912 essentia:
1868 1866 1951 1909 est
1983 1872 1996 1908 :
2030 1865 2077 1909 et

2193 1859 2444 1937 Πνεῦμα,
2469 1860 2551 1914 ὅτι
2573 1859 2863 1929 ὁμοούσιον
3055 1859 3152 1912 καὶ
3185 1832 3268 1912 ὅτι
3291 1859 3382 1912 ἐπ’
3403 1859 3560 1912 αὐτὸν
3588 1832 3734 1931 μένει,

504 1956 644 2026 quod
689 1969 852 2023 super
897 1952 1080 2021 ipsum
1125 1957 1331 2014 manet,
1366 1956 1419 2002 et
1451 1949 1504 2001 in
1533 1948 1672 2015 ipso.
1715 1949 1786 2018 At
1813 1947 1974 2002 rebus
1999 1946 2077 2000 di-

2192 1958 2284 2010 καὶ
2306 1960 2362 2009 ὲν
2389 1957 2558 2025 αύτῷ.
2617 1957 2678 2010 '0
2719 1957 2777 2011 δὲ
2843 1957 3012 2020 πολὺς
3045 1957 3113 2010 τὰ
3172 1956 3294 2009 θεῖα
3345 1956 3620 2021 Βασίλειος
3660 1959 3735 2012 νῦν

505 2049 657 2102 vinis
691 2043 1098 2116 pertractandis
1127 2057 1360 2112 magnus
1411 2037 1685 2105 Basilius,
1727 2055 1874 2094 nunc
1927 2039 2077 2104 dicit,

2192 2051 2290 2121 μὲν
2326 2051 2477 2118 λέγει
2507 2069 2526 2102 t
2559 2050 2787 2122 Πνεῦμα
2824 2051 2958 2104 Tini)
2991 2046 3154 2104 εἶναι
3188 2051 3249 2103 τὸ
3288 2048 3534 2120 Πνεῦμα,
3574 2052 3736 2105 ὃτιδιὰ

508 2160 527 2191 ι
567 2140 830 2210 Spiritum
865 2136 986 2191 Filii
1022 2135 1102 2206 (‘2)
1135 2150 1258 2191 esse
1296 2133 1583 2204 Spiritum,
1607 2131 1752 2202 quod
1771 2146 1864 2198 per
1889 2131 2084 2185 Filium
2185 2143 2282 2198 τοῦ
2313 2144 2445 2197 γ’ἱοῦ
2480 2146 2630 2197 ἐστιν
2657 2147 2721 2198 ὲκ
2761 2144 3000 2214 Πατρός.
3039 2161 3058 2195 ,
3089 2143 3185 2197 νῦν
3207 2143 3263 2196 δὲ
3293 2142 3465 2212 μηδέν
3500 2160 3551 2196 τι
3581 2143 3736 2211 διαφέ.

503 2243 591 2289 cst
614 2249 681 2288 ex
708 2231 870 2286 Patre
898 2246 916 2298 ;
953 2249 971 2282 ι
1013 2243 1160 2283 nunc
1194 2230 1404 2282 nullum
1435 2241 1557 2281 esse
1584 2225 1882 2279 discrimen
1909 2224 1964 2279 in
1997 2239 2084 2279 re-

505 2327 609 2380 bus
648 2322 966 2392 theologicis
989 2323 1130 2375 inter
1153 2319 1567 2389 praepositiones
1589 2332 1674 2383 ex,
1704 2324 1880 2387 etper,
1907 2327 1960 2371 et
1994 2331 2085 2386 pa-

503 2428 676 2474 tenter
712 2415 1008 2471 admodum
1036 2414 1218 2468 docet.

573 2509 628 2563 7.
670 2507 872 2562 lterum
904 2504 1156 2568 Photius,
1189 2501 1338 2557 aliud
1370 2509 1564 2555 notare
1592 2500 1726 2555 dicit
1759 2499 1967 2555 dictum
1999 2500 2085 2555 αι..

503 2599 749 2662 firmans,
795 2615 814 2649 t
862 2597 1130 2667 Spiritum
1167 2594 1258 2649 Dei
1282 2593 1365 2648 vel
1385 2593 1586 2657 Patris,
1622 2609 1641 2643 ι
1673 2592 1810 2656 sive,
1847 2610 1866 2642 ι
1908 2593 2086 2661 Spiri-

501 2705 616 2746 tum
650 2689 776 2745 Filii
824 2689 1119 2760 Spiritum,
1148 2705 1168 2739 ›
1202 2694 1254 2740 ct
1285 2685 1428 2739 aliud
1455 2700 1729 2750 asserens,
1766 2703 1784 2736 ι
1817 2683 2082 2754 Spiritum

498 2799 566 2837 ex
590 2779 751 2836 Patre
779 2779 1097 2851 procedere.
1143 2796 1161 2829 ι
1187 2777 1259 2831 At
1299 2791 1530 2846 magnus
1563 2775 1836 2830 Basilius:
1879 2794 1898 2828 ι
1943 2775 2082 2846 Erga

498 2875 740 2938 Patrem,
764 2893 782 2925 ι
823 2875 900 2927 ait
916 2871 1015 2943 (3),
1046 2870 1438 2941 preprietatem
1473 2869 1734 2938 intelligo,
1757 2868 1978 2938 quando
2016 2885 2084 2923 ex

508 2971 668 3025 Patre
721 2967 990 3038 procedit,
1039 2979 1166 3033 erga
1195 2974 1377 3017 autem
1420 2961 1640 3026 Filium,
1698 2965 1923 3031 quando
1980 2976 2083 3014 au-

499 3063 591 3116 dio
623 3078 637 3116 :
671 3059 933 3129 Quisquis
973 3056 1236 3127 Spiritum
1285 3055 1490 3110 Christi
1532 3071 1639 3108 non
1683 3055 1867 3120 habet,
1903 3055 1990 3109 hic
2018 3055 2083 3107 il-

491 3154 609 3208 lius
660 3167 769 3207 non
801 3160 905 3205 est.
949 3165 969 3200 ι
1035 3149 1091 3201 Si
1141 3149 1324 3217 itaque
1382 3148 1641 3216 proprius
1699 3158 1782 3202 est
1838 3146 2081 3216 Spiritus

496 3242 667 3307 Patri,
703 3243 830 3310 quia
864 3252 932 3293 ex
963 3235 1126 3292 Patre
1163 3236 1452 3306 procedit:
1491 3250 1545 3290 et
1578 3237 1834 3305 pioprins
1869 3246 1951 3290 est
1986 3237 2080 3290 Fi-

501 3335 769 3406 lio,_quia
804 3341 890 3386 est
923 3329 1166 3399 Spiritus
1193 3328 1420 3393 Christi,
1453 3329 1675 3382 ubinam
1705 3339 1790 3382 est
1837 3328 2025 3382 cllictie
2048 3345 2078 3382 a

501 3427 697 3482 Pliotio
743 3424 1044 3479 dictionum
1092 3419 1410 3474 dillerentite
1449 3419 1573 3473 vis?
1603 3421 1737 3474 Cum
1790 3435 1918 3474 vero
1955 3437 2078 3473 rur-

499 3534 597 3574 sus
645 3517 788 3572 idem
825 3530 1061 3584 magnus
1096 3513 1377 3567 Basilius:
1419 3529 1436 3562 ι
1484 3512 1670 3580 Neque
1698 3511 1846 3566 enim
1899 3514 2080 3565 minus

501 3609 808 3680 quidpiam,
845 3625 865 3658 ι
895 3606 1043 3660 dicat
1073 3606 1174 3674 (4),
1221 3621 1241 3654 ι
1273 3604 1511 3657 habituri
1554 3613 1743 3655 sumus
1783 3602 1850 3654 ad
1879 3617 2081 3669 cogno-

497 3703 760 3759 scendum
795 3698 1061 3769 Spiritum
1093 3711 1218 3752 esse
1247 3711 1314 3751 ex
1334 3696 1469 3761 Deo,
1503 3710 1625 3749 cum
1657 3694 2077 3747 audimusillnm

498 3796 751 3866 spiritum
785 3808 912 3848 esse
962 3791 1079 3847 oris
1124 3790 1294 3844 illius.
1331 3806 1352 3840 ι
1392 3787 1498 3841 Sed
1547 3801 1744 3840 nomen
1797 3787 1900 3840 hoc
1943 3788 2077 3840 satis

499 3901 774 3956 superque
793 3883 975 3948 fuerit,
1016 3881 1164 3937 illius
1192 3896 1256 3936 ex
1280 3878 1393 3934 Deo
1419 3879 1792 3934 exsistentiam
1813 3879 2073 3934 indicare.

496 3976 635 4045 Quis
689 3977 852 4032 iidem
875 3976 1164 4030 adhibebit
1189 3972 1407 4036 Photio,
1429 3971 1531 4026 nisi
1558 3975 1843 4025 ccrcliruni
1885 3971 1938 4024 in
1964 3971 2076 4024 cal-

495 4068 686 4122 caneis
742 4070 904 4130 lerat,
940 4065 1143 4120 dicenti
1177 4063 1382 4120 :Aliud
1422 4071 1506 4117 est
1557 4063 1848 4117 manifesto
1886 4078 2077 4132 proce-

428 4192 450 4204 -ι
495 4162 624 4216 dere
652 4175 718 4215 ex
758 4158 920 4213 Patre
953 4159 1241 4226 Spiritum,
1292 4167 1350 4211 et
1383 4156 1528 4210 aliud
1563 4155 1740 4222 innui,
1771 4172 1894 4211 cum
1928 4157 2076 4225 quis-

499 4254 646 4324 piam
677 4252 879 4307 dixerit
913 4266 928 4305 :
963 4249 1224 4320 Spiritum
1251 4291 1266 4316 ,
1309 4251 1402 4319 qui
1434 4267 1501 4305 ex
1536 4252 1644 4305 Deo
1684 4261 1764 4305 cst
1794 4267 1808 4304 :
1845 4270 1863 4304 ι
1900 4252 2077 4321 Spiri-

497 4356 613 4400 tum
645 4345 764 4410 Dei,
799 4345 878 4398 ait
917 4358 1151 4413 maguus
1176 4342 1432 4408 Basilius,
1474 4362 1492 4395 ι
1530 4343 1840 4409 audientes,
1875 4359 1940 4397 ex
1965 4346 2074 4396 Deo

493 4454 621 4495 esse
654 4436 919 4506 Spiritum
956 4435 1344 4504 cognoscimus
1377 4453 1403 4490 ι.
1430 4454 1449 4487 ι
1477 4436 1716 4505 indeque
1747 4435 2069 4496 dictionem,

2189 2253 2307 2306 ρειν
2349 2238 2446 2308 τῆς
2479 2237 2763 2306 Θεολογίας
2791 2235 2888 2308 τὴν
2919 2237 3010 2302 ἐκ,
3037 2236 3134 2290 καὶ
3155 2234 3274 2300 διὰ,
3306 2234 3487 2308 πάντη
3521 2236 3732 2290 διδάσκει

2188 2344 2402 2396 σαφως.

2256 2519 2321 2584 ζ’.
2353 2517 2525 2572 Πάλιν
2573 2517 2782 2581 Φώτιος
2833 2518 2931 2588 μὲν
2979 2515 3108 2573 ἄλλο
3167 2514 3459 2587 σημαίνειν
3487 2515 3624 2586 λέγει
3661 2535 3736 2588 την

2193 2631 2211 2664 ι
2268 2612 2500 2682 Πνεῦμα
2548 2610 2708 2678 Θεοῦ,
2741 2611 2774 2680 ἢ
2805 2610 3041 2681 Πατρὸς,
3076 2628 3094 2663 ι
3161 2610 3194 2680 ἦ
3227 2628 3246 2661 t
3279 2607 3414 2662 Υῐοῦ
3454 2627 3474 2661 ο
3507 2609 3738 2679 λέγουσαν

2194 2725 2212 2757 t
2255 2707 2317 2759 τὸ
2362 2705 2591 2773 Πνεῦμα
2636 2723 2655 2756 ι
2688 2704 2894 2774 φωνὴν,
2923 2703 3020 2756 καὶ
3044 2704 3235 2774 ἕτερον
3272 2704 3400 2772 τὴν,
3431 2721 3450 2754 ι
3480 2704 3736 2774 ἐκπορεύε-

2187 2796 2311 2849 σθαι
2375 2796 2468 2849 τοῦ
2522 2795 2740 2866 Πατρὸς
2787 2795 2923 2847 αὐτὸ
2974 2811 2993 2845 ι
3031 2793 3322 2862 λέγουσαν.
3375 2791 3436 2844 '0
3483 2791 3540 2844 δὲ
3593 2791 3738 2858 μέγας

2184 2888 2487 2950 Βασῖλειος,
2518 2887 2615 2957 τὴν
2675 2888 2774 2956 μὲν
2844 2905 2863 2937 t
2905 2884 3046 2955 Πρὸς
3078 2884 3298 2953 Πατέρα
3327 2883 3460 2947 νοῶ,
3501 2900 3520 2935 ι
3577 2886 3736 2951 φησιν,

2194 3000 2211 3032 ι
2243 2980 2574 3049 οἰκειότητα,
2637 2978 2828 3040 ἐπειδὴ
2884 2977 3036 3047 παρὰ
3092 2975 3186 3029 τοῦ
3223 2976 3444 3044 lla-cpe;
3472 2975 3738 3044 ἐκπορεύε-

2185 3091 2296 3136 ται,
2330 3074 2432 3141 τὴν
2493 3071 2634 3142 πρὸς
2661 3071 2790 3123 Υῐὸν
2819 3071 2898 3135 δὲ,
2937 3070 3147 3140 ἐπειδὴ,
3182 3070 3348 3131 εἴτις
3382 3068 3599 3136 Πνεῦμα
3626 3069 3738 3137 Χρι-

2187 3165 2314 3217 στοῦ
2347 3166 2447 3216 οὐκ
2503 3165 2639 3233 ἔχει,
2702 3157 2857 3225 οὗτος
2889 3163 2990 3214 οὐκ
3046 3162 3196 3214 ἔστιν
3244 3159 3443 3214 αὑτοῦ.
3489 3180 3505 3210 ι
3541 3159 3597 3211 Ei
3627 3157 3738 3226 γοῦν

2182 3259 2379 3310 οἰκεῖον
2444 3255 2543 3326 μὲν
2623 3255 2798 3326 Πατρῖ
2866 3255 2929 3306 τὸ
2993 3253 3243 3322 Πνεῦμα,
3315 3253 3404 3306 ὃτι
3462 3253 3524 3303 ἐκ
3559 3250 3738 3318 Πατρὶς

2182 3348 2564 3418 ἐκπορεύεται,
2625 3350 2822 3419 οἰκεῖον
2883 3345 2941 3399 δὲ
3030 3345 3170 3417 Υἱῷ,
3221 3345 3304 3398 ὅτι
3380 3345 3496 3398 ἐστὶ
3553 3341 3739 3411 πνεῦμα

2190 3439 2463 3510 Χριστοῦ,
2503 3439 2607 3491 ποῦ
2679 3439 2863 3490 λοιπὸν
2899 3438 3058 3508 ὴτῆς
3119 3437 3506 3505 πλαττομένης
3562 3434 3740 3486 Φωτίου

2169 3523 2450 3602 ’διαφορᾶς
2478 3533 2585 3584 τῶν
2616 3533 2812 3599 φωνῶν
2867 3531 3133 3601 δύναμις;
3171 3528 3296 3585 ’Ότι
3330 3530 3391 3583 δὲ
3439 3528 3738 3582 πάλινὸαῦσ

2179 3625 2268 3686 τὸς
2300 3625 2472 3692 μέγας
2504 3624 2806 3686 Βισίλειος,
2839 3643 2858 3675 ι
2888 3623 3033 3676 Ούδὲ
3061 3622 3169 3693 γὰρ
3201 3622 3428 3675 ἔλαττόν
3455 3639 3528 3685 τι,
3559 3639 3576 3671 ι
3606 3619 3739 3688 φησὶ,

2189 3733 2207 3765 ι
2249 3715 2517 3783 μέλλομεν
2549 3714 2693 3779 ἕξειν
2731 3715 2809 3776 εἰς
2833 3715 2894 3767 τὸ
2925 3711 3224 3781 γινώσκειν
3256 3711 3317 3764 τὸ
3345 3709 3567 3780 Πνεῦμα
3590 3709 3739 3777 ὑπάρ-

2179 3822 2297 3873 χειν
2333 3806 2396 3858 ἐκ
2422 3803 2580 3868 Θεοῦ,
2622 3802 2842 3872 πνεῦμα
2876 3802 2971 3855 τοῦ
3007 3802 3277 3872 στόματος
3333 3799 3504 3855 αὑτοῦ
3541 3797 3740 3853 ἀκούον-

2179 3914 2270 3960 τες
2327 3897 2480 3959 αὐτὸ,
2525 3915 2543 3948 ι
2584 3896 2700 3948 ἀλλ’
2748 3894 2932 3947 ἰκανὸν
2994 3895 3088 3947 καὶ
3150 3893 3309 3945 τοῦτο
3371 3891 3434 3944 τὸ
3466 3891 3630 3958 ὄνομα
3659 3887 3739 3955 τὴν

2179 3986 2412 4056 ὓπαρξιν
2449 3986 2614 4039 αὑτοῦ
2643 3983 2881 4054 ἱιγλῶεαι
2925 3985 3024 4053 τὴν
3064 3985 3129 4034 ὲκ
3155 3981 3318 4034 Θεοῦ·
3345 3981 3434 4043 τίς
3469 3980 3540 4032 ἂν
3580 3976 3741 4040 Φωτίῳ

2178 4079 2548 4143 πιστεύσειεν,
2580 4079 2626 4129 εἰ
2661 4079 2736 4146 μὴ
2769 4074 2921 4145 παρὰ
2942 4077 3061 4138 ταῖς
3111 4075 3374 4144 πτέρναις
3399 4072 3491 4124 τὸν
3529 4070 3739 4137 ἐγκέφα-

2179 4175 2269 4224 λον
2326 4172 2505 4239 φέρει,
2555 4170 2794 4238 λέγοντι,
2836 4190 2853 4218 ι
2899 4167 3131 4236 Ἕτερον
3183 4169 3300 4219 ἐστι
3359 4161 3668 4236 περιφανῶς
3693 4161 3741 4212 τὸ

2177 4262 2577 4331 ἐκπορεύεσθαι
2637 4262 2700 4313 ὲκ
2764 4259 2980 4328 Πατρὸς
3040 4260 3100 4309 τὸ
3159 4256 3432 4325 Πνεῦμα,
3491 4257 3582 4307 καὶ
3633 4251 3740 4306 ἄλλο

2177 4352 2453 4422 δηλοῦται,
2482 4353 2610 4404 ὅταν
2638 4367 2720 4411 τις
2744 4349 2878 4417 λέγῃ
2935 4346 2996 4398 τὸ
3043 4345 3269 4413 Πνεῦμα
3294 4344 3360 4396 τὸ
3396 4347 3460 4396 ὲκ
3484 4339 3577 4394 τοῦ
3605 4338 3739 4398 Θεοῦ,

2183 4461 2201 4494 ι
2246 4442 2472 4510 Πνεῦμα
2529 4439 2688 4504 Θεοῦ,
2761 4457 2780 4490 ι
2843 4439 3030 4508 φησὶν,
3098 4455 3115 4488 ‹
3180 4435 3558 4499 ἁκούοντες,ὁ
3592 4432 3739 4500 μέγας

502 4549 522 4583 ι
559 4546 624 4586 ex
646 4529 773 4593 Deo,
816 4546 835 4580 ι
859 4544 922 4582 ex
955 4527 1065 4581 Deo
1092 4525 1471 4581 exsistentiam
1492 4528 1729 4597 Spiritus
1763 4528 2071 4597 signiﬁcare

2192 4535 2480 4598 ιὶασίλειος,
2510 4550 2528 4583 ι
2568 4534 2632 4585 ἐκ
2658 4531 2794 4583 Θεοῦ
2829 4530 3100 4599 ὑπάρχειν
3134 4526 3196 4579 τὸ
3241 4525 3474 4596 Πνεῦμα
3505 4522 3740 4592 γινώσκοι

491 4621 832 4684 constabilit,
870 4619 1018 4689 quod
1051 4628 1106 4673 et
1147 4619 1316 4687 dictio
1350 4634 1624 4684 asserens,
1668 4620 1821 4672 illum
1853 4635 1920 4673 ex
1958 4619 2068 4674 Deo

493 4714 788 4784 procedere
815 4721 987 4775 notat,
1032 4719 1092 4764 ut
1114 4720 1198 4765 est
1226 4711 1367 4780 apud
1403 4725 1598 4764 omnes
1620 4710 2007 4765 indubitatum.

2181 4643 2301 4697 μεν,
2340 4644 2359 4676 ι
2391 4625 2688 4678 κάντεῦθεν
2721 4623 2820 4692 τὴν
2871 4623 2934 4674 ὲκ
2990 4621 3126 4673 Θεοῦ
3182 4620 3368 4688 φωνὴν
3428 4612 3738 4687 σημαντικὴν

2184 4719 2283 4786 τῆς
2314 4721 2379 4770 ὲκ
2413 4715 2548 4769 Θεοῦ
2605 4713 2897 4784 ὑπάρξεως
2933 4713 3028 4766 τοῦ
3082 4711 3406 4780 Πνεύματος
3445 4708 3585 4764 εἶναι
3618 4705 3738 4759 συνέ-

492 4826 709 4882 στησιν,
763 4810 898 4880 ὅπερ
923 4808 1075 4879 καὶὴ
1116 4826 1135 4858 ι
1177 4809 1240 4859 ἐκ
1281 4805 1418 4860 Θεοῦ
1443 4824 1464 4854 ›
1507 4808 1642 4859 αὐτὸ
1705 4807 1940 4874 λέγουσα
2007 4809 2444 4882 ἐκπορεύεσθαι,
2503 4811 2728 4865 κατὰτὸ
2782 4811 2933 4880 παρὰ
2967 4811 3130 4862 πᾶσιν
3175 4807 3584 4879 ἀναμφίλεκτον
3610 4803 3719 4868 λέγε

487 4919 600 4959 ται.

559 4996 614 5050 8.
651 4994 716 5050 Et
749 4993 979 5048 Photitis
1025 4991 1180 5058 dicit,
1215 5011 1234 5042 ι
1274 4990 1436 5045 Aliud
1489 5000 1672 5060 aperte
1713 5004 1856 5056 esse,
1893 4989 2070 5060 Spiri—

489 5099 608 5144 tum
645 5103 712 5142 ει
741 5086 902 5141 Patre
939 5086 1259 5156 procedere,
1294 5094 1348 5136 et
1379 5083 1526 5136 aliud
1560 5082 1765 5135 dictum
1799 5083 2068 5148 indicans,

489 5182 644 5236 illum
705 5196 772 5235 ex
823 5178 987 5234 Patre
1025 5194 1173 5234 esse.
1212 5195 1232 5229 ›
1267 5175 1465 5230 Annon
1500 5175 1702 5228 similia
1729 5189 2076 5240 asseverans,

561 5339 606 5371 ¹⁸
634 5339 790 5392 llom.
827 5349 944 5401 rm,
976 5337 1030 5391 9.

560 5525 636 5597 (l)
678 5521 912 5597 ilomilia
948 5521 1002 5597 ip
1030 5519 1188 5597 Pater
1221 5526 1412 5597 noster.

673 5593 918 5669 Spiiitus‘
964 5591 1107 5669 Filii,
1169 5592 1313 5668 quod
1375 5605 1468 5669 per
1517 5588 1738 5655 Filium,
1769 5591 1971 5669 inﬁnno
1995 5605 2061 5643 ex

488 5660 780 5736 capitibus,
831 5662 990 5732 enjns
1044 5662 1364 5730 inscriptio:
1399 5663 1573 5736 Quare
1619 5676 1720 5713 non
1753 5673 1797 5714 ct
1829 5660 2062 5729 Spiritus

487 5733 661 5795 Filius
688 5735 850 5788 Filii."
900 5736 1146 5788 caintlcm
1196 5744 1374 5785 autem
1429 5733 1531 5782 vim
1569 5738 1765 5790 habere
1803 5736 2062 5801 piwiiosi-

492 5824 666 5867 tiones
697 5824 748 5862 ιιι
779 5809 967 5876 quinto
995 5809 1060 5859 aii
1090 5805 1526 5873 Amphilochium
1566 5818 1739 5871 capiti:
1761 5818 1824 5856 ne
1862 5807 2064 5872 Spu'Ld

2247 4992 2322 5063 η’.
2345 4991 2456 5045 Καὶ
2483 4991 2689 5054 Φώτιος
2719 4991 2889 5058 λεγει,
2916 5009 2934 5042 ι
2964 4989 3190 5058 ’Ἑτερόν
3219 4988 3334 5040 ἔστι
3360 4983 3670 5056 περιφανῶς
3692 4980 3739 5035 τὸ

2184 5082 2584 5155 ἐκπορεύεσθαι
2610 5085 2674 5135 ὲκ
2701 5082 2916 5152 Πατρὺς
2941 5081 3001 5132 τὸ
3035 5077 3288 5146 Πνεῦμα,
3319 5079 3419 5130 καὶ
3474 5076 3601 5129 ἄλλο
3631 5077 3662 5143 ἡ
3687 5077 3739 5126 ὲκ

2190 5173 2328 5227 Θεοῦ
2374 5175 2612 5242 λέγουσα
2652 5173 2716 5227 τὸ
2761 5173 3006 5244 Πνεῦμα,
3051 5190 3070 5222 ι
3109 5170 3367 5240 σημαίνει
3413 5169 3588 5240 φωνή.
3636 5166 3739 5226 Πῶς

2168 5523 2380 5571 sancto.

2243 5588 2316 5656 {5)
2361 5585 2475 5639 Hoc
2520 5585 2900 5655 inquirendum
2945 5595 3028 5639 est
3074 5585 3127 5640 in
3176 5584 3527 5640 orationibus
3571 5592 3738 5638 contra

2173 5657 2530 5720 Eunoniium,
2567 5671 2619 5709 ct
2650 5663 2860 5712 Arium.

2177 5732 2324 5854 Hii)
2365 5729 2474 5782 lloc
2525 5729 2756 5784 habetur
2809 5733 2859 5782 in
2928 5741 3122 5799 quarto
3176 5741 3364 5783 contra
3429 5727 3736 5783 Eunomiuin

2198 5816 2334 5854 liru.
3483 5840 3486 5842 η

2198 5816 2334 5856 thro.
3483 5840 3486 5842 η
