3974 6582
235 428 327 492 3‘33

1047 420 1146 486 AD
1185 390 1670 486 THEODORUM
1710 414 2055 482 susum
2094 416 2335 481 EPISC.
2377 418 2529 482 LIB.
2570 419 2689 480 III.

3310 376 3315 379 Ἴ
3348 410 3451 473 334

234 536 381 592 ταῦτα
405 533 574 601 λέγων
604 529 666 587 οῦ
693 523 971 605 προδήλως
1000 534 1150 602 αῦτῷ
1174 535 1252 606 τῷ
1286 535 1376 588 διὰ
1410 534 1505 589 τοῦ
1532 535 1771 604 μεγάλου

1885 531 2057 602 palam
2100 528 2196 586 Dei
2242 528 2483 599 spiritui,
2523 528 2619 601 qui
2656 542 2751 599 per
2789 542 3045 597 magnum
3081 524 3337 580 Basiliuni
3369 526 3451 577 lu-

234 629 479 683 Βασιλειου
534 627 777 681 λαλοῦντι
832 626 1109 698 πνεύματι
1143 629 1236 682 τοῦ
1270 628 1409 682 Θεοῦ
1456 627 1772 696 ἀντιλέγεις

232 723 402 786 Πάλιν,
431 720 477 772 εί
530 719 605 790 μὴ
636 722 730 773 καὶ
781 720 873 774 τὸν
932 720 1108 791 μέγαν
1141 722 1426 775 Βασίλειον
1449 719 1630 774 ὀπίσω
1664 720 1776 772 τῶν

230 814 428 869 οἰκείων
478 811 789 884 ἐξηγήσεων
849 814 1023 868 θεῖναι
1069 813 1320 886 βούλεται
1361 814 1586 879 Φὼτιος,
1635 812 1775 867 πολύ

229 907 361 959 ἐστιν
435 902 798 975 ἀληθέστερον
874 905 1161 974 δμοούσιον
1241 907 1419 976 Πατρὶ
1483 906 1669 974 λέγειν
1715 905 1777 959 τὸ

230 997 454 1067 Πνεῦμα,
490 998 573 1050 ὅτι
626 999 771 1049 ἐστὶν
822 997 886 1051 ἐκ
918 992 1156 1068 Πατρὺς,
1186 1000 1282 1050 καὶ
1312 997 1599 1067 ὀμοούσιον
1631 996 1770 1068 Υἰῷ,

231 1089 405 1143 ὅτιδιὰ
428 1090 521 1141 τοῦ
552 1087 705 1154 Υίοῦ,
739 1088 1026 1160 ἢΠνεῦμά
1085 1106 1146 1142 τε
1186 1089 1341 1154 Υίοῦ,
1404 1092 1499 1144 καὶ
1521 1086 1609 1143 διὰ
1682 1089 1776 1143 τοῦ

226 1181 341 1234 Υίοῦ
382 1181 559 1248 λέγειν
588 1182 651 1233 τὸ
673 1181 925 1250 Πνεῦμα,
956 1183 1039 1235 ὅτι
1080 1182 1369 1260 δμοοιέσιον
1400 1180 1532 1253 Υίῴ,
1558 1183 1632 1236 Οὐ
1663 1184 1777 1252 γὰρ

224 1274 295 1325 ὅτι
321 1270 595 1340 δμοούσιον
630 1272 766 1341 Υίῷ,
796 1272 884 1325 διὰ
918 1273 1083 1326 τοῦτο
1111 1276 1206 1327 καὶ
1230 1271 1458 1342 Πνεῦμα
1506 1273 1659 1333 Υίοῦ.
1682 1276 1777 1327 καὶ

223 1362 298 1414 διὰ
312 1363 397 1414 τοῦ
416 1359 566 1424 Υίοῦ,
586 1361 661 1422 ὡς
677 1361 728 1413 οἱ
752 1363 900 1432 παρὰ
916 1362 1119 1415 Φωτίου
1144 1362 1397 1424 λαϐόντες
1409 1364 1507 1427 τὰς
1523 1364 1777 1434 ἀφορμὰς

222 1454 542 1523 ἐρεσχελοῦσι
589 1454 660 1508 τὰ
692 1455 810 1519 νῦν,
872 1455 1113 1525 λέγεται.
1186 1455 1328 1510 Ἀλλ’
1386 1458 1468 1510 ὅτι
1538 1458 1629 1511 διὰ
1682 1458 1775 1511 τοῦ

220 1543 337 1597 Υίοῦ
383 1546 481 1615 τὴν
515 1546 580 1598 ἐκ
626 1545 841 1617 Harpe;
903 1545 1143 1619 ὕπαρξιν
1192 1546 1330 1618 ἔχει,
1377 1547 1467 1602 διὰ
1491 1546 1650 1601 τοῦτο
1683 1549 1777 1602 καὶ

219 1637 420 1709 Πνεῦμα
444 1637 598 1706 Υἱοῦ,
630 1640 726 1694 καὶ
751 1639 1037 1710 ὁμοοῦσιον
1068 1640 1205 1713 Υίῷ.

274 1821 332 1878 θ’.
366 1823 530 1878 Πάλιν
556 1824 659 1895 τῆς
689 1822 870 1894 φωνῆς
923 1824 1386 1895 ἐπιδραττόμενος
1432 1825 1660 1895 Φώτιος,
1708 1830 1779 1901 ἣν

216 1914 267 1967 ἐν
284 1914 357 1985 τῷ
400 1914 492 1969 τοῦ
514 1914 775 1985 Σωτῆρος
791 1917 818 1969 ὁ
842 1914 1157 1986 Πρὸδρομος
1178 1915 1360 1988 ἀφῆκε
1413 1915 1775 1990 βαπτίσματι,

221 2026 238 2059 ι
270 2004 430 2075 Είδεν,
472 2006 719 2073 ιείπὼν,
779 2026 798 2060 ι
859 2008 921 2062 τὸ
972 2009 1198 2079 Πνεῦμα
1257 2004 1587 2067 καταϐαῖνον
1645 2013 1779 2069 ὡσεὶ

222 2102 552 2174 περιστερὰν,
605 2105 706 2156 καὶ
766 2101 929 2173 μένον
972 2103 1065 2156 ἐπ’
1116 2104 1300 2168 αὑτὸν,
1334 2123 1353 2156 ι
1388 2104 1488 2177 τὴν
1538 2107 1649 2161 ἀπὸ
1676 2107 1773 2161 τοῦ

219 2195 410 2266 Harpe;
459 2197 552 2249 ἐπὶ
590 2194 686 2249 τὸν
738 2195 945 2265 Κύριον
1010 2196 1104 2249 τοῦ
1159 2195 1482 2267 Πνεῦματος
1528 2199 1776 2267 κάθοδον,

215 2286 465 2352 ἀπόδειξιν
521 2286 689 2357 δῆθεν
745 2285 841 2339 τοῦ
890 2286 1042 2357 παρὰ
1077 2286 1173 2339 τοῦ
1223 2285 1435 2357 Harpe;
1466 2287 1597 2341 αὐτὸ
1639 2283 1778 2343 εἶναι

219 2379 363 2449 μόνον
419 2380 684 2432 ποιεῖται.
741 2377 804 2432 '0
867 2378 924 2432 δέ
981 2379 1153 2449 μέγας
1219 2377 1538 2443 Ἀθανὰσιος
1581 2378 1777 2449 λέγων,

226 2485 246 2522 ι
290 2465 373 2534 Ἐξ
396 2466 561 2522 αὐτοῦ
586 2464 687 2522 οὖν
712 2470 794 2532 είς
827 2467 989 2522 αὐτὸν
1013 2468 1232 2541 κατῄει,
1269 2470 1331 2521 ἐκ
1382 2468 1484 2537 τῆς
1528 2469 1781 2542 θεότητος

218 2561 364 2616 αὐτοῦ
408 2563 485 2624 εἰς
511 2561 635 2633 ,τὴν
675 2559 1075 2632 ἀνθρωπότητα
1147 2561 1338 2625 αὐτοῦ,
1382 2579 1401 2611 ι
1441 2562 1531 2616 τὸν
1578 2565 1779 2619 οἰκεῖον

215 2653 383 2709 τοῦτον
405 2654 565 2724 λόγον
593 2655 681 2718 είς
715 2654 974 2727 προφανῆ
1000 2653 1237 2726 παρέχει
1263 2652 1541 2718 ἀπόδειξιν
1570 2653 1665 2708 τοῦ
1683 2655 1781 2709 καί

216 2748 271 2801 ἐκ
295 2747 382 2802 τοῦ
413 2747 544 2802 Υίοῦ
565 2746 713 2804 εἶναι
742 2749 897 2805 αὐτό.
1294 2734 1295 2739 γ

278 2848 325 2897 ι’.
358 2841 522 2896 Πάλιν
546 2840 760 2908 Φώτιος
814 2843 914 2914 μὲν
942 2845 1067 2914 τὴν,
1108 2863 1128 2899 ι
1179 2845 1275 2899 Ἐκ
1310 2842 1404 2899 τοῦ
1446 2845 1581 2916 ἐμοῦ
1611 2843 1781 2915 λήψε-

218 2950 338 2989 ται»
374 2935 767 3008 εὐαγγελικὴνν
805 2936 901 2991 τοῦ
961 2938 1168 3011 Κυρίου
1225 2938 1407 3011 φωνὴν
1463 2940 1544 3002 είς
1592 2938 1652 2992 τὸ
1683 2936 1778 2992 τοῦ

1882 625 2089 695 quitur,
2125 617 2488 678 contradicit?
2528 621 2688 687 Item,
2718 618 2774 675 ni
2809 631 2864 675 et
2889 635 3148 691 maguum
3187 615 3449 689 Basilium

1879 711 2115 786 propriis
2160 715 2712 786 interpretationibus
2734 710 2963 769 Photius
2999 712 3324 784 posthabere
3361 727 3453 762 vo-

1877 808 2060 872 luerit,
2095 808 2267 862 multo
2291 804 2463 879 magis
2490 807 2704 863 veritati
2729 822 3030 861 consonum
3065 815 3170 872 est,
3204 805 3450 874 ejusdem

1878 915 2002 954 cum
2037 898 2199 955 Patre
2222 899 2473 955 essentia:
2501 897 2687 955 dicere
2718 899 3006 971 Spiritum,
3038 899 3168 966 quia
3198 915 3263 952 ex
3296 897 3454 953 Patre

1878 999 1985 1057 est,
2021 998 2074 1046 et
2112 992 2358 1060 ejusdem
2408 992 2664 1047 essentia:
2711 1008 2832 1046 cum
2866 988 3029 1055 Filio,
3082 993 3206 1062 quia
3242 1008 3337 1062 per
3365 989 3458 1044 Fi-

1880 1083 2036 1147 lium,
2078 1098 2244 1154 quam
2296 1080 2562 1153 Spiritum
2603 1078 2748 1150 Filii,
2803 1092 2855 1136 et
2891 1100 2988 1154 per
3033 1080 3230 1138 Filium
3280 1081 3456 1152 Spiri-

1881 1186 2017 1242 tum,
2051 1160 2197 1246 quod
2226 1173 2474 1244 ejusdem
2514 1176 2585 1231 sit
2630 1192 2753 1230 cum
2788 1171 2929 1231 Filio
2954 1180 3222 1232 essentiué.
3267 1175 3456 1243 Neque

1879 1269 2049 1329 enim,
2075 1268 2201 1338 quia
2230 1269 2477 1336 ejusdem
2514 1285 2639 1323 cum
2672 1267 2814 1324 Filio
2839 1273 3089 1324 essentiaa
3115 1279 3220 1335 est,
3256 1271 3377 1323 ideo
3403 1280 3458 1322 et

1882 1358 2123 1429 Spiritus
2160 1354 2308 1426 Filii,
2351 1370 2405 1416 et
2448 1377 2543 1430 per
2564 1354 2785 1428 Filium,
2828 1360 3050 1427 dicitur,
3102 1365 3456 1432 quemadmo-

1880 1451 2032 1517 dum,
2076 1453 2169 1522 qui
2202 1451 2366 1522 hujus
2397 1453 2476 1506 rei
2510 1465 2831 1524 argumenta
2884 1453 3184 1509 hauserunt
3209 1472 3274 1508 ex
3306 1453 3455 1507 Plio»

1882 1548 2281 1618 tio,_nugantur
2318 1545 2422 1601 hoc
2453 1555 2698 1616 tempore
2728 1564 2741 1600 :
2773 1548 2869 1602 sed
2909 1549 3036 1616 quia
3070 1564 3135 1603 ex
3171 1548 3329 1602 Patre
3358 1564 3461 1618 per
3522 1568 3528 1575 ο

1881 1635 2080 1694 Filium
2105 1641 2481 1695 exsistentiam
2535 1642 2716 1705 habet,
2750 1650 3033 1711 propterea
3085 1653 3140 1695 et
3189 1639 3455 1709 Spiritum

1879 1730 2026 1798 Filii,
2057 1741 2110 1786 et
2139 1729 2381 1803 ejusdem
2410 1748 2534 1787 cum
2566 1731 2704 1787 Filio
2735 1733 2988 1788 essentia:
3016 1739 3133 1789 est.’

1951 1825 2004 1879 9.
2033 1822 2192 1890 Item,
2254 1840 2418 1896 quam
2464 1826 2518 1879 in
2582 1826 2883 1882 Salvator-is
2927 1829 3197 1898 baptismo
3266 1845 3456 1883 νοω-ιιι

1881 1915 2196 1972 Prtecursor
2220 1918 2405 1972 emisit
2435 1933 2452 1972 :
2489 1917 2691 1984 «Vidit,
2727 1937 2746 1969 ι
2791 1919 3047 1990 inquiens
3072 1960 3087 1985 ,
3131 1940 3149 1972 ι
3192 1919 3459 1991 Spiritum

1883 2006 2305 2063 descendentem
2341 2008 2507 2063 veluti
2543 2009 2878 2074 columbam,
2904 2012 3036 2066 etin
3071 2010 3192 2082 ipso
3232 2030 3461 2067 manen-

1885 2107 1992 2151 tem
2038 2098 2106 2164 ¹⁸,
2152 2118 2171 2150 ι
2209 2097 2477 2169 arripiens
2509 2099 2758 2167 Photius,
2793 2118 2857 2156 ex
2884 2095 3047 2167 Patre
3077 2118 3241 2173 supra
3277 2086 3463 2158 Domi-

1884 2204 2017 2243 num
2083 2190 2326 2260 Spiritus
2372 2190 2725 2258 descensum,
2777 2194 2853 2247 uti
2907 2195 3460 2261 demenstrationem,

1881 2299 2005 2339 eum
2045 2284 2239 2353 nempe
2279 2299 2345 2339 ex
2381 2285 2499 2340 solo
2540 2285 2702 2341 Patre
2729 2301 2869 2349 esse,
2908 2288 3166 2358 proponit
3202 2306 3214 2342 :
3246 2297 3301 2342 at
3345 2305 3461 2344 uia-

1882 2393 2023 2448 gnus
2063 2376 2423 2443 Athanasius,
2474 2379 2723 2434 scribens
2757 2377 2834 2449 (5)
2872 2397 2886 2433 :
2929 2398 2947 2431 ι
2985 2379 3065 2434 Ex
3110 2381 3232 2450 ipso
3273 2392 3461 2451 itaque

1882 2466 1936 2521 in
1979 2468 2156 2537 ipsum
2186 2467 2560 2523 descendebat
2597 2486 2612 2522 :
2649 2484 2714 2522 ex
2748 2468 3041 2525 divinitate
3068 2470 3240 2540 ipsius
3273 2472 3326 2525 in
3358 2474 3461 2526 liu-

1883 2560 2199 2613 manitatem
2245 2560 2441 2629 ipsius,
2487 2578 2506 2613 ι
2556 2561 2660 2615 hoe
2700 2575 2801 2615 suo
2835 2562 2982 2615 dicto
3004 2575 3194 2633 aperte
3226 2563 3459 2621 deinon-
3484 2557 3511 2572 ’

1893 2655 2053 2721 strat,
2086 2654 2249 2709 etiam
2281 2670 2346 2708 ex
2369 2650 2509 2708 Filio
2539 2640 2805 2725 Spiritum
2826 2670 2971 2712 esse.
3208 2660 3230 2675 ‘

1959 2840 2046 2896 lO.
2079 2838 2211 2895 ltem
2250 2836 2483 2896 Pliotius
2524 2841 2729 2897 dictum
2765 2838 2897 2898 illud
2939 2842 3157 2902 Domini
3191 2846 3247 2903 in
3281 2848 3462 2904 Evan-

1882 2931 2024 3000 gelio
2055 2950 2068 2988 :
2103 2953 2120 2986 ι
2149 2932 2223 2987 De
2272 2949 2393 2988 meo
2437 2934 2667 3004 accipiet
2693 2934 2760 3002 ‘9,
2793 2955 2814 2989 ι
2845 2937 2898 2990 in
2940 2937 3118 2994 Patris
3169 2955 3459 3010 personam

221 3027 408 3101 Πατρὸς
433 3028 845 3100 ἐκλαμϐάνεται
880 3032 1197 3102 πρόσωπον.
1238 3050 1258 3085 ι
1303 3032 1413 3086 Καὶ
1441 3033 1584 3097 ἐπεὶ,
1623 3051 1642 3085 ι
1674 3048 1781 3103 φη-

1885 3027 2072 3082 relert.
2115 3045 2134 3078 ι
2173 3025 2240 3080 Ει
2287 3042 2435 3091 cum,
2475 3043 2496 3079 ι
2532 3027 2730 3098 inquit,
2776 3048 2795 3081 ι
2842 3045 2953 3085 non
3001 3047 3067 3085 ex
3121 3047 3229 3096 me,
3265 3034 3363 3089 sed
3391 3051 3461 3090 cx

220 3120 354 3185 σὶν,ι
384 3120 485 3175 οὐκ
531 3123 594 3190 ἐξ
662 3123 820 3193 ἐμοῦ,
846 3123 962 3176 ἀλλ’
1015 3126 1080 3179 ἐκ
1126 3125 1222 3180 τοῦ
1281 3126 1416 3194 ἐμοῦ
1447 3125 1698 3198 λήψεται,
1750 3129 1778 3182 ὁ

1885 3135 1967 3184 eo,
2012 3122 2158 3191 quod
2192 3136 2371 3174 meum
2399 3128 2502 3187 est,
2536 3119 2800 3176 Dominus
2836 3122 2995 3189 dixit,
3031 3138 3156 3196 quae
3184 3125 3291 3183 alia
3335 3142 3461 3199 per-

220 3208 398 3281 Κύριος
423 3211 527 3283 ἔφη
554 3215 715 3266 ποῖον
759 3211 824 3265 ἂν
867 3213 1055 3285 ἕτερον
1112 3215 1407 3285 πρόσωπον
1454 3217 1565 3287 εἴη,
1620 3216 1678 3282 ἐξ
1711 3211 1772 3270 οὗ

1885 3228 2018 3268 sona
2056 3212 2238 3275 fuerit,
2268 3227 2333 3268 ex
2361 3227 2468 3282 qua
2525 3211 2740 3271 Domini
2778 3211 3016 3283 Spiritus
3046 3217 3265 3284 accipit,
3299 3215 3461 3288 quziin

220 3301 269 3354 τὺ
300 3302 385 3355 τοῦ
421 3306 638 3377 Κυρίου
691 3305 922 3376 Πνεῦμα
961 3307 1257 3375 λαμϐάνει,
1303 3309 1354 3362 εί
1381 3308 1459 3379 μὴ
1492 3313 1520 3364 ὁ
1553 3310 1776 3382 Πατὴρς

228 3390 280 3448 '0
303 3395 353 3449 δὲ
380 3397 551 3468 μέγας
598 3397 924 3464 ’Δθανὰσιος
967 3400 1067 3471 τὴν
1097 3401 1360 3472 τοιαύτην
1397 3403 1778 3476 παρεξήγησιν

224 3485 510 3559 suam“,
539 3490 600 3543 ἐν
616 3485 701 3553 οἷς
723 3489 895 3554 οὕτως
935 3492 1031 3545 ἐπὶ
1080 3491 1278 3557 λέξεως
1302 3492 1472 3562 λέγει,
1514 3513 1533 3546 ‹
1585 3495 1642 3548 Ὀ
1679 3495 1778 3565 μὲν

225 3576 351 3644 Υίὸς,
385 3598 404 3631 ι
448 3581 643 3652 φησιν,
696 3600 716 3634 ι
749 3582 785 3639 ἃ
806 3583 1017 3655 ἥκουσα
1045 3585 1197 3654 παρὰ
1220 3584 1314 3639 τοῦ
1342 3587 1579 3657 Πατρδς,
1603 3587 1779 3642 ταῦτα

223 3674 304 3726 καὶ
337 3673 478 3729 λαλῶ
511 3678 596 3741 είς
628 3677 722 3730 τὸν
746 3676 951 3747 κόσμον
972 3690 987 3707 ⁸
1019 3677 1079 3731 τὸ
1104 3676 1163 3731 δέ
1187 3677 1415 3751 Πνεῦμα
1437 3681 1503 3733 ἐκ
1527 3679 1621 3734 τοῦ
1641 3680 1777 3750 ἐμοῦ

221 3761 313 3834 γὰρ
334 3764 589 3837 λήψεται,
625 3768 724 3822 καὶ
772 3767 1067 3838 ἀναγγελεῖ
1109 3769 1266 3841 ἡμῖν,
1319 3771 1509 3843 φησίν.
1573 3772 1778 3826 Ἐπεὶὸ

222 3857 355 3922 ἂγιος
401 3862 463 3913 ἐκ
507 3860 607 3914 τοῦ
640 3859 773 3914 Υίοῦ
817 3859 1119 3931 λαμϐάνειν
1167 3863 1319 3931 λέγει
1343 3864 1405 3917 τὸ
1435 3863 1663 3934 Πνεῦμα
1691 3864 1778 3918 διὰ

221 3947 276 3999 rb
292 3949 459 4003 εἰπεῖν
483 3950 542 4005 ἐν
590 3950 956 4021 Εὐαγγελίοις
976 3951 1164 4017 αὑτὸν,
1197 3970 1216 4004 ι
1263 3953 1359 4006 Ἐκ
1381 3953 1477 4007 τοῦ
1509 3953 1647 4024 ἐμοῦ
1678 3953 1777 4023 λή-

220 4038 361 4108 ψεται
414 4063 433 4097 ι
486 4046 613 4109 πῶς
644 4043 763 4099 ἐστι
804 4047 986 4115 λέγειν
1015 4047 1096 4112 τὸ,
1162 4046 1257 4101 Ἐκ
1306 4047 1400 4101 τοῦ
1453 4048 1615 4119 ἐμοῦ,
1639 4047 1779 4118 πρὸς

220 4132 273 4187 ab
298 4137 551 4208 πατρικὸν
588 4137 736 4208 ἐχειν
778 4139 1074 4210 πρόσωπον
1120 4139 1221 4213 τὴν
1270 4141 1596 4213 ἀναφοράν;
1651 4141 1778 4196 Ὅτι

221 4222 270 4277 δέ
287 4225 369 4280 διὰ
390 4229 447 4282 τδ
475 4230 577 4299 τὴν
603 4230 975 4301 εὐαγγελικὴν
1005 4230 1214 4303 ταύτην
1243 4234 1439 4303 χρῆσιν
1465 4234 1558 4286 τὸν
1577 4232 1780 4287 Ἰταλὸν

221 4320 290 4384 εἰς
318 4324 663 4394 παράστασιν
692 4323 794 4393 τῆς
823 4326 888 4378 ἐκ
939 4324 1035 4378 τοῦ
1087 4315 1218 4378 Υίοῦ
1270 4326 1570 4396 λαμϐάνειν
1604 4327 1782 4399 ὑπάρ-

225 4407 339 4476 ξεως
372 4413 465 4468 τοῦ
490 4414 765 4481 ζωοποιοῦ
794 4414 1140 4487 Πνεῦματος,
1172 4418 1361 4472 ἄνοιαν
1403 4418 1555 4489 αὑτῷ
1576 4417 1779 4484 Φὼτιος
1824 4462 1829 4465 .

226 4504 475 4575 ὀνειδίζει,
534 4508 635 4562 καὶ
675 4508 811 4581 μηδέ
855 4512 927 4564 τὰ
977 4510 1087 4563 τῶν
1147 4511 1355 4565 παίδων
1398 4511 1598 4566 εἰδέναι
1626 4514 1778 4583 λέγει

1883 3304 2088 3360 Pater?
2133 3323 2152 3357 ι
2217 3301 2445 3375 Magnus
2500 3300 2863 3361 nihilominus
2921 3306 3258 3364 Athanasius
3320 3311 3463 3365 hanc

1883 3412 2108 3467 pravam
2138 3397 2644 3468 interpretationem
2685 3398 2907 3464 refellit,
2948 3416 3070 3456 cum
3114 3401 3232 3458 haec
3268 3406 3463 3459 verba-

1885 3488 1980 3542 tim
2027 3490 2346 3558 pronuntiat
2384 3488 2498 3560 (6):
2552 3509 2571 3542 (
2608 3486 2806 3557 Filius,
2845 3510 2865 3544 ι
2906 3491 3108 3563 inquit,
3147 3511 3166 3544 ι
3204 3509 3326 3565 qua:
3361 3510 3462 3550 au-

1883 3579 1993 3634 divi
2023 3597 2051 3633 a
2085 3575 2270 3654 Patre,
2309 3582 2425 3637 haec
2457 3592 2511 3639 et.
2558 3583 2753 3652 loquor
2800 3584 2854 3638 in
2895 3587 3161 3640 mundum
3194 3587 3240 3619 "
3276 3604 3292 3643 :
3337 3589 3464 3660 Spi-

1883 3674 2025 3729 ritus
2058 3688 2188 3729 vero
2214 3690 2279 3729 ex
2310 3673 2452 3730 Filio
2508 3676 2728 3746 accipit,
2771 3693 2837 3733 ex
2875 3694 2999 3734 meo
3029 3681 3179 3736 enim
3207 3683 3459 3754 accipiet.

1890 3776 1946 3823 et
1980 3768 2332 3845 annuntiabit
2361 3768 2543 3835 vobis,
2593 3770 2794 3840 inquit.
2814 3788 2844 3844 ⁸ι
2877 3770 3016 3827 Cum
3050 3783 3296 3848 sanctus,
3337 3794 3359 3831 ι
3393 3794 3462 3834 ex

1882 3861 2024 3918 Filio
2055 3861 2319 3933 Spiritum
2347 3864 2619 3934 accipere,
2653 3884 2672 3917 ι
2706 3865 2904 3935 tradat,
2938 3882 3049 3939 quo
3079 3869 3172 3924 ille
3192 3869 3245 3923 in
3277 3868 3462 3925 Evan-

1883 3952 2023 4021 gelio
2054 3952 2316 4008 dixerat:
2352 3972 2371 4006 ι
2405 3953 2487 4008 Ex
2534 3969 2658 4010 meo
2711 3955 2963 4027 accipiet,
3009 3975 3030 4009 ι
3081 3973 3188 4028 qua
3247 3960 3462 4017 ratione
3504 4011 3508 4015 «

1884 4041 2171 4098 commode
2206 4044 2312 4099 dici
2358 4052 2545 4114 potest
2587 4046 2744 4113 illud,
2779 4063 2843 4101 ex
2873 4062 2997 4103 meo
3027 4050 3095 4104 ad
3126 4047 3307 4106 Patris
3337 4066 3462 4121 per-

1882 4149 2077 4190 sonam
2114 4135 2345 4191 referri?
2371 4135 2440 4191 Et
2467 4153 2593 4193 cum
2629 4139 2770 4196 hanc
2805 4142 3181 4212 evangelicum
3237 4155 3462 4200 senten-

1882 4230 2013 4285 tiam
2046 4228 2213 4286 ltalus
2244 4231 2310 4285 ad
2356 4232 2821 4302 comprobandam
2851 4235 3051 4290 vivilici
3090 4236 3335 4313 Spiritus
3361 4255 3457 4294 ex-
3500 4231 3506 4247 ⁸

1881 4324 2188 4381 sistentiam
2222 4339 2289 4379 ex
2326 4321 2467 4381 Filio
2501 4335 2736 4394 promat,
2783 4327 2858 4380 illi
2904 4328 3199 4384 stultitiam
3249 4346 3453 4401 expru-

1882 4418 2028 4484 brat,
2070 4428 2126 4473 et
2174 4432 2356 4488 neque
2393 4417 2576 4487 ipsum
2605 4418 2751 4472 scire
2798 4420 3021 4490 asserit,
3046 4436 3169 4491 quae
3200 4421 3453 4479 infantuli
3523 4420 3535 4441 τ

1881 4520 2000 4567 tum
2032 4510 2271 4581 primum
2296 4510 2365 4566 ad
2391 4509 2722 4566 litteratores
2752 4512 3073 4568 accedentes
3100 4515 3280 4573 sciunt
3304 4531 3319 4569 :
3348 4517 3454 4570 «Ex

224 4595 385 4663 αὐτὸν,
427 4599 591 4673 οῖπερ
621 4600 717 4655 καὶ
755 4602 814 4664 ἐς
845 4601 1267 4672 γραμματιστοῦ
1296 4602 1422 4674 ἄρτι
1480 4604 1776 4672 φοιτῶντες

1885 4617 1990 4668 me,
2028 4621 2049 4655 ι
2080 4610 2136 4658 et
2168 4620 2187 4654 ι
2225 4617 2290 4657 ex
2325 4618 2449 4658 meo
2484 4621 2504 4655 ι
2536 4616 2733 4672 nempe
2765 4602 3005 4668 differre,
3037 4621 3139 4676 ego
3165 4623 3276 4662 non
3299 4610 3461 4679 plane

221 4685 472 4760 διαφέρειν
496 4692 677 4745 οἴδασι
707 4691 789 4758 τὸ,
820 4711 840 4744 ι
868 4692 930 4757 ἐξ
951 4691 1108 4762 ἐμοῦ,
1143 4707 1163 4746 ι
1200 4694 1334 4761 πρὸς
1352 4694 1434 4762 τὸ,
1467 4712 1485 4745 ι
1520 4696 1586 4748 ἐκ
1609 4694 1704 4749 τοῦ
1731 4696 1786 4749 ἐ-

231 4784 340 4851 μοῦ,
363 4804 381 4838 ι
408 4788 507 4841 οῦκ
523 4787 643 4841 οἶδα
658 4787 831 4850 ποίοις
848 4786 1157 4856 ἀντιϐλέψει
1174 4791 1285 4852 τοῖς
1311 4789 1607 4861 ὀφθαλμοῖς
1638 4788 1787 4843 Ἐπι-

224 4878 375 4950 (pale
407 4879 483 4950 τῷ
511 4880 764 4950 θείῳ,τῷ
809 4879 879 4933 τὰ
915 4880 1038 4934 θεῖα
1076 4878 1248 4945 ὅντως
1276 4882 1556 4950 ἐπιφανεῖ,
1584 4881 1685 4954 τὴν
1718 4884 1783 4936 ἐκ

224 4967 302 5022 τοῦ
340 4971 465 5026 Υίοῦ
493 4985 594 5027 του
626 4972 946 5042 Πνεῦματος
1007 4970 1243 5040 ὓπαρξιν
1299 4972 1554 5026 ἐντεῦθεν
1613 4974 1779 5029 συνά-

226 5074 374 5130 γοντι,
404 5067 460 5119 ἐν
480 5060 564 5131 οἷς
601 5080 787 5138 φησιν’
842 5080 868 5120 ο
897 5065 961 5119 Εἰ
985 5066 1041 5120 δέ
1064 5065 1304 5138 Χριστὸς
1340 5067 1404 5119 ἐκ
1435 5065 1529 5120 τοῦ
1561 5066 1776 5137 Πατρδς

228 5158 538 5219 πιστεύεται.
584 5157 717 5221 Θεὸς
761 5158 827 5211 ἐκ
873 5156 1030 5222 Θεοῦ,
1062 5160 1159 5211 καὶ
1206 5158 1266 5212 τὸ
1317 5159 1542 5230 Πνεῦμα
1571 5160 1637 5213 ἐκ
1674 5159 1768 5212 τοῦ

155 5269 165 5284 .
229 5242 524 5321 Χριστοῦ,ἢ
572 5249 706 5321 παρ’
736 5250 1091 5322 ἀμφοτέρων,
1129 5246 1202 5315 ὥς
1264 5268 1430 5321 φησιν
1464 5251 1772 5323 όΧριστδς.

231 5350 249 5386 ι
283 5337 342 5391 '0
366 5342 513 5412 παρὰ
560 5341 655 5395 τοῦ
706 5342 924 5414 Πατρδς
949 5343 1334 5414 ἐκπορεύεται,
1378 5345 1474 5397 καὶ
1524 5339 1677 5409 οὗτος
1706 5345 1774 5398 ἐκ

230 5427 304 5482 τοῦ
346 5431 473 5503 ἐμοῦ
519 5435 769 5509 λήψεται.
811 5455 832 5492 ι

287 5585 328 5619 ³⁸
349 5585 503 5669 ξοδη.
534 5607 573 5658 ι,
607 5592 702 5647 52.
783 5592 1007 5650 "Joan.
1046 5609 1156 5663 xvt,
1188 5595 1276 5649 Η.
1353 5595 1398 5627 ²⁰
1423 5594 1556 5650 ibid.
1592 5610 1682 5662 xv,
1719 5596 1807 5653 15.

288 5748 656 5828 55)_Qrati0iie
704 5753 773 5828 de
824 5753 1193 5828 Apparatione
1244 5753 1296 5811 in
1370 5769 1581 5828 carne,
1615 5754 1776 5826 cujus

239 5822 532 5896 priiicipiiim
562 5843 591 5896 :7
620 5824 725 5887 Qui
776 5822 932 5881 malis
968 5828 1172 5882 artibus
1221 5827 1431 5884 divinas
1463 5822 1774 5896 Scriptura:

235 5889 487 5959 .titclligerc
516 5895 711 5951 volunt.

1886 4694 2155 4765 intelligo,
2187 4694 2391 4765 quibus
2421 4694 2596 4749 oculis
2635 4695 2954 4750 obtuebitur
2994 4695 3181 4753 divum
3221 4698 3461 4770 Epipha-

1886 4787 2062 4852 nium,
2097 4801 2227 4842 vere
2277 4787 2521 4856 satisque
2560 4786 2614 4839 in
2664 4785 2829 4842 rebus
2874 4788 3075 4843 divinis
3121 4791 3461 4861 explicandis

1882 4879 2181 4944 celebrem,
2234 4879 2333 4949 qui
2381 4894 2451 4933 ex
2501 4871 2645 4933 Filio
2679 4879 2916 4948 Spiritus
2972 4884 3353 4938 exsistentiam
3395 4902 3462 4941 cx

1881 4970 1985 5025 hoc
2011 4972 2156 5025 dicto
2186 4971 2414 5039 colligit,
2442 4986 2567 5026 cum
2602 4972 2865 5043 dieit(7);
2901 4991 2919 5025 ι
2955 4973 3109 5040 Quod
3130 4977 3177 5031 si
3205 4978 3462 5035 Christus

1882 5081 1946 5119 ex
1987 5063 2153 5119 Patre
2200 5065 2467 5143 creditur,
2519 5064 2663 5120 Deus
2707 5082 2773 5121 ex
2837 5067 2966 5132 Deo,
3000 5078 3052 5123 ct
3097 5069 3339 5140 Spiritus
3394 5088 3463 5127 ex

1883 5154 2123 5217 Christo,
2186 5165 2278 5210 aut
2333 5159 2404 5212 ab
2447 5157 2716 5227 utrisque,
2770 5171 2831 5214 ut
2861 5161 2937 5215 ait
2964 5161 3217 5237 Christus
3247 5182 3259 5219 :
3292 5164 3459 5231 Quia

1881 5247 2043 5302 Patre
2071 5249 2339 5317 procedit.
2380 5258 2435 5304 et
2474 5249 2564 5305 hic
2584 5265 2649 5306 ex
2682 5267 2801 5308 meo
2832 5254 3080 5325 accipiet.
3118 5274 3140 5311 ι

1952 5756 2029 5834 (ρ)
2062 5755 2299 5834 ῌρίειοιο
2341 5760 2407 5815 ad
2439 5744 2815 5834 Serapionem.

1940 5830 2033 5901 .(7)
2074 5830 2133 5885 lu
2165 5832 2466 5888 Ancvroto.

2604 6016 2723 6038 υνδε·
