3846 6570
493 354 599 418 335

1531 351 1746 415 JOAN.
1786 353 2003 417 VECCl
2042 355 2069 416 (ξ

2197 356 2475 418 ΡᾹΤΠΙΑ
2487 357 2713 419 KGH/ﬁ
3639 369 3721 436 336

565 469 652 522 Η.
695 464 927 533 Quando
969 480 1099 520 vero
1155 464 1389 521 Photius
1443 467 1816 536 evangelicum
1872 469 2069 524 dictum

2260 471 2352 527 ια’.
2384 474 2511 526 Ὅτε
2561 474 2620 527 δὲ
2674 476 2879 537 Φώτιος
2925 472 3001 537 ὡς
3041 475 3184 530 πάνυ
3232 493 3283 530 τι
3313 473 3723 542 δυσαντίϐλεπτω,

495 559 854 626 adversariis,
913 558 1077 618 veluti
1120 571 1341 628 aspectu
1396 558 1634 614 terribile
1689 570 1978 630 proponat,
2030 562 2084 616 in

494 667 627 722 quo,
665 666 789 705 cum
822 666 852 705 a
898 648 1058 704 Patre
1088 649 1383 720 procedere
1424 651 1688 720 Spiritum
1717 652 1980 710 Dominus
2007 655 2088 708 di-

493 746 684 809 sisset,
739 758 900 797 suum
958 742 1031 796 ibi
1089 756 1290 796 nomen
1349 741 1602 808 obticuit,
1632 743 1792 814 plane
1820 744 2085 800 adversus

495 837 672 905 ipsum
735 835 898 889 Italos
957 832 1255 888 defendent
1300 834 1466 890 variae
1511 835 1578 890 ad
1605 836 1720 907 jam
1750 837 1909 891 allata
1940 837 2084 892 dicta

491 929 804 998 evangelica
864 926 1046 996 magni
1102 925 1286 982 Basilii
1345 927 1850 998 interpretationes.
1896 928 1995 984 llic
2028 929 2082 985 in

495 1036 601 1072 una
651 1035 713 1072 ex
755 1018 1007 1088 iis,quas
1043 1017 1111 1072 ad
1154 1017 1601 1087 Amphilochium
1631 1021 1850 1090 scripsit
1880 1022 2086 1090 episto-

491 1108 570 1163 las
598 1124 612 1162 :
646 1105 784 1161 lllud
813 1106 1018 1160 «Nemo
1043 1123 1064 1158 ι
1104 1105 1283 1177 inquit
1311 1105 1410 1175 (8),
1440 1124 1477 1173 ,ι
1511 1107 1836 1163 universalis
1865 1110 2080 1178 quidem

489 1201 701 1255 videtur
723 1199 915 1265 dictio,
949 1198 1086 1253 adeo
1117 1205 1180 1252 ut
1212 1199 1358 1252 nulla
1406 1214 1639 1267 persona
1688 1199 1863 1270 excipi
1900 1202 2081 1254 videa-

486 1303 597 1349 tur.
619 1294 687 1347 At
712 1309 819 1348 non
849 1309 1003 1364 aeque
1026 1293 1080 1346 in
1105 1293 1302 1348 divinis
1327 1291 1858 1362 Litterisiaccipitur,
1885 1311 2080 1364 quem-

485 1387 777 1440 admodum
839 1385 1329 1440 animadvertimus
1390 1389 1445 1440 in
1483 1386 1575 1440 illo
1623 1404 1638 1440 :
1681 1387 1849 1441 Nemo
1879 1390 2076 1450 bonus,

489 1480 594 1534 nisi
633 1478 854 1543 Deus",
886 1477 1076 1549 Neque
1109 1479 1253 1533 enim
1287 1477 1360 1533 ibi
1392 1495 1451 1534 se
1477 1494 1506 1532 a
1544 1479 1669 1534 boni
1702 1490 1893 1534 natura
1925 1492 2077 1536 extra

486 1589 693 1638 ponens
715 1571 913 1638 Filius,
937 1571 1058 1626 haec
1086 1571 1306 1626 astruit.
1340 1568 1446 1626 Sed
1471 1586 1595 1626 cum
1621 1573 1856 1643 primum
1875 1575 2076 1630 bonum

483 1664 644 1719 Pater
682 1669 778 1732 sit,
820 1679 930 1720 una
967 1663 1135 1720 simul
1164 1679 1291 1718 cum
1327 1663 1420 1718 illo
1451 1663 1646 1730 Nemo,
1679 1681 1802 1720 cum
1837 1668 2073 1738 primum

2187 565 2290 636 τὴν
2341 567 2707 640 εὐαγγελικὴν
2737 569 2850 632 τοῖς
2884 567 3231 637 ἀντιλέγουσι
3265 571 3518 642 προτείνῃ
3549 581 3725 649 φωνὴν,

2187 660 2246 712 ἐν
2293 653 2326 733 ᾖ
2377 660 2528 731 παρά
2563 661 2658 715 τοῦ
2690 661 2907 732 Πατρὸς
2939 660 3340 732 ἐκπορεύεσθαι
3383 662 3445 715 16
3491 665 3726 741 Πνεῦμαό

2189 751 2397 820 Κύριος
2427 752 2688 824 εἰρηκὼς,
2720 754 2780 806 τὸ
2815 755 3017 808 οἰκεῖον
3049 754 3439 826 ἀπεσιώπησεν
3469 756 3644 828 ὄνομα,
3665 767 3726 829 εις

2185 843 2493 908 ἀντιδίκους
2523 846 2675 918 αὑτῷ
2706 845 2848 916 ὑπὲρ
2895 847 3116 901 Ἰταλῶν
3163 847 3381 902 ἔσονται
3425 850 3480 901 αἱ
3517 851 3725 926 διάφοροι

2187 935 2326 1006 πρὸς
2357 938 2425 991 τὰ
2459 937 2810 1010 ῥηθησόμενα
2844 939 3183 1008 εὐαγγελικά
3211 940 3352 1012 ῥητά
3379 941 3474 994 τοῦ
3523 949 3728 1014 μεγάλου

2186 1030 2470 1087 Βασιλείου
2527 1032 2840 1105 ἐξηγήσεις.
2878 1027 3051 1097 Οὗτος
3101 1034 3196 1087 καὶ
3239 1037 3296 1088 ἐν
3343 1035 3446 1106 μιᾷ
3475 1037 3579 1091 τῶν
3617 1044 3726 1112 πρὸς

2197 1123 2546 1195 Ἀμφιλόχιον
2577 1126 2878 1179 ἐπιστολῶν
2912 1125 2973 1179 16
3025 1145 3045 1178 ι
3084 1128 3296 1192 Οὐδεὶς,
3332 1145 3351 1179 ι
3393 1129 3556 1197 φησὶ,
3595 1150 3612 1184 ι
3651 1152 3726 1187 κα.

2184 1213 2398 1269 θολικὺν
2433 1217 2533 1286 μὲν
2558 1213 2698 1272 εἶναι
2724 1219 2876 1273 δοκεῖ
2902 1220 3055 1292 ῥῆμα
3083 1219 3160 1280 ὡς
3203 1219 3340 1291 μηδέ
3381 1219 3442 1273 ἐν
3471 1223 3728 1290 πρόσωπον

2180 1308 2280 1377 τῆς
2328 1307 2514 1377 φωνῆς
2545 1309 2981 1380 ὑπεξαιρεῖσθαι.
3025 1311 3182 1363 Ἔστι
3213 1310 3272 1363 δὲ
3302 1311 3400 1380 οὐχ
3438 1310 3579 1366 οὕτω
3606 1319 3729 1385 παρὰ

2180 1401 2247 1468 τῇ
2284 1399 2470 1471 Γραφῇ
2502 1401 2911 1471 ἀναφερόμενον
2935 1442 2950 1468 ,
2985 1400 3060 1464 ὡς
3094 1403 3485 1473 τετηρήκαμεν
3513 1405 3602 1458 ἐπὶ
3633 1410 3729 1476 τοῦ,

2185 1507 2204 1540 ι
2241 1492 2430 1556 Οὐδεὶς
2458 1493 2663 1561 ἀγαθὸς
2691 1496 2740 1546 εί
2772 1496 2852 1565 μὴ
2901 1487 2984 1557 εἷς
3015 1494 3044 1546 6
3079 1493 3233 1556 Θεὸς.
3273 1513 3292 1546 ι
3332 1494 3467 1548 Οὐδὲ
3505 1495 3608 1567 γὰρ
3637 1501 3733 1553 ἐκεῖ

2181 1585 2374 1637 ἑαυτὸν
2410 1585 2516 1649 ἔξω
2545 1585 2718 1647 τιθεὶς
2767 1585 2869 1658 τῆς
2917 1586 3012 1640 τοῦ
3063 1586 3271 1656 ἀγαθοῦ
3306 1587 3524 1659 φύσεως
3551 1591 3579 1642 6
3605 1591 3732 1657 Υίος,

2179 1676 2350 1729 1161a.
2383 1676 2562 1746 λέγει·
2585 1675 2705 1730 ἀλλ’
2721 1677 2910 1747 ἐπειδὴ
2940 1678 2999 1732 16
3025 1678 3240 1749 πρῶτον
3268 1678 3476 1746 ἀγαθὸν
3501 1680 3528 1732 6
3550 1682 3732 1756 Πατὴρ,

483 1759 868 1824 subaudiatur,
947 1757 1251 1816 secundant
1321 1757 1429 1811 dici
1503 1759 1799 1815 credimus.
1841 1780 1860 1811 ι
1897 1761 1960 1817 Ει
2019 1763 2069 1816 in

2178 1767 2258 1838 τῷ
2287 1768 2475 1832 Οὐδεὶς
2507 1770 3026 1842 συνυπακουομένου
3050 1772 3144 1824 τοῦ
3169 1771 3390 1842 πρώτου
3415 1771 3478 1824 16
3509 1772 3736 1845 δεύτερον

481 1849 670 1903 eadem
706 1862 894 1902 rursus
925 1847 1179 1915 epistola,
1239 1862 1351 1901 non
1399 1847 1668 1904 dissimile
1698 1865 1820 1905 esse
1857 1852 2069 1916 scribit,

2179 1830 2436 1932 είρῆσθαι
2459 1830 2829 1935 πιστεύομεν.
2863 1830 2892 1916 ἰ
2931 1864 3042 1918 Καὶ
3071 1866 3130 1916 ἐν
3158 1830 3229 1936 τῗί
3269 1866 3408 1936 αὐτῇ
3443 1865 3602 1919 πάλιν
3632 1830 3736 1921 ἐπι-

481 1952 536 1996 et
566 1941 696 1995 illud
722 1956 736 1994 :
777 1939 979 1992 tNemo
1010 1939 1159 1993 novit
1184 1937 1403 2005 Filium,
1442 1934 1544 1994 nisi
1581 1940 1739 1996 Pater
1758 1943 1865 2006 υ.»
1895 1943 2074 2012 Neque

481 2035 626 2088 eiiim
651 2032 725 2088 ibi
759 2031 1039 2087 inscitiam
1067 2030 1306 2102 Spiritus
1337 2041 1486 2086 notat
1527 2031 1718 2088 Filius.
1757 2035 1859 2090 Sed
1894 2037 2073 2104 primo

485 2128 629 2182 Patri
686 2127 865 2181 inesse
926 2140 1042 2181 sua:
1093 2132 1303 2178 natura:
1359 2125 1728 2195 cognitionem
1764 2135 2010 2181 testatur.
2046 2147 2066 2180 ι

484 2219 552 2274 Et
583 2233 778 2273 rursus
813 2217 978 2284 illud;
1016 2235 1034 2268 ι
1072 2215 1240 2271 Νοιηο
1291 2217 1441 2270 novit
1491 2232 1711 2281 eorum,
1753 2233 1875 2288 qua:
1920 2231 2068 2284 sunt,

483 2323 715 2380 quicque
738 2308 924 2370 futura
965 2316 1116 2375 sunt,
1155 2309 1526 2375 cognitionem
1575 2311 1835 2378 primum,
1876 2313 1943 2364 ad
1977 2309 2073 2366 Pa-

485 2412 621 2456 trem
645 2399 834 2455 referri
858 2407 913 2454 et
934 2413 1030 2469 per
1043 2398 1228 2453 omnia
1253 2399 1484 2469 primam
1505 2414 1727 2458 causam
1751 2402 2070 2460 hominibus

451 2495 776 2564 insinuari,
819 2493 976 2548 dictis
1015 2492 1284 2562 ejusmodi
1326 2501 1603 2562 putamus.
1645 2512 1663 2544 ι
1708 2492 1774 2548 Ει
1809 2512 1915 2550 non
1950 2509 2072 2567 post

483 2589 650 2642 multa
707 2584 853 2642 illius
897 2585 1202 2655 pericopes,
1265 2603 1283 2636 ι
1316 2584 1544 2640 Silentio
1573 2589 1756 2656 itaque
1808 2597 2066 2658 tanquam

483 2693 606 2747 qua:
642 2676 697 2730 in
751 2675 1001 2730 confesso
1057 2677 1232 2744 posita
1288 2684 1425 2739 (ιι-ιιι,
1457 2678 1733 2746 pr0priam
1777 2694 2066 2748 personam

483 2770 796 2840 praeteriens
829 2768 1092 2822 Dominus
1115 2808 1130 2831 ,
1185 2767 1364 2823 solum
1409 2767 1622 2821 Patrem
1655 2768 1828 2833 scire,
1877 2771 2064 2836 refert,

481 2861 660 2917 Patris
699 2861 984 2916 scientiam
1035 2859 1267 2928 figurate
1296 2873 1390 2928 per
1420 2858 1784 2924 reticentiam,
1824 2869 1878 2914 et
1909 2875 2065 2914 suam

478 2969 605 3008 esse
628 2960 902 3006 astruens.
936 2969 954 3001 ι
984 2947 1202 3003 Similes
1229 2948 1498 3001 dictorum
1524 2947 1957 3016 evangelicorum
1983 2950 2065 3001 iii-

481 3047 899 3115 terpretationes
921 3040 1058 3096 satis
1081 3050 1229 3102 sunt,
1265 3040 1331 3092 ad
1366 3055 1428 3092 os
1453 3054 1643 3093 eorum
1674 3042 2063 3103 obturandum,

478 3138 574 3207 qui
630 3136 798 3192 veluti
846 3148 1102 3204 maguum
1147 3131 1366 3203 aliquod
1421 3131 1645 3184 dubium
1703 3140 2060 3201 proponunt:

482 3248 502 3281 ι
547 3229 606 3282 Si
637 3227 804 3282 etiam
843 3243 907 3281 ex
947 3223 1086 3278 Filio
1123 3222 1359 3296 Spiritus
1391 3230 1496 3286 est,
1545 3237 1707 3292 quam
1741 3224 1811 3277 ob
1840 3237 2062 3277 causam

480 3325 534 3374 in
566 3319 876 3389 Evangeliis
913 3315 1197 3380 Dominus,
1233 3317 1326 3384 qui
1363 3313 1604 3384 procedit
1640 3329 1668 3367 a
1712 3313 1892 3378 Patre,
1925 3315 2067 3370 dixit

480 3429 588 3468 non
619 3413 826 3468 addens
864 3427 878 3465 :
909 3411 975 3464 Et
997 3425 1062 3462 ex
1105 3407 1232 3462 me?
1259 3425 1277 3458 ι
1311 3405 1446 3461 Nam
1481 3408 1525 3460 si
1554 3421 1782 3478 magnus
1813 3405 2064 3472 Basilius,

477 3509 624 3577 quod
667 3502 866 3562 nomen
901 3503 1022 3558 Filii
1055 3502 1282 3558 sileatur
1319 3501 1372 3554 in
1409 3499 1536 3565 illis,
1571 3501 1622 3553 in
1657 3500 1860 3568 quibus
1899 3500 2063 3555 dicit:

482 3623 500 3652 ι
529 3603 740 3656 Patrem
772 3599 949 3655 solum
987 3599 1150 3664 seire,
1180 3615 1197 3648 ι
1228 3609 1451 3650 causam
1484 3594 1624 3648 hanc
1647 3594 1834 3659 refert,
1861 3594 2068 3663 palam-

476 3713 586 3767 que
611 3695 798 3760 edicit,
825 3713 841 3744 ι
873 3693 1050 3750 Patris
1088 3689 1456 3760 cognitionem
1506 3687 1733 3757 figurate
1784 3702 1880 3756 per
1941 3686 2069 3741 reti-

476 3788 750 3851 centiam,
798 3785 1162 3854 cognitionem
1220 3796 1342 3836 esse
1387 3788 1442 3834 et
1497 3777 1656 3843 Filii,
1698 3795 1717 3830 ι
1775 3779 1898 3848 quis
1945 3777 2068 3848 jure

476 3881 579 3936 sibi
647 3876 1040 3942 vindicaverit,
1073 3876 1228 3946 quasi
1265 3874 1338 3928 sit
1379 3872 1615 3942 Spiritus
1666 3871 2063 3940 receptaculum

485 3971 691 4026 Basilio
739 3969 953 4040 purius,
997 3966 1216 4020 diverso
1243 3963 1406 4018 modo
1446 3974 1608 4033 atque
1632 3963 1866 4019 Basilius
1894 3963 2064 4017 addu-

479 4065 652 4118 bitare
686 4079 701 4115 :
735 4074 906 4131 quare
959 4072 1067 4112 non
1112 4067 1167 4111 et
1244 4071 1442 4110 nomen
1510 4054 1656 4118 Filii,
1684 4063 1742 4109 ut
1811 4056 2066 4109 omnibus

481 4154 828 4211 manifestum
872 4159 992 4216 est,
1058 4166 1183 4206 cum
1264 4149 1445 4204 Patris
1525 4153 1744 4204 nomine
1812 4149 2067 4202 enuntia-

479 4259 604 4315 tur,
667 4254 723 4302 et
784 4259 909 4301 cum
991 4243 1215 4298 insimul
1297 4259 1408 4297 non
1478 4244 1826 4309 enuntiatur,
1894 4256 2066 4312 quare

479 4339 704 4395 insimul
784 4352 894 4392 non
975 4334 1346 4406 intelligitur’
1418 4333 1575 4400 Quod
1656 4337 1856 4388 etenim
1943 4348 2068 4387 ma-

479 4447 621 4502 gnus
657 4431 744 4486 hic
775 4428 936 4484 Pater
961 4429 1028 4483 de
1056 4428 1284 4482 scientia
1310 4427 1667 4482 asseritillius
1683 4427 1788 4480 diei
1813 4433 1867 4480 et
1894 4427 2060 4490 horae,

481 4529 645 4594 plane
682 4525 850 4578 veluti
881 4525 1075 4592 dogma
1107 4519 1364 4586 all'erens,
1402 4538 1422 4572 ι
1461 4518 1647 4589 Neque
1675 4516 1850 4573 Filius
1881 4517 2054 4587 ipsam
2091 4506 2134 4562 ι)

480 4625 825 4689 agnosceret,
869 4615 976 4669 nisi
1037 4611 1200 4667 Pater
1242 4623 1582 4684 agnosceret,
1616 4631 1634 4662 ι
1668 4613 1813 4665 illius
1879 4609 2061 4664 verbis

481 4715 679 4776 frctus,
713 4713 816 4764 hoc
847 4710 987 4764 idem
1024 4715 1079 4763 et
1114 4707 1231 4777 ipse
1258 4707 1325 4760 de
1353 4705 1591 4776 Spiritus
1620 4718 1910 4774 progressu
1934 4717 2061 4772 pro-

481 4805 784 4857 nuntiabo:
815 4816 1093 4871 nunquam
1143 4800 1384 4870 Spiritus
1406 4812 1729 4870 progressus
1763 4795 1958 4850 fuisset
1993 4810 2058 4850 ex

480 4895 643 4962 Filio,
687 4895 790 4949 nisi
839 4907 1166 4964 progressus
1205 4892 1401 4947 fuisset
1429 4905 1495 4944 ex
1535 4888 1698 4943 Patre
1737 4906 1752 4942 :
1787 4887 2058 4941 undenam

479 4989 626 5044 enim
660 4988 887 5043 haberet
931 4984 1198 5058 Spiritum
1254 4984 1448 5049 Filius,
1472 4982 1564 5053 qui
1605 4980 1744 5034 nihil
1779 4987 1929 5034 extra
1967 4979 2068 5033 Pa-

480 5091 619 5135 trem
688 5079 970 5150 proprium
1044 5077 1228 5141 habet,
1282 5075 1388 5131 nisi
1445 5090 1476 5130 a
1523 5075 1689 5128 Patre
1747 5071 2066 5126 naturaliter

480 5173 659 5242 ipsum
687 5171 934 5226 haberet.

555 5381 642 5434 (2.
683 5379 748 5433 Et
773 5394 872 5435 nos
891 5376 1110 5450 quidem
1145 5377 1259 5432 hree
1289 5373 1474 5429 omnia
1505 5387 1888 5444 respondimus
1912 5371 2060 5427 circa

481 5491 566 5537 ea,
599 5488 718 5544 qua:
768 5471 834 5526 ad
889 5485 990 5525 nos
1051 5479 1140 5525 tua
1200 5469 1408 5524 reddita
1455 5466 1685 5538 epistola
1727 5465 2062 5521 continebat.

486 5565 874 5621 Verumtamen
903 5572 960 5618 tu
1002 5562 1179 5618 modis
1232 5561 1488 5614 omnibus
1538 5575 1760 5625 accura,
1791 5557 2065 5613 curiosius

559 5703 599 5732 "
625 5698 761 5754 Luc.
799 5713 954 5763 xvnt,
990 5699 1077 5753 l9.
1172 5699 1218 5728 ²¹
1242 5655 1433 5751 Matth.
1464 5708 1540 5758 xl,
1576 5692 1668 5748 27.

2177 1956 2338 2026 στολῇ
2369 1972 2386 1987 ο
2424 1973 2443 2006 ι
2484 1955 2738 2008 Τοιοῦτον
2775 1953 2936 2022 εἶναι,
2976 1974 2995 2008 ι
3052 1958 3208 2026 φησὶ,
3244 1957 3339 2010 καὶ
3375 1956 3461 2020 τὸ,
3512 1975 3529 2005 ι
3569 1956 3736 2020 Οὐδεὶς

2175 2043 2280 2100 εἶδε
2313 2047 2403 2100 τὸν
2436 2048 2563 2100 Υίὸν
2597 2050 2644 2100 εί
2673 2048 2747 2118 μὴ
2777 2050 2803 2101 6
2831 2048 3044 2118 Πατήρ.
3073 2048 3208 2100 υύδὲ
3237 2049 3346 2118 γὰρ
3378 2048 3500 2100 ἐκεῖ
3537 2049 3738 2115 ἄγνοιαν

2173 2141 2267 2195 τοῦ
2304 2142 2623 2211 Πνεῦματος
2659 2143 2964 2212 κατηγορεί
2995 2141 3023 2193 6
3058 2140 3184 2202 Υίός
3221 2157 3235 2171 ο
3267 2139 3406 2193 ἀλλά
3450 2139 3645 2210 πρώτῳ
3671 2140 3735 2209 τῷ

2174 2234 2351 2300 Πατρὶ
2394 2233 2724 2302 ἐνυπάρχειν
2769 2231 2869 2304 τὴν
2915 2232 3124 2302 γνῶσιν
3173 2235 3273 2302 τῆς
3310 2232 3511 2285 ἐαυτοῦ
3543 2232 3734 2301 φύσεως

2177 2331 2464 2399 μαρτυρεῖ.
2511 2347 2529 2379 ι
2570 2328 2682 2381 Καὶ
2744 2326 2908 2380 πάλιν
2956 2327 3036 2392 τὸ,
3077 2347 3094 2379 ι
3131 2327 3325 2390 Οὐδεὶς
3355 2321 3494 2390 οἶδε,
3528 2346 3545 2378 ι
3591 2344 3610 2378 ι
3654 2327 3736 2398 τὴν

2174 2420 2400 2491 πρώτην
2427 2419 2634 2490 εἴδησιν
2663 2419 2774 2472 τῶν
2804 2436 2864 2472 τε
2896 2419 3065 2472 ὄντων
3093 2419 3188 2472 καὶ
3217 2420 3328 2474 τῶν
3362 2421 3636 2488 ἐσομένων
3659 2421 3734 2474 ἐπὶ

2171 2513 2261 2566 τὸν
2288 2513 2509 2583 Πατέρα
2549 2513 2864 2580 ἀνάγοντος,
2911 2514 3006 2567 καὶ
3039 2513 3128 2566 διὰ
3156 2514 3377 2568 πάντων
3404 2513 3508 2582 τὴν
3538 2511 3737 2583 πρώτην

2171 2605 2351 2659 αἰτίαν
2401 2605 2521 2668 τοῖς
2551 2603 2862 2674 ἀνθρώποις
2904 2603 3352 2664 ὑποδεικνύοντος
3388 2603 3640 2674 εἰρῆσθαι
3666 2621 3734 2655 vo-

2173 2697 2425 2766 μίζομεν.
2465 2714 2484 2747 ι
2521 2695 2631 2749 Καὶ
2658 2696 2776 2765 μετ’
2807 2697 2966 2763 ὀλίγα
2995 2697 3092 2766 τῆς
3129 2694 3442 2765 περικοπῆς
3465 2710 3481 2726 ο
3522 2714 3540 2746 ι
3578 2695 3738 2764 Παρα-

2171 2790 2461 2860 σιωπήσας
2493 2789 2678 2844 τοίνυν
2700 2789 2775 2852 ὡς
2807 2788 3240 2859 ὁμολογούμενον
3269 2788 3330 2843 16
3355 2787 3555 2842 ἑαυτοῦ
3581 2789 3737 2858 πρόσο

2166 2898 2316 2934 ωπον
2350 2883 2376 2933 6
2452 2882 2680 2952 Κύριος,
2724 2881 2926 2934 εἰδέναι
2969 2880 3064 2934 τὸν
3114 2880 3336 2955 Πατέρα
3387 2880 3556 2949 μόνον
3600 2881 3742 2950 φησὶ,

2167 2971 2264 3042 τὴν
2299 2970 2394 3025 τοῦ
2444 2973 2658 3042 Πατρὸς
2703 2972 2907 3040 γνῶσιν
2949 2973 3093 3026 κατά
3137 2971 3201 3025 16
3246 2971 3612 3036 σιωπώμενον
3654 2974 3740 3024 καὶ

2169 3064 2366 3119 ἐαυτοῦ
2398 3061 2538 3118 εἶναι
2562 3065 2759 3134 λέγων.
2797 3085 2815 3117 ι
2853 3066 2919 3118 Al
2956 3065 3207 3118 τοιαῦται
3242 3065 3350 3118 τῶν
3373 3063 3744 3133 εὑαγγελικών

2093 3168 2137 3228 c
2173 3158 2354 3230 ῥητῶν
2389 3157 2703 3228 ἐξηγήσεις,
2750 3158 3106 3226 ἐπιστομίσαι
3142 3157 3304 3210 ἱκανά
3347 3157 3592 3227 ἔχουσιν,
3631 3157 3742 3219 τοὺς

2169 3246 2360 3318 ῶσπερ
2383 3264 2436 3298 τι
2464 3246 2605 3318 μέγα
2635 3249 3019 3318 προτείνοντας
3043 3247 3396 3321 διαπόρημα’
3434 3266 3453 3298 ι
3489 3249 3539 3300 εί
3570 3250 3662 3300 καὶ
3689 3250 3746 3298 ἐκ

2167 3337 2262 3392 τοῦ
2293 3339 2423 3393 Υίοῦ
2454 3339 2514 3392 16
2538 3339 2766 3410 Πνεῦμα
2791 3339 3053 3410 ὑπάρχει,
3081 3331 3226 3394 διἀτί
3253 3341 3312 3391 ἐν
3342 3339 3700 3408 Εὑαγγελίοις
3722 3341 3747 3391 ὁ

2169 3431 2394 3501 Κύριος,
2435 3450 2453 3484 ι
2505 3432 2571 3485 Ὃ
2598 3432 2752 3502 παρὰ
2785 3429 2879 3483 τοῦ
2906 3432 3122 3498 Πατρος
3140 3431 3531 3504 ἐκπορεύεται,
3573 3449 3590 3481 ι
3629 3430 3748 3499 ἔφη,

2169 3524 2247 3596 μὴ
2284 3523 2546 3592 προσθεὶς
2579 3524 2674 3577 καὶ
2720 3523 2802 3586 16,
2855 3522 2914 3588 ἐξ
2965 3522 3146 3592 ἐμοῦ;
3191 3542 3212 3576 ι
3251 3525 3312 3576 is".
3345 3525 3456 3594 γὰρ
3508 3527 3538 3577 ὁ
3585 3525 3747 3594 μέγας

2168 3616 2451 3678 Βασίλειος
2485 3616 2670 3686 αἰτίαν
2708 3613 2805 3667 τοῦ
2834 3615 3342 3683 παρασιωπηθῆναι
3365 3615 3426 3668 16
3455 3615 3638 3684 ὄνομα
3661 3615 3750 3669 τοῦ

2168 3705 2327 3772 Υίοῦ,
2391 3707 2480 3778 ἐφ’
2538 3702 2621 3770 οἷς
2659 3705 2832 3774 λέγει,
2881 3705 2976 3757 τὸν
3016 3704 3236 3776 Πατέρα
3289 3711 3452 3775 μόνον
3496 3707 3695 3759 εἰδέναι
3728 3723 3744 3756 ι

2167 3799 2328 3852 τοῦτο
2373 3799 2524 3868 λέγει
2583 3801 2794 3868 σαφῶς,
2825 3797 2887 3850 τὸ
2940 3816 2958 3849 ι
2997 3798 3096 3869 τὴν
3150 3798 3246 3850 τοῦ
3296 3799 3520 3869 Πατρὸς
3553 3801 3753 3866 γνὼσιν

2168 3893 2313 3946 κατά
2357 3891 2419 3944 16
2451 3890 2805 3962 σιωπώμενον
2838 3891 3042 3960 γνῶσιν
3070 3885 3211 3943 εἶναι
3253 3891 3346 3943 καὶ
3373 3890 3473 3943 τοῦ
3536 3891 3690 3955 Υίοῦ,
3730 3907 3748 3941 ι

2165 3985 2250 4047 τίς
2297 3985 2363 4039 ἂν
2395 3982 2485 4054 εἴη
2519 3984 2726 4047 δίκαιος
2755 3983 2942 4036 ἔκτοτε
2970 3983 3045 4046 ὼς
3075 3982 3170 4035 τοῦ
3213 3982 3542 4052 ΙΙνεύματος
3589 3999 3757 4038 κατα-

2167 4076 2374 4146 γώγιον
2413 4075 2804 4148 καθαρώτερον
2831 4076 3031 4147 τάχαῆ
3067 4076 3208 4130 κατά
3247 4075 3338 4128 τὸν
3375 4074 3562 4147 μέγαν
3595 4076 3755 4130 Βασί-

2166 4171 2310 4224 λειον
2341 4171 2649 4242 διαπορεῖν,
2685 4169 2832 4224 διατί
2862 4171 2940 4240 μὴ
2969 4169 3149 4224 καὶτὸ
3177 4169 3349 4238 ὄνομα
3368 4168 3464 4221 τοῦ
3501 4168 3641 4222 Υῐοῦ
3674 4186 3759 4221 κα·

2164 4263 2235 4317 τὰ
2265 4263 2326 4316 16
2355 4263 2534 4332 πάντη
2561 4261 2832 4333 πρόδηλον
2852 4261 2932 4332 τῷ
2957 4260 3052 4314 τοῦ
3077 4261 3294 4330 Πατρὸς
3320 4263 3758 4330 συνεκφωνείται

2164 4356 2431 4425 ὀνόματι;
2465 4356 2562 4407 καὶ
2616 4356 2666 4406 εἰ
2708 4355 2784 4424 μὴ
2842 4355 3298 4421 συνεκφωνείται,
3340 4353 3490 4408 διατι
3541 4371 3762 4409 συνεπι-

2167 4451 2370 4501 νοεῖται
2401 4464 2415 4514 ;
2451 4448 2630 4519 Ὅπερ
2658 4447 2765 4518 γὰρ
2798 4447 2826 4499 6
2860 4447 3034 4516 μέγας
3073 4439 3232 4510 οὗτος
3269 4446 3457 4518 Πατὴρ
3499 4449 3640 4518 περὶ
3667 4449 3761 4514 τῆς

2166 4539 2422 4608 γνώσεως
2463 4539 2632 4608 λέγει,
2680 4542 2780 4612 τῆς
2817 4541 2946 4610 περὶ
2984 4539 3086 4608 τῆς
3138 4539 3354 4610 ἡμέρας
3382 4540 3639 4610 ἐκείνης,
3673 4540 3764 4591 xiii

2165 4633 2266 4702 τῆς
2315 4631 2465 4702 ὥρας
2518 4631 2706 4700 σαφῶς
2734 4631 3125 4700 ,δογματίζωῃ
3175 4649 3196 4684 ι
3241 4629 3367 4686 Οὐδ’
3423 4631 3495 4685 ἂν
3549 4636 3580 4685 6
3638 4631 3762 4692 Υίὸς

2167 4724 2311 4793 ἔγνω
2343 4725 2560 4794 ἐκείνην
2593 4726 2642 4777 εί
2677 4723 2757 4795 μὴ
2795 4726 2823 4776 ὁ
2868 4723 3060 4795 Πατὴρ
3089 4724 3254 4791 ἔγνω,
3295 4741 3314 4774 ι
3369 4725 3489 4786 τοῖς
3546 4723 3766 4776 ἐκείνου

2167 4817 2351 4885 λόγοις
2382 4817 2782 4888 ἀποθαρῤἠσας
2817 4815 2974 4869 τοῦτο
3013 4815 3108 4870 καὶ
3152 4816 3317 4879 αὐτὸς
3346 4815 3480 4886 περὶ
3534 4816 3645 4886 τῆς
3673 4815 3765 4868 τοῦ

2169 4910 2488 4980 Πνεύματος
2541 4909 2772 4979 προόδου
2819 4908 2932 4980 ἐρῶ
2958 4925 2972 4941 ⁸
3005 4908 3122 4964 Οὐκ
3165 4910 3232 4964 ἀν
3263 4925 3394 4962 ποτε
3419 4908 3485 4961 16
3532 4909 3769 4979 Πνεῦμα

2167 4987 2444 5071 προῆλθεν
2473 5000 2538 5050 ἐκ
2569 4999 2665 5051 τοῦ
2709 4998 2865 5065 Υἰοῦ,
2900 5000 2952 5052 εί
3003 5000 3082 5070 μὴ
3108 4998 3382 5070 προῆλθεν
3416 4999 3486 5050 ἐκ
3520 4998 3626 5050 τοῦ
3661 5001 3769 5051 Ιια·

2163 5094 2292 5162 τρός
2317 5109 2332 5124 ο
2369 5091 2534 5145 πόθεν
2555 5094 2665 5163 γὰρ
2699 5091 2768 5145 ἂν
2798 5092 2894 5145 καὶ
2925 5091 3052 5162 ἔσχε
3081 5090 3310 5161 Πνεῦμα
3333 5089 3487 5158 Υἱὸς,
3517 5091 3551 5142 6
3599 5092 3768 5160 μηδὲν

2164 5186 2306 5256 ἔχων
2347 5185 2481 5237 ἴδιον
2527 5185 2681 5254 παρὰ
2703 5183 2798 5236 τὸν
2835 5183 3079 5253 Πατέρα,
3115 5183 3166 5236 εί
3215 5181 3294 5252 μὴ
3322 5183 3477 5254 παρὰ
3507 5186 3614 5238 τοῦ
3654 5186 3768 5237 Πα-

2162 5278 2287 5348 τρὸς
2318 5277 2562 5348 φυσικῶς
2589 5272 2735 5346 εἶχεν
2764 5276 2938 5343 αὐτό;

2241 5370 2329 5440 ιβ’.
2380 5368 2520 5422 Ἀλλ’
2541 5371 2704 5438 ἡμεῖς
2731 5367 2832 5438 μὲν
2858 5368 2951 5421 καὶ
2983 5368 3072 5438 ἐφ’
3100 5361 3182 5432 οἷς
3203 5370 3241 5440 ἠ
3259 5368 3354 5423 νῦν
3375 5369 3772 5442 διακομισθεῖ-

2173 5479 2244 5516 σα
2278 5464 2414 5533 ἡμῖν
2445 5461 2706 5530 ἐπιστολὴ
2734 5461 2806 5531 σὴ
2833 5461 3163 5533 διελάμϐανε
3193 5462 3265 5515 τά
3290 5463 3539 5534 ῥηθέντα
3588 5465 3774 5518 πάντα

2174 5571 2257 5608 σοι
2287 5553 2749 5624 ἁπελογησάμεθα
2784 5569 2799 5585 ⁸
2833 5554 2898 5607 σὺ
2939 5553 2994 5607 δὲ
3027 5554 3106 5626 μὴ
3136 5554 3398 5625 ἀποθείης
3431 5557 3660 5611 σκοποῦ
3720 5558 3776 5608 16

561 5841 636 5910 (8)
683 5841 922 5912 llnjuscc
975 5840 1219 5910 epistola:
1298 5837 1516 5892 initium
1587 5844 1671 5892 est
1706 5851 1720 5890 :
1750 5833 1875 5888 Jam
1933 5834 2069 5888 inter
2111 5833 2305 5889 mullos
2343 5837 2394 5888 in
2431 5837 2774 5904 mutationem
2835 5837 3051 5889 vertitur
3084 5831 3449 5900 Ermiqclium.
