3974 6564
194 438 287 498 337

1275 434 1378 496 AD
1413 425 2009 495 CONSTANTINUM
2050 433 2198 496 LIB.
2237 433 2291 500 L‘

3314 428 3417 490 338

192 542 706 613 πολυπραγμονῆσαι
733 539 830 596 καὶ
868 542 1182 613 ἐπιστῆσαι,
1215 545 1332 608 πῶς
1359 543 1430 598 δι’
1462 535 1538 596 ὧν
1575 541 1750 596 ἁπάν-

1867 539 2112 613 ndagare
2145 551 2200 598 et
2223 540 2680 609 animadvertere,
2734 541 2991 598 Photium
3045 540 3186 595 inter
3225 553 3287 594 ea
3316 555 3436 594 om.

191 653 289 686 των
314 635 450 688 κατὰ
483 634 914 704 τῆςῬωμαῖκῆς
949 635 1279 706 Ἐκκλησίας
1310 635 1500 708 εἴρηκε
1520 633 1748 700 Φώτιος,

1855 633 1970 700 nia,
2000 647 2121 704 quas
2151 633 2416 689 adversus
2446 633 2751 688 Romanam
2789 631 3086 686 Ecclesiam
3138 629 3434 700 aggeravit,

189 725 289 781 οὐδ’
316 727 448 790 ὅλως
480 729 763 798 γραφικῆς
797 745 942 791 τινος
991 729 1206 798 ρήσεως
1238 729 1612 799 ἐμνημόνευσε
1642 729 1751 783 τῶν

1867 722 2055 780 tullius
2091 725 2294 794 scripto
2325 723 2539 778 tradita:
2553 723 2835 780 sententiae
2858 722 3190 778 mentionem
3221 720 3435 784 fecisse,

190 821 303 872 ὅσαι
331 818 398 872 δι’
427 819 583 884 Υἱοῦ,
617 829 711 874 καὶ
742 820 801 887 ἐξ
832 820 963 873 Υίοῦ
999 819 1273 890 προϊέναι,
1304 820 1399 874 καὶ
1429 822 1751 892 προχεῖσθαι

189 911 244 963 τὸ
267 909 416 976 ἅγιον
445 909 691 979 Πνεῦμα,
731 911 1094 982 προέρχεσθαί
1119 928 1176 964 τε
1211 911 1307 965 καὶ
1335 911 1750 981 ἐκπέμπεσθαι,

191 1003 274 1054 καὶ
301 1001 365 1052 τὰ
401 1001 681 1071 παρόμοια
733 991 976 1070 λέγουσι,
1027 1004 1249 1067 πάντως
1297 1003 1327 1056 ὁ
1375 1002 1612 1074 μὴξπρδς
1653 1004 1755 1075 τὴν

192 1093 439 1160 ἀλήθειαν
505 1094 827 1163 μυωπάζων
874 1095 1218 1159 ἑθελοκάκως
1259 1096 1530 1167 διακρινεί
1572 1097 1649 1160 ὡς
1691 1097 1754 1151 οὐ

191 1185 302 1237 κατ’
343 1187 574 1252 ἄγνοιαν
626 1189 817 1258 Φωτίῳ
853 1189 1011 1242 τοῦτο
1053 1190 1424 1261 συμϐέϐηκεν,
1472 1190 1589 1244 ἀλλ’
1633 1192 1756 1245 ἐπεὶ

194 1279 262 1348 μὴ
291 1277 510 1347 ὲθάρσει
562 1283 746 1352 γυμνῇ
795 1284 862 1350 τῇ
923 1283 1132 1354 κεφαλῇ
1189 1285 1327 1352 πρὸς
1356 1284 1424 1337 τὰ
1465 1285 1560 1338 καὶ
1604 1285 1754 1353 ὴλίου

190 1370 561 1441 λαμπρότερον
615 1371 715 1444 τὴν
763 1373 1029 1444 ἀλήθειαν
1071 1375 1334 1444 φαίνοντα
1372 1376 1620 1446 γραφικὰ
1650 1377 1758 1431 τῶν

188 1463 345 1528 ἁγίων
374 1463 516 1534 ῥητὰ
557 1465 1031 1536 παρατάττεσθαι,
1066 1467 1166 1538 τὴν
1198 1469 1298 1537 μὲν
1328 1469 1386 1535 ἐξ
1419 1467 1635 1540 ἀμύνης
1661 1487 1759 1524 και

190 1555 302 1606 κίαν
339 1555 507 1608 αὐτοῦ
552 1557 645 1610 διὰ
673 1559 1126 1630 παρεξηγήσεων,
1167 1555 1256 1624 αἷς
1283 1561 1432 1632 αὑτῴ
1464 1561 1637 1615 ἐδόκει
1660 1563 1760 1632 τὴν

189 1646 380 1698 οίκείαν
427 1650 695 1716 κουφίσαι
727 1652 978 1720 πικρίαν,
1019 1653 1300 1706 ἐτέλεσενο
1329 1652 1366 1706 ἃ
1395 1652 1451 1706 δὲ
1493 1653 1607 1724 ᾔδει
1645 1656 1759 1717 τοῖς

192 1737 464 1800 ἀντιδίκοις
508 1742 618 1808 τὴν
665 1742 821 1812 ίσχὺν
868 1744 1224 1815 παρεχόμενα
1264 1745 1648 1816 παρέδραμεν,
1681 1744 1758 1809 ὡς

196 1828 317 1896 μηδὲ
350 1831 527 1892 είδώς.
569 1833 673 1886 Διὰ
703 1834 814 1906 γὰρ
845 1835 940 1888 τὸν
988 1836 1097 1889 ἀπὸ
1127 1835 1228 1906 τῆς
1276 1837 1484 1898 οἰκείας
1515 1836 1761 1902 συνειδῆ-

193 1937 316 1984 σεως
346 1921 570 1994 ἔλεγχον
595 1927 693 1978 καὶ⁵
727 1927 994 1996 μεγάλαις
1026 1930 1147 1990 ταῖς
1179 1929 1438 1991 σπουδαῖς
1465 1921 1626 1986 οὗτος
1659 1927 1758 1998 τὴν

191 2013 316 2081 ὑπὲρ
344 2013 442 2082 τῆς
485 2017 722 2086 είρήνης
759 2002 1175 2090 συγκεκρότηκε
1225 2019 1465 2074 σύνδδον.
1509 2021 1573 2072 Οί
1617 2019 1660 2071 δ’
1697 2019 1757 2087 ἐξ

193 2103 385 2155 ἐκείνου
422 2106 521 2158 καὶ
547 2107 749 2177 ἑφεξῆς
782 2108 882 2178 τὴν
921 2109 1014 2161 ἐπὶ
1058 2110 1252 2162 ἑκατὸν
1293 2110 1430 2178 πρὸς
1459 2112 1572 2173 τοῖς
1603 2111 1754 2164 ἐϐδο-

196 2196 420 2264 μήκοντα
459 2199 613 2252 ἔτεσι
646 2202 811 2270 μέχρι
854 2202 950 2254 τοῦ
992 2201 1374 2272 Κηρουλαρίου
1410 2201 1614 2272 μεταξὺ
1647 2203 1757 2256 τῶν

206 2285 528 2358 Ἐκκλησιῶν
559 2293 875 2361 κρατοῦσαν
915 2296 1140 2366 είρήνην
1181 2295 1459 2364 τιθέμενοι
1508 2293 1637 2366 παρ’
1662 2296 1754 2346 οὺ-

193 2379 290 2444 ὁὲν,
325 2383 500 2450 μόνων
534 2377 616 2438 ὧν
644 2386 781 2456 πρὸς
825 2386 1028 2458 ἔχθραν
1059 2387 1155 2441 καὶ
1201 2388 1404 2442 κακίαν
1442 2389 1647 2451 ἐκεῖνος
1681 2391 1755 2440 εί-

198 2473 356 2541 ρὴκει,
393 2477 742 2546 ἀντέχονται,
777 2481 999 2544 καὶτὰς
1028 2481 1283 2550 ἀφορμὰς
1312 2478 1522 2533 ἐκεῖθεν
1571 2479 1763 2533 λαϐόν-

197 2579 296 2627 τες,
338 2568 457 2618 κατ’
492 2567 680 2636 ὀλίγον
721 2571 1192 2642 προκεχωρήκασι
1248 2571 1386 2640 πρὸς
1416 2571 1478 2624 τὸ
1511 2574 1606 2627 καὶ
1636 2574 1754 2634 ταῖς

199 2659 422 2725 γραφαῖς
459 2660 658 2723 αὑταῖς
686 2661 1016 2732 ἀντιλέγειν,
1049 2657 1122 2716 ὧν
1153 2667 1275 2726 ταῖς
1310 2664 1570 2734 ἀληθέσιν
1599 2664 1760 2717 ἀντοι-

202 2748 448 2819 φθαλμεῖν
469 2753 574 2806 οὐκ
599 2754 711 2807 ἔδει
736 2755 932 2819 αὐτοὺς
958 2756 1306 2827 περιλήψεσι.
1337 2756 1408 2808 Σὺ
1440 2755 1484 2808 δ’
1506 2755 1642 2809 ἀλλὰ
1666 2756 1764 2808 καὶ

203 2840 296 2892 τῶν
345 2843 606 2898 τοιούτων
643 2846 788 2916 ἔχεις
821 2848 912 2902 τὸν
945 2849 1186 2919 ἔλεγχον,
1219 2850 1278 2916 ἐξ
1314 2842 1390 2901 ὧν
1437 2850 1496 2902 ὲν
1522 2847 1600 2919 τῷ
1629 2848 1764 2918 πρὸς

208 2932 257 2984 σὲ
289 2933 479 3006 πρώτῳ
513 2939 612 2990 καὶ
643 2938 881 3010 δευτέρῳ
913 2940 1063 3010 τόμῳ
1135 2941 1238 3009 τῆς
1273 2939 1563 3010 ἐπιστολῆς
1607 2939 1764 3010 ἡμῶν

205 3015 562 3093 διειλήφαμεν.

1851 832 2040 872 earum
2062 857 2077 882 ,
2128 815 2351 887 inquam
2375 857 2391 884 ,
2431 816 2484 870 in
2515 815 2715 886 quibus
2767 814 3004 884 Spiritus
3029 824 3254 870 sanctus
3284 829 3435 867 asse-

1853 919 2093 973 veratur,
2133 925 2228 979 per
2257 907 2478 974 Filium,
2499 918 2556 963 et
2584 923 2649 962 ex
2682 907 2819 962 Filio
2843 908 3094 978 progredi
3125 918 3176 961 et
3203 905 3434 969 effundi,

1854 1001 2141 1072 provenire
2177 1010 2231 1056 et
2270 1001 2467 1068 emitti,
2496 1009 2551 1056 et
2579 1001 2624 1056 si
2659 1017 2781 1070 quae
2801 1009 2932 1056 sunt
2961 1000 3064 1055 alia
3098 1001 3183 1055 liis
3216 999 3436 1055 similia.

1855 1096 1960 1162 Qui
1989 1097 2134 1152 circa
2167 1095 2449 1150 veritatem
2481 1095 2718 1164 maligne
2746 1111 2854 1150 non
2887 1093 3438 1160 cmcutit,discernet,

1855 1205 1965 1246 non
2001 1189 2053 1244 id
2084 1204 2150 1244 ex
2176 1203 2358 1243 rermn
2399 1204 2588 1244 earum
2639 1189 2976 1258 ignoratione
3025 1187 3219 1241 Pliotio
3261 1187 3438 1240 conti-

1857 1283 2005 1354 gisse
2029 1322 2044 1347 ,
2089 1283 2182 1338 sed
2211 1297 2336 1337 cum
2373 1281 2638 1338 adversus
2669 1290 2989 1337 sanctorum
3041 1279 3260 1334 Patrum
3321 1294 3438 1333 scn-

1855 1373 2079 1436 temias.
2147 1372 2266 1443 ipso
2327 1372 2444 1428 sole
2491 1371 2693 1426 clarius
2741 1371 3026 1425 veritatem
3063 1369 3441 1431 ostendentes,

1857 1482 1976 1523 sese
2010 1481 2283 1536 opponere
2309 1480 2417 1520 non
2453 1465 2700 1528 auderet,
2735 1480 2888 1519 suam
2915 1479 2979 1518 ex
3014 1462 3264 1518 vindicta:
3301 1461 3440 1516 desi-

1859 1557 2009 1611 derio
2025 1566 2202 1611 ortam
2217 1557 2286 1611 im
2297 1555 2641 1625 probitatem,
2665 1556 2845 1624 pravis
2861 1551 3426 1620 interpretationibus.

1861 1650 2065 1718 quibus
2096 1649 2372 1718 propriam
2425 1646 2846 1702 amaritudinem
2893 1643 3141 1698 emollire
3171 1643 3442 1697 existima-

1859 1740 1974 1803 bat,
2031 1738 2323 1808 complevit
2360 1752 2524 1808 :qua:
2582 1745 2765 1792 autem
2849 1734 3058 1790 sciebat
3116 1732 3443 1787 adversariis

1862 1832 2034 1886 robur
2091 1831 2314 1898 addere,
2360 1830 2514 1900 quasi
2577 1845 2642 1884 ea
2699 1829 2958 1890 nesciret,
2992 1827 3272 1897 prmteriit.
3311 1823 3444 1878 Nam

1865 1940 1990 1980 cum
2035 1940 2065 1980 a
2121 1925 2336 1994 prepria
2387 1921 2725 1978 conscientia
2782 1928 3161 1984 accusaretur,
3223 1918 3438 1987 magnis

1864 2015 2156 2071 conatibus
2201 2030 2303 2084 pro
2354 2028 2488 2084 pace
2549 2014 2783 2068 ineunda
2827 2013 3096 2084 synodum
3133 2009 3444 2066 celebravit.

1864 2109 1969 2178 Qui
2002 2124 2167 2181 porro
2197 2123 2262 2164 ex
2292 2124 2359 2163 eo
2383 2118 2435 2162 et
2462 2107 2770 2163 subsecutis
2797 2105 3131 2174 temporibus
3162 2121 3258 2174 per
3277 2119 3445 2158 annos

1861 2213 2080 2260 centum
2140 2211 2196 2257 et
2249 2206 2590 2272 septuaginta
2633 2201 2698 2255 ad
2729 2199 2998 2256 Cerularii
3046 2206 3259 2252 aetatem
3299 2197 3439 2251 inter

1865 2295 2134 2350 Ecclesias
2180 2309 2367 2364 pacem
2423 2293 2819 2357 continuatam,
2857 2291 3009 2345 nihili
3049 2289 3274 2352 faciunt,
3305 2289 3446 2342 illius

1863 2385 2084 2444 \antum
2117 2389 2183 2444 ad
2234 2387 2622 2458 concipiendas
2674 2385 2991 2440 inimicitias
3045 2400 3108 2438 ac
3143 2382 3447 2438 simultates

1870 2482 2096 2551 scripta,
2147 2481 2570 2550 amplectuntur,
2638 2479 2873 2546 indeque
2922 2484 3243 2546 argumenta
3306 2473 3446 2528 arri-

1875 2573 2108 2644 pientes,
2155 2571 2414 2642 paulatim
2467 2586 2533 2625 eo
2594 2583 2932 2640 processere,
2982 2575 3116 2620 utet
3155 2563 3447 2635 Scriptutis

1871 2665 2270 2729 contradicant,
2302 2679 2534 2734 quarum
2565 2677 2722 2716 veras
2753 2659 3133 2731 perceptiones
3163 2658 3448 2712 adversum

1870 2755 2069 2810 intueri
2095 2771 2310 2826 aequum
2338 2771 2446 2811 non
2474 2766 2609 2808 erat.
2653 2753 2735 2807 Tu
2767 2767 2898 2807 vero
2925 2751 2990 2806 ad
3035 2753 3150 2805 haec
3199 2747 3289 2810 iis,
3331 2761 3448 2816 qurr

1870 2851 2068 2918 primo,
2091 2857 2145 2902 ct
2167 2850 2409 2903 secundo
2433 2856 2579 2902 tomo
2610 2845 2856 2916 epistolae
2906 2851 3107 2898 nostra:
3143 2841 3209 2894 ad
3261 2851 3313 2894 te
3338 2838 3449 2908 iam

1871 2949 2031 2994 antea
2088 2939 2305 3010 scriptae
2371 2938 2853 3010 pertractavimus,
2923 2941 3232 3006 promptam
3285 2932 3448 2988 babes

1872 3032 2308 3102 responsionem.

219 3158 2480 3188 Ἦ

1315 3259 1663 3394 ΤΟΥ
1741 3183 2322 3391 ΑΥΤΟΥ

1765 3496 1906 3552 ΤΩΝ

951 3646 1366 3766 ΠΡΟΣ
1451 3643 2674 3763 ΚΩΝΣΤΑΝΤΙΝΟΝ

1471 3871 1621 3956 ΤΟ
1697 3865 2192 3955 ΠΡΩΤΟΝ.

1467 4194 2185 4326 EJUSDEM

993 4450 1196 4566 AD
1312 4451 2667 4628 CONSTANTINUM

1358 4693 1712 4784 LIBER
1785 4694 2278 4786 PRIMUS.

286 5049 347 5109 α’.
365 5052 556 5108 Φθάνω
585 5050 687 5122 μὲν
716 5050 907 5118 τάξας,
935 5051 1028 5106 καὶ
1053 5045 1168 5104 οἷον
1197 5050 1578 5122 διορισάμενος
1611 5052 1761 5121 tam

1953 5055 2004 5110 1.
2044 5054 2368 5110 ,ιαιιιίηυιιο
2417 5064 2544 5112 ante
2568 5057 2980 5121 constitueram,
3014 5063 3070 5110 et
3096 5063 3306 5112 tantum
3338 5071 3448 5114 nan

228 5143 293 5215 τῷ
319 5146 408 5218 τὴν
446 5145 592 5203 κατὰ
627 5145 737 5199 τῶν
763 5144 1156 5212 ἀντιλεγόντων
1184 5147 1250 5215 τῇ
1281 5143 1510 5214 ἀληθείᾳ
1534 5141 1628 5196 τοῦ
1653 5143 1777 5210 δόγ-

232 5253 381 5300 ματος
407 5238 518 5292 τῶν
540 5237 692 5308 ὲμῶν
713 5235 1172 5308 γραφῶννστῆσαι
1194 5235 1388 5306 φορὰν,
1425 5236 1519 5288 ἅτε
1571 5233 1774 5295 ἱκανῶς

229 5326 446 5398 Χριστοῦ
500 5332 694 5401 χάριτι
745 5329 842 5382 καὶ
893 5327 1068 5397 ίσχύει
1104 5327 1202 5398 τῆς
1233 5327 1490 5397 ἀληθείας
1525 5325 1773 5396 ἐλέγξας,

230 5420 339 5486 τορς
361 5440 419 5476 τε
454 5424 551 5478 νῦν
583 5421 908 5483 ἀλλοκότους
937 5420 1124 5483 ἀνοίας
1146 5423 1261 5485 τοῖς
1282 5422 1514 5491 δόγμασι
1541 5438 1774 5490 παρεισ-

233 5513 551 5586 φθείροντας,
583 5516 708 5579 τούς
752 5533 815 5568 τε
870 5515 978 5585 πρὸ
1015 5512 1198 5568 αὐτῶν
1229 5515 1371 5568 κατὰ
1407 5513 1774 5582 ἀναποδισμὸν

238 5606 408 5678 μέχρις
437 5609 602 5665 αὐτοῦ
640 5609 847 5661 Φωτίου
880 5607 1288 5678 συγγράμματα
1317 5605 1774 5667 καταλελειπότας

237 5697 312 5750 ἐπ’
342 5701 590 5771 ἀθετήσει
617 5701 718 5767 τῆς
746 5701 809 5752 ὲκ
837 5699 1050 5770 Πατρὺς
1079 5698 1173 5752 καὶ
1209 5697 1366 5760 Υίοῦ,
1401 5697 1681 5750 τουτέστιν
1713 5699 1778 5748 ὲκ

242 5787 427 5859 Harpe;
464 5793 528 5845 δι’
554 5789 684 5844 Υἱοῦ
709 5790 994 5862 ὑπάρξεως
1023 5793 1115 5843 τοῦ
1140 5789 1454 5860 [Ινεὺματος
1477 5788 1572 5840 τοῦ
1596 5789 1778 5855 ἁγίου.

254 5877 386 5932 Ἐπει
419 5884 468 5937 δέ
497 5902 600 5948 σοι,
628 5883 783 5950 δόξαν
813 5883 953 5939 οὕτω
981 5903 1080 5950 σοι,
1120 5884 1236 5951 φίλε
1266 5901 1354 5952 μοι
1383 5884 1777 5942 Κωνσταντῖιιε,

1885 5145 2016 5200 milii
2077 5147 2554 5216 prmscripseram,
2590 5147 2858 5204 adversus
2925 5161 3054 5212 eos,
3095 5148 3190 5218 qui
3245 5149 3450 5203 verita-

1884 5244 1990 5290 tem
2050 5235 2322 5307 dogmatis
2385 5248 2740 5317 oppugnant,
2793 5252 3038 5293 mearum
3090 5240 3452 5310 scriptionum

1882 5329 2140 5398 impetum
2190 5342 2522 5399 cursumque
2568 5329 2850 5394 cohibere,
2904 5339 3161 5400 tanquam
3211 5332 3304 5401 qui
3360 5347 3453 5384 sa-

1883 5424 1952 5475 tis
1996 5422 2214 5476 abunde
2264 5422 2468 5477 Christi
2527 5421 2816 5491 adjuvante
2855 5426 3070 5492 gratia,
3117 5432 3172 5478 et
3225 5425 3454 5478 veritate

1883 5515 2048 5568 robur
2106 5514 2378 5576 addente.
2445 5525 2558 5570 tum
2635 5530 2730 5571 eos
2801 5517 2896 5586 qui
2969 5531 3114 5571 nune
3184 5515 3453 5570 absurdos

1884 5605 1938 5658 in
2008 5607 2350 5674 dogmatibus
2419 5607 2718 5662 sententias
2769 5607 3072 5676 perniciose
3136 5607 3450 5663 invehunt:

1882 5708 1994 5751 tmn
2055 5713 2149 5751 eos
2186 5701 2276 5768 qui
2334 5708 2460 5753 ante
2512 5699 2656 5762 illos.
2707 5698 2752 5752 si
2791 5705 3059 5753 retroacta
3097 5707 3338 5767 tempora
3370 5701 3436 5752 ad

1881 5788 2057 5855 ipsum
2099 5787 2350 5842 Pliotium
2391 5789 2724 5852 consideras,
2755 5790 3179 5845 commentarios
3196 5790 3261 5843 ad
3287 5790 3451 5842 refel-

1883 5880 2119 5946 lendum,
2178 5898 2244 5935 ex
2291 5879 2448 5938 Patre
2503 5893 2556 5938 et
2610 5879 2770 5946 Filio,
2834 5883 2937 5938 hoc
2967 5891 3133 5940 oste!
3169 5881 3322 5939 Patre
3358 5897 3450 5953 per
