3870 6560
177 446 267 509 Sil

1274 446 1375 507 AD
1414 439 2013 506 CONSTANTINUM
2054 441 2201 505 LIB.
2246 442 2299 507 I.

3307 439 3414 503 352

177 559 491 624 συνάγεσθαι
517 559 581 615 τὸ
619 560 712 615 καὶ
756 560 891 616 αὐτὸ
930 562 1177 632 Πνεῦμα,
1228 562 1316 617 διὰ
1359 562 1422 616 τὸ
1465 560 1602 630 πρὸς
1643 559 1736 611 τὸν

1844 557 2041 626 colligi,
2101 559 2349 612 eumdem
2412 572 2606 627 nempe
2652 546 2941 628 Spiritum,
2975 555 3122 628 quod
3173 555 3314 612 Patri
3359 560 3411 612 et

174 652 380 721 Πατέρα
427 652 526 706 καὶ
569 654 664 708 τὸν
694 653 827 707 Υίδν
867 654 1156 725 όμοούσιον
1187 652 1557 725 προϐλητικὸν
1595 650 1735 706 εἶναι

172 746 260 799 καὶ
312 747 712 815 ἑκπορευτικόν
741 763 759 778 ο
795 747 919 812 πῶς
973 748 1075 801 οὐκ
1132 748 1305 815 ἑγνως
1355 748 1448 802 τὸν
1501 746 1731 803 σεαυτοῦ

171 835 422 889 συνιστῶν
451 835 699 907 ἔλεγχον,
727 838 819 891 καὶ
850 838 1086 909 ἀγχόνην
1109 839 1368 910 ἄντικρυς
1401 839 1579 908 ἑαυτῷ
1609 839 1738 892 πλέ-

168 945 289 989 κων,
312 928 441 981 ὅταν
465 927 572 998 τὴν
600 930 859 998 τοιαύτην
887 930 1045 1000 ῥῆσιν
1063 930 1433 1000 ὲξηγούμενος
1460 932 1547 994 σὺ,
1576 949 1596 982 ι
1622 931 1736 984 Κα-

166 1019 268 1082 λῶς
294 1018 361 1072 ἀν
396 1017 513 1088 ἔχοι
550 1021 646 1074 καὶ
684 1020 948 1086 εὐσεϐῶς,
980 1041 999 1073 ι
1037 1023 1248 1090 ἔλεγες,
1287 1023 1350 1077 τὸ
1392 1026 1456 1078 ὲκ
1500 1024 1599 1093 τῆς
1640 1023 1734 1077 τοῦ

166 1111 367 1182 Πατρὸς
392 1109 597 1173 οὐσίας
624 1112 922 1182 λεγόμενον
947 1113 1041 1167 καὶ
1075 1114 1142 1167 ὲκ
1168 1115 1266 1185 τῆς
1292 1115 1387 1169 τοῦ
1421 1116 1548 1169 Υίοῦ
1579 1115 1736 1184 λέγε-

167 1203 324 1266 σθαις
366 1203 465 1273 μία
497 1205 633 1275 γάρ.
676 1224 694 1256 ι
751 1206 972 1272 Ἔξεστι
1010 1207 1119 1278 γάρ
1163 1209 1384 1270 πάντως
1418 1208 1510 1263 τὸν
1544 1208 1734 1278 βουλό·

169 1294 317 1364 μενόν
342 1310 426 1348 σοι
479 1296 799 1365 ἀντιλέγειν
846 1299 1022 1351 εἰπεῖν
1051 1298 1128 1361 ὡς
1165 1299 1226 1352 ὃν
1257 1300 1484 1369 τρόπον,
1522 1294 1568 1354 ὦ
1599 1301 1737 1355 πάν-

163 1386 316 1454 τολμε
353 1386 578 1455 Κύπριε
616 1389 703 1451 σὺ,
738 1389 770 1441 ό
808 1389 909 1457 τῆς
951 1389 1046 1443 τοῦ
1092 1391 1410 1459 Πνεῦματος
1456 1394 1595 1462 πρὸς
1642 1392 1735 1448 τὸν

165 1480 372 1548 Πατέρα
421 1481 517 1534 καὶ
546 1481 641 1536 τὸν
684 1481 816 1536 Υίὸν
843 1484 1265 1554 ὀμοουσιότητος
1297 1484 1455 1553 λόγος
1488 1487 1732 1550 ἀπαιτεῖ,

166 1567 333 1631 καθώς
364 1586 452 1622 σοι
481 1571 655 1631 δοκεῖ,
698 1572 1068 1643 προϐλητικὸν
1100 1570 1242 1627 εἶναι
1274 1575 1337 1628 τὸ
1370 1575 1595 1645 Πνεῦμα
1640 1577 1735 1629 καὶ

164 1661 574 1728 ὲκπορευτικὸν,
622 1664 722 1718 ὲάν
762 1683 850 1729 τις
901 1666 1003 1736 τὴν
1039 1668 1105 1719 ἐκ
1141 1669 1253 1737 ,τῆς
1295 1668 1488 1732 οὐσίας
1517 1670 1734 1740 Πατρὸς

165 1755 250 1802 καὶ
272 1752 400 1804 Υίοῦ
428 1748 577 1807 εἷναι
606 1755 668 1808 τὸ
702 1756 928 1827 Πνεῦμα
967 1760 1287 1826 φάσκουσαν
1320 1762 1483 1831 ῥῆσιν
1526 1762 1609 1824 είς
1643 1762 1735 1814 τὸν

164 1841 255 1910 τῆς
303 1843 487 1907 αἰτίας
524 1843 694 1914 λόγον
740 1848 1019 1918 ὲκδὲχοιτο
1055 1865 1072 1882 σ
1110 1847 1290 1913 οὕτως
1333 1851 1363 1904 ὁ
1410 1850 1512 1918 τῆς
1563 1851 1734 1920 αὐτῆς

166 1935 576 2006 succaedaneae
634 1938 797 2008 λόγος
851 1942 996 1996 κατά
1051 1942 1151 2013 τὴν
1214 1943 1389 2014 αὐτὴν
1438 1945 1736 2013 ἀπαιτήσει

165 2026 417 2096 ἀνάγκην,
448 2032 549 2083 καὶ
584 2034 652 2086 ὲκ
680 2033 780 2102 τῆς
804 2034 1001 2087 ἑαυτοῦ
1031 2030 1251 2089 εἶναιτὸ
1281 2036 1506 2105 Πνεῦμα
1531 2036 1739 2103 οὐσίας,

168 2120 272 2181 ὲάν,
298 2120 374 2185 ὡς
400 2122 467 2175 σὺ
493 2140 556 2176 τε
566 2124 799 2198 paterin,
837 2144 857 2178 ι
890 2126 1075 2190 καλῶς
1099 2125 1213 2197 εχει
1247 2126 1338 2182 καὶ
1373 2128 1616 2192 εὐσεϐῶς
1645 2130 1740 2182 καὶ

166 2213 224 2264 ἐκ
261 2213 357 2282 τῆς
382 2214 481 2267 τοῦ
526 2215 662 2269 Υίοῦ
710 2216 972 2286 λέγεσθαι
1015 2217 1078 2271 τὸ
1134 2221 1199 2272 ἐκ
1255 2219 1356 2289 τῆς
1388 2221 1485 2274 τοῦ
1526 2221 1742 2291 Πατρδς

166 2305 340 2369 οὐσίας
383 2305 691 2377 λεγόμενον
732 2309 890 2378 ἅγιον
934 2311 1181 2381 Πνεῦμα,
1233 2312 1323 2366 διὰ
1369 2312 1431 2366 τὸ
1468 2314 1601 2384 μίαν
1641 2313 1738 2368 τοῦ

170 2398 289 2451 Υἱοῦ
322 2401 415 2452 καὶ
443 2402 668 2471 ηατρὸς
695 2397 836 2456 εἶναι
873 2403 1086 2461 οὐσίαν.
1120 2423 1140 2456 ι
1197 2406 1323 2469 Πῶς
1349 2405 1524 2460 ταῦτά
1555 2424 1615 2460 σε
1648 2409 1741 2461 τὸν

170 2495 470 2561 σοφώτατον
506 2495 724 2561 ἔλαθες
758 2498 885 2561 Πῶς
917 2497 1013 2550 τὸν
1053 2498 1486 2567 Ἀριστοτελικόν
1520 2516 1602 2565 σε,
1642 2502 1740 2554 καὶ

171 2588 406 2656 μεγάλως
443 2587 702 2643 Πλάτωνι
741 2572 1187 2660 ὲγκαυχώμενον,
1221 2592 1453 2647 συνιδεῖν
1480 2594 1580 2647 οὐκ
1614 2596 1739 2662 ὲγέ-

168 2698 298 2741 νετο,
326 2682 476 2743 ὅπως
511 2682 759 2752 ἀγχόνην
787 2681 963 2735 ταῦτα
989 2683 1165 2752 λέγων
1193 2685 1407 2755 σεαυτῷ
1429 2685 1673 2767 πλέκεις,
1702 2688 1735 2758 ἢ

172 2773 310 2843 ξίφος
334 2775 474 2844 πρὸς
519 2775 623 2845 τὴν
649 2775 759 2827 τῶν
795 2775 1015 2829 οἰκείων
1055 2775 1310 2842 ἐγκάτων
1351 2776 1580 2847 ἔκχυσιν
1609 2781 1740 2850 χαλ-

172 2870 445 2934 κουργεῖςς
490 2867 690 2920 ’Λτινα
723 2868 787 2937 δὴ
818 2868 887 2919 τὰ
921 2867 1127 2935 ἔγκατα
1153 2867 1326 2922 ταῦτα
1354 2866 1736 2941 ὐποληπτέον;

173 2953 312 3011 Εἶναι
335 2959 393 3013 δὲ
421 2958 604 3013 ταῦτα
642 2955 794 3029 οἶμαι
826 2961 925 3029 τῆς
973 2959 1074 3029 σῆς
1114 2962 1311 3030 φρενὸς
1349 2964 1416 3017 τὰ
1451 2962 1739 3018 δυσέλικτα

176 3051 259 3103 καὶ
287 3052 464 3125 πλήρη
497 3054 747 3124 κόπρου,
809 3054 909 3123 τῆς
955 3055 1244 3124 αἱρετικῆς
1283 3055 1548 3119 δυσωδίας
1593 3056 1739 3126 λέγω

171 3142 517 3214 διανοήματα.
552 3148 627 3199 Ἦ
662 3149 774 3216 γὰρ
801 3147 954 3200 οὐδὲν
996 3143 1136 3201 εἶναι
1173 3149 1380 3204 ἄτοπον
1406 3149 1733 3217 ἀποδείξεις,

1838 645 1976 700 Filio
2010 647 2494 702 consubstantialis
2510 656 2614 713 est,
2656 656 2939 719 propterea
2972 655 3026 703 et
3052 645 3411 717 producendi.

1835 746 1889 791 et
1914 738 2209 807 procedere
2238 739 2472 794 faciendi
2507 749 2834 811 potestatem
2880 739 3101 806 habere,
3139 738 3415 809 quomodo

1837 843 1946 881 nou
1973 829 2248 897 agnoscis,
2281 838 2445 885 tuam-
2463 839 2711 888 astruere
2733 831 3137 896 refutationem,
3157 840 3210 885 et
3234 830 3413 911 palam

1838 929 1891 974 te
1946 920 2143 991 laqueo
2186 923 2484 991 involvere,
2530 940 2653 980 cum
2684 924 2863 980 simile
2901 923 3111 980 dictum
3142 924 3414 993 interpre-

1836 1021 1959 1067 tans
2006 1022 2082 1078 tu,
2121 1030 2139 1065 ι
2168 1013 2308 1069 liene
2357 1015 2552 1085 pieque
2616 1016 2912 1081 enuntiari,
2959 1035 2978 1069 ι
3040 1016 3416 1078 asseverabas,

1844 1123 1863 1157 ι
1897 1106 2040 1175 quod
2073 1120 2140 1160 ex
2174 1105 2352 1161 Patris
2379 1108 2617 1163 essentia
2664 1108 2888 1177 dicitur,
2911 1125 2979 1164 ex
3010 1110 3248 1165 essentia
3279 1125 3419 1178 quo-

1835 1213 1944 1268 que
1983 1197 2105 1252 Filii
2129 1198 2260 1263 dici,
2285 1214 2396 1253 una
2421 1200 2691 1268 siquidem
2723 1210 2828 1256 est.
2867 1220 2887 1254 ι
2924 1199 3110 1258 Potest
3145 1199 3417 1272 siquide

1836 1291 2149 1361 quicunque
2166 1292 2260 1346 tibi
2275 1292 2648 1346 contradicere
2668 1302 2921 1359 conatur,
2942 1309 3207 1358 asserere,
3226 1308 3421 1363 quein-

1837 1384 2162 1450 admodum,
2207 1399 2240 1438 ο
2270 1385 2503 1456 Cyprie,
2536 1385 2630 1455 qui
2659 1387 2844 1442 omnia
2870 1387 3075 1454 audes,
3107 1388 3243 1441 ratio
3285 1402 3423 1442 conc

1837 1476 2310 1532 substantialitatis
2350 1477 2590 1547 Spiritus
2645 1493 2772 1547 erga
2828 1477 3046 1533 Patrem
3111 1490 3165 1533 ct
3220 1477 3419 1532 Filitttn

1837 1577 2096 1641 postulat,
2131 1572 2211 1628 sic
2235 1572 2378 1626 enim
2421 1572 2696 1639 decernis,
2747 1581 2807 1626 ut
2858 1570 3096 1644 Spiritus
3133 1570 3420 1644 producat.

1836 1674 1890 1719 et
1914 1666 2206 1734 procedere
2237 1664 2420 1727 faciat,
2448 1665 2493 1719 si
2526 1666 2648 1733 quis
2693 1665 2900 1720 dictum
2937 1680 3047 1736 quo
3072 1666 3320 1725 traditur.
3356 1681 3422 1719 ex

1835 1755 2071 1811 essentia
2093 1754 2272 1809 Patris
2292 1764 2347 1810 et
2378 1754 2499 1809 Filii
2536 1754 2798 1825 Spiritum
2824 1771 2966 1816 esse.
2999 1770 3223 1810 causam
3251 1755 3425 1808 denu-

1840 1856 1955 1901 tare
2013 1847 2332 1913 contendat,
2385 1848 2502 1917 pari
2563 1847 2724 1901 modo
2778 1847 3024 1915 ejusdem
3056 1848 3425 1903 consubstan-

1842 1938 2085 1993 tialitatis
2151 1938 2315 2003 ratio,
2369 1938 2682 1993 necessario
2736 1935 3000 2008 requiret,
3056 1954 3120 1993 ex
3171 1954 3268 1994 sua
3301 1954 3425 1994 esse

1839 2032 2077 2085 essentia
2112 2023 2400 2101 Spiritum,
2434 2031 2480 2085 si
2510 2040 2565 2087 ut
2609 2041 2665 2086 tu
2699 2031 3010 2101 prodigiose
3045 2032 3222 2100 lingis,
3249 2053 3265 2083 ι
3288 2032 3426 2086 liene

1840 2124 2053 2193 pieque,
2079 2139 2144 2178 ex
2168 2124 2406 2179 essentia
2437 2123 2561 2179 Filii
2593 2124 2722 2187 dici,
2755 2122 2847 2193 qui
2879 2140 2942 2178 ex
2980 2122 3161 2180 Patris
3187 2127 3423 2179 essentia

1838 2216 2106 2270 astruitur
2165 2214 2399 2286 Spiritus
2461 2224 2708 2278 sanctus,
2768 2216 2914 2285 quod
2966 2232 3073 2271 una
3141 2215 3316 2271 Patris
3370 2226 3427 2271 et

1839 2309 1960 2364 Filii
1991 2309 2228 2365 essentia
2256 2320 2362 2367 est.
2404 2328 2421 2362 ι
2449 2308 2738 2377 Quomodo
2779 2320 2853 2373 te,
2890 2309 2982 2380 qui
3018 2310 3176 2381 pleno
3206 2321 3425 2381 pectore

1839 2401 2007 2471 sapis,
2040 2402 2155 2457 haec
2179 2403 2428 2458 latuere?
2458 2404 2771 2470 Quomodo,
2801 2406 2894 2475 qui
2923 2407 3274 2462 Aristotelem
3312 2407 3425 2476 spi-

1840 2509 1952 2558 ras,
2006 2503 2061 2549 et
2111 2510 2369 2564 magnum
2429 2495 2506 2550 tui
2577 2497 2779 2552 fastum
2817 2498 2869 2551 in
2905 2496 3129 2551 Platone
3160 2497 3425 2558 collocas.

1838 2601 2174 2657 cegnoscere
2223 2603 2331 2642 non
2392 2589 2639 2659 potuisti,
2695 2589 2948 2659 laqueum
2997 2590 3090 2644 tibi
3134 2590 3420 2659 adaptare,
3512 2642 3518 2668 ζ

1838 2689 1892 2733 et
1919 2694 2131 2745 ensem,
2167 2682 2231 2735 ad
2265 2688 2485 2735 tuorum
2532 2682 2804 2735 viseerqu
2856 2680 3178 2737 effusionem
3214 2696 3428 2752 przrpa.

1838 2772 1998 2826 rare?
2020 2771 2153 2839 Quae
2191 2773 2401 2828 viscera
2437 2788 2544 2827 non
2571 2772 2675 2828 alia
2707 2788 2827 2829 esse
2856 2774 3284 2829 existimandum
3320 2782 3425 2836 est,

1836 2879 1998 2932 quam
2063 2873 2170 2919 tua!
2225 2865 2423 2921 mentis
2477 2864 2815 2920 circumactu
2861 2860 3144 2929 difﬁciles,
3188 2875 3243 2921 et
3297 2867 3428 2921 tium

1838 2957 2086 3024 refertas,
2119 2958 2356 3013 luet-elici
2388 2957 2601 3013 scilicet
2630 2959 2843 3028 putaris
2866 2974 3029 3029 grave
3053 2959 3264 3015 olentes
3295 2976 3426 3013 sen-

1842 3051 2061 3105 tentias.
2114 3049 2362 3121 Namque
2411 3052 2456 3106 si
2499 3051 2711 3105 nullum
2740 3068 2861 3108 esse
2890 3051 3189 3106 absurdum
3233 3061 3428 3108 osten-

1837 3142 2010 3207 deris,
2054 3150 2113 3195 ut
2162 3141 2352 3195 eadem
2393 3150 2657 3211 repetam.
2708 3142 2801 3211 qui
2846 3158 2909 3196 ex
2961 3141 3142 3197 Patris
3184 3148 3239 3196 et
3303 3139 3427 3195 Filii

176 3235 242 3299 ὡς
277 3237 341 3291 ἂν
382 3240 604 3309 εἴποιμι
641 3239 711 3293 τὰ
753 3241 913 3307 αὐτὰ,
943 3241 1003 3294 τὸ
1033 3242 1097 3294 ὲκ
1128 3241 1225 3310 τῆς
1254 3242 1349 3296 τοῦ
1392 3244 1605 3315 Πατρδς
1642 3247 1739 3298 καὶ

1844 3235 2081 3291 essentia
2108 3234 2313 3291 dicitur
2357 3235 2613 3306 Spiritus,
2645 3236 2809 3292 etiam
2846 3250 2909 3290 ex
2944 3234 3028 3289 sui
3067 3233 3371 3304 ipsiusdici
3410 3250 3426 3286 :

178 3327 293 3381 Υίοῦ
334 3330 641 3401 λεγόμενον
683 3332 914 3402 Πνεῦμα
940 3334 1151 3401 οὐσίας,
1180 3337 1276 3390 καὶ
1314 3336 1380 3388 ὲκ
1411 3337 1510 3405 τῆς
1540 3338 1738 3393 ἑαυτοῦ

179 3416 413 3485 λέγεσθαι
438 3437 454 3452 ο
506 3422 706 3492 φθάνει
763 3424 875 3493 γὰρ
927 3423 996 3477 ἂν
1021 3424 1195 3488 οὕτως
1227 3427 1621 3496 ἀναμφιϐόλως
1652 3428 1744 3482 διὰ

178 3510 229 3562 τὸ
251 3512 447 3581 ἀμφοῖν
483 3514 796 3585 όμοούσιον,
823 3515 897 3579 ῶς
915 3516 1075 3580 αὐτὸς
1107 3516 1276 3587 ἐξηγῇ
1304 3518 1401 3589 τὴν
1436 3518 1597 3590 ῥῆσιν
1629 3522 1745 3582 τοῖς

179 3603 335 3670 ἁγίοις
361 3607 631 3678 είρῆσθαι
664 3626 684 3646 ο
712 3610 806 3662 καὶ
830 3610 896 3663 σὺ
928 3609 1109 3672 καλῶς
1139 3611 1380 3680 ἐλέγχων
1404 3613 1744 3683 ἀποδειχθή-

181 3713 241 3768 σῃ
272 3700 392 3764 τούς
443 3704 538 3764 είς
563 3703 654 3755 τὸν
693 3704 791 3774 τῆς
824 3704 1005 3766 αἰτίας
1039 3704 1199 3771 λόγον
1249 3706 1424 3772 αὐτὴν
1468 3706 1746 3775 ἐκλαμσά-

180 3805 351 3855 νοντσς
381 3808 396 3821 ·
428 3794 474 3863 ἢ
512 3793 610 3845 ἐὰν
637 3795 669 3864 ἡ
698 3795 833 3863 παρ’
860 3795 1020 3864 ἡμῶν
1058 3796 1437 3866 ἀπαιτουμένη
1467 3798 1745 3865 ἀπόδειξις

181 3883 277 3935 ἀπὸ
317 3884 407 3937 σ.ῦ
464 3884 726 3948 ἀδύνατος
765 3876 1100 3955 ὁμολογηθῇ.
1152 3885 1541 3955 ἀναμφίόολον»
1581 3888 1745 3950 αὐτὸς

184 3974 342 4045 ἐαυτῷ
365 3978 597 4048 ἀρτύεις
629 3978 721 4031 τὸν
751 3978 1000 4048 ἔλεγχον,
1041 3977 1135 4031 νῦν
1176 3978 1275 4047 μὲν
1301 3978 1377 4040 ὡς
1409 3979 1498 4031 ἐπ’
1534 3978 1748 4050 ἐλέγχῳ

183 4066 325 4135 δῆθεν
355 4072 472 4122 τῶν
503 4073 586 4133 είς
612 4071 705 4137 τὸν
727 4070 824 4138 τῆς
869 4070 1049 4133 αίτίας
1097 4070 1258 4137 λόγον
1286 4069 1747 4139 ἐκλαμόανόντων

184 4158 271 4226 τὴν
296 4162 475 4231 ῥῆσιν,
509 4161 827 4214 ἀκολουθεῖν
859 4159 922 4225 ἐξ
955 4163 1202 4231 ἀνάγκης
1238 4162 1640 4232 διατεινόμενος
1658 4164 1749 4217 διὰ

186 4247 273 4316 τὴν
302 4250 429 4321 πρὸς
467 4251 683 4323 Πατέρα
710 4251 808 4305 καὶ
826 4254 851 4303 l
869 4255 947 4305 ἰὸν
976 4252 1071 4305 τοῦ
1104 4252 1426 4322 ιινεύματος
1459 4255 1749 4324 όμοουσιό-

184 4353 328 4407 τητα,
358 4342 458 4396 καὶ
490 4342 624 4396 αὐτὸ
648 4343 714 4413 δὴ
735 4343 796 4396 τὸ
825 4342 1053 4413 Πνεῦμα
1087 4345 1451 4416 προσλητικδν
1477 4343 1622 4401 εἶναι
1654 4349 1750 4402 καὶ

188 4431 570 4501 ὲκπορευτικόν
602 4452 618 4467 ο
655 4435 752 4489 νῦν
776 4435 835 4488 δὲ
864 4435 954 4490 διὰ
987 4438 1048 4489 τὸ
1077 4437 1213 4508 πρὸς
1244 4440 1337 4492 τὸν
1383 4440 1607 4509 Πατέρα
1651 4440 1746 4494 τοῦ

188 4518 303 4575 Υίοῦ
329 4523 624 4593 όμοούσιον
662 4525 763 4596 τὴν
789 4525 1054 4597 τοιαύτην
1087 4529 1248 4598 ῥῆσιν
1280 4529 1383 4598 τῆς
1410 4529 1590 4595 ἀγίοις
1619 4530 1745 4599 δογ-

191 4614 415 4680 ματίζων
453 4618 733 4687 εἰρῆσθαι,
783 4618 881 4673 καὶ
923 4618 988 4672 τὸ
1022 4620 1166 4674 κατὰ
1207 4619 1309 4691 τὴν
1352 4623 1453 4692 σὴν
1482 4621 1643 4687 δόξαν
1663 4625 1750 4676 sv.

188 4702 359 4760 τεύθεν
386 4709 603 4776 ὀφεῖλον
632 4710 960 4778 συνάγεσθαι
994 4714 1253 4780 συνάγειν
1275 4713 1577 4768 ἀδυνατῶν.
1626 4715 1749 4769 Ἀλ-

190 4796 247 4851 λά
295 4800 356 4853 σύ
405 4802 531 4872 μὶν,
559 4802 636 4864 ὡς
682 4803 1097 4873 ἀπαρνούμενος
1126 4804 1221 4859 τὸν
1250 4804 1394 4859 κατὰ
1439 4808 1540 4875 τῆς
1566 4806 1750 4870 αἰτίας

189 4889 329 4960 λόγον
351 4898 466 4960 τοῖς
495 4894 770 4964 θεολόγοις
800 4896 959 4968 ἡμῶν
992 4897 1277 4967 Πατράσιν
1320 4898 1384 4951 εκ
1424 4898 1526 4968 τῆς
1556 4898 1750 4963 οὐσίας

194 4984 385 5057 Ματρὸς
427 4989 524 5042 καὶ
564 4988 694 5042 Υίοῦ
741 4988 802 5041 τὸ
846 4989 1072 5059 Πνεῦμα
1113 4989 1509 5057 θεολογείσθαι,
1557 4990 1748 5054 ἔλαθες

191 5076 319 5132 οὕτω
350 5082 440 5134 διὰ
488 5082 588 5147 τῆς
619 5082 1057 5152 παρεξηγήσεως
1106 5082 1263 5150 ξίφος
1320 5082 1401 5152 τῷ
1436 5082 1748 5153 βουλομένῳ

195 5184 266 5221 σοι
310 5172 615 5241 ἀντιλέγειν
661 5171 986 5245 ἐγχειρίζων
1038 5173 1162 5227 καθ’
1195 5170 1431 5227 ἑαυτοῦο
1476 5171 1544 5226 Ἦ
1569 5170 1677 5239 αἲξ,
1720 5173 1750 5227 ὅ

193 5274 341 5329 φησιν
370 5265 403 5335 ἡ
434 5264 726 5335 παροιμία,
745 5264 845 5335 τὴν
871 5264 1172 5335 μάχαιραν.

249 5352 289 5404 δ’
332 5355 520 5426 Ἡμεῖς
548 5355 605 5409 δὲ
633 5358 861 5427 πρώτην
896 5356 1008 5410 ίδοὺ
1037 5357 1246 5429 ταύτην
1297 5359 1577 5425 ἀπόδειξιν
1641 5359 1742 5414 τοῦ

196 5444 533 5512 περιπίπτειν
562 5446 791 5500 σεαυτὸν
830 5446 1015 5517 ἑαυτῷ
1072 5448 1198 5503 καθ’
1226 5448 1288 5503 ἐν
1307 5450 1471 5505 τοῦτο
1500 5452 1747 5516 διανοίας

199 5533 347 5605 μέρος
375 5537 577 5589 οὑτωσὶ
605 5539 813 5591 ἀτόπου
844 5539 969 5600 ταῖς
1023 5537 1559 5609 προαναταχθείσαις
1610 5542 1748 5613 ἡμῖν

196 5623 279 5677 τοῦ
308 5627 397 5680 σοῦ
427 5628 598 5698 τόμου
626 5629 960 5699 περικοπαίς
999 5628 1355 5699 ἐγκειμένης,
1415 5630 1618 5696 καλῶς,
1670 5630 1748 5696 ὡς

201 5712 357 5785 οἶμαι,
381 5724 476 5775 κα)⁵
500 5723 644 5775 πάνυ
686 5721 1048 5793 ποιησάμενοι
1074 5722 1344 5795 ἀκριϐῶς,
1382 5724 1653 5795 γινόμεθα
1678 5724 1745 5796 δὴ

202 5809 326 5862 ιιατά
355 5811 450 5883 τὴν
475 5812 814 5883 ἐπαγγελίαν
839 5814 931 5866 καὶ
972 5812 1111 5884 πρὸς
1167 5813 1249 5885 τῷ
1284 5814 1457 5882 δεῖξαι
1504 5815 1655 5879 ὅπως
1710 5816 1745 5885 ἡ

201 5914 258 5952 ιιι
284 5899 372 5966 τῆς
400 5905 591 5967 οὐσίας
632 5903 727 5962 τοῦ
760 5906 973 5969 Πατρός
1006 5907 1100 5964 καὶ
1134 5906 1262 5963 Υίοῦ
1299 5902 1438 5963 εἶναι
1481 5906 1540 5966 τὸ
1573 5906 1742 5964 Πνεῦ·

1844 3329 2097 3395 sequitur
2149 3327 2294 3383 enim
2365 3331 2576 3399 absq-ue
2638 3330 2745 3383 ulla
2807 3328 3148 3384 haesitatione
3206 3338 3429 3398 propter

1845 3402 2135 3488 utriusque
2181 3420 2429 3474 eamdem
2489 3435 2768 3489 unamque
2837 3426 3170 3482 essentiam,
3235 3418 3318 3473 sic
3370 3430 3426 3471 tu

1844 3511 2127 3566 contendis
2190 3520 2411 3567 sanctos
2440 3510 2824 3581 intelligendos
2871 3525 3027 3575 esse,
3086 3520 3142 3566 et
3180 3519 3235 3564 tu
3284 3517 3414 3563 reet.-

1845 3602 2094 3658 rel'ellere
2124 3607 2457 3674 reputareris
2481 3620 2601 3670 eos,
2636 3606 2731 3675 qui
2765 3606 2976 3660 ratione
3000 3622 3179 3660 causa-
3201 3605 3253 3658 id
3282 3605 3415 3657 acci-

1846 3700 2025 3769 piunt,
2058 3711 2152 3754 aut
2188 3701 2231 3753 si
2278 3716 2402 3769 quze
2444 3716 2470 3753 a
2509 3700 2669 3755 nobis
2697 3701 3014 3770 exposeitur
3045 3716 3073 3755 a
3111 3709 3162 3752 te
3198 3699 3427 3753 deumn-

1847 3790 2043 3844 stratio
2074 3792 2434 3861 impossibilis
2482 3791 2761 3859 atl'eratur,
2801 3801 3005 3848 certam
3061 3792 3394 3862 tuitnetipsiu

1849 3890 1904 3935 tu
1940 3882 2322 3938 refutationem
2350 3883 2586 3948 ordiris;
2636 3900 2783 3939 nunc
2844 3885 3064 3956 quidem
3120 3895 3175 3937 ut
3212 3900 3306 3938 eos
3344 3900 3423 3936 re-

1850 3973 2027 4039 fellas,
2085 3975 2181 4045 qui
2238 3975 2439 4031 dictam
2499 3993 2721 4033 causam
2775 3989 3075 4033 conuotare
3126 3978 3458 4043 affirmauit

1850 4066 1978 4119 dum
2009 4067 2316 4122 necessario
2346 4071 2607 4140 consequi
2643 4071 2950 4131 contendis,
2995 4082 3217 4141 propter
3263 4085 3429 4121 uuam

1849 4158 2209 4227 eamdemque
2265 4176 2391 4228 erga
2455 4160 2671 4215 Patrem
2733 4172 2786 4217 et
2837 4161 3035 4215 Filiqu
3106 4160 3423 4222 essentiam,

1848 4250 2099 4303 eumdem
2151 4250 2314 4305 etiam
2346 4252 2613 4319 Spiritum
2662 4253 3018 4322 producendi,
3050 4261 3104 4307 et
3136 4257 3427 4319 procedere

1851 4338 2081 4396 faciendi
2122 4339 2441 4398 facultatem
2475 4344 2765 4399 obtinere:
2793 4359 2939 4398 nunc
2968 4358 3095 4396 vero
3130 4341 3260 4395 dum
3304 4356 3430 4409 pm-

1851 4442 1970 4501 ptcr
2023 4434 2270 4489 eamdem
2320 4433 2441 4489 Filii
2481 4450 2607 4505 erga
2661 4436 2879 4491 Patrem
2930 4432 3290 4490 substantiam
3322 4432 3423 4485 tali

1851 4526 2057 4583 dictum
2119 4542 2150 4580 a
2206 4525 2460 4583 Patribus
2515 4527 2778 4582 traditqu
2833 4527 3156 4590 decernens,
3194 4534 3389 4594 etquo

1786 4603 1829 4658 D
1855 4619 2001 4682 inde,
2030 4629 2089 4672 ut
2113 4619 2467 4688 tuopinaris,
2488 4618 2802 4679 necessario
2841 4617 3279 4673 concludendum
3310 4633 3401 4672 era

1851 4710 2178 4766 concludere
2240 4726 2349 4765 non
2392 4712 2560 4766 vales.
2613 4714 2684 4765 At
2728 4720 2789 4766 tu
2854 4725 3081 4781 negans,
3122 4709 3417 4765 secundum

1850 4817 2031 4857 causae
2071 4802 2343 4857 rationem
2400 4818 2433 4856 a
2489 4802 2757 4871 theologis
2796 4804 3004 4857 nostris
3036 4800 3295 4861 Patribus
3356 4818 3422 4855 ex

1849 4893 2085 4951 essentia
2112 4894 2286 4949 Patris
2311 4902 2364 4949 et
2396 4893 2519 4948 Filii
2539 4893 2802 4963 Spiritum
2827 4893 3073 4958 decerni,
3104 4908 3213 4948 nou
3243 4893 3424 4948 vidisti

1850 5001 1947 5057 per
1980 4988 2118 5042 banc
2145 4999 2294 5043 tuam
2332 4987 2635 5058 improbam
2684 4987 3189 5057 interpretationem
3240 5002 3425 5041 ensem

1849 5086 2039 5135 contra
2062 5087 2113 5134 te
2143 5079 2322 5148 ipsum
2351 5078 2613 5135 exhibere
2634 5079 2956 5149 cuicumque
2981 5078 3078 5133 tibi
3100 5077 3426 5135 adversandi

1849 5174 1905 5228 in
1936 5174 2122 5228 animo
2143 5183 2249 5230 est.
2274 5173 2472 5245 Capra,
2507 5183 2566 5230 ut
2586 5176 2877 5245 proverbio
2902 5174 3118 5242 teritur,
3160 5173 3423 5244 gladium.

1920 5360 1973 5413 4.
2027 5358 2139 5414 Nos
2163 5373 2325 5428 porro
2362 5362 2537 5428 prima
2593 5359 2695 5415 hac
2722 5359 3208 5421 demonstratione,
3246 5368 3298 5411 te
3327 5355 3423 5412 tibi

1850 5452 1952 5521 ipsi
1997 5450 2270 5505 contraria
2308 5466 2579 5515 asserere,
2615 5452 2668 5506 in
2704 5451 2806 5506 liae
2847 5451 3113 5506 sententia
3151 5449 3290 5505 adeo
3329 5451 3427 5503 ab-

1849 5542 2038 5609 surda,
2062 5557 2181 5613 quae
2229 5542 2283 5597 in
2314 5558 2479 5613 supra
2505 5557 2602 5612 per
2625 5556 2728 5597 nos
2755 5542 2933 5597 allatis
2979 5540 3057 5594 tui
3094 5540 3227 5593 tomi
3283 5540 3426 5610 peri-

1848 5632 2001 5701 copis
2031 5632 2365 5698 continetur,
2394 5634 2562 5701 probe
2600 5641 2654 5686 et
2674 5641 2880 5696 exacte,
2922 5639 2981 5685 ut
3001 5629 3216 5700 opinor,
3265 5630 3426 5685 abso-

1849 5724 1984 5787 luta,
2023 5725 2386 5788 accedamus;
2414 5732 2474 5780 ut
2499 5724 2873 5793 promisimus,
2925 5721 2992 5776 ad
3024 5721 3434 5783 ostendendum.

1849 5816 2074 5880 dictum,
2126 5815 2271 5884 quod
2321 5829 2387 5869 cx
2443 5813 2683 5871 essentia
2704 5811 2885 5869 Patria
2912 5819 2968 5865 et
3005 5809 3128 5867 Filii
3157 5813 3424 5883 Spiritum

1850 5921 1973 5986 esse
2003 5903 2228 5967 fatetur.
2275 5905 2577 5971 secundum
2609 5918 2786 5960 causae
2817 5901 3083 5979 rationem
3117 5917 3149 5959 a
3168 5899 3426 5959 Patribus
3456 5934 3467 5953 ρ
