3846 6590
450 407 555 471 313

1470 421 1683 484 max.
1726 405 1943 485 vacet
1980 424 2091 484 cr.
2130 425 2640 490 PATRIARCH/E

3579 436 3670 499 3M

452 522 655 579 nostris
684 526 857 596 accipi
894 547 906 581 :
945 546 1041 586 nec
1078 533 1202 589 inde
1235 535 1343 589 ullo
1375 536 1534 591 modo
1564 538 1874 593 necessario
1895 553 2016 601 con-

2130 558 2207 610 μα
2233 542 2565 611 Θεολογοῦσα
2598 545 2755 617 ῥῆσις
2775 547 2915 605 κατά
2946 546 3037 604 τὸν
3067 547 3168 618 τῆς
3188 548 3372 611 αίτέας
3400 550 3556 618 λόγον
3575 560 3675 617 τοις

450 615 628 685 sequi,
685 629 903 688 propter
953 624 1197 680 eamdem
1270 641 1719 697 unamquemum
1770 630 1930 686 Patre
1971 641 2027 687 et

449 704 589 762 Filio
621 707 861 779 Spiritus
889 715 1203 783 essentiam,
1251 717 1428 789 ipsum
1493 734 1710 790 quoque
1760 719 2024 793 Spiritum

448 801 805 872 producendi,
839 814 891 860 et
920 808 1212 876 procedere
1262 808 1496 869 faciendi
1549 810 1865 867 facultatem
1923 813 2026 870 ha-

449 890 596 946 bere.
626 891 705 947 Tu
725 910 877 963 vero,
908 896 974 952 ad
999 912 1161 967 quem
1178 915 1296 956 mea
1329 902 1445 959 haec
1471 902 1647 959 oratio
1663 903 2023 971 convertitur,

371 1003 392 1077 ge
444 983 691 1041 dicendis
740 997 975 1047 mentem
1024 991 1257 1061 applica.
1305 992 1407 1060 Qui
1446 993 1710 1066 Spiritum
1734 1012 1799 1053 ex
1835 1011 2029 1052 essen-

369 1087 384 1113 τ
447 1081 519 1133 tia
552 1082 725 1137 Patris
764 1093 816 1139 et
847 1083 967 1140 Filii
1027 1086 1154 1144 fassi
1190 1098 1338 1155 sunt,
1389 1108 1495 1147 non
1538 1094 1604 1150 ad
1632 1108 1822 1148 eorum
1858 1111 2026 1151 unam

441 1174 799 1246 eamdemque
836 1175 1155 1247 simpliciter
1197 1183 1489 1239 essentiam
1537 1186 1910 1255 respicientes,
1944 1188 2027 1243 di-

440 1272 585 1317 ctt-m
620 1267 994 1325 emtntiarnnt.
1010 1269 1148 1326 Tum
1165 1273 1310 1327 enim
1336 1275 1542 1331 nullutn
1563 1286 1708 1332 esset
1726 1276 2024 1334 absurdum

438 1356 643 1421 dicere,
684 1357 946 1431 Spiritum
977 1377 1043 1417 ex
1076 1378 1230 1420 suam
1250 1375 1304 1422 et
1327 1367 1500 1438 ipsius
1524 1371 1759 1426 essentia
1776 1385 1918 1437 esse,
1932 1372 2025 1427 sed

438 1458 505 1497 ex
530 1442 684 1501 Patre
700 1447 1021 1519 per;Fillium
1039 1450 1296 1521 Spiritum
1316 1456 1688 1518 decernentes.
1715 1461 1782 1513 ad
1801 1459 2025 1515 demon-

437 1541 714 1593 strandam
748 1557 809 1594 ex
834 1540 992 1598 Patre
1022 1544 1250 1600 duorum
1272 1545 1467 1602 horum
1496 1560 1842 1606 causatorum
1872 1551 2028 1608 diﬂ'c-

439 1639 645 1683 rcttlcut
680 1636 1140 1705 progressionem.
1183 1636 1245 1692 Et
1280 1639 1442 1707 hujus
1473 1641 1550 1695 rei
1580 1642 1709 1697 mihi
1747 1641 2027 1715 Nysscmts

439 1721 557 1775 sine
584 1725 689 1779 ulla
723 1728 1041 1799 exceptione
1082 1731 1237 1787 testis
1263 1742 1368 1787 est.
1403 1732 1538 1787 Cum
1584 1735 1651 1789 de
1699 1736 1871 1792 sancti
1900 1736 2026 1807 Spi-

437 1812 577 1867 ritus
603 1830 667 1869 ex
710 1817 872 1873 Patre
906 1835 1000 1889 per
1032 1818 1230 1877 Filium
1259 1823 1598 1889 essistentia,
1623 1824 1732 1880 imo
1757 1827 1919 1881 etiam
1953 1841 2020 1882 ex

2129 635 2416 705 Πατράσιν
2457 636 2618 707 ἡμῶν
2653 638 2948 710 ἔξελήφθη·
2985 640 3080 694 καὶ
3103 640 3321 710 ἀνάγκη
3350 655 3435 703 τις
3467 640 3677 712 οὐδεμία

2126 727 2213 782 διὰ
2241 729 2303 783 τὸ
2336 730 2474 801 πρὸς
2496 730 2589 784 τὸν
2622 731 2843 803 Πατέρα
2872 732 3082 787 καὶτὸν
3115 732 3245 787 Υἱδν
3274 731 3375 787 τοῦ
3436 733 3675 803 Πνεύμα-

2126 840 2220 887 τος
2250 822 2545 893 ὁμοούσιον
2586 828 2679 881 καὶ
2704 826 2840 881 αὐτὸ
2884 825 2949 899 δὴ
2977 825 3039 879 τὸ
3078 825 3307 895 Πνεῦμα
3330 826 3678 897 προδλητικδν

2126 909 2269 969 εἷναι
2302 915 2396 970 καὶ
2428 916 2845 987 ὲκπορευτικόν.
2876 917 2950 972 Σὺ
2988 915 3047 971 δδ
3075 915 3107 971 ὁ
3139 915 3276 987 πρὸς
3329 915 3392 970 ὃν
3451 918 3480 969 ό
3537 916 3678 985 λόγος

2126 1007 2261 1076 ἡμῖν
2284 1008 2400 1071 τοῖς
2428 1007 2746 1078 λεγομένοις
2783 1007 3021 1080 πρόσεχέ
3050 1023 3143 1078 μοι
3193 1007 3284 1060 τδν
3308 1006 3455 1061 νοῦν.
3515 1007 3576 1061 Οί
3626 1010 3679 1062 τὸ

2127 1099 2356 1169 Πνεῦμα
2386 1100 2452 1154 ὲκ
2477 1099 2574 1169 τῆς
2609 1100 2800 1163 οὐσίας
2851 1100 3066 1170 Πατρδς
3101 1103 3197 1154 καὶ
3231 1097 3366 1154 Υίυῦ
3408 1095 3546 1152 εἶναι
3575 1099 3679 1155 θεο-

2126 1190 2478 1262 λογήσαντες,
2507 1191 2628 1262 οὐχὶ
2660 1192 2799 1262 πρὸς
2842 1192 2905 1244 τὸ
2961 1190 3143 1247 αὐτῶν
3188 1190 3378 1254 ἁπλῶς
3412 1190 3680 1259 ὐμοούσιον

2080 1350 2087 1355 η
2127 1283 2445 1353 ἀφορῶντες
2478 1282 2578 1353 τὴν
2609 1282 2770 1354 ῥῆσιν
2799 1283 3009 1353 ταύτην
3062 1281 3450 1351 ὲθεολὸγησαν·
3499 1277 3535 1352 ἦ
3583 1283 3676 1352 γὰρ

2128 1373 2196 1431 ἂν
2218 1374 2373 1428 οὐδὲν
2401 1373 2606 1429 ἄτοπον
2633 1370 2702 1444 ἦν
2727 1374 2823 1429 καὶ
2850 1376 2916 1430 ὲκ
2954 1374 3057 1445 τῆς
3096 1374 3293 1428 ἑαυτοῦ
3334 1373 3582 1440 λέγεσθαι
3627 1375 3681 1427 τὸ

2128 1467 2359 1540 Πνεῦμα
2393 1469 2605 1535 οὐσίας,
2638 1467 2756 1522 ἀλλ’
2791 1469 2858 1524 ἑκ
2892 1467 3109 1539 Πατρδς
3136 1466 3207 1521 δι’
3247 1465 3381 1522 Υἰοῦ
3413 1466 3472 1519 τὸ
3523 1466 3680 1519 Πνεῦ-

2132 1581 2208 1634 μα
2248 1560 2631 1630 θεολογοῦντες
2655 1562 2737 1623 είς
2765 1561 3003 1632 δήλωσιν
3025 1560 3129 1631 τῆς
3163 1558 3228 1612 ἐκ
3260 1560 3473 1629 Πατρδς
3501 1559 3674 1628 διαφό-

2131 1674 2225 1728 ρου
2258 1656 2490 1727 προόδου
2529 1655 2642 1709 τῶν
2676 1653 2771 1709 δύο
2795 1654 3004 1710 τούτων
3039 1650 3326 1708 αίτιατῶν·
3368 1650 3464 1703 καὶ
3498 1650 3526 1703 ὁ
3552 1649 3678 1702 Νύσ-

2129 1767 2230 1819 σης
2259 1749 2468 1821 μάρτυς
2500 1764 2594 1819 μοι
2622 1748 3083 1818 ἀπαρὰγραπτος.
3118 1746 3275 1798 Ἐπεὶ
3305 1742 3443 1815 πρὸς
3474 1741 3573 1812 μὲν
3592 1742 3678 1811 τὴν

2127 1845 2192 1898 ὲκ
2217 1842 2432 1912 Πατρύς
2483 1842 2551 1896 δι’
2607 1839 2742 1895 Υίοῦ
2798 1839 3036 1910 ὓπαρξιν
3083 1837 3182 1892 τοῦ
3242 1835 3560 1905 Πνεύματος
3598 1833 3679 1888 τοῦ

439 1913 693 1972 utroque.
761 1925 926 1966 nemo
968 1923 1112 1968 esset
1168 1916 1259 1984 qui
1318 1917 1694 1974 contradicere
1741 1918 2016 1974 auderet:

2125 1933 2284 2001 ἁγίου
2314 1898 2510 1991 οιύδίνα
2541 1928 2688 2004 εἶχον
2720 1931 2817 1986 τὸν
2846 1898 3225 1997 ἀντιλέγοντα,
3263 1898 3534 1980 ἁλλ’ὦδὲ
3560 1927 3679 1996 πρὸς

442 2012 547 2051 non
601 2001 741 2068 apud
794 2017 984 2060 omnes
1038 2006 1091 2060 in
1122 2009 1371 2066 confesso
1414 2022 1550 2076 erat.
1611 2028 1676 2067 ex
1709 2012 1869 2077 Patre
1924 2030 2020 2083 per

436 2086 659 2157 Filium,
690 2100 745 2146 et
783 2108 847 2149 ex
893 2106 1124 2166 utroque
1145 2116 1290 2162 esse.
1329 2104 1476 2158 nulla
1547 2106 1600 2159 in
1652 2121 1710 2160 re
1759 2105 2019 2173 differre;

437 2193 601 2236 omne
634 2181 736 2237 sibi
787 2194 1061 2242 certamen
1113 2190 1469 2250 instituerant
1520 2193 1709 2251 Patres
1756 2197 2020 2253 adversus

435 2285 553 2329 vos.
592 2272 685 2343 qui
712 2274 989 2347 Spiritum
1024 2293 1332 2339 creaturam
1359 2301 1481 2343 esse
1515 2288 1934 2355 contendebant,
1960 2299 2021 2347 ut

437 2381 630 2419 eorum
657 2381 719 2424 os
750 2370 1121 2435 obstruerent.
1147 2386 1192 2430 et
1220 2376 1613 2448 blasphemiam
1630 2383 2016 2449 convellerent,

436 2471 501 2508 mc
537 2466 770 2529 utroque
797 2465 1261 2523 consultstantiale
1316 2480 1601 2529 causntum
1644 2472 1880 2543 Spiritus
1937 2474 2021 2530 in-

437 2546 623 2605 dicnrc
649 2556 1017 2637 volentespcx
1070 2563 1306 2617 essentia
1337 2562 1516 2619 Patris
1574 2575 1626 2621 et
1688 2566 1808 2624 Filii
1858 2567 2019 2625 dictis

436 2643 756 2713 theologicis
797 2648 1142 2706 addiderunt.
1189 2652 1255 2708 Et
1332 2656 1620 2715 considera
1684 2670 1740 2714 tu
1798 2660 2016 2717 interim

435 2740 716 2794 quomodo
751 2739 877 2794 hinc
931 2744 1313 2811 promissionis
1350 2758 1552 2807 nostra:
1594 2751 1717 2808 ﬂuis
1783 2753 2020 2825 irrepre-

435 2826 644 2883 itenSns
692 2833 955 2886 succedit.
1000 2833 1137 2889 Cum
1170 2839 1315 2892 enim
1351 2856 1415 2894 ex
1457 2839 1618 2897 Patre
1682 2859 1777 2912 per
1818 2845 2015 2902 Filium

433 2922 670 2994 Sp’ritlts
689 2926 863 2979 sancti
883 2928 1255 2986 exsistentiam
1276 2942 1527 2991 astruens
1541 2934 1747 2992 dictum
1764 2938 2020 2995 diﬂ‘eren-

433 3023 540 3068 tem
588 3012 828 3084 Spiritus
888 3034 1109 3074 causam
1163 3025 1431 3093 exprimat
1467 3044 1483 3082 :
1528 3030 1734 3085 dictum
1776 3046 1903 3089 vero
1948 3048 2017 3088 ex

431 3109 666 3162 essentia
705 3108 882 3166 Patris
911 3122 964 3166 et
990 3112 1115 3168 Filii
1141 3116 1319 3184 ipsum
1349 3133 1470 3175 esse
1519 3134 1792 3189 asserens,
1815 3122 2018 3179 indicet

2124 2025 2186 2079 τὸ
2212 2024 2273 2090 ἐξ
2300 2025 2525 2095 ἀμφοϊνυ
2570 2023 2769 2084 κοινῶς
2795 2023 2907 2093 γὰρ
2941 2021 3156 2076 ἅπασιν
3181 2019 3509 2089 ὡμολόγητο
3538 2016 3595 2069 τὸ
3622 2019 3679 2071 ὲκ

2122 2118 2339 2189 Πατρὸς
2374 2117 2444 2173 δι’
2473 2115 2604 2172 Υίοῦ
2641 2116 2817 2187 μηδεν
2851 2115 3137 2186 διαφέρειν
3187 2114 3286 2167 τοῦ
3349 2110 3410 2177 ἐξ
3471 2112 3675 2180 ἀμφοῖν·

2124 2210 2304 2265 πάντα
2330 2210 2388 2266 δὲ
2418 2210 2509 2264 τὸν
2530 2209 2723 2278 ἀγῶνα
2758 2208 2901 2280 πρὸς
2935 2210 3067 2272 τούς
3088 2207 3301 2276 κτίσμα
3355 2205 3419 2260 τδ
3474 2203 3679 2273 Πνεῦμα

2122 2303 2280 2373 ἅγιον
2314 2304 2574 2372 λέγοντας
2595 2300 2881 2357 ἐποιοῦντο
2919 2303 3001 2365 είς
3064 2299 3478 2370 ὲπιστομισμδν
3512 2298 3675 2352 αὐτῶν

2120 2396 2218 2452 καὶ
2261 2399 2358 2467 τῆς
2396 2396 2608 2451 ἑαυτῶν
2638 2396 2994 2467 βλασφημίας
3033 2392 3346 2464 ἀναίρεσιν*
3383 2391 3445 2445 τὺ
3466 2391 3526 2456 ἐξ
3579 2391 3679 2461 ἀμ-

2119 2494 2242 2559 φοῖν
2302 2490 2594 2560 ὀμοούσιον
2631 2489 2881 2544 αίτιατδν
2924 2486 3022 2543 τοῦ
3081 2484 3408 2555 Πνεύματος
3464 2483 3680 2555 δηλῶσαι

2121 2585 2457 2658 βουλόμενοι,
2499 2586 2560 2638 τὸ
2581 2585 2646 2638 ἐκ
2663 2584 2765 2653 τῆς
2796 2582 2985 2647 οὐσίας
3013 2583 3228 2653 Πατρὸς
3254 2581 3353 2634 καὶ
3377 2570 3504 2633 Υίοῦ
3531 2595 3674 2649 προσ-

2118 2676 2405 2732 τεθείκασι
2424 2678 2504 2747 Δτῇ
2535 2674 2809 2745 θεολογίᾳ.
2844 2674 2957 2729 Καὶ
2978 2673 3173 2727 σκόπει
3195 2671 3389 2725 λοιπὸν
3421 2671 3506 2735 σὺ,
3547 2671 3679 2730 ὅπως

2119 2769 2376 2823 ἐντεῦθεν
2402 2741 2603 2835 εἶδ’τῆς
2629 2741 2970 2838 ἃπαντελίας
3002 2764 3164 2837 ἡμῶν
3220 2763 3467 2819 ἐκϐαίνει
3521 2762 3678 2833 πέρας

2118 2861 2536 2932 ἀνεπιτίμητον.
2575 2861 2732 2915 Ἐπεὶ
2762 2860 2926 2932 γάρὴ
2954 2861 3054 2931 μὲν
3087 2859 3155 2913 ὲκ
3176 2857 3396 2928 [ἰατρὸς
3436 2853 3504 2910 δι’
3560 2852 3676 2907 Υἱοῦ

2117 2953 2219 3023 τὴν
2249 2953 2343 3008 τοῦ
2396 2953 2673 3022 παναγίου
2726 2951 3048 3024 Πνεύματος
3083 2950 3325 3022 ὓπαρξιν
3372 2947 3676 3016 θεολογοῦσα

2120 3046 2360 3117 ῥῆσιςτὸ
2400 3046 2536 3116 πρὸς
2568 3046 2663 3100 τὸν
2692 3045 2823 3101 Υίὸν
2843 3043 3103 3114 διάφορον
3134 3043 3229 3097 τοῦ
3277 3041 3587 3112 Πνεύματος
3610 3043 3676 3093 ai-

2115 3140 2302 3195 τιατὸν
2331 3138 2739 3211 παριστᾷοήδὲ
2793 3139 2859 3192 ὲκ
2912 3139 3015 3208 τῆς
3075 3137 3267 3201 οὐσίας
3332 3135 3544 3205 Πατρδς
3593 3132 3677 3187 καὶ

432 3201 728 3256 increatam
778 3213 830 3259 et
857 3206 1382 3265 consubstantialem
1412 3227 1478 3267 ex
1502 3228 1614 3283 quo
1653 3225 1704 3269 et
1729 3231 1825 3283 per
1847 3231 2010 3285 quem

2119 3232 2249 3286 Υίοῦ
2289 3201 2620 3298 θεολογοῦσα
2640 3201 2784 3285 εἷναι
2806 3232 2943 3284 αὐτὸ
2969 3201 3263 3302 ’δηλωτική
3310 3246 3393 3291 τις
3426 3201 3540 3280 εστὶ
3580 3226 3676 3279 τῶν

437 3295 879 3364 progressionem
960 3307 1126 3368 atque
1198 3300 1479 3368 rflittxum,
1552 3306 1713 3375 plane
1773 3308 2014 3377 perfecte

430 3387 865 3449 demonstratur.
928 3392 1229 3448 secundum
1278 3408 1459 3451 causa:
1518 3399 1786 3455 rationem
1834 3399 2014 3459 simile

431 3479 638 3532 dictum
675 3495 704 3533 a
727 3476 983 3538 Patribus
1016 3485 1213 3555 accipi,
1270 3502 1396 3542 cum
1441 3504 1571 3546 vero
1611 3491 1752 3548 alius
1790 3495 2014 3565 spiritus

432 3586 530 3639 per
564 3570 827 3649 Spiritum
884 3590 947 3630 ex
981 3574 1145 3632 Patre
1191 3582 1458 3649 tradatur,
1505 3599 1612 3640 non
1661 3594 1768 3651 est,
1820 3604 2014 3647 rursus

436 3663 538 3717 Ιιοο
605 3667 733 3720 item
775 3666 935 3736 plane
983 3669 1341 3742 absoluteque
1377 3675 1738 3743 demonstrat,
1770 3695 1881 3735 non
1918 3697 2013 3737 ne-

430 3757 672 3810 cessario
695 3761 978 3830 consequi,
1010 3764 1155 3832 quod
1180 3780 1305 3821 cum
1337 3764 1501 3824 Patre
1526 3782 1580 3825 et
1606 3771 1745 3827 Filio
1773 3773 2013 3844 Spiritus

429 3848 678 3913 ejusdem
710 3852 965 3908 essentia:
1010 3863 1116 3920 est,
1162 3865 1222 3912 ut
1262 3857 1475 3915 videtur
1502 3860 1727 3931 Cyprio,
1757 3867 2010 3923 eumdem

429 3941 693 4010 Spiritum
730 3942 1062 4012 producendi
1105 3953 1160 4003 et
1188 3950 1483 4020 procedere
1513 3952 1748 4011 faciendi
1780 3955 2012 4012 facultao

432 4044 538 4087 tem
573 4033 799 4090 habere.

497 4251 556 4307 5.
610 4251 716 4308 Sed
743 4253 1001 4323 procedat
1024 4254 1169 4311 ultra
1195 4255 1396 4323 oratio,
1430 4260 1513 4313 'et
1557 4257 1768 4329 reliqua
1803 4259 2012 4328 quibus

429 4347 534 4401 sibi
582 4346 818 4419 Cyprius
847 4348 1200 4416 adversatur,
1232 4350 1468 4420 cogitata
1522 4350 1755 4410 refellat.
1800 4352 1858 4408 In
1902 4355 2016 4412 alio

424 4452 538 4522 jam
567 4451 773 4508 laudati
800 4453 936 4509 tomi
988 4454 1112 4510 loco
1155 4464 1284 4510 sunt
1318 4453 1438 4511 inec
1470 4455 1744 4525 ipsissima
1802 4458 2010 4515 verba:

434 4561 454 4593 ι
484 4543 589 4609 Qui
638 4552 860 4614 propter
910 4545 1154 4602 eamdem
1197 4545 1377 4602 Patris
1450 4554 1506 4602 et
1545 4545 1667 4602 Filii
1716 4549 2009 4604 essentiam

2115 3323 2212 3378 τοῦ
2243 3325 2516 3386 ἀκτίστως
2550 3320 2646 3377 καὶ
2674 3321 2981 3390 δμοουσίως
2996 3320 3077 3392 τῷ
3102 3338 3164 3376 τε
3194 3322 3256 3389 ἐξ
3283 3318 3348 3376 οὗ
3392 3321 3489 3375 καὶ
3524 3317 3595 3372 δι’
3620 3310 3672 3371 οὐ

2117 3417 2353 3485 πρόεισι,
2407 3415 2659 3486 προϊέναι
2687 3414 2821 3469 αὐτό
2844 3430 2859 3447 ο
2888 3413 3111 3485 ιντελὴς
3165 3414 3302 3485 ἡμῖν
3351 3412 3510 3466 τοῦτο
3551 3409 3674 3465 ἀπό-

2117 3505 2282 3571 δειξις
2324 3504 2421 3560 τοῦ
2450 3506 2593 3560 κατά
2620 3508 2713 3560 τὸν
2742 3506 2845 3576 τῆς
2875 3505 3061 3569 αίτίας
3082 3504 3242 3576 λόγον
3280 3504 3383 3574 τὴν
3439 3503 3675 3572 τοιαύτην

2117 3597 2279 3669 ῥῆσιν
2305 3601 2420 3662 τοῖς
2451 3598 2627 3665 ἁγίοις
2653 3597 2930 3667 εἰλῆφθαι.
2962 3598 3088 3651 Ὅτι
3113 3597 3172 3651 δὲ
3199 3597 3327 3668 οὐχὶ
3353 3597 3451 3651 καὶ
3478 3595 3675 3665 πνεῦμα

2115 3694 2303 3764 ἕτερον
2339 3694 2428 3747 διὰ
2459 3692 2555 3748 τοῦ
2608 3693 2929 3763 Πνεύματος
2976 3693 3042 3746 ἑκ
3080 3692 3300 3762 Πατρδς
3356 3695 3469 3755 τοῖς
3494 3689 3673 3757 ιάγίοις

2115 3784 2472 3857 ὲθεολογήϐη,
2498 3783 2760 3857 ἀνενδεὴς
2789 3784 2950 3839 πάλιν
2978 3784 3139 3839 τοῦτο
3168 3783 3452 3850 ἀπόδειξις
3480 3782 3555 3855 τῷ
3579 3799 3671 3853 μη-

2113 3876 2307 3948 δεμίαν
2333 3873 2475 3931 εἶναι
2529 3877 2781 3948 ἀνάγκην
2813 3865 2984 3932 διὰτὸ
3016 3877 3155 3948 προς
3179 3877 3279 3931 τὸν
3336 3876 3555 3946 Πατέρα
3595 3875 3673 3929 καὶ

2113 3970 2204 4023 τὸν
2237 3969 2366 4024 Υίὸν
2393 3970 2486 4024 τοῦ
2516 3970 2661 4024 Πνεύ
2673 3988 2847 4041 ματος
2873 3969 3193 4042 δμοούσιον,
3219 3966 3410 4033 καθὼς
3460 3968 3672 4038 Κυπρίῳ

2113 4062 2284 4127 δοκεῖ,
2316 4064 2415 4117 καὶ
2461 4062 2594 4116 αὐτὸ
2623 4062 2690 4133 δὴ
2741 4061 2804 4115 τὸ
2849 4062 3076 4132 Πνεῦμα
3132 4060 3500 4132 προσλητικὺν
3549 4054 3672 4112 εἶναι

2114 4154 2211 4209 καὶ
2246 4155 2661 4227 ὲκπορευτικόν.

2185 4254 2248 4301 ε’·
2288 4247 2351 4301 '0
2379 4247 2437 4302 δὲ
2463 4248 2622 4316 λόγος
2664 4247 3009 4319 προδαινὲτω
3065 4244 3159 4319 μοι
3213 4248 3426 4319 πρόσω,
3454 4250 3545 4303 καὶ
3586 4249 3668 4310 τὰς

2113 4338 2309 4404 λοιπὰς
2343 4339 2453 4394 τῶν
2480 4338 2755 4407 διανοιῶν,
2788 4340 2915 4395 καθ’
2938 4339 3012 4405 ’ἀς
3044 4338 3208 4404 αὐτὸς
3231 4340 3413 4411 ἑαυτῷ
3446 4339 3668 4410 ΚύπριαΙ

2114 4431 2438 4503 περιπίπτει
2471 4432 2731 4503 ἐλέγχων.
2769 4430 2861 4486 Ἐν
2886 4432 3061 4504 ἑτέρῳ
3096 4427 3168 4487 αὖ
3209 4431 3372 4504 μέρει
3402 4431 3565 4501 τόμον
3587 4429 3667 4485 τοῦ

2113 4525 2408 4596 εἰρημένου
2442 4527 2470 4577 ὁ
2504 4525 2605 4595 μὲν
2627 4525 2799 4589 οὕτως
2831 4526 2926 4579 ἐπὶ
2954 4525 3154 4592 λέξεων
3203 4525 3383 4591 λέγει’
3426 4545 3446 4579 ι
3479 4525 3572 4579 Διὰ
3618 4524 3669 4577 τὲ

429 4609 670 4701 Spiritus
691 4609 893 4690 dicitur
916 4648 985 4690 ex
1016 4635 1257 4692 essentia
1291 4633 1491 4703 Patris,
1532 4638 1621 4707 pie
1678 4652 1900 4708 quoque
1953 4650 2010 4694 et

2119 4616 2314 4672 ταυτὸν
2337 4618 2439 4687 τῆς
2467 4617 2666 4682 οὐσίας
2698 4618 2918 4690 Πατρὸς
2967 4618 3066 4673 καὶ
3108 4618 3243 4673 Υίοῦ
3293 4619 3580 4690 λεγόμενον
3616 4617 3668 4670 τὸ

427 4741 497 4780 ex
538 4727 776 4782 essentia
822 4724 944 4781 Filii
981 4726 1255 4783 diceretur
1306 4745 1321 4782 :
1394 4742 1584 4784 verum
1641 4743 1706 4782 ex
1766 4727 2010 4798 ejusdem

427 4814 730 4886 ltypostasi,
751 4815 972 4884 quando
997 4832 1065 4871 ex
1079 4815 1317 4872 essentia
1351 4826 1456 4881 est,
1490 4831 1742 4887 quaenam
1770 4831 2011 4887 unquam

426 4908 571 4961 ratio
593 4906 836 4962 astruet?
892 4924 913 4960 ι
949 4905 1062 4963 Nos
1091 4906 1197 4977 ipsi
1240 4921 1458 4963 rursum
1503 4905 1790 4978 postquam
1810 4908 2014 4965 docue-

428 4999 624 5060 rimus,
668 4998 1133 5068 sapientissimum
1164 4999 1309 5054 hunc
1342 5012 1529 5055 crasse
1575 4998 1868 5054 admodum
1929 5008 2011 5056 at-

426 5102 535 5157 que
562 5088 778 5143 indocte
811 5089 1137 5161 sibimetipsi
1169 5093 1443 5147 contraria
1477 5090 1717 5159 effutire,
1753 5106 2011 5149 necessa-

432 5181 514 5235 rio
539 5181 668 5237 inde
695 5182 859 5239 aliam
892 5196 1092 5238 novam
1138 5182 1471 5251 impietatem
1523 5183 1729 5240 exoriri
1761 5198 2014 5254 compro-

384 5283 396 5296 ί
430 5272 704 5330 ltabimus.
750 5273 865 5330 Sibi
898 5274 1085 5345 itaque
1115 5274 1219 5345 ipsi
1273 5275 1548 5331 contraria
1576 5275 1763 5342 refert,
1792 5276 1919 5331 dum
1952 5277 2006 5333 in

425 5364 617 5419 eodem
652 5364 773 5434 ipso
800 5375 948 5422 torno
972 5366 1164 5422 scribit
1209 5383 1226 5423 :
1284 5384 1304 5417 σ
1335 5364 1723 5423 Verumtamen
1765 5381 1796 5422 a
1846 5368 2009 5427 nobis

428 5457 696 5527 perfecta,
747 5459 983 5530 integra,
1028 5474 1205 5528 neque
1237 5460 1402 5514 ullius
1457 5461 1641 5529 indiga
1687 5462 1866 5518 Patris
1911 5463 2006 5535 hy-

426 5552 662 5620 postasis
686 5561 990 5623 reputatur,
1025 5566 1151 5608 cum
1208 5567 1304 5623 per
1352 5567 1411 5607 se
1442 5555 1615 5623 ipsam
1663 5555 1899 5611 essentia
1935 5542 2008 5612 sit

428 5642 643 5711 vivens,
667 5654 722 5699 et
752 5654 975 5700 actuosa
1008 5662 1023 5699 :
1055 5644 1291 5716 perfecta
1315 5646 1478 5701 etiam
1495 5644 1616 5701 Filii
1652 5646 1704 5700 in
1747 5646 2004 5703 omnibus

430 5735 610 5805 pleno,
649 5736 962 5806 nulliusquc
984 5737 1188 5807 indiga,
1210 5752 1335 5792 cum
1363 5752 1460 5807 per
1480 5753 1541 5793 se
1563 5739 1737 5809 ipsam
1769 5739 2003 5794 essentia

431 5827 502 5879 sit
532 5810 797 5881 vivenset
824 5836 1074 5883 actuosa.
1105 5846 1124 5879 ι
1157 5827 1223 5882 Et
1253 5829 1448 5884 iterum
1483 5829 1610 5884 alibi
1646 5830 1756 5883 lucc
1792 5830 1954 5887 habet
1988 5844 2001 5885 :

440 5935 457 5968 ι
498 5914 607 5973 Nos
634 5918 924 5975 essentiam
951 5918 1259 5991 ltvpostasis
1309 5932 1507 5975 carnea
1539 5933 1830 5992 (τι-οεεοεμνικ
1872 5917 2006 5973 divi—

2117 4709 2343 4781 Πνεῦμα
2373 4713 2438 4765 ὲκ
2465 4711 2566 4781 τῆς
2588 4712 2685 4766 τοῦ
2722 4713 2936 4784 Πατρδς
2964 4713 3153 4779 οὐσίας
3185 4713 3381 4787 ῥηθείη
3430 4714 3496 4768 ἀν
3535 4715 3666 4768 εὐσε·

2117 4802 2228 4868 ϐῶς
2255 4805 2348 4860 καὶ
2364 4807 2428 4860 ἐκ
2451 4805 2554 4877 τῆς
2582 4806 2677 4861 τοῦ
2704 4807 2862 4862 Υίοῦ⁸
2899 4810 2964 4863 ὲκ
2983 4808 3041 4861 δὲ
3066 4808 3168 4878 τῆς
3201 4809 3556 4873 ὑποστάσεως
3577 4808 3665 4862 αὐ-

2113 4896 2233 4963 τοῦ,
2263 4898 2455 4970 ἐπειδὴ
2510 4901 2575 4953 ἑκ
2599 4901 2701 4972 τῆς
2725 4901 2936 4966 οὐσίας,
2968 4902 3090 4969 πῶς
3120 4904 3190 4957 ἂν
3208 4902 3368 4972 λόγος
3410 4903 3536 4957 ποτὲ
3574 4919 3665 4955 πα-

2115 4992 2472 5063 ραστήσειενς
2510 5010 2530 5047 ι
2571 4993 2768 5063 Ἡμεῖς
2788 4995 2847 5049 δὲ
2861 4994 3026 5050 πάλιν
3050 4996 3327 5069 πρότερόν
3352 5014 3412 5050 σε
3437 4994 3663 5051 ἀναδιδά-

2112 5082 2327 5151 ξαντες,
2367 5086 2519 5150 ὅπως
2546 5087 2650 5143 κάν
2683 5086 2899 5153 τούτοις
2953 5089 3117 5154 αὐτὸς
3155 5090 3339 5160 ἐαυτῷ
3386 5088 3662 5161 ἀνοήτωςὸ

2114 5173 2429 5246 σοφώτατος
2461 5178 2807 5251 περιπίπτει,
2835 5181 3038 5251 ἑφεξῆς
3089 5180 3282 5252 ὥσπερ
3338 5182 3399 5248 ἐξ
3437 5182 3661 5249 ἀνάγκης

2098 5268 2429 5341 ἀνακύπτον
2453 5270 2706 5326 ἐντεῦθεν
2757 5271 2950 5344 ἕτερόν
3002 5290 3059 5328 τι
3122 5275 3546 5346 παραστήσομαι
3590 5288 3661 5325 σοι

2111 5360 2392 5431 ἀσέὅημα.
2429 5363 2758 5436 Περιπίπτει
2785 5364 2887 5434 μὲν
2920 5359 3018 5421 οὖν
3048 5366 3213 5429 αὐτὸς
3236 5365 3434 5437 ἑαυτῷ,
3486 5367 3544 5418 ἐν
3588 5357 3660 5425 οἷς

2108 5452 2202 5509 τοῦ
2222 5453 2390 5509 αὐτοῦ
2423 5456 2595 5527 τόμου
2620 5457 2754 5528 φησὶ
2781 5459 3027 5527 μέρεσιν
3068 5477 3088 5512 ι
3140 5459 3286 5513 Ἀλλ’
3305 5460 3441 5531 ἡμῖν
3494 5476 3554 5529 γε
3577 5472 3660 5510 τε-

2108 5544 2252 5613 )εία,
2281 5548 2519 5618 πλήρης,
2556 5549 2650 5602 καὶ
2694 5549 2951 5619 ἀνενδεὴς
2976 5551 3009 5621 ἡ
3035 5549 3134 5604 τοῦ
3186 5551 3405 5621 Πατρὸς
3441 5551 3659 5604 ὑπόστα-

2110 5657 2219 5705 σις,
2247 5640 2369 5694 καθ’
2388 5641 2593 5711 ἑαυτὴν
2621 5641 2780 5695 οὐσία
2817 5642 2952 5696 οὐσα
2976 5642 3128 5707 ζῶσα
3158 5644 3254 5697 καὶ
3304 5642 3542 5715 ἐνεργὸς,
3582 5656 3658 5694 τε·

2111 5733 2229 5787 λεία
2252 5735 2348 5787 καὶ
2370 5735 2403 5803 ἡ
2425 5734 2520 5787 τοῦ
2565 5734 2694 5787 Υίοῦ
2733 5737 2877 5789 κατὰ
2908 5738 3111 5802 πάντα,
3144 5736 3377 5807 πλήρης,
3411 5737 3503 5789 καὶ
3522 5734 3656 5786 ἀνεν-

2109 5827 2235 5898 δεὴς
2258 5865 2273 5889 ,
2307 5826 2430 5880 καθ’
2459 5828 2658 5896 ἑαυτὴν
2681 5826 2835 5880 οὐσία
2865 5826 2999 5882 οὖσα
3032 5828 3184 5894 ζῶσα
3236 5828 3338 5882 καὶ.
3370 5825 3597 5897 ἐνεργός.
3632 5839 3647 5871 t

2114 5921 2221 5973 Καὶ
2256 5918 2419 5973 πάλιν
2448 5922 2502 5974 ἐν
2529 5913 2607 5987 οἷς
2631 5919 2772 5973 οὓτω
2821 5920 2996 5990 λέγει·
3031 5940 3049 5974 ι
3087 5922 3201 5975 Οὐκ
3231 5919 3417 5975 ούσῖαν
3442 5915 3653 5984 67:90:3-
