3846 6614
438 444 538 508 ΒΗ

1462 454 1675 517 JOAN.
1716 454 1938 519 VECCI
1979 451 2092 511 (ΣΡ.
2132 453 2649 518 PATRIARClLE

3598 460 3695 520 348

438 558 685 615 eamdem
714 560 1009 617 essentiam
1027 563 1148 619 sine
1174 563 1623 630 ullojdiscrimine
1653 567 2011 637 possideam:

2145 566 2216 619 ταὶ
2244 566 2361 635 οὐχὶ
2395 568 2492 622 καλ⁹
2531 570 2693 632 αὐτὰ,
2721 570 2815 625 καὶ
2844 570 3096 641 ἀλλήλων
3129 571 3282 623 αίτια
3327 567 3419 621 καὶ
3444 567 3544 621 τοῦ
3599 570 3699 623 Πα-

440 653 769 716 secundum.
802 657 1080 724 quomodo
1103 657 1651 725 supersubstanlialis
1675 657 2028 714 fecunditatis

442 746 820 803 manifestatio
853 750 1098 815 sistetur,
1140 750 1187 806 si
1228 753 1479 808 essentia:
1534 752 1843 807 fecunditas
1871 752 2030 805 attri-

439 840 721 895 bititur?»
759 842 825 896 Et
878 844 993 898 ΙηΡο
1021 845 1110 900 ille
1170 851 1227 899 et
1286 844 1455 901 multa
1515 829 1619 902 ina
1681 846 1769 901 bis
1829 844 2029 902 similia

440 934 767 988 stultissime
803 934 1111 1001 blaterans;
1150 946 1410 1007 tanquam
1441 939 1536 1008 qui
1567 938 2032 993 demonstratione

444 1024 592 1079 baud
625 1027 951 1083 subsistenti
989 1031 1236 1085 studiose
1285 1032 1519 1101 probare
1566 1032 1781 1094 nititur,
1811 1046 1875 1085 ea
1909 1046 2032 1099 quae

439 1135 502 1170 ex
566 1119 845 1189 bypostasi
901 1124 1111 1191 absque
1167 1124 1407 1180 essentia
1475 1112 1620 1181 sunt
1655 1132 1903 1189 causata,
1960 1139 2025 1179 ea

441 1225 506 1263 ex
547 1220 770 1278 paterna
811 1215 1087 1284 bypostasi
1119 1231 1262 1280 esse,
1312 1217 1530 1286 qualem
1568 1217 1670 1271 sibi
1707 1216 1914 1271 foveam
1944 1215 2031 1270 fo-

443 1302 543 1365 dit,
581 1304 717 1358 satis
768 1319 797 1358 a
835 1307 996 1362 nubis
1024 1308 1464 1362 demonstratum
1522 1317 1606 1363 est
1651 1310 1706 1362 in
1772 1309 2028 1363 omnibus

440 1402 755 1448 nostrarum
800 1399 1163 1467 scriptionum
1222 1401 1497 1469 partibus,
1530 1401 1582 1453 in
1632 1401 1834 1469 quibus
1881 1400 2030 1456 dicta

440 1485 648 1552 scripto
689 1488 888 1542 tradita
936 1490 1146 1558 digesta
1188 1501 1337 1556 sunt,
1390 1507 1510 1560 quae
1560 1491 1735 1546 Patris
1775 1508 1899 1545 cum
1937 1508 2029 1546 es-

441 1577 622 1632 sentia
664 1578 950 1649 bypostasi
994 1597 1219 1637 causam
1255 1584 1538 1639 ascribunt
1567 1603 1578 1639 :
1606 1585 1746 1638 inter
1775 1600 1893 1652 qua:
1917 1601 2030 1655 pra:

442 1668 563 1723 aliis
614 1671 802 1725 multis
865 1673 1246 1743 theologorum
1297 1676 1628 1732 testimoniis
1671 1678 2028 1746 praeclarissi-

442 1775 564 1813 mus
590 1760 932 1818 oAtbanasius
974 1779 1121 1818 nunc
1154 1782 1171 1815 ι
1203 1766 1485 1835 proprium
1514 1784 1532 1817 ι
1568 1766 1808 1835 appellat
1855 1769 2026 1822 letum

442 1861 680 1919 paterna».
707 1857 958 1910 essentia:
989 1856 1186 1911 Filium
1222 1877 1242 1910 ι
1276 1876 1291 1923 ;
1355 1875 1504 1914 nunc
1564 1877 1583 1910 ι
1616 1859 1793 1915 Patris
1838 1875 2028 1914 essen-

443 1945 571 1997 tiam
600 1947 928 2015 principium
954 1961 1007 2003 et
1030 1949 1293 2011 radicem.
1327 1960 1382 2006 et
1421 1952 1626 2007 fontem
1666 1953 1788 2009 Filii
1815 1972 1833 2004 ι
1873 1969 2030 2008 com-
2061 1925 2103 1980 Β

444 2038 680 2105 probat:
717 2056 864 2095 nunc
898 2057 912 2095 :
954 2061 972 2093 ι
1010 2041 1198 2111 Neque
1245 2046 1393 2099 enim
1444 2054 1731 2102 externum
1775 2047 1904 2117 quid
1954 2058 2036 2104 est

449 2129 571 2184 Filii
610 2133 848 2187 essentia
901 2147 1299 2203 commentum,
1338 2156 1357 2190 ι
1399 2138 1552 2199 dicit.
1584 2157 1603 2190 ι
1640 2156 1817 2209 neque
1862 2157 1929 2195 ex
1966 2143 2035 2198 iis

443 2238 564 2291 quae
602 2238 706 2277 non
738 2233 868 2278 sunt
900 2225 1237 2295 introducta,
1299 2229 1394 2284 sed
1428 2245 1495 2285 ex
1559 2230 1741 2287 Patris
1794 2234 2035 2289 essentia

444 2328 565 2370 Orta
596 2326 698 2383 est,
729 2321 1190 2387 quemadmodum
1243 2323 1466 2378 luminis
1491 2325 1768 2393 splendor,
1803 2335 1856 2381 et
1882 2342 2039 2397 aquae

446 2424 550 2477 vvp
573 2425 615 2461 vr
650 2428 663 2463 :
704 2428 722 2461 ι
753 2426 918 2475 nunc,
961 2432 979 2465 ι
1019 2430 1245 2470 causam
1281 2432 1403 2472 esse
1439 2416 1527 2471 Dei
1563 2426 1815 2472 naturam
1848 2419 2037 2475 decer-

449 2501 529 2552 nit
578 2518 598 2553 ι
642 2511 695 2556 et
723 2501 845 2557 Filii
878 2514 931 2557 et
961 2505 1224 2574 Spiritus.

521 2590 573 2644 8.
617 2589 1004 2651 Verumtamen
1040 2613 1207 2662 nunc,
1259 2608 1315 2652 et
1338 2608 1519 2661 antea.
1571 2602 1852 2660 etilernm
1913 2621 2039 2661 cum

452 2687 865 2743 ostenderimus
898 2688 950 2742 in
981 2690 1094 2758 jam
1129 2692 1319 2760 positis
1345 2693 1604 2765 Cyprium
1630 2706 1819 2766 aperte
1841 2709 2044 2753 semct-

450 2781 627 2844 ipunn
685 2780 1036 2850 redarguere,
1103 2783 1375 2840 undenam
1435 2787 1729 2857 plerosque
1787 2790 1924 2846 alios
1973 2794 2044 2847 ab

448 2868 638 2921 endem
668 2868 846 2939 decipi
876 2872 1129 2941 contigit,
1181 2872 1701 2934 demonstrabimus.
1746 2880 1867 2947 Quo
1926 2884 2044 2938 loco

451 2974 614 3027 porro
662 2962 903 3032 seipsum
935 2965 1259 3036 redarguit?
1298 2966 1399 3024 Ubi
1467 2972 1520 3024 in
1581 2976 1827 3029 secundo
1895 2984 2045 3029 tomo

453 3067 677 3107 suarum
717 3057 1042 3126 perieopeon
1064 3060 1297 3114 scribit:
1333 3080 1351 3113 ι
1391 3059 1582 3130 Neque
1608 3065 1753 3118 enim
1773 3077 1861 3121 est
1890 3083 2045 3123 com-

461 3144 645 3201 munis
677 3146 912 3201 essentia
958 3157 1014 3202 et
1066 3159 1263 3206 natura
1327 3154 1635 3224 bypostasis
1692 3175 1876 3225 causa,
1919 3176 2043 3216 cum

2131 659 2262 729 τιρδς
2294 661 2354 713 τὸ
2376 661 2434 715 ἒν
2464 663 2909 734 ἀπαραλλάκτως
2936 664 3081 718 κατά
3108 663 3211 733 τὴν
3254 661 3442 715 οὐσίαν
3480 658 3697 729 ἔχοντας

2132 753 2388 825 δεύτερον
2414 756 2473 810 δὲ
2495 755 2613 821 πῶς
2641 759 2724 819 εἰς
2752 756 2960 827 Τριάδα
2985 758 3019 827 ἠ
3055 757 3159 825 τῆς
3192 753 3523 825 ὑπερουσιου
3568 771 3699 820 γονιο

2135 845 2372 914 μότητος
2404 846 2637 913 ἔκφασις
2667 848 2951 919 στήσεται,
2983 847 3144 915 εἴπερ
3168 847 3266 914 τῆς
3296 843 3495 906 οὐσίας
3520 840 3633 895 ἐστὶ
3646 844 3699 895 τὸ

2132 936 2396 1004 γόνιμονς
2440 954 2460 988 ι
2497 935 2688 990 Ταῦτα
2725 938 2827 991 καὶ
2851 936 3022 990 πολλὰ
3066 934 3276 998 τούτοις
3308 933 3470 1004 ὅμοια
3516 934 3547 985 ὁ
3605 932 3700 1000 μά-

2133 1046 2285 1091 ταιος
2310 1030 2595 1100 ληρῳδῶν,
2643 1030 2741 1086 ἀτε
2792 1029 2858 1099 δὴ
2936 1029 3316 1084 ἀνυπόστατον
3364 1025 3700 1080 ἐπισπεύδων

2134 1121 2413 1188 ἀπόδειξιν
2436 1123 2531 1178 τοῦ
2568 1124 2630 1189 ἐξ
2655 1125 2907 1178 ἀνουσίου
2933 1122 3292 1185 ὑποστάσεως
3344 1119 3479 1173 ὄντα
3533 1133 3701 1187 παρα-

2139 1215 2338 1284 στῆσαι
2380 1218 2481 1287 τῆς
2524 1221 2803 1288 πατρικῆς
2849 1217 2922 1271 τά
2968 1216 3188 1271 ἐκεῖθεν
3227 1213 3470 1277 αξτιατά,
3532 1213 3700 1266 ὁποῖον

2138 1308 2238 1377 μὲν
2265 1308 2522 1372 ἀσεὸείας
2559 1309 2742 1379 ἐαυτῷ
2782 1306 3015 1379 διώρυξε
3079 1306 3271 1377 βόθρον
3321 1303 3525 1365 ἱκανῶς
3585 1303 3703 1371 ἡμῖν

2132 1400 2427 1470 ἀπεδείχθη
2463 1402 2522 1452 ὲν
2561 1401 2784 1465 ὁπόσοις
2841 1400 2951 1453 τῶν
3010 1398 3303 1471 ἡμετέρων
3358 1397 3702 1464 κατεστρώθη

2132 1492 2364 1563 γραφῶν
2390 1492 2607 1563 μέρεσι,
2634 1492 2703 1546 τά
2724 1492 3012 1563 προδήλως
3032 1493 3100 1562 τῇ
3127 1488 3359 1557 ὲνουσὶῳ
3381 1488 3480 1541 τοῦ
3509 1488 3705 1557 Πατρὶς

2135 1585 2433 1639 ὑποστάσει
2457 1586 2518 1639 τὸ
2549 1585 2725 1639 αἴτιον
2753 1585 3102 1655 ἀπονέμοντα
3138 1584 3366 1653 ῥήματα
3423 1581 3670 1649 γραφικά
3690 1597 3704 1611 ⁸

2132 1676 2267 1729 ὅπου
2294 1677 2431 1747 πρὸς
2453 1679 2565 1740 τοῖς
2583 1675 2764 1740 ἄλλοις
2789 1676 2898 1730 τῶν
2930 1675 3201 1744 θεολόγων
3235 1675 3332 1727 καὶ
3397 1673 3704 1737 Ἀθανάσιος

2132 1769 2161 1820 δ
2185 1769 2434 1839 λαμπρὸς
2460 1768 2557 1821 νῦν
2593 1768 2694 1839 μὲν
2736 1787 2756 1822 ι
2798 1768 2932 1821 ἴδιον
2964 1786 2984 1822 ι
3026 1766 3297 1822 ἀποκαλεῖ
3328 1766 3587 1834 γέννημα
3620 1767 3705 1831 τῆς

2133 1859 2229 1913 τοῦ
2305 1860 2522 1931 Πατρδς
2565 1859 2757 1924 οὐσίας
2843 1860 2937 1915 τὸν
3021 1859 3170 1921 Υἰδν,
3223 1855 3320 1912 νῦν
3371 1856 3432 1910 δὶ
3468 1856 3567 1927 τὴν
3624 1855 3705 1908 τοῦ

2134 1953 2347 2022 Πατρὸς
2379 1972 2397 2004 ι
2485 1952 2673 2007 οὐσίαν
2723 1952 2898 2024 ἀρχὴν
2968 1953 3062 2007 καὶ
3130 1952 3288 2022 ῥίζαν
3355 1950 3457 2003 καὶ
3542 1949 3706 2018 πηγὴν

2134 2044 2503 2113 ἀποφαίνεται
2540 2064 2560 2098 ι
2596 2044 2693 2099 τοῦ
2715 2043 2874 2112 Υἱοῦ,
2914 2065 2933 2098 ι
2967 2046 3061 2099 καὶ
3088 2044 3185 2097 νῦν
3247 2044 3367 2113 μὲν,
3439 2060 3460 2093 ι
3487 2042 3564 2095 Οὐ
3612 2041 3706 2112 γὰρ

2136 2136 2337 2202 ἔξωθέν
2366 2154 2450 2198 τις
2490 2138 2636 2202 ἐστὶ,
2674 2156 2694 2190 ι
2735 2137 2909 2205 λέγει,
2941 2156 2960 2189 ι
3011 2138 3046 2207 ἡ
3075 2135 3169 2191 τοῦ
3198 2135 3333 2188 Υἰοῦ
3362 2132 3705 2203 ὲφευρεθεῖσα

2136 2229 2316 2292 οὐσία,
2385 2229 2506 2282 οὐδὲ
2539 2232 2603 2282 εκ
2637 2228 2713 2301 μὴ
2738 2229 2911 2284 ⁹ὂντων
2954 2229 3285 2299 ὲπεισήχθη,
3348 2226 3472 2281 ἀλλ’
3525 2228 3589 2279 ἐκ
3624 2225 3706 2296 τῆς

2138 2319 2234 2374 τοῦ
2269 2321 2484 2391 Πατρδς
2534 2321 2725 2386 οὐσίας
2763 2321 2887 2390 ἔφυ,
2918 2324 2996 2385 ὡς
3031 2320 3125 2374 τοῦ
3167 2320 3348 2390 φωτὸς
3375 2318 3444 2372 τὸ
3477 2319 3706 2385 ἀπαύγα-

2143 2430 2258 2482 σμα
2274 2414 2370 2467 καὶ
2392 2414 2467 2476 ὡς
2499 2412 2696 2477 ὕδατος
2729 2414 2950 2484 άτμίς·›
2977 2413 3075 2467 νῦν
3095 2414 3174 2475 δὲ,
3199 2413 3379 2465 «αἰτία
3414 2413 3566 2464 ἐστὶν
3587 2409 3707 2481 ἠτοῦ

2141 2504 2278 2558 Θεοῦ
2298 2506 2483 2575 φύσις,
2498 2505 2739 2574 θεολογεί
2755 2505 2966 2560 καὶτοῦ
2982 2504 3114 2558 Υίοῦ
3129 2503 3329 2558 καὶτοῦ
3348 2503 3675 2573 Πνεύματος.
3687 2521 3704 2553 ι

2213 2603 2285 2667 η’.
2320 2594 2394 2649 Τὸ
2422 2595 2478 2647 δέ
2507 2612 2569 2663 γε
2617 2596 2793 2666 παρὸν
2823 2595 3094 2666 πρότερον
3126 2596 3220 2647 καὶ
3253 2593 3424 2646 πάλιν
3456 2591 3706 2645 ἀποδεδει-

2144 2690 2300 2761 χότε;
2331 2690 2519 2759 ἡμεῖς,
2547 2688 2697 2750 ὅπως
2722 2689 2827 2741 κάν
2857 2690 2971 2751 τοῖς
2998 2688 3100 2759 ἠδη
3133 2686 3379 2759 ῥηθεῖσιν
3412 2684 3592 2755 ἐαυτῷ
3612 2684 3705 2737 Κύ-

2146 2760 2308 2855 πριος
2343 2783 2507 2844 αὐτὸς
2540 2768 2762 2851 ἔλεγχός
2795 2781 3159 2850 ἀναφαίνεται
3217 2779 3442 2849 ἑφεξῆς,
3474 2779 3568 2832 καὶ
3598 2778 3704 2831 ὀπό-

2147 2878 2239 2931 Οεν
2263 2875 2412 2945 αὑτῷ
2443 2874 2912 2945 παραλογίζεσθαι
2942 2874 3071 2936 τοὺς
3122 2871 3353 2935 πολλοὺς
3375 2871 3474 2923 ἐπὶ
3515 2867 3707 2931 τούτοις

2148 2970 2528 3039 προσγίνεται,
2560 2968 2940 3038 ὐποδείξομεν.
2980 2965 3228 3037 Ἐλέγχει
3258 2964 3305 3018 δ’
3330 2963 3547 3028 ἑαυτὸν,
3576 2962 3669 3015 ποῦ
3695 2981 3707 3027 ς

2148 3064 2327 3115 Ὅπου
2353 3061 2464 3116 τῶν
2495 3064 2553 3115 ὲν
2577 3062 2657 3130 τῷ
2687 3060 2927 3132 δευτέρῳ
2965 3061 3119 3131 τόμῳ
3176 3057 3505 3129 περικοπῶν
3562 3054 3706 3108 αὐτοῦ

2147 3158 2297 3224 λέγει
2327 3174 2339 3188 ·
2367 3175 2385 3207 ι
2425 3156 2562 3209 esse
2607 3157 2714 3226 γάρ
2755 3156 2904 3208 ἔστιν
2936 3157 2969 3224 ἠ
3018 3155 3175 3223 κοινὴ
3227 3153 3388 3206 οὐσία
3427 3151 3522 3204 καὶ
3568 3150 3707 3220 φύσις

465 3249 568 3286 nec
634 3246 863 3300 teneret
932 3255 1198 3309 unquam,
1268 3259 1449 3312 neque
1539 3246 1656 3316 ipsa
1706 3252 2041 3306 communis

2150 3246 2505 3310 ὑποστάσεως
2534 3246 2705 3300 αἰτία’
2731 3246 2855 3299 ἐπεὶ
2883 3246 3019 3317 μηδὲ
3060 3244 3356 3315 γεννητική
3387 3259 3544 3343 ποτε,
3602 3242 3708 3343 οὐδὲ

452 3327 693 3381 essentia
733 3338 855 3397 apta
888 3341 1012 3385 nata
1042 3342 1123 3386 est
1151 3332 1432 3389 individua
1462 3338 1785 3407 producere.
1819 3339 1924 3395 Sed
1950 3357 2041 3397 es-

454 3416 627 3483 sznlia
665 3434 788 3473 cum
826 3426 1268 3492 proprietatibus,
1309 3416 1433 3494 quze
1480 3432 1642 3498 plane
1684 3432 1833 3487 dicto
1859 3438 2040 3504 magni

456 3512 678 3568 Maximi
715 3515 885 3583 ipsam
911 3527 1064 3572 notat
1100 3519 1462 3589 byposlasim,
1499 3523 1634 3592 quin
1673 3525 1791 3593 ipso
1821 3541 2042 3596 quoque

464 3621 661 3675 nmgno
716 3605 917 3661 Basilio
972 3621 1272 3675 asserente,
1329 3612 1646 3680 detiniente,
1707 3618 2040 3688 bypostasim

457 3713 601 3760 esse,
639 3716 762 3766 quae
797 3716 1090 3757 commune
1112 3711 1167 3757 et
1196 3704 1421 3759 minime
1474 3708 1953 3779 circumscriptum
1986 3712 2041 3765 in

461 3803 520 3839 re
555 3789 737 3859 aliqua
777 3807 873 3859 per
912 3805 1240 3862 apparentes
1270 3798 1633 3866 proprietates
1669 3811 2041 3870 repraesentat,

459 3889 518 3934 et
541 3881 965 3944 εἰιοιιηιεριῖὶιιίι.
994 3906 1011 3938 ι
1049 3885 1188 3952 Quid
1223 3889 1305 3942 ais
1332 3887 1487 3944 ?Non
1518 3893 1739 3959 potuisti
1778 3895 2042 3961 apertius,

462 3973 678 4043 Cypria,
717 3991 879 4045 quam
917 3979 985 4033 ab
1030 3981 1148 4050 ipso
1177 3980 1376 4050 Cyprio
1413 3984 1704 4055 redargui,
1736 3985 1866 4042 dum
1903 3990 2045 4044 serio

463 4068 546 4121 bis
580 4068 878 4139 laterisque
917 4073 1094 4142 ipsam
1132 4077 1425 4130 essentiam
1460 4093 1585 4132 cum
1622 4080 2046 4149 proprietatibus

462 4159 796 4231 bypostasim
826 4164 1110 4233 denotare,
1175 4175 1230 4221 et
1277 4184 1597 4243 magnorum
1645 4169 1901 4227 Basiliiet
1939 4173 2047 4230 Ma.

464 4252 596 4305 ximi
637 4254 964 4323 testimoniis
1016 4274 1241 4323 suasus,
1294 4260 1474 4316 libens
1537 4252 1833 4331 volensque
1881 4263 2045 4320 simili

463 4348 717 4401 essentia:
747 4362 969 4404 causam
996 4351 1287 4406 attribuis?
1318 4351 1535 4408 Etenim
1562 4355 1607 4409 si
1651 4354 1830 4412 Patris
1863 4373 2051 4412 essen-

465 4437 594 4492 tiam
639 4454 764 4494 cum
816 4450 1042 4510 paterna
1093 4445 1429 4514 proprietate
1474 4447 1829 4505 exsistentem
1874 4450 2047 4519 ipsam

463 4530 708 4599 ejusdem
761 4535 1099 4605 bypnstasim
1147 4548 1339 4593 nutare
1389 4541 1656 4606 affirmas,
1716 4544 1941 4615 Cyprie.
1993 4551 2050 4597 et

2145 3334 2487 3405 προσλητικὴ
2528 3335 2663 3404 αὐτή
2692 3351 2756 3403 γε
2786 3335 2819 3406 ἡ
2851 3335 3006 3405 κοινὴ
3042 3333 3200 3388 οὐσία
3228 3335 3447 3403 πέφυκε
3479 3332 3581 3385 τῶν
3598 3331 3708 3384 ἀτό-

2149 3443 2284 3496 μων·
2323 3428 2356 3497 ή
2397 3424 2455 3478 δὲ
2482 3426 2601 3495 μετ’
2640 3425 2958 3496 ἰδιωμάτων
2999 3425 3175 3491 οὐσία,
3208 3425 3334 3495 ἥτις
3369 3424 3559 3492 σαφῶς
3586 3422 3708 3475 κατὰ

2143 3520 2236 3572 τὸν
2273 3519 2450 3590 μέγαν
2480 3518 2737 3588 Μάξιμον
2798 3519 2972 3589 αὐτὴν
3028 3518 3182 3589 δηλοί
3232 3518 3332 3589 τὴν
3406 3517 3706 3571 ὑπόστασιν

2145 3612 2283 3668 ἀλλὰ
2322 3614 2418 3666 καὶ
2447 3612 2568 3666 κατ’
2599 3612 2767 3666 αὐτὸν
2794 3612 2860 3683 δὴ
2881 3613 2972 3665 τὸν
3007 3612 3183 3683 μέγαν
3212 3612 3521 3665 Βασίλειον·
3547 3612 3706 3664 κάκεῖ-

2134 3721 2235 3767 ςνος
2269 3704 2379 3774 γὰρ
2406 3704 2709 3759 ὑπόστασιν
2742 3703 2989 3779 ὁρίζεται
3020 3700 3161 3758 εἰναι
3184 3704 3288 3774 τὴν
3316 3704 3379 3757 τὸ
3441 3704 3612 3757 κοινόν
3657 3719 3708 3753 τε

2147 3797 2244 3849 καὶ
2267 3797 2688 3867 άπερίγραπτον
2748 3798 2808 3850 ὲν
2859 3795 2940 3868 τῷ
2968 3813 3079 3850 τινι
3126 3796 3424 3867 πράγματι
3488 3795 3573 3849 διά
3615 3795 3708 3847 τῶν

2148 3890 2591 3959 ἐπιφαινομένων
2624 3890 2932 3958 ἰδιωμάτων
2963 3889 3317 3959 παριστῶσαν
3348 3890 3448 3943 καὶ
3468 3889 3708 3960 περιγρὲ-

2150 3998 2375 4049 φουσαν.
2403 4001 2422 4033 ι
2459 3982 2525 4034 Τί
2555 3980 2696 4052 φῄς;
2732 3983 2828 4046 Τίς
2857 3982 2924 4036 ἂν
2950 3982 3179 4051 γένοιτο,
3218 3981 3461 4051 Κύπριε,
3484 3980 3707 4049 λαμπρό-

2147 4092 2305 4146 τερος
2331 4075 2814 4146 ἒλεγχοςῆαὑτὸς
2880 4076 3153 4146 Κύπριος,
3208 4076 3273 4129 ἐν
3329 4071 3414 4138 οἷς
3460 4076 3556 4146 τὴν
3599 4074 3708 4142 μετ’

2152 4165 2467 4236 ἰδιωμάτων
2493 4167 2688 4223 οὐσίαν
2719 4167 2891 4239 αὐτὴν
2914 4165 3112 4239 δηλοῦν
3143 4166 3401 4237 ὁμολογεῖ
3447 4168 3547 4238 τὴν
3594 4164 3708 4218 iazi-

2151 4273 2345 4311 στασιν
2370 4257 2642 4331 Βασιλείῳ
2671 4260 2768 4314 καὶ
2816 4259 3062 4331 Μαξίμῳ
3091 4261 3205 4323 τοῖς
3260 4260 3520 4330 μεγάλοις
3550 4258 3708 4312 πειθό-

2153 4362 2337 4415 μενος,
2363 4346 2458 4401 καὶ
2502 4348 2792 4412 ἀσπασίως
2843 4350 2914 4420 τῇ
2967 4348 3194 4421 τοιαύτη
3242 4350 3404 4421 οὐσίᾳ
3450 4350 3513 4403 τὸ
3558 4350 3710 4403 αἴτιον

2152 4437 2485 4507 ἀπονέμων;
2521 4439 2585 4492 Εἰ
2622 4438 2729 4509 γάρ
2757 4440 2859 4512 τὴν
2880 4440 2977 4494 τοῦ
3004 4441 3220 4511 [ἰατρὸς
3252 4441 3447 4495 οὐσίαν
3478 4441 3613 4512 μετὰ
3628 4439 3709 4493 τοῦ

2151 4527 2429 4598 πατρικοῦ
2470 4530 2854 4601 τυγχάνουσαν
2909 4532 3206 4604 ἰδιώματος
3237 4532 3412 4606 αὐτὴν
3446 4536 3543 4606 τὴν
3564 4532 3709 4587 αὐτοῦ

461 4625 624 4682 simili
653 4629 909 4683 essentia:
931 4645 1153 4684 causam
1188 4631 1450 4698 tribuere,
1484 4650 1553 4689 ne
1579 4635 1869 4690 minimum
1925 4638 2041 4703 qui-

2151 4619 2452 4674 ὑπόστασιν
2477 4621 2764 4691 ὁμολογεῖς
2788 4622 3009 4694 δηλοῦν,
3046 4623 3264 4694 Κύπριε
3296 4625 3395 4678 καὶ
3416 4627 3483 4697 τῇ
3509 4624 3709 4695 τοιαύτῃ

461 4716 587 4771 dem
627 4717 867 4784 dubitas,
916 4722 1137 4776 ubinam
1164 4735 1295 4779 sunt
1325 4725 1565 4795 ingentia
1609 4734 1699 4780 tua
1750 4726 1845 4780 illa
1880 4741 2051 4795 nuga-

464 4811 685 4865 menta!
718 4813 939 4867 ubinam
969 4814 1174 4884 absque
1218 4816 1329 4869 ullo
1362 4817 1681 4872 discrimine
1721 4817 1790 4872 ab
1814 4818 2051 4873 essentia

466 4897 886 4958 Patriscausam
939 4907 1283 4962 sustollentia
1330 4909 1569 4970 decreta,
1612 4916 1727 4970 aut,
1782 4917 1838 4962 ut
1871 4908 2050 4977 aptius

467 4993 670 5058 dicam,
719 4996 1151 5066 vaniloquentia,
1192 5009 1247 5055 et
1299 5000 1370 5055 de
1425 5000 1593 5056 rebus
1619 5000 1774 5054 nihili
1820 5002 2052 5056 curiosa:

470 5086 940 5157 disceptationes?
979 5090 1212 5148 Videsne
1266 5108 1377 5163 quo
1405 5093 1675 5148 malorum
1711 5093 1938 5148 adactus
1967 5110 2050 5157 es,

470 5178 599 5231 dum
631 5195 823 5249 parum
874 5183 1225 5239 considerate
1256 5198 1345 5239 res
1404 5183 1742 5253 theologicae
1798 5181 2052 5238 tractas?

471 5270 739 5331 Praeterea
790 5292 811 5326 ι
868 5290 1220 5330 communem
1302 5282 1581 5342 naturam,
1638 5284 1694 5330 et
1756 5275 2049 5331 essentiam

472 5366 679 5420 nubius
719 5367 1027 5436 bypostasis
1076 5383 1201 5439 esse
1247 5382 1473 5422 causam
1504 5367 1731 5423 asseris.
1767 5385 1788 5420 ι
1854 5366 1927 5421 At
1950 5382 2052 5435 ego

477 5458 638 5513 talem
668 5459 963 5514 essentiam
1005 5476 1113 5514 non
1145 5460 1197 5514 in
1235 5459 1341 5515 Deo
1375 5469 1610 5526 tantum,
1669 5460 1766 5517 sed
1799 5460 1853 5514 in
1914 5475 2054 5530 qua-

473 5564 707 5619 cumque
748 5551 853 5605 alia
877 5561 1122 5606 creatura
1163 5567 1387 5622 prorsus
1429 5552 1665 5620 inlieior,
1692 5553 1748 5606 ni
1778 5551 2050 5621 quispiam

474 5642 840 5698 Aristotelieis
871 5642 1083 5713 placitis
1114 5632 1428 5714 persuasus,
1465 5646 1554 5701 cui
1598 5655 1652 5701 te
1686 5644 1931 5715 praebere
1965 5657 2057 5697 as-

475 5751 696 5790 sensum
729 5751 1009 5792 sermones
1035 5738 1110 5792 tui
1138 5740 1520 5807 comprobant,
1553 5747 1608 5792 et
1630 5735 1910 5807 quamdlle
1930 5747 2055 5790 ante

2150 4713 2318 4766 οὐσία
2347 4713 2411 4766 τὸ
2440 4714 2618 4769 αῐτιον
2674 4715 2977 4786 ἀπονέμειν
3029 4715 3304 4780 διστάζεις
3366 4716 3706 4771 οὐδοπωσοῦν·

2153 4803 2258 4859 ποῦ
2287 4807 2337 4858 οἰ
2367 4806 2574 4878 μακροὶ
2600 4806 2800 4860 ἐκεῖνοί
2829 4823 2925 4860 σου
2948 4806 3110 4877 λῆροι
3137 4823 3154 4873 ;
3186 4808 3292 4862 ποῦ
3349 4810 3409 4863 αἰ
3433 4810 3529 4881 τῆς
3579 4810 3706 4861 οἰασ·

2150 4896 2246 4951 οῦν
2273 4898 2563 4969 διαστολῆς
2621 4901 2748 4970 δίχα
2777 4899 2880 4971 τὴν
2904 4901 3098 4954 οὐσίαν
3154 4902 3251 4955 τοῦ
3298 4903 3516 4975 Πατρδς
3563 4905 3706 4969 ἀφαι-

2153 4988 2348 5060 ροῦσαι
2377 4990 2439 5045 τὸ
2470 4992 2649 5047 αιτιον
2690 4992 2969 5063 θεολογίαι
2997 5010 3094 5046 σου
3134 4994 3167 5066 ἢ
3200 4996 3582 5065 ματαιολογίαι
3627 5011 3706 5046 σου

2151 5083 2214 5136 τὸ
2244 5085 2581 5156 κυριώτερον
2611 5103 2627 5153 ;
2675 5086 2839 5157 Ὁρᾷς
2876 5082 2934 5139 οἷ
2971 5086 3145 5143 κακοῦ
3206 5090 3495 5160 προήχθης
3538 5089 3705 5155 ἀπερι-

2155 5174 2409 5239 σκέπτως
2437 5175 2708 5245 θεολογῶν
2725 5193 2741 5242 ;
2776 5176 2901 5232 Ἔτι
2935 5177 2992 5231 δὲ
3026 5197 3045 5230 ι
3076 5178 3177 5250 τὴν
3203 5181 3393 5252 κοινὴν
3416 5181 3597 5235 οὐσίαν
3626 5177 3705 5230 καὶ

2156 5266 2320 5337 φύσιν
2357 5268 2632 5340 μηδεμιᾶς
2666 5269 3023 5334 ὑποστάσεως
3054 5267 3198 5326 εἶναι
3226 5272 3410 5341 λέγεις
3464 5272 3654 5326 αἰτίαν.
3685 5288 3701 5321 ι

2166 5360 2310 5430 Ἐγὼ
2349 5362 2485 5432 μηδὲ
2513 5357 2656 5417 εἶναι
2696 5363 2834 5427 ὅλως
2873 5363 3135 5435 τοιαύτην
3185 5366 3399 5431 οὐσίαν,
3441 5368 3513 5438 μή
3554 5365 3630 5420 τοί
3652 5381 3706 5434 γε

2154 5452 2249 5505 ἐπὶ
2269 5452 2433 5522 Θεοῦ,
2467 5454 2587 5508 ἀλλ’
2615 5454 2730 5508 οὐδ’
2757 5456 2853 5509 ἐπὶ
2882 5455 3104 5522 οὐδενὸς
3167 5458 3277 5512 τῶν
3323 5459 3557 5514 κτιστῶν
3589 5460 3705 5512 dno-

2156 5545 2440 5616 φαίνομαι,
2471 5547 2521 5599 εἰ
2546 5546 2623 5616 μή
2651 5546 2755 5601 πού
2786 5564 2869 5612 τις
2908 5549 3369 5621 Ἀριστοτελικοῖς
3410 5550 3704 5618 πειθόμενος

2156 5636 2449 5708 δόγμασιν,
2469 5639 2663 5713 ,ὁποῖον
2692 5636 2859 5695 αὐτόν
2893 5658 2957 5696 σε
2988 5636 3132 5697 εἶναι
3189 5643 3338 5712 λόγοι
3385 5641 3704 5713 παριστὼσιν

2155 5732 2205 5784 οι
2236 5732 2343 5795 σοὶ,
2377 5730 2447 5802 ἥν
2486 5731 2593 5803 πρὸ
2621 5730 2733 5786 τῶν
2771 5732 2981 5787 πολλῶν
3013 5738 3222 5797 ἐκεῖνος
3239 5734 3497 5803 ὀνομάζει
3522 5732 3696 5786 οὐσίαν

476 5827 646 5881 multa
699 5827 990 5883 essentiam
1031 5844 1375 5898 nuncupatis,
1418 5828 1473 5883 in
1541 5828 1765 5881 deorum
1828 5839 2041 5878 numcrt

2159 5824 2430 5877 θεοποιεῖν
2453 5823 2628 5878 ἐθέλει
2650 5824 2746 5878 καὶ
2783 5824 3062 5892 σέϐεσθαι,
3100 5826 3359 5895 τοιαύτην
3394 5828 3457 5880 σὺ
3503 5825 3701 5882 πάντως

476 5916 729 5987 collocat,
777 5931 1192 5988 veneratur-que,
1229 5921 1336 5976 tuis
1393 5918 1755 5987 pronuntiatis
1787 5918 1942 5988 plane
2004 5925 2054 5970 te

2161 5913 2217 5981 ἐξ
2250 5907 2520 5984 ὧνλὲγ;ις
2548 5911 2870 5986 πρεσϐεύων
2908 5917 3200 5985 ἀπξλέγχει
3233 5918 3437 5971 οὐσίαν.
3490 5913 3615 5978 Ἐγὼ
3649 5912 3696 5965 δὲ
