  <div class='ocr_page' id='page_1' title='image "/cluster/home/n/w/nwhite01/storage/ocr_20150623/141/hvd.32044019208313/182.png"; bbox 0 0 3870 6568; ppageno 0'>
   <div class='ocr_carea' id='block_1_1' title="bbox 217 406 1796 530">
    <p class='ocr_par' dir='ltr' id='par_1_1' title="bbox 217 406 1792 509">
     <span class='ocr_line' id='line_1_1' title="bbox 217 406 1792 509; baseline 0.006 -10"><span class='ocrx_word' id='word_1_1' title='bbox 217 412 330 475; x_wconf 65' lang='grc' dir='ltr'><strong>δεῖ)</strong></span> <span class='ocrx_word' id='word_1_2' title='bbox 1338 406 1471 505; x_wconf 73' lang='grc' dir='ltr'><strong>Ἀι)</strong></span> <span class='ocrx_word' id='word_1_3' title='bbox 1505 445 1792 509; x_wconf 81' lang='lat' dir='ltr'><strong>CONSTA</strong></span> 
     </span>
    </p>
   </div>
   <div class='ocr_carea' id='block_1_2' title="bbox 1902 406 3559 530">
    <p class='ocr_par' dir='ltr' id='par_1_2' title="bbox 1910 452 3559 530">
     <span class='ocr_line' id='line_1_2' title="bbox 1910 452 3559 530; baseline 0.013 -21"><span class='ocrx_word' id='word_1_4' title='bbox 1910 452 2107 516; x_wconf 84' lang='lat' dir='ltr'><strong>INUM</strong></span> <span class='ocrx_word' id='word_1_5' title='bbox 2150 457 2297 518; x_wconf 86' lang='lat' dir='ltr'><strong>LIB.</strong></span> <span class='ocrx_word' id='word_1_6' title='bbox 2348 458 2397 520; x_wconf 94' lang='grc' dir='ltr'><strong>Ι.</strong></span> <span class='ocrx_word' id='word_1_7' title='bbox 3404 467 3516 530; x_wconf 84' lang='grc'><strong>350</strong></span> <span class='ocrx_word' id='word_1_8' title='bbox 3554 494 3559 499; x_wconf 88' lang='grc'><strong>·</strong></span> 
     </span>
    </p>
   </div>
   <div class='ocr_carea' id='block_1_3' title="bbox 224 540 1796 647">
    <p class='ocr_par' dir='ltr' id='par_1_3' title="bbox 224 540 1796 637">
     <span class='ocr_line' id='line_1_3' title="bbox 224 540 1796 637; baseline 0.023 -53"><span class='ocrx_word' id='word_1_9' title='bbox 224 540 669 601; x_wconf 70' lang='grc' dir='ltr'>τριωπόστατον</span> <span class='ocrx_word' id='word_1_10' title='bbox 706 545 818 611; x_wconf 62' lang='grc' dir='ltr'><strong>ἀεὶ,</strong></span> <span class='ocrx_word' id='word_1_11' title='bbox 844 549 938 604; x_wconf 68' lang='grc' dir='ltr'><strong>καὶ</strong></span> <span class='ocrx_word' id='word_1_12' title='bbox 963 550 1224 609; x_wconf 83' lang='grc' dir='ltr'>οὐδέποτε</span> <span class='ocrx_word' id='word_1_13' title='bbox 1284 557 1667 617; x_wconf 84' lang='grc' dir='ltr'>ἀνυπόστατον</span> <span class='ocrx_word' id='word_1_14' title='bbox 1722 565 1796 637; x_wconf 52' lang='lat' dir='ltr'><strong>si}</strong></span> 
     </span>
    </p>
   </div>
   <div class='ocr_carea' id='block_1_4' title="bbox 1902 540 3517 647">
    <p class='ocr_par' dir='ltr' id='par_1_4' title="bbox 1927 571 3517 647">
     <span class='ocr_line' id='line_1_4' title="bbox 1927 571 3517 647; baseline 0.006 -24"><span class='ocrx_word' id='word_1_15' title='bbox 1927 583 2147 639; x_wconf 82' lang='lat' dir='ltr'><strong>quoque.</strong></span> <span class='ocrx_word' id='word_1_16' title='bbox 2175 571 2357 625; x_wconf 86' lang='lat' dir='ltr'><strong>colere</strong></span> <span class='ocrx_word' id='word_1_17' title='bbox 2392 580 2704 630; x_wconf 80' lang='lat' dir='ltr'><strong>convincat.</strong></span> <span class='ocrx_word' id='word_1_18' title='bbox 2738 573 2852 647; x_wconf 74' lang='lat' dir='ltr'><strong>Ego</strong></span> <span class='ocrx_word' id='word_1_19' title='bbox 2878 590 3029 644; x_wconf 84' lang='lat' dir='ltr'><strong>vero,</strong></span> <span class='ocrx_word' id='word_1_20' title='bbox 3060 588 3181 646; x_wconf 73' lang='lat' dir='ltr'><strong>quae</strong></span> <span class='ocrx_word' id='word_1_21' title='bbox 3206 580 3517 633; x_wconf 85' lang='lat' dir='ltr'><strong>communi-</strong></span> 
     </span>
    </p>
   </div>
   <div class='ocr_carea' id='block_1_5' title="bbox 224 628 1818 723">
    <p class='ocr_par' dir='ltr' id='par_1_5' title="bbox 224 628 1818 723">
     <span class='ocr_line' id='line_1_5' title="bbox 224 628 1818 723; baseline 0.023 -48"><span class='ocrx_word' id='word_1_22' title='bbox 224 628 427 723; x_wconf 75' lang='grc' dir='ltr'>κοινῶς</span> <span class='ocrx_word' id='word_1_23' title='bbox 450 632 544 685; x_wconf 71' lang='grc' dir='ltr'><strong>ἐπὶ</strong></span> <span class='ocrx_word' id='word_1_24' title='bbox 579 634 716 690; x_wconf 74' lang='grc' dir='ltr'>θεοῦ</span> <span class='ocrx_word' id='word_1_25' title='bbox 756 637 1061 715; x_wconf 77' lang='grc' dir='ltr'><strong>λεγομένην</strong></span> <span class='ocrx_word' id='word_1_26' title='bbox 1104 649 1432 719; x_wconf 82' lang='grc' dir='ltr'>πρεσϐεὑων</span> <span class='ocrx_word' id='word_1_27' title='bbox 1489 655 1706 723; x_wconf 82' lang='grc' dir='ltr'>οὐσίαν,</span> <span class='ocrx_word' id='word_1_28' title='bbox 1755 628 1818 712; x_wconf 59' lang='grc' dir='ltr'>ἐι</span> 
     </span>
    </p>
   </div>
   <div class='ocr_carea' id='block_1_6' title="bbox 221 716 1814 817">
    <p class='ocr_par' dir='ltr' id='par_1_6' title="bbox 221 716 1814 817">
     <span class='ocr_line' id='line_1_6' title="bbox 221 716 1814 817; baseline 0.024 -49"><span class='ocrx_word' id='word_1_29' title='bbox 221 716 328 817; x_wconf 40' lang='lat' dir='ltr'><strong>{tu</strong></span> <span class='ocrx_word' id='word_1_30' title='bbox 357 723 624 817; x_wconf 45' lang='grc' dir='ltr'>οίμίῖιζειν</span> <span class='ocrx_word' id='word_1_31' title='bbox 647 728 739 795; x_wconf 76' lang='grc' dir='ltr'><strong>ἐῶ,</strong></span> <span class='ocrx_word' id='word_1_32' title='bbox 764 734 844 795; x_wconf 82' lang='grc' dir='ltr'><strong>εἰς</strong></span> <span class='ocrx_word' id='word_1_33' title='bbox 890 716 1251 811; x_wconf 78' lang='grc' dir='ltr'>καταδρομήν</span> <span class='ocrx_word' id='word_1_34' title='bbox 1300 761 1395 798; x_wconf 89' lang='grc' dir='ltr'><strong>σου</strong></span> <span class='ocrx_word' id='word_1_35' title='bbox 1447 716 1814 817; x_wconf 71' lang='grc' dir='ltr'>ἀρκούμένος,</span> 
     </span>
    </p>
   </div>
   <div class='ocr_carea' id='block_1_7' title="bbox 216 804 1816 918">
    <p class='ocr_par' dir='ltr' id='par_1_7' title="bbox 216 804 1816 918">
     <span class='ocr_line' id='line_1_7' title="bbox 216 804 1816 918; baseline 0.023 -57"><span class='ocrx_word' id='word_1_36' title='bbox 216 804 302 918; x_wconf 55' lang='grc' dir='ltr'>οἷς</span> <span class='ocrx_word' id='word_1_37' title='bbox 331 816 512 918; x_wconf 66' lang='grc' dir='ltr'>αὐτὸς</span> <span class='ocrx_word' id='word_1_38' title='bbox 561 821 757 876; x_wconf 72' lang='grc' dir='ltr'>ἑαυτὸν</span> <span class='ocrx_word' id='word_1_39' title='bbox 790 825 1125 902; x_wconf 79' lang='grc' dir='ltr'><strong>ἐξελέγχεις,</strong></span> <span class='ocrx_word' id='word_1_40' title='bbox 1158 834 1255 889; x_wconf 80' lang='grc' dir='ltr'><strong>νῦν</strong></span> <span class='ocrx_word' id='word_1_41' title='bbox 1282 839 1383 906; x_wconf 74' lang='grc' dir='ltr'>μὲν</span> <span class='ocrx_word' id='word_1_42' title='bbox 1406 841 1507 911; x_wconf 82' lang='grc' dir='ltr'>τὴν</span> <span class='ocrx_word' id='word_1_43' title='bbox 1537 845 1816 914; x_wconf 81' lang='grc' dir='ltr'>πατρικὴν</span> 
     </span>
    </p>
   </div>
   <div class='ocr_carea' id='block_1_8' title="bbox 214 905 1819 1005">
    <p class='ocr_par' dir='ltr' id='par_1_8' title="bbox 214 905 1819 1005">
     <span class='ocr_line' id='line_1_8' title="bbox 214 905 1819 1005; baseline 0.024 -53"><span class='ocrx_word' id='word_1_44' title='bbox 214 905 421 1005; x_wconf 71' lang='grc' dir='ltr'>οὐσίαν</span> <span class='ocrx_word' id='word_1_45' title='bbox 448 912 509 961; x_wconf 79' lang='grc' dir='ltr'>τὸ</span> <span class='ocrx_word' id='word_1_46' title='bbox 544 911 719 968; x_wconf 65' lang='grc' dir='ltr'>αἰτίον</span> <span class='ocrx_word' id='word_1_47' title='bbox 747 918 1026 988; x_wconf 81' lang='grc' dir='ltr'>ἀφαιρῶν,</span> <span class='ocrx_word' id='word_1_48' title='bbox 1052 924 1154 978; x_wconf 84' lang='grc' dir='ltr'>νῦν</span> <span class='ocrx_word' id='word_1_49' title='bbox 1182 926 1240 980; x_wconf 81' lang='grc' dir='ltr'><strong>δὲ</strong></span> <span class='ocrx_word' id='word_1_50' title='bbox 1403 905 1548 1000; x_wconf 65' lang='grc' dir='ltr'>’μέτ’</span> <span class='ocrx_word' id='word_1_51' title='bbox 1586 905 1819 1005; x_wconf 63' lang='grc' dir='ltr'>ἰδίωμα-</span> 
     </span>
    </p>
   </div>
   <div class='ocr_carea' id='block_1_9' title="bbox 214 1000 1812 1093">
    <p class='ocr_par' dir='ltr' id='par_1_9' title="bbox 214 1000 1812 1093">
     <span class='ocr_line' id='line_1_9' title="bbox 214 1000 1812 1093; baseline 0.021 -47"><span class='ocrx_word' id='word_1_52' title='bbox 214 1012 330 1093; x_wconf 81' lang='grc' dir='ltr'>των</span> <span class='ocrx_word' id='word_1_53' title='bbox 363 1000 561 1093; x_wconf 79' lang='grc' dir='ltr'>οὐσίαν</span> <span class='ocrx_word' id='word_1_54' title='bbox 591 1007 765 1078; x_wconf 76' lang='grc' dir='ltr'>αὐτὴν</span> <span class='ocrx_word' id='word_1_55' title='bbox 793 1012 990 1082; x_wconf 76' lang='grc' dir='ltr'>δηλοῦν</span> <span class='ocrx_word' id='word_1_56' title='bbox 1024 1018 1311 1088; x_wconf 78' lang='grc' dir='ltr'>ὁμολογῶν</span> <span class='ocrx_word' id='word_1_57' title='bbox 1344 1021 1442 1093; x_wconf 80' lang='grc' dir='ltr'>τὴν</span> <span class='ocrx_word' id='word_1_58' title='bbox 1492 1000 1812 1092; x_wconf 71' lang='grc' dir='ltr'>ὑπόστασιν,</span> 
     </span>
    </p>
   </div>
   <div class='ocr_carea' id='block_1_10' title="bbox 212 1092 1815 1186">
    <p class='ocr_par' dir='ltr' id='par_1_10' title="bbox 212 1092 1815 1186">
     <span class='ocr_line' id='line_1_10' title="bbox 212 1092 1815 1186; baseline 0.019 -44"><span class='ocrx_word' id='word_1_59' title='bbox 212 1092 313 1143; x_wconf 75' lang='grc' dir='ltr'><strong>καὶ</strong></span> <span class='ocrx_word' id='word_1_60' title='bbox 337 1092 405 1145; x_wconf 75' lang='grc' dir='ltr'>τὸ</span> <span class='ocrx_word' id='word_1_61' title='bbox 426 1095 606 1150; x_wconf 73' lang='grc' dir='ltr'>αἴτιον</span> <span class='ocrx_word' id='word_1_62' title='bbox 631 1102 770 1173; x_wconf 77' lang='grc' dir='ltr'>αὐτῇ</span> <span class='ocrx_word' id='word_1_63' title='bbox 811 1110 1257 1180; x_wconf 68' lang='grc' dir='ltr'>προσομολογιῗω.</span> <span class='ocrx_word' id='word_1_64' title='bbox 1297 1116 1419 1169; x_wconf 80' lang='grc' dir='ltr'><strong>Ἔτι</strong></span> <span class='ocrx_word' id='word_1_65' title='bbox 1444 1116 1500 1169; x_wconf 78' lang='grc' dir='ltr'><strong>δὲ</strong></span> <span class='ocrx_word' id='word_1_66' title='bbox 1533 1120 1629 1171; x_wconf 71' lang='grc' dir='ltr'><strong>καὶ</strong></span> <span class='ocrx_word' id='word_1_67' title='bbox 1651 1136 1815 1186; x_wconf 78' lang='grc' dir='ltr'>φυσι-</span> 
     </span>
    </p>
   </div>
   <div class='ocr_carea' id='block_1_11' title="bbox 212 1183 1814 1275">
    <p class='ocr_par' dir='ltr' id='par_1_11' title="bbox 212 1183 1814 1275">
     <span class='ocr_line' id='line_1_11' title="bbox 212 1183 1814 1275; baseline 0.022 -43"><span class='ocrx_word' id='word_1_68' title='bbox 212 1183 323 1252; x_wconf 73' lang='grc' dir='ltr'><strong>κὴν</strong></span> <span class='ocrx_word' id='word_1_69' title='bbox 357 1186 541 1258; x_wconf 75' lang='grc' dir='ltr'>ἀρχὴν</span> <span class='ocrx_word' id='word_1_70' title='bbox 582 1193 677 1247; x_wconf 78' lang='grc' dir='ltr'><strong>καὶ</strong></span> <span class='ocrx_word' id='word_1_71' title='bbox 708 1198 890 1251; x_wconf 84' lang='grc' dir='ltr'>αίτίαν</span> <span class='ocrx_word' id='word_1_72' title='bbox 916 1201 1048 1254; x_wconf 85' lang='grc' dir='ltr'><strong>Υίοῦ</strong></span> <span class='ocrx_word' id='word_1_73' title='bbox 1080 1204 1177 1258; x_wconf 74' lang='grc' dir='ltr'>καὶ</span> <span class='ocrx_word' id='word_1_74' title='bbox 1201 1208 1527 1275; x_wconf 72' lang='grc' dir='ltr'>Πνεῦματος</span> <span class='ocrx_word' id='word_1_75' title='bbox 1556 1183 1673 1266; x_wconf 29' lang='grc' dir='ltr'>τον-</span> <span class='ocrx_word' id='word_1_76' title='bbox 1701 1214 1814 1267; x_wconf 79' lang='grc' dir='ltr'><strong>Πα-</strong></span> 
     </span>
    </p>
   </div>
   <div class='ocr_carea' id='block_1_12' title="bbox 215 1281 1814 1372">
    <p class='ocr_par' dir='ltr' id='par_1_12' title="bbox 215 1281 1814 1372">
     <span class='ocr_line' id='line_1_12' title="bbox 215 1281 1814 1372; baseline 0.018 -41"><span class='ocrx_word' id='word_1_77' title='bbox 215 1281 355 1349; x_wconf 76' lang='grc' dir='ltr'>τέρα</span> <span class='ocrx_word' id='word_1_78' title='bbox 378 1284 478 1335; x_wconf 68' lang='grc' dir='ltr'><strong>καὶ</strong></span> <span class='ocrx_word' id='word_1_79' title='bbox 511 1284 670 1353; x_wconf 75' lang='grc' dir='ltr'>αὖθις</span> <span class='ocrx_word' id='word_1_80' title='bbox 697 1291 873 1346; x_wconf 80' lang='grc' dir='ltr'>αἴτιον</span> <span class='ocrx_word' id='word_1_81' title='bbox 915 1295 1049 1349; x_wconf 86' lang='grc' dir='ltr'><strong>Υίοῦ</strong></span> <span class='ocrx_word' id='word_1_82' title='bbox 1098 1301 1192 1353; x_wconf 72' lang='grc' dir='ltr'><strong>καὶ</strong></span> <span class='ocrx_word' id='word_1_83' title='bbox 1236 1303 1567 1372; x_wconf 82' lang='grc' dir='ltr'>Πνεὺματος</span> <span class='ocrx_word' id='word_1_84' title='bbox 1623 1308 1814 1360; x_wconf 75' lang='grc' dir='ltr'>οὑσιωο</span> 
     </span>
    </p>
   </div>
   <div class='ocr_carea' id='block_1_13' title="bbox 211 1372 1811 1469">
    <p class='ocr_par' dir='ltr' id='par_1_13' title="bbox 211 1372 1811 1469">
     <span class='ocr_line' id='line_1_13' title="bbox 211 1372 1811 1469; baseline 0.019 -46"><span class='ocrx_word' id='word_1_85' title='bbox 211 1372 323 1433; x_wconf 75' lang='grc' dir='ltr'>δὼς</span> <span class='ocrx_word' id='word_1_86' title='bbox 362 1375 565 1431; x_wconf 77' lang='grc' dir='ltr'>τοῦτον</span> <span class='ocrx_word' id='word_1_87' title='bbox 596 1382 912 1441; x_wconf 79' lang='grc' dir='ltr'>ἀποκαλῶν.</span> <span class='ocrx_word' id='word_1_88' title='bbox 945 1391 1003 1443; x_wconf 82' lang='grc' dir='ltr'>Εί</span> <span class='ocrx_word' id='word_1_89' title='bbox 1036 1392 1146 1463; x_wconf 69' lang='grc' dir='ltr'>γὰρ</span> <span class='ocrx_word' id='word_1_90' title='bbox 1179 1395 1240 1447; x_wconf 84' lang='grc' dir='ltr'>οὐ</span> <span class='ocrx_word' id='word_1_91' title='bbox 1266 1398 1407 1451; x_wconf 76' lang='grc' dir='ltr'>κατὰ</span> <span class='ocrx_word' id='word_1_92' title='bbox 1453 1398 1571 1469; x_wconf 75' lang='grc' dir='ltr'>τὴν.</span> <span class='ocrx_word' id='word_1_93' title='bbox 1619 1402 1811 1454; x_wconf 73' lang='grc' dir='ltr'>οὐσίαν</span> 
     </span>
    </p>
   </div>
   <div class='ocr_carea' id='block_1_14' title="bbox 209 1464 1808 1563">
    <p class='ocr_par' dir='ltr' id='par_1_14' title="bbox 209 1464 1808 1563">
     <span class='ocr_line' id='line_1_14' title="bbox 253 1464 1518 1498; baseline 0.019 -19"><span class='ocrx_word' id='word_1_94' title='bbox 253 1464 276 1479; x_wconf 73' lang='grc' dir='ltr'><strong><em>ο</em></strong></span> <span class='ocrx_word' id='word_1_95' title='bbox 608 1490 609 1493; x_wconf 21' lang='grc' dir='ltr'><strong>η</strong></span> <span class='ocrx_word' id='word_1_96' title='bbox 647 1474 659 1491; x_wconf 63' lang='grc' dir='ltr'><strong>ι</strong></span> <span class='ocrx_word' id='word_1_97' title='bbox 784 1478 798 1496; x_wconf 69' lang='grc' dir='ltr'><strong><em>ο</em></strong></span> <span class='ocrx_word' id='word_1_98' title='bbox 1020 1483 1032 1498; x_wconf 69' lang='grc' dir='ltr'><strong>ο</strong></span> <span class='ocrx_word' id='word_1_99' title='bbox 1508 1464 1518 1469; x_wconf 55' lang='lat'>&#39;</span> 
     </span>
     <span class='ocr_line' id='line_1_15' title="bbox 209 1469 1808 1563; baseline 0.019 -46"><span class='ocrx_word' id='word_1_100' title='bbox 209 1482 397 1529; x_wconf 81' lang='grc' dir='ltr'>αιτιος</span> <span class='ocrx_word' id='word_1_101' title='bbox 460 1469 734 1545; x_wconf 77' lang='grc' dir='ltr'>ὀΠατηρ,</span> <span class='ocrx_word' id='word_1_102' title='bbox 768 1495 843 1543; x_wconf 85' lang='grc' dir='ltr'>ως</span> <span class='ocrx_word' id='word_1_103' title='bbox 871 1483 926 1533; x_wconf 81' lang='grc' dir='ltr'><strong>αξ</strong></span> <span class='ocrx_word' id='word_1_104' title='bbox 984 1488 1281 1555; x_wconf 71' lang='grc' dir='ltr'>ειρημέναι</span> <span class='ocrx_word' id='word_1_105' title='bbox 1335 1490 1430 1542; x_wconf 75' lang='grc' dir='ltr'>τοῦ</span> <span class='ocrx_word' id='word_1_106' title='bbox 1488 1492 1583 1544; x_wconf 78' lang='grc' dir='ltr'><strong>σοῦ</strong></span> <span class='ocrx_word' id='word_1_107' title='bbox 1638 1493 1808 1563; x_wconf 75' lang='grc' dir='ltr'>τόμον</span> 
     </span>
    </p>
   </div>
   <div class='ocr_carea' id='block_1_15' title="bbox 207 1558 1810 1649">
    <p class='ocr_par' dir='ltr' id='par_1_15' title="bbox 207 1558 1810 1649">
     <span class='ocr_line' id='line_1_16' title="bbox 207 1558 1810 1649; baseline 0.016 -37"><span class='ocrx_word' id='word_1_108' title='bbox 207 1558 452 1627; x_wconf 70' lang='grc' dir='ltr'>δηλοῦσι</span> <span class='ocrx_word' id='word_1_109' title='bbox 482 1571 809 1637; x_wconf 67' lang='grc' dir='ltr'>περικοπαὶ,</span> <span class='ocrx_word' id='word_1_110' title='bbox 839 1576 936 1626; x_wconf 77' lang='grc' dir='ltr'><strong>καὶ</strong></span> <span class='ocrx_word' id='word_1_111' title='bbox 973 1576 1144 1649; x_wconf 67' lang='grc' dir='ltr'><strong>ψεύδη</strong></span> <span class='ocrx_word' id='word_1_112' title='bbox 1184 1581 1447 1646; x_wconf 75' lang='grc' dir='ltr'><strong>οὐσιῶδες</strong></span> <span class='ocrx_word' id='word_1_113' title='bbox 1500 1585 1675 1639; x_wconf 72' lang='grc' dir='ltr'>αἴτιον</span> <span class='ocrx_word' id='word_1_114' title='bbox 1715 1587 1810 1637; x_wconf 70' lang='grc' dir='ltr'><strong>καὶ</strong></span> 
     </span>
    </p>
   </div>
   <div class='ocr_carea' id='block_1_16' title="bbox 205 1657 1808 1744">
    <p class='ocr_par' dir='ltr' id='par_1_16' title="bbox 205 1657 1808 1744">
     <span class='ocr_line' id='line_1_17' title="bbox 205 1657 1808 1744; baseline 0.015 -38"><span class='ocrx_word' id='word_1_115' title='bbox 205 1657 462 1728; x_wconf 71' lang='grc' dir='ltr'>φυσικὴν</span> <span class='ocrx_word' id='word_1_116' title='bbox 490 1661 664 1732; x_wconf 81' lang='grc' dir='ltr'>ἀρχὴν</span> <span class='ocrx_word' id='word_1_117' title='bbox 697 1667 791 1717; x_wconf 66' lang='grc' dir='ltr'><strong>καὶ</strong></span> <span class='ocrx_word' id='word_1_118' title='bbox 827 1667 1013 1722; x_wconf 83' lang='grc' dir='ltr'>αἰτίαν</span> <span class='ocrx_word' id='word_1_119' title='bbox 1044 1669 1174 1725; x_wconf 76' lang='grc' dir='ltr'><strong>Υξοῦ</strong></span> <span class='ocrx_word' id='word_1_120' title='bbox 1209 1674 1302 1725; x_wconf 69' lang='grc' dir='ltr'><strong>καὶ</strong></span> <span class='ocrx_word' id='word_1_121' title='bbox 1338 1675 1657 1742; x_wconf 69' lang='grc' dir='ltr'>Πνεῦματος</span> <span class='ocrx_word' id='word_1_122' title='bbox 1678 1676 1808 1744; x_wconf 74' lang='grc' dir='ltr'><strong>τοῦ-</strong></span> 
     </span>
    </p>
   </div>
   <div class='ocr_carea' id='block_1_17' title="bbox 205 1749 1808 1830">
    <p class='ocr_par' dir='ltr' id='par_1_17' title="bbox 205 1749 1808 1830">
     <span class='ocr_line' id='line_1_18' title="bbox 205 1749 1808 1830; baseline 0.013 -30"><span class='ocrx_word' id='word_1_123' title='bbox 205 1764 308 1800; x_wconf 79' lang='grc' dir='ltr'><strong>τον</strong></span> <span class='ocrx_word' id='word_1_124' title='bbox 347 1749 669 1817; x_wconf 70' lang='grc' dir='ltr'>ἀποκαλῶν,</span> <span class='ocrx_word' id='word_1_125' title='bbox 708 1754 740 1825; x_wconf 81' lang='grc' dir='ltr'>ἦ</span> <span class='ocrx_word' id='word_1_126' title='bbox 776 1760 915 1812; x_wconf 76' lang='grc' dir='ltr'>κατὰ</span> <span class='ocrx_word' id='word_1_127' title='bbox 946 1759 1014 1812; x_wconf 67' lang='grc' dir='ltr'><strong>τὰ</strong></span> <span class='ocrx_word' id='word_1_128' title='bbox 1036 1760 1441 1830; x_wconf 65' lang='grc' dir='ltr'><strong>ὡμολογημένα</strong></span> <span class='ocrx_word' id='word_1_129' title='bbox 1468 1769 1562 1818; x_wconf 76' lang='grc' dir='ltr'>καὶ</span> <span class='ocrx_word' id='word_1_130' title='bbox 1599 1768 1682 1821; x_wconf 75' lang='grc' dir='ltr'><strong>σοὶ</strong></span> <span class='ocrx_word' id='word_1_131' title='bbox 1713 1769 1808 1821; x_wconf 77' lang='grc' dir='ltr'><strong>καὶ</strong></span> 
     </span>
    </p>
   </div>
   <div class='ocr_carea' id='block_1_18' title="bbox 208 1840 1800 1929">
    <p class='ocr_par' dir='ltr' id='par_1_18' title="bbox 208 1840 1800 1929">
     <span class='ocr_line' id='line_1_19' title="bbox 208 1840 1800 1929; baseline 0.014 -38"><span class='ocrx_word' id='word_1_132' title='bbox 208 1840 369 1907; x_wconf 69' lang='grc' dir='ltr'>ἐμοὶ,</span> <span class='ocrx_word' id='word_1_133' title='bbox 411 1846 509 1897; x_wconf 72' lang='grc' dir='ltr'><strong>καὶ</strong></span> <span class='ocrx_word' id='word_1_134' title='bbox 537 1848 646 1916; x_wconf 81' lang='grc' dir='ltr'>πρὸ</span> <span class='ocrx_word' id='word_1_135' title='bbox 677 1865 740 1917; x_wconf 86' lang='grc' dir='ltr'>γε</span> <span class='ocrx_word' id='word_1_136' title='bbox 770 1850 925 1917; x_wconf 75' lang='grc' dir='ltr'>ἡμῶν</span> <span class='ocrx_word' id='word_1_137' title='bbox 947 1854 1059 1914; x_wconf 87' lang='grc' dir='ltr'>τοῖς</span> <span class='ocrx_word' id='word_1_138' title='bbox 1097 1851 1371 1921; x_wconf 75' lang='grc' dir='ltr'><strong>θεολόγοις</strong></span> <span class='ocrx_word' id='word_1_139' title='bbox 1401 1859 1535 1910; x_wconf 75' lang='grc' dir='ltr'>πᾶσι</span> <span class='ocrx_word' id='word_1_140' title='bbox 1578 1861 1800 1929; x_wconf 86' lang='grc' dir='ltr'>Πατρά-</span> 
     </span>
    </p>
   </div>
   <div class='ocr_carea' id='block_1_19' title="bbox 206 1935 1804 2019">
    <p class='ocr_par' dir='ltr' id='par_1_19' title="bbox 206 1935 1804 2019">
     <span class='ocr_line' id='line_1_20' title="bbox 206 1935 1804 2019; baseline 0.013 -35"><span class='ocrx_word' id='word_1_141' title='bbox 206 1949 323 1986; x_wconf 83' lang='grc' dir='ltr'>σιν⁶</span> <span class='ocrx_word' id='word_1_142' title='bbox 350 1935 621 2003; x_wconf 73' lang='grc' dir='ltr'>οὐσιῶδες</span> <span class='ocrx_word' id='word_1_143' title='bbox 644 1940 861 2010; x_wconf 63' lang='grc' dir='ltr'>ἀληθῶς</span> <span class='ocrx_word' id='word_1_144' title='bbox 884 1945 1079 2009; x_wconf 77' lang='grc' dir='ltr'>αἴτιον,</span> <span class='ocrx_word' id='word_1_145' title='bbox 1116 1947 1209 1999; x_wconf 79' lang='grc' dir='ltr'><strong>καὶ</strong></span> <span class='ocrx_word' id='word_1_146' title='bbox 1244 1952 1446 2019; x_wconf 78' lang='grc' dir='ltr'>φυσικὴ</span> <span class='ocrx_word' id='word_1_147' title='bbox 1489 1952 1639 2005; x_wconf 83' lang='grc' dir='ltr'>αἰτία</span> <span class='ocrx_word' id='word_1_148' title='bbox 1711 1954 1804 2006; x_wconf 75' lang='grc' dir='ltr'><strong>καὶ</strong></span> 
     </span>
    </p>
   </div>
   <div class='ocr_carea' id='block_1_20' title="bbox 206 2026 1804 2114">
    <p class='ocr_par' dir='ltr' id='par_1_20' title="bbox 206 2026 1804 2114">
     <span class='ocr_line' id='line_1_21' title="bbox 206 2026 1804 2114; baseline 0.013 -37"><span class='ocrx_word' id='word_1_149' title='bbox 206 2026 362 2098; x_wconf 77' lang='grc' dir='ltr'><strong>ἀρχή</strong></span> <span class='ocrx_word' id='word_1_150' title='bbox 390 2028 503 2082; x_wconf 84' lang='grc' dir='ltr'><strong>τῶν</strong></span> <span class='ocrx_word' id='word_1_151' title='bbox 535 2030 595 2095; x_wconf 76' lang='grc' dir='ltr'>ἐξ</span> <span class='ocrx_word' id='word_1_152' title='bbox 618 2031 786 2086; x_wconf 75' lang='grc' dir='ltr'>αὑτοῦ</span> <span class='ocrx_word' id='word_1_153' title='bbox 816 2035 844 2086; x_wconf 83' lang='grc' dir='ltr'>ὁ</span> <span class='ocrx_word' id='word_1_154' title='bbox 876 2035 1094 2108; x_wconf 84' lang='grc' dir='ltr'>Πατὴρ,</span> <span class='ocrx_word' id='word_1_155' title='bbox 1118 2039 1299 2093; x_wconf 75' lang='grc' dir='ltr'>καὶτὸ</span> <span class='ocrx_word' id='word_1_156' title='bbox 1349 2040 1549 2110; x_wconf 67' lang='grc' dir='ltr'>ψεῦδος</span> <span class='ocrx_word' id='word_1_157' title='bbox 1606 2045 1662 2097; x_wconf 83' lang='grc' dir='ltr'>αἱ</span> <span class='ocrx_word' id='word_1_158' title='bbox 1729 2044 1804 2114; x_wconf 81' lang='grc' dir='ltr'>μὴ</span> 
     </span>
    </p>
   </div>
   <div class='ocr_carea' id='block_1_21' title="bbox 204 2120 1799 2205">
    <p class='ocr_par' dir='ltr' id='par_1_21' title="bbox 204 2120 1799 2205">
     <span class='ocr_line' id='line_1_22' title="bbox 204 2120 1799 2205; baseline 0.01 -34"><span class='ocrx_word' id='word_1_159' title='bbox 204 2120 363 2173; x_wconf 61' lang='grc' dir='ltr'>κατὰ</span> <span class='ocrx_word' id='word_1_160' title='bbox 384 2124 489 2191; x_wconf 76' lang='grc' dir='ltr'>τὴν</span> <span class='ocrx_word' id='word_1_161' title='bbox 505 2123 697 2182; x_wconf 74' lang='grc' dir='ltr'>οὐσίαν</span> <span class='ocrx_word' id='word_1_162' title='bbox 719 2126 892 2180; x_wconf 81' lang='grc' dir='ltr'>αίτιον</span> <span class='ocrx_word' id='word_1_163' title='bbox 920 2124 1062 2184; x_wconf 81' lang='grc' dir='ltr'>εἶναι</span> <span class='ocrx_word' id='word_1_164' title='bbox 1093 2132 1187 2183; x_wconf 80' lang='grc' dir='ltr'>τὸν</span> <span class='ocrx_word' id='word_1_165' title='bbox 1246 2134 1465 2204; x_wconf 82' lang='grc' dir='ltr'>πατέρα</span> <span class='ocrx_word' id='word_1_166' title='bbox 1485 2133 1799 2205; x_wconf 74' lang='grc' dir='ltr'>διοριζόμεο</span> 
     </span>
    </p>
   </div>
   <div class='ocr_carea' id='block_1_22' title="bbox 205 2209 1802 2297">
    <p class='ocr_par' dir='ltr' id='par_1_22' title="bbox 205 2209 1802 2297">
     <span class='ocr_line' id='line_1_23' title="bbox 205 2209 1802 2297; baseline 0.011 -36"><span class='ocrx_word' id='word_1_167' title='bbox 205 2209 303 2262; x_wconf 84' lang='grc' dir='ltr'><strong>ναί</strong></span> <span class='ocrx_word' id='word_1_168' title='bbox 338 2227 425 2263; x_wconf 79' lang='grc' dir='ltr'><strong>σοι</strong></span> <span class='ocrx_word' id='word_1_169' title='bbox 459 2215 673 2283; x_wconf 76' lang='grc' dir='ltr'>γραφαὶ</span> <span class='ocrx_word' id='word_1_170' title='bbox 692 2216 903 2287; x_wconf 81' lang='grc' dir='ltr'>ἔχουσι,</span> <span class='ocrx_word' id='word_1_171' title='bbox 948 2220 1043 2272; x_wconf 70' lang='grc' dir='ltr'><strong>καὶ</strong></span> <span class='ocrx_word' id='word_1_172' title='bbox 1063 2222 1091 2274; x_wconf 80' lang='grc' dir='ltr'><strong>ὁ</strong></span> <span class='ocrx_word' id='word_1_173' title='bbox 1119 2223 1176 2290; x_wconf 79' lang='grc' dir='ltr'>ἐξ</span> <span class='ocrx_word' id='word_1_174' title='bbox 1204 2223 1370 2277; x_wconf 81' lang='grc' dir='ltr'>αὑτοῦ</span> <span class='ocrx_word' id='word_1_175' title='bbox 1403 2242 1485 2278; x_wconf 88' lang='grc' dir='ltr'><strong>σοι</strong></span> <span class='ocrx_word' id='word_1_176' title='bbox 1516 2226 1802 2297; x_wconf 74' lang='grc' dir='ltr'>προσγινόο</span> 
     </span>
    </p>
   </div>
   <div class='ocr_carea' id='block_1_23' title="bbox 208 2306 1299 2388">
    <p class='ocr_par' dir='ltr' id='par_1_23' title="bbox 208 2306 1299 2388">
     <span class='ocr_line' id='line_1_24' title="bbox 208 2306 1299 2388; baseline 0.015 -33"><span class='ocrx_word' id='word_1_177' title='bbox 208 2319 386 2372; x_wconf 85' lang='grc' dir='ltr'>μενος</span> <span class='ocrx_word' id='word_1_178' title='bbox 419 2306 647 2377; x_wconf 74' lang='grc' dir='ltr'>ἐλεγχος</span> <span class='ocrx_word' id='word_1_179' title='bbox 679 2310 936 2367; x_wconf 80' lang='grc' dir='ltr'><strong>ἐντεῦθεν</strong></span> <span class='ocrx_word' id='word_1_180' title='bbox 965 2318 1299 2388; x_wconf 71' lang='grc' dir='ltr'>περιφανής.</span> 
     </span>
    </p>
   </div>
   <div class='ocr_carea' id='block_1_24' title="bbox 282 2586 1797 2670">
    <p class='ocr_par' dir='ltr' id='par_1_24' title="bbox 282 2586 1797 2670">
     <span class='ocr_line' id='line_1_25' title="bbox 282 2586 1797 2670; baseline 0.009 -28"><span class='ocrx_word' id='word_1_181' title='bbox 282 2588 359 2645; x_wconf 83' lang='grc' dir='ltr'><strong>θ’.</strong></span> <span class='ocrx_word' id='word_1_182' title='bbox 405 2591 570 2659; x_wconf 79' lang='grc' dir='ltr'>Ἡμῖν</span> <span class='ocrx_word' id='word_1_183' title='bbox 602 2588 681 2655; x_wconf 80' lang='grc' dir='ltr'><strong>δὲ,</strong></span> <span class='ocrx_word' id='word_1_184' title='bbox 710 2586 755 2645; x_wconf 83' lang='grc' dir='ltr'>ὧ</span> <span class='ocrx_word' id='word_1_185' title='bbox 785 2592 904 2661; x_wconf 82' lang='grc' dir='ltr'>φίλε</span> <span class='ocrx_word' id='word_1_186' title='bbox 941 2613 1031 2666; x_wconf 86' lang='grc' dir='ltr'><strong>μοι</strong></span> <span class='ocrx_word' id='word_1_187' title='bbox 1064 2597 1173 2652; x_wconf 77' lang='grc' dir='ltr'>τῶν</span> <span class='ocrx_word' id='word_1_188' title='bbox 1199 2599 1510 2670; x_wconf 85' lang='grc' dir='ltr'>λεγομένων</span> <span class='ocrx_word' id='word_1_189' title='bbox 1533 2602 1797 2670; x_wconf 78' lang='grc' dir='ltr'>ἀκροατὰ.</span> 
     </span>
    </p>
   </div>
   <div class='ocr_carea' id='block_1_25' title="bbox 212 2682 1803 2762">
    <p class='ocr_par' dir='ltr' id='par_1_25' title="bbox 212 2682 1803 2762">
     <span class='ocr_line' id='line_1_26' title="bbox 212 2682 1803 2762; baseline 0.007 -29"><span class='ocrx_word' id='word_1_190' title='bbox 212 2685 361 2749; x_wconf 76' lang='grc' dir='ltr'><strong>μετὰ</strong></span> <span class='ocrx_word' id='word_1_191' title='bbox 390 2682 453 2735; x_wconf 77' lang='grc' dir='ltr'>τὸ</span> <span class='ocrx_word' id='word_1_192' title='bbox 488 2686 600 2747; x_wconf 84' lang='grc' dir='ltr'>τοῖς</span> <span class='ocrx_word' id='word_1_193' title='bbox 628 2682 946 2754; x_wconf 78' lang='grc' dir='ltr'>λεγομένοις</span> <span class='ocrx_word' id='word_1_194' title='bbox 975 2687 1074 2760; x_wconf 83' lang='grc' dir='ltr'>τὴν</span> <span class='ocrx_word' id='word_1_195' title='bbox 1109 2689 1292 2743; x_wconf 78' lang='grc' dir='ltr'><strong>αἰτίαν</strong></span> <span class='ocrx_word' id='word_1_196' title='bbox 1337 2691 1681 2762; x_wconf 77' lang='grc' dir='ltr'>προσθεῖναι,</span> <span class='ocrx_word' id='word_1_197' title='bbox 1734 2691 1803 2744; x_wconf 83' lang='grc' dir='ltr'>δι’</span> 
     </span>
    </p>
   </div>
   <div class='ocr_carea' id='block_1_26' title="bbox 206 2776 1802 2856">
    <p class='ocr_par' dir='ltr' id='par_1_26' title="bbox 206 2776 1802 2856">
     <span class='ocr_line' id='line_1_27' title="bbox 206 2776 1802 2856; baseline 0.008 -29"><span class='ocrx_word' id='word_1_198' title='bbox 206 2779 281 2848; x_wconf 65' lang='grc' dir='ltr'>ἢν</span> <span class='ocrx_word' id='word_1_199' title='bbox 334 2776 581 2847; x_wconf 80' lang='grc' dir='ltr'>Κύπριος</span> <span class='ocrx_word' id='word_1_200' title='bbox 642 2778 741 2849; x_wconf 75' lang='grc' dir='ltr'>τὴν</span> <span class='ocrx_word' id='word_1_201' title='bbox 782 2780 1058 2852; x_wconf 83' lang='grc' dir='ltr'>πατρικὴν</span> <span class='ocrx_word' id='word_1_202' title='bbox 1106 2783 1297 2835; x_wconf 77' lang='grc' dir='ltr'>οὐσίαν</span> <span class='ocrx_word' id='word_1_203' title='bbox 1371 2786 1690 2856; x_wconf 82' lang='grc' dir='ltr'>ἀφαιρεῖται</span> <span class='ocrx_word' id='word_1_204' title='bbox 1741 2785 1802 2839; x_wconf 79' lang='grc' dir='ltr'>τὸ</span> 
     </span>
    </p>
   </div>
   <div class='ocr_carea' id='block_1_27' title="bbox 209 2867 1801 2943">
    <p class='ocr_par' dir='ltr' id='par_1_27' title="bbox 209 2867 1801 2943">
     <span class='ocr_line' id='line_1_28' title="bbox 209 2867 1801 2943; baseline 0.006 -22"><span class='ocrx_word' id='word_1_205' title='bbox 209 2868 420 2929; x_wconf 68' lang='grc' dir='ltr'>αἴτιον,</span> <span class='ocrx_word' id='word_1_206' title='bbox 454 2867 809 2922; x_wconf 80' lang='grc' dir='ltr'>ὑποδεικτέον</span> <span class='ocrx_word' id='word_1_207' title='bbox 836 2870 979 2923; x_wconf 76' lang='grc' dir='ltr'>κατὰ</span> <span class='ocrx_word' id='word_1_208' title='bbox 1008 2870 1109 2940; x_wconf 77' lang='grc' dir='ltr'>τὴν</span> <span class='ocrx_word' id='word_1_209' title='bbox 1143 2873 1481 2943; x_wconf 79' lang='grc' dir='ltr'><strong>ἐπαγγελίαν</strong></span> <span class='ocrx_word' id='word_1_210' title='bbox 1529 2875 1624 2929; x_wconf 75' lang='grc' dir='ltr'><strong>καὶ</strong></span> <span class='ocrx_word' id='word_1_211' title='bbox 1672 2878 1801 2930; x_wconf 75' lang='grc' dir='ltr'><strong>ὁπό-</strong></span> 
     </span>
    </p>
   </div>
   <div class='ocr_carea' id='block_1_28' title="bbox 212 2958 1795 3035">
    <p class='ocr_par' dir='ltr' id='par_1_28' title="bbox 212 2958 1795 3035">
     <span class='ocr_line' id='line_1_29' title="bbox 212 2958 1795 3035; baseline 0.006 -25"><span class='ocrx_word' id='word_1_212' title='bbox 212 2959 314 3011; x_wconf 77' lang='grc' dir='ltr'><strong>θεν</strong></span> <span class='ocrx_word' id='word_1_213' title='bbox 349 2958 505 3029; x_wconf 85' lang='grc' dir='ltr'>αὑτῷ</span> <span class='ocrx_word' id='word_1_214' title='bbox 542 2958 636 3011; x_wconf 76' lang='grc' dir='ltr'><strong>ἐπὶ</strong></span> <span class='ocrx_word' id='word_1_215' title='bbox 670 2961 739 3032; x_wconf 70' lang='grc' dir='ltr'>τῇ</span> <span class='ocrx_word' id='word_1_216' title='bbox 768 2960 1064 3030; x_wconf 70' lang='grc' dir='ltr'>ἀφαιρέσει</span> <span class='ocrx_word' id='word_1_217' title='bbox 1093 2961 1268 3032; x_wconf 81' lang='grc' dir='ltr'>ταύτῃ</span> <span class='ocrx_word' id='word_1_218' title='bbox 1316 2964 1795 3035; x_wconf 78' lang='grc' dir='ltr'><strong>παραλογίζεσθαι</strong></span> 
     </span>
    </p>
   </div>
   <div class='ocr_carea' id='block_1_29' title="bbox 213 3052 1797 3130">
    <p class='ocr_par' dir='ltr' id='par_1_29' title="bbox 213 3052 1797 3130">
     <span class='ocr_line' id='line_1_30' title="bbox 213 3052 1797 3130; baseline 0.006 -29"><span class='ocrx_word' id='word_1_219' title='bbox 213 3052 581 3121; x_wconf 78' lang='grc' dir='ltr'><strong>προσγίνεται</strong></span> <span class='ocrx_word' id='word_1_220' title='bbox 608 3055 738 3118; x_wconf 81' lang='grc' dir='ltr'>τοὺς</span> <span class='ocrx_word' id='word_1_221' title='bbox 779 3052 1034 3119; x_wconf 83' lang='grc' dir='ltr'>πολλοὺς.</span> <span class='ocrx_word' id='word_1_222' title='bbox 1071 3057 1135 3110; x_wconf 84' lang='lat' dir='ltr'><strong>&#39;H</strong></span> <span class='ocrx_word' id='word_1_223' title='bbox 1184 3056 1285 3125; x_wconf 80' lang='grc' dir='ltr'>μὲν</span> <span class='ocrx_word' id='word_1_224' title='bbox 1314 3056 1406 3111; x_wconf 78' lang='grc' dir='ltr'>οὖν</span> <span class='ocrx_word' id='word_1_225' title='bbox 1434 3058 1533 3128; x_wconf 81' lang='grc' dir='ltr'>τῆς</span> <span class='ocrx_word' id='word_1_226' title='bbox 1568 3059 1797 3130; x_wconf 76' lang='grc' dir='ltr'>ἁφαιρέο</span> 
     </span>
    </p>
   </div>
   <div class='ocr_carea' id='block_1_30' title="bbox 213 3145 1796 3217">
    <p class='ocr_par' dir='ltr' id='par_1_30' title="bbox 213 3145 1796 3217">
     <span class='ocr_line' id='line_1_31' title="bbox 213 3145 1796 3217; baseline 0.005 -21"><span class='ocrx_word' id='word_1_227' title='bbox 213 3161 360 3206; x_wconf 83' lang='grc' dir='ltr'>σεως</span> <span class='ocrx_word' id='word_1_228' title='bbox 397 3145 549 3197; x_wconf 76' lang='grc' dir='ltr'>αἰτία</span> <span class='ocrx_word' id='word_1_229' title='bbox 575 3146 694 3198; x_wconf 71' lang='grc' dir='ltr'>ἐστὶ</span> <span class='ocrx_word' id='word_1_230' title='bbox 735 3146 798 3200; x_wconf 81' lang='grc' dir='ltr'>τὸ</span> <span class='ocrx_word' id='word_1_231' title='bbox 836 3146 1085 3217; x_wconf 82' lang='grc' dir='ltr'>ἀκριϐῶς</span> <span class='ocrx_word' id='word_1_232' title='bbox 1131 3147 1337 3201; x_wconf 74' lang='grc' dir='ltr'>ειδέναι</span> <span class='ocrx_word' id='word_1_233' title='bbox 1385 3150 1549 3203; x_wconf 72' lang='grc' dir='ltr'>αὑτὸν</span> <span class='ocrx_word' id='word_1_234' title='bbox 1596 3150 1695 3217; x_wconf 85' lang='grc' dir='ltr'><strong>ὡς,</strong></span> <span class='ocrx_word' id='word_1_235' title='bbox 1746 3151 1796 3204; x_wconf 84' lang='grc' dir='ltr'>εί</span> 
     </span>
    </p>
   </div>
   <div class='ocr_carea' id='block_1_31' title="bbox 1925 661 3517 739">
    <p class='ocr_par' dir='ltr' id='par_1_31' title="bbox 1925 661 3517 739">
     <span class='ocr_line' id='line_1_32' title="bbox 1925 661 3517 739; baseline 0.006 -24"><span class='ocrx_word' id='word_1_236' title='bbox 1925 669 2006 715; x_wconf 85' lang='lat' dir='ltr'><strong>ter</strong></span> <span class='ocrx_word' id='word_1_237' title='bbox 2032 662 2098 715; x_wconf 92' lang='lat' dir='ltr'><strong>de</strong></span> <span class='ocrx_word' id='word_1_238' title='bbox 2135 661 2243 716; x_wconf 88' lang='lat' dir='ltr'><strong>Deo</strong></span> <span class='ocrx_word' id='word_1_239' title='bbox 2262 661 2484 728; x_wconf 89' lang='lat' dir='ltr'><strong>dicitur,</strong></span> <span class='ocrx_word' id='word_1_240' title='bbox 2513 667 2821 726; x_wconf 76' lang='lat' dir='ltr'><strong>essentiam</strong></span> <span class='ocrx_word' id='word_1_241' title='bbox 2851 683 3067 739; x_wconf 82' lang='lat' dir='ltr'><strong>semper</strong></span> <span class='ocrx_word' id='word_1_242' title='bbox 3105 669 3157 723; x_wconf 93' lang='lat' dir='ltr'><strong>in</strong></span> <span class='ocrx_word' id='word_1_243' title='bbox 3189 668 3364 725; x_wconf 81' lang='lat' dir='ltr'><strong>tribus</strong></span> <span class='ocrx_word' id='word_1_244' title='bbox 3391 685 3517 739; x_wconf 86' lang='lat' dir='ltr'><strong>per-</strong></span> 
     </span>
    </p>
   </div>
   <div class='ocr_carea' id='block_1_32' title="bbox 1922 754 3513 833">
    <p class='ocr_par' dir='ltr' id='par_1_32' title="bbox 1922 754 3513 833">
     <span class='ocr_line' id='line_1_33' title="bbox 1922 754 3513 833; baseline 0.006 -27"><span class='ocrx_word' id='word_1_245' title='bbox 1922 754 2099 820; x_wconf 80' lang='lat' dir='ltr'><strong>sonis,</strong></span> <span class='ocrx_word' id='word_1_246' title='bbox 2153 771 2332 825; x_wconf 85' lang='lat' dir='ltr'><strong>neque</strong></span> <span class='ocrx_word' id='word_1_247' title='bbox 2364 773 2604 826; x_wconf 86' lang='lat' dir='ltr'><strong>unquam</strong></span> <span class='ocrx_word' id='word_1_248' title='bbox 2640 760 2847 830; x_wconf 85' lang='lat' dir='ltr'><strong>absque</strong></span> <span class='ocrx_word' id='word_1_249' title='bbox 2878 759 3155 833; x_wconf 82' lang='lat' dir='ltr'><strong>hypostasi</strong></span> <span class='ocrx_word' id='word_1_250' title='bbox 3192 776 3513 832; x_wconf 73' lang='lat' dir='ltr'><strong>agnoscens,</strong></span> 
     </span>
    </p>
   </div>
   <div class='ocr_carea' id='block_1_33' title="bbox 1921 847 3512 924">
    <p class='ocr_par' dir='ltr' id='par_1_33' title="bbox 1921 847 3512 924">
     <span class='ocr_line' id='line_1_34' title="bbox 1921 847 3512 924; baseline 0.005 -23"><span class='ocrx_word' id='word_1_251' title='bbox 1921 847 2016 902; x_wconf 83' lang='lat' dir='ltr'><strong>tibi</strong></span> <span class='ocrx_word' id='word_1_252' title='bbox 2042 848 2310 919; x_wconf 85' lang='lat' dir='ltr'><strong>lacrymas</strong></span> <span class='ocrx_word' id='word_1_253' title='bbox 2343 852 2560 915; x_wconf 89' lang='lat' dir='ltr'><strong>mamlo,</strong></span> <span class='ocrx_word' id='word_1_254' title='bbox 2595 854 2729 907; x_wconf 87' lang='lat' dir='ltr'><strong>satis</strong></span> <span class='ocrx_word' id='word_1_255' title='bbox 2763 853 2829 908; x_wconf 85' lang='lat' dir='ltr'><strong>ad</strong></span> <span class='ocrx_word' id='word_1_256' title='bbox 2855 863 3002 908; x_wconf 88' lang='lat' dir='ltr'><strong>tuam</strong></span> <span class='ocrx_word' id='word_1_257' title='bbox 3032 855 3512 924; x_wconf 80' lang='lat' dir='ltr'><strong>reprehensionem</strong></span> 
     </span>
    </p>
   </div>
   <div class='ocr_carea' id='block_1_34' title="bbox 1920 940 3513 1014">
    <p class='ocr_par' dir='ltr' id='par_1_34' title="bbox 1920 940 3513 1014">
     <span class='ocr_line' id='line_1_35' title="bbox 1920 940 3513 1014; baseline 0.005 -22"><span class='ocrx_word' id='word_1_258' title='bbox 1920 947 2205 1006; x_wconf 77' lang='lat' dir='ltr'><strong>reputans,</strong></span> <span class='ocrx_word' id='word_1_259' title='bbox 2238 940 2438 1008; x_wconf 77' lang='lat' dir='ltr'><strong>quilius</strong></span> <span class='ocrx_word' id='word_1_260' title='bbox 2483 952 2537 996; x_wconf 92' lang='lat' dir='ltr'><strong>tu</strong></span> <span class='ocrx_word' id='word_1_261' title='bbox 2569 943 2799 1012; x_wconf 90' lang='lat' dir='ltr'><strong>teipsum</strong></span> <span class='ocrx_word' id='word_1_262' title='bbox 2840 946 3143 1014; x_wconf 79' lang='lat' dir='ltr'><strong>redarguis,</strong></span> <span class='ocrx_word' id='word_1_263' title='bbox 3187 945 3317 999; x_wconf 91' lang='lat' dir='ltr'><strong>d&#39;um</strong></span> <span class='ocrx_word' id='word_1_264' title='bbox 3365 960 3513 1000; x_wconf 88' lang='lat' dir='ltr'><strong>nunc</strong></span> 
     </span>
    </p>
   </div>
   <div class='ocr_carea' id='block_1_35' title="bbox 1920 1032 3510 1104">
    <p class='ocr_par' dir='ltr' id='par_1_35' title="bbox 1920 1032 3510 1104">
     <span class='ocr_line' id='line_1_36' title="bbox 1920 1032 3510 1104; baseline 0.006 -23"><span class='ocrx_word' id='word_1_265' title='bbox 1920 1039 2199 1098; x_wconf 73' lang='lat' dir='ltr'><strong>paternam</strong></span> <span class='ocrx_word' id='word_1_266' title='bbox 2253 1032 2547 1085; x_wconf 84' lang='lat' dir='ltr'><strong>essentiam</strong></span> <span class='ocrx_word' id='word_1_267' title='bbox 2580 1048 2744 1090; x_wconf 89' lang='lat' dir='ltr'><strong>causa</strong></span> <span class='ocrx_word' id='word_1_268' title='bbox 2785 1036 3007 1104; x_wconf 88' lang='lat' dir='ltr'><strong>spolias,</strong></span> <span class='ocrx_word' id='word_1_269' title='bbox 3040 1051 3185 1091; x_wconf 92' lang='lat' dir='ltr'><strong>nunc</strong></span> <span class='ocrx_word' id='word_1_270' title='bbox 3213 1036 3510 1091; x_wconf 72' lang='lat' dir='ltr'><strong>essentiam</strong></span> 
     </span>
    </p>
   </div>
   <div class='ocr_carea' id='block_1_36' title="bbox 1918 1122 3511 1199">
    <p class='ocr_par' dir='ltr' id='par_1_36' title="bbox 1918 1122 3511 1199">
     <span class='ocr_line' id='line_1_37' title="bbox 1918 1122 3511 1199; baseline 0.001 -24"><span class='ocrx_word' id='word_1_271' title='bbox 1918 1137 2041 1175; x_wconf 86' lang='lat' dir='ltr'><strong>cum</strong></span> <span class='ocrx_word' id='word_1_272' title='bbox 2080 1122 2509 1190; x_wconf 66' lang='lat' dir='ltr'><strong>proprietatibus</strong></span> <span class='ocrx_word' id='word_1_273' title='bbox 2547 1124 2720 1193; x_wconf 89' lang='lat' dir='ltr'><strong>ipsam</strong></span> <span class='ocrx_word' id='word_1_274' title='bbox 2763 1128 2950 1179; x_wconf 82' lang='lat' dir='ltr'><strong>u‘otare</strong></span> <span class='ocrx_word' id='word_1_275' title='bbox 2983 1127 3319 1197; x_wconf 70' lang='lat' dir='ltr'><strong>liypo~tasim</strong></span> <span class='ocrx_word' id='word_1_276' title='bbox 3346 1124 3511 1199; x_wconf 76' lang='lat' dir='ltr'><strong>amr-</strong></span> 
     </span>
    </p>
   </div>
   <div class='ocr_carea' id='block_1_37' title="bbox 1917 1215 3512 1280">
    <p class='ocr_par' dir='ltr' id='par_1_37' title="bbox 1917 1215 3512 1280">
     <span class='ocr_line' id='line_1_38' title="bbox 1917 1215 3512 1280; baseline 0.002 -15"><span class='ocrx_word' id='word_1_277' title='bbox 1917 1227 2059 1275; x_wconf 63' lang='lat' dir='ltr'><strong>nias,</strong></span> <span class='ocrx_word' id='word_1_278' title='bbox 2101 1223 2155 1266; x_wconf 85' lang='lat' dir='ltr'><strong>et</strong></span> <span class='ocrx_word' id='word_1_279' title='bbox 2181 1229 2404 1268; x_wconf 82' lang='lat' dir='ltr'><strong>causam</strong></span> <span class='ocrx_word' id='word_1_280' title='bbox 2445 1215 2544 1280; x_wconf 82' lang='lat' dir='ltr'><strong>ipsi</strong></span> <span class='ocrx_word' id='word_1_281' title='bbox 2582 1216 2840 1269; x_wconf 70' lang='lat' dir='ltr'><strong>attribuis</strong></span> <span class='ocrx_word' id='word_1_282' title='bbox 2876 1232 2889 1268; x_wconf 90' lang='lat'>:</span> <span class='ocrx_word' id='word_1_283' title='bbox 2927 1230 3139 1269; x_wconf 85' lang='lat' dir='ltr'><strong>necnon</strong></span> <span class='ocrx_word' id='word_1_284' title='bbox 3182 1216 3311 1269; x_wconf 92' lang='lat' dir='ltr'><strong>dum</strong></span> <span class='ocrx_word' id='word_1_285' title='bbox 3348 1225 3512 1270; x_wconf 59' lang='lat' dir='ltr'><strong>natne</strong></span> 
     </span>
    </p>
   </div>
   <div class='ocr_carea' id='block_1_38' title="bbox 1918 1304 3506 1376">
    <p class='ocr_par' dir='ltr' id='par_1_38' title="bbox 1918 1304 3506 1376">
     <span class='ocr_line' id='line_1_39' title="bbox 1918 1304 3506 1376; baseline 0.002 -18"><span class='ocrx_word' id='word_1_286' title='bbox 1918 1304 2027 1358; x_wconf 87' lang='lat' dir='ltr'><strong>rale</strong></span> <span class='ocrx_word' id='word_1_287' title='bbox 2058 1305 2388 1376; x_wconf 83' lang='lat' dir='ltr'><strong>principium</strong></span> <span class='ocrx_word' id='word_1_288' title='bbox 2425 1317 2478 1361; x_wconf 87' lang='lat' dir='ltr'><strong>et</strong></span> <span class='ocrx_word' id='word_1_289' title='bbox 2506 1322 2728 1362; x_wconf 87' lang='lat' dir='ltr'><strong>causam</strong></span> <span class='ocrx_word' id='word_1_290' title='bbox 2759 1306 2903 1365; x_wconf 85' lang='lat' dir='ltr'><strong>Filii.</strong></span> <span class='ocrx_word' id='word_1_291' title='bbox 2925 1317 2977 1360; x_wconf 88' lang='lat' dir='ltr'><strong>et</strong></span> <span class='ocrx_word' id='word_1_292' title='bbox 3007 1305 3241 1376; x_wconf 90' lang='lat' dir='ltr'><strong>Spiritus</strong></span> <span class='ocrx_word' id='word_1_293' title='bbox 3264 1308 3506 1362; x_wconf 77' lang='lat' dir='ltr'><strong>Patrem.</strong></span> 
     </span>
    </p>
   </div>
   <div class='ocr_carea' id='block_1_39' title="bbox 1918 1398 3507 1470">
    <p class='ocr_par' dir='ltr' id='par_1_39' title="bbox 1918 1398 3507 1470">
     <span class='ocr_line' id='line_1_40' title="bbox 1918 1398 3507 1470; baseline 0.003 -20"><span class='ocrx_word' id='word_1_294' title='bbox 1918 1413 2247 1467; x_wconf 79' lang='lat' dir='ltr'><strong>rursumque</strong></span> <span class='ocrx_word' id='word_1_295' title='bbox 2284 1400 2535 1453; x_wconf 85' lang='lat' dir='ltr'><strong>eumdem</strong></span> <span class='ocrx_word' id='word_1_296' title='bbox 2592 1399 2715 1454; x_wconf 77' lang='lat' dir='ltr'><strong>Filii</strong></span> <span class='ocrx_word' id='word_1_297' title='bbox 2768 1409 2820 1452; x_wconf 89' lang='lat' dir='ltr'><strong>et</strong></span> <span class='ocrx_word' id='word_1_298' title='bbox 2845 1398 3086 1470; x_wconf 89' lang='lat' dir='ltr'><strong>Spiritus</strong></span> <span class='ocrx_word' id='word_1_299' title='bbox 3139 1401 3507 1460; x_wconf 84' lang='lat' dir='ltr'><strong>essentialiter</strong></span> 
     </span>
    </p>
   </div>
   <div class='ocr_carea' id='block_1_40' title="bbox 1913 1494 3505 1563">
    <p class='ocr_par' dir='ltr' id='par_1_40' title="bbox 1913 1494 3505 1563">
     <span class='ocr_line' id='line_1_41' title="bbox 1913 1494 3505 1563; baseline 0.002 -18"><span class='ocrx_word' id='word_1_300' title='bbox 1913 1496 2476 1563; x_wconf 80' lang='lat' dir='ltr'><strong>causam‘nuncupas.</strong></span> <span class='ocrx_word' id='word_1_301' title='bbox 2503 1494 2716 1549; x_wconf 84' lang='lat' dir='ltr'><strong>Etenim</strong></span> <span class='ocrx_word' id='word_1_302' title='bbox 2749 1497 2813 1549; x_wconf 78' lang='lat' dir='ltr'><strong>si‘</strong></span> <span class='ocrx_word' id='word_1_303' title='bbox 2848 1511 2955 1549; x_wconf 90' lang='lat' dir='ltr'><strong>non</strong></span> <span class='ocrx_word' id='word_1_304' title='bbox 2992 1494 3287 1550; x_wconf 77' lang='lat' dir='ltr'><strong>secundum</strong></span> <span class='ocrx_word' id='word_1_305' title='bbox 3314 1510 3505 1548; x_wconf 90' lang='lat' dir='ltr'><strong>esseu-</strong></span> 
     </span>
    </p>
   </div>
   <div class='ocr_carea' id='block_1_41' title="bbox 1915 1581 3501 1654">
    <p class='ocr_par' dir='ltr' id='par_1_41' title="bbox 1915 1581 3501 1654">
     <span class='ocr_line' id='line_1_42' title="bbox 1915 1581 3501 1654; baseline 0.002 -19"><span class='ocrx_word' id='word_1_306' title='bbox 1915 1584 2043 1636; x_wconf 86' lang='lat' dir='ltr'><strong>tiam</strong></span> <span class='ocrx_word' id='word_1_307' title='bbox 2082 1581 2244 1638; x_wconf 87' lang='lat' dir='ltr'><strong>Pater</strong></span> <span class='ocrx_word' id='word_1_308' title='bbox 2282 1600 2449 1638; x_wconf 87' lang='lat' dir='ltr'><strong>causa</strong></span> <span class='ocrx_word' id='word_1_309' title='bbox 2482 1595 2586 1647; x_wconf 88' lang='lat' dir='ltr'><strong>est.</strong></span> <span class='ocrx_word' id='word_1_310' title='bbox 2628 1594 2686 1639; x_wconf 91' lang='lat' dir='ltr'><strong>ut</strong></span> <span class='ocrx_word' id='word_1_311' title='bbox 2719 1587 2895 1641; x_wconf 65' lang='lat' dir='ltr'><strong>allata:</strong></span> <span class='ocrx_word' id='word_1_312' title='bbox 2940 1586 3070 1641; x_wconf 93' lang='lat' dir='ltr'><strong>tomi</strong></span> <span class='ocrx_word' id='word_1_313' title='bbox 3107 1584 3185 1638; x_wconf 91' lang='lat' dir='ltr'><strong>tui</strong></span> <span class='ocrx_word' id='word_1_314' title='bbox 3225 1584 3501 1654; x_wconf 74' lang='lat' dir='ltr'><strong>pericOpze</strong></span> 
     </span>
    </p>
   </div>
   <div class='ocr_carea' id='block_1_42' title="bbox 1913 1673 3500 1743">
    <p class='ocr_par' dir='ltr' id='par_1_42' title="bbox 1913 1673 3500 1743">
     <span class='ocr_line' id='line_1_43' title="bbox 1913 1673 3500 1743; baseline 0.002 -16"><span class='ocrx_word' id='word_1_315' title='bbox 1913 1673 2177 1734; x_wconf 88' lang='lat' dir='ltr'><strong>iudicant.</strong></span> <span class='ocrx_word' id='word_1_316' title='bbox 2210 1683 2265 1728; x_wconf 93' lang='lat' dir='ltr'><strong>et</strong></span> <span class='ocrx_word' id='word_1_317' title='bbox 2287 1676 2464 1743; x_wconf 82' lang='lat' dir='ltr'><strong>palam</strong></span> <span class='ocrx_word' id='word_1_318' title='bbox 2499 1677 2749 1731; x_wconf 89' lang='lat' dir='ltr'><strong>mentiris</strong></span> <span class='ocrx_word' id='word_1_319' title='bbox 2783 1693 2908 1731; x_wconf 87' lang='lat' dir='ltr'><strong>eum</strong></span> <span class='ocrx_word' id='word_1_320' title='bbox 2963 1676 3316 1732; x_wconf 86' lang='lat' dir='ltr'><strong>essentialem</strong></span> <span class='ocrx_word' id='word_1_321' title='bbox 3368 1692 3500 1730; x_wconf 83' lang='lat' dir='ltr'><strong>cau-</strong></span> 
     </span>
    </p>
   </div>
   <div class='ocr_carea' id='block_1_43' title="bbox 1911 1765 3504 1837">
    <p class='ocr_par' dir='ltr' id='par_1_43' title="bbox 1911 1765 3504 1837">
     <span class='ocr_line' id='line_1_44' title="bbox 1911 1765 3504 1837; baseline 0.003 -22"><span class='ocrx_word' id='word_1_322' title='bbox 1911 1778 2052 1825; x_wconf 86' lang='lat' dir='ltr'><strong>sam,</strong></span> <span class='ocrx_word' id='word_1_323' title='bbox 2094 1772 2150 1816; x_wconf 75' lang='lat' dir='ltr'><strong>et</strong></span> <span class='ocrx_word' id='word_1_324' title='bbox 2177 1765 2426 1817; x_wconf 88' lang='lat' dir='ltr'><strong>naturale</strong></span> <span class='ocrx_word' id='word_1_325' title='bbox 2452 1765 2779 1834; x_wconf 83' lang='lat' dir='ltr'><strong>principium</strong></span> <span class='ocrx_word' id='word_1_326' title='bbox 2815 1776 2866 1819; x_wconf 90' lang='lat' dir='ltr'><strong>et</strong></span> <span class='ocrx_word' id='word_1_327' title='bbox 2892 1781 3114 1821; x_wconf 86' lang='lat' dir='ltr'><strong>causam</strong></span> <span class='ocrx_word' id='word_1_328' title='bbox 3144 1766 3266 1822; x_wconf 89' lang='lat' dir='ltr'><strong>Filii</strong></span> <span class='ocrx_word' id='word_1_329' title='bbox 3293 1774 3348 1820; x_wconf 93' lang='lat' dir='ltr'><strong>et</strong></span> <span class='ocrx_word' id='word_1_330' title='bbox 3380 1767 3504 1837; x_wconf 82' lang='lat' dir='ltr'><strong>Spi—</strong></span> 
     </span>
    </p>
   </div>
   <div class='ocr_carea' id='block_1_44' title="bbox 1914 1856 3504 1929">
    <p class='ocr_par' dir='ltr' id='par_1_44' title="bbox 1914 1856 3504 1929">
     <span class='ocr_line' id='line_1_45' title="bbox 1914 1856 3504 1929; baseline 0.004 -22"><span class='ocrx_word' id='word_1_331' title='bbox 1914 1857 2054 1909; x_wconf 82' lang='lat' dir='ltr'><strong>ritus</strong></span> <span class='ocrx_word' id='word_1_332' title='bbox 2085 1856 2237 1909; x_wconf 87' lang='lat' dir='ltr'><strong>ilium</strong></span> <span class='ocrx_word' id='word_1_333' title='bbox 2274 1872 2462 1918; x_wconf 85' lang='lat' dir='ltr'><strong>vocas,</strong></span> <span class='ocrx_word' id='word_1_334' title='bbox 2489 1868 2583 1911; x_wconf 90' lang='lat' dir='ltr'><strong>aut</strong></span> <span class='ocrx_word' id='word_1_335' title='bbox 2610 1857 2910 1911; x_wconf 90' lang='lat' dir='ltr'><strong>secundum</strong></span> <span class='ocrx_word' id='word_1_336' title='bbox 2935 1874 3019 1923; x_wconf 88' lang='lat' dir='ltr'><strong>ea,</strong></span> <span class='ocrx_word' id='word_1_337' title='bbox 3079 1875 3202 1929; x_wconf 75' lang='lat' dir='ltr'><strong>qua:</strong></span> <span class='ocrx_word' id='word_1_338' title='bbox 3236 1859 3391 1925; x_wconf 80' lang='lat' dir='ltr'><strong>milii,</strong></span> <span class='ocrx_word' id='word_1_339' title='bbox 3448 1867 3504 1914; x_wconf 85' lang='lat' dir='ltr'><strong>et</strong></span> 
     </span>
    </p>
   </div>
   <div class='ocr_carea' id='block_1_45' title="bbox 1915 1948 3505 2019">
    <p class='ocr_par' dir='ltr' id='par_1_45' title="bbox 1915 1948 3505 2019">
     <span class='ocr_line' id='line_1_46' title="bbox 1915 1948 3505 2019; baseline 0.003 -18"><span class='ocrx_word' id='word_1_340' title='bbox 1915 1948 2011 2001; x_wconf 75' lang='lat' dir='ltr'><strong>tibi</strong></span> <span class='ocrx_word' id='word_1_341' title='bbox 2046 1960 2098 2002; x_wconf 92' lang='lat' dir='ltr'><strong>et</strong></span> <span class='ocrx_word' id='word_1_342' title='bbox 2132 1959 2258 2003; x_wconf 88' lang='lat' dir='ltr'><strong>ante</strong></span> <span class='ocrx_word' id='word_1_343' title='bbox 2289 1962 2391 2002; x_wconf 84' lang='lat' dir='ltr'><strong>nos</strong></span> <span class='ocrx_word' id='word_1_344' title='bbox 2427 1948 2992 2019; x_wconf 79' lang='lat' dir='ltr'><strong>theologis&#39;omnibus</strong></span> <span class='ocrx_word' id='word_1_345' title='bbox 3023 1951 3350 2006; x_wconf 87' lang='lat' dir='ltr'><strong>Patribusin</strong></span> <span class='ocrx_word' id='word_1_346' title='bbox 3374 1966 3505 2007; x_wconf 89' lang='lat' dir='ltr'><strong>con-</strong></span> 
     </span>
    </p>
   </div>
   <div class='ocr_carea' id='block_1_46' title="bbox 1909 2040 3504 2107">
    <p class='ocr_par' dir='ltr' id='par_1_46' title="bbox 1909 2040 3504 2107">
     <span class='ocr_line' id='line_1_47' title="bbox 1909 2040 3504 2107; baseline 0.003 -14"><span class='ocrx_word' id='word_1_347' title='bbox 1909 2040 2051 2095; x_wconf 68' lang='grc' dir='ltr'>[ιιεδιι</span> <span class='ocrx_word' id='word_1_348' title='bbox 2112 2050 2260 2105; x_wconf 90' lang='lat' dir='ltr'><strong>sunt,</strong></span> <span class='ocrx_word' id='word_1_349' title='bbox 2298 2040 2606 2096; x_wconf 86' lang='lat' dir='ltr'><strong>essentialis</strong></span> <span class='ocrx_word' id='word_1_350' title='bbox 2650 2056 2775 2095; x_wconf 83' lang='lat' dir='ltr'><strong>vere</strong></span> <span class='ocrx_word' id='word_1_351' title='bbox 2808 2057 2971 2096; x_wconf 88' lang='lat' dir='ltr'><strong>causa</strong></span> <span class='ocrx_word' id='word_1_352' title='bbox 3009 2051 3062 2097; x_wconf 89' lang='lat' dir='ltr'><strong>et</strong></span> <span class='ocrx_word' id='word_1_353' title='bbox 3098 2044 3392 2107; x_wconf 84' lang='lat' dir='ltr'><strong>naturalis,</strong></span> <span class='ocrx_word' id='word_1_354' title='bbox 3448 2052 3504 2098; x_wconf 88' lang='lat' dir='ltr'><strong>et</strong></span> 
     </span>
    </p>
   </div>
   <div class='ocr_carea' id='block_1_47' title="bbox 1907 2133 3504 2203">
    <p class='ocr_par' dir='ltr' id='par_1_47' title="bbox 1907 2133 3504 2203">
     <span class='ocr_line' id='line_1_48' title="bbox 1907 2133 3504 2203; baseline 0.003 -18"><span class='ocrx_word' id='word_1_355' title='bbox 1907 2133 2231 2202; x_wconf 87' lang='lat' dir='ltr'><strong>principium</strong></span> <span class='ocrx_word' id='word_1_356' title='bbox 2283 2147 2473 2187; x_wconf 90' lang='lat' dir='ltr'><strong>eorum</strong></span> <span class='ocrx_word' id='word_1_357' title='bbox 2500 2148 2620 2202; x_wconf 66' lang='lat' dir='ltr'><strong>quae</strong></span> <span class='ocrx_word' id='word_1_358' title='bbox 2653 2149 2719 2186; x_wconf 83' lang='lat' dir='ltr'><strong>ex</strong></span> <span class='ocrx_word' id='word_1_359' title='bbox 2752 2135 2871 2203; x_wconf 92' lang='lat' dir='ltr'><strong>ipso</strong></span> <span class='ocrx_word' id='word_1_360' title='bbox 2915 2143 3068 2197; x_wconf 82' lang='lat' dir='ltr'><strong>sunt,</strong></span> <span class='ocrx_word' id='word_1_361' title='bbox 3103 2134 3262 2189; x_wconf 84' lang='lat' dir='ltr'><strong>Pater</strong></span> <span class='ocrx_word' id='word_1_362' title='bbox 3288 2146 3393 2201; x_wconf 80' lang='lat' dir='ltr'><strong>est,</strong></span> <span class='ocrx_word' id='word_1_363' title='bbox 3448 2144 3504 2190; x_wconf 87' lang='lat' dir='ltr'><strong>et</strong></span> 
     </span>
    </p>
   </div>
   <div class='ocr_carea' id='block_1_48' title="bbox 1907 2225 3498 2288">
    <p class='ocr_par' dir='ltr' id='par_1_48' title="bbox 1907 2225 3498 2288">
     <span class='ocr_line' id='line_1_49' title="bbox 1907 2225 3498 2288; baseline 0.004 -11"><span class='ocrx_word' id='word_1_364' title='bbox 1907 2225 2277 2288; x_wconf 80' lang='lat' dir='ltr'><strong>mendacium,</strong></span> <span class='ocrx_word' id='word_1_365' title='bbox 2315 2240 2423 2279; x_wconf 87' lang='lat' dir='ltr'><strong>non</strong></span> <span class='ocrx_word' id='word_1_366' title='bbox 2456 2226 2766 2280; x_wconf 91' lang='lat' dir='ltr'><strong>secundum</strong></span> <span class='ocrx_word' id='word_1_367' title='bbox 2793 2227 3090 2281; x_wconf 85' lang='lat' dir='ltr'><strong>essentiam</strong></span> <span class='ocrx_word' id='word_1_368' title='bbox 3124 2243 3347 2283; x_wconf 85' lang='lat' dir='ltr'><strong>causam</strong></span> <span class='ocrx_word' id='word_1_369' title='bbox 3374 2244 3498 2284; x_wconf 84' lang='lat' dir='ltr'><strong>esse</strong></span> 
     </span>
    </p>
   </div>
   <div class='ocr_carea' id='block_1_49' title="bbox 1907 2318 3501 2388">
    <p class='ocr_par' dir='ltr' id='par_1_49' title="bbox 1907 2318 3501 2388">
     <span class='ocr_line' id='line_1_50' title="bbox 1907 2318 3501 2388; baseline 0.004 -17"><span class='ocrx_word' id='word_1_370' title='bbox 1907 2318 2144 2383; x_wconf 77' lang='lat' dir='ltr'><strong>Patrem,</strong></span> <span class='ocrx_word' id='word_1_371' title='bbox 2185 2318 2542 2374; x_wconf 86' lang='lat' dir='ltr'><strong>decernentes</strong></span> <span class='ocrx_word' id='word_1_372' title='bbox 2573 2328 2679 2373; x_wconf 66' lang='lat' dir='ltr'><strong>tua:</strong></span> <span class='ocrx_word' id='word_1_373' title='bbox 2742 2320 3071 2388; x_wconf 84' lang='lat' dir='ltr'><strong>scriptiones</strong></span> <span class='ocrx_word' id='word_1_374' title='bbox 3108 2324 3415 2382; x_wconf 89' lang='lat' dir='ltr'><strong>continent,</strong></span> <span class='ocrx_word' id='word_1_375' title='bbox 3444 2331 3501 2377; x_wconf 74' lang='lat' dir='ltr'><strong>rt</strong></span> 
     </span>
    </p>
   </div>
   <div class='ocr_carea' id='block_1_50' title="bbox 1903 2408 3500 2487">
    <p class='ocr_par' dir='ltr' id='par_1_50' title="bbox 1903 2408 3500 2487">
     <span class='ocr_line' id='line_1_51' title="bbox 1903 2408 3500 2487; baseline 0.006 -27"><span class='ocrx_word' id='word_1_376' title='bbox 1903 2423 2022 2476; x_wconf 61' lang='lat' dir='ltr'><strong>qua;</strong></span> <span class='ocrx_word' id='word_1_377' title='bbox 2098 2408 2223 2463; x_wconf 89' lang='lat' dir='ltr'><strong>inde</strong></span> <span class='ocrx_word' id='word_1_378' title='bbox 2273 2408 2351 2463; x_wconf 90' lang='lat' dir='ltr'><strong>tui</strong></span> <span class='ocrx_word' id='word_1_379' title='bbox 2412 2409 2732 2487; x_wconf 81' lang='lat' dir='ltr'><strong>redargutio</strong></span> <span class='ocrx_word' id='word_1_380' title='bbox 2782 2409 2976 2475; x_wconf 87' lang='lat' dir='ltr'><strong>oritur,</strong></span> <span class='ocrx_word' id='word_1_381' title='bbox 3017 2411 3166 2466; x_wconf 80' lang='lat' dir='ltr'><strong>hisce</strong></span> <span class='ocrx_word' id='word_1_382' title='bbox 3209 2413 3500 2469; x_wconf 77' lang='lat' dir='ltr'><strong>manifesta</strong></span> 
     </span>
    </p>
   </div>
   <div class='ocr_carea' id='block_1_51' title="bbox 1905 2513 2014 2558">
    <p class='ocr_par' dir='ltr' id='par_1_51' title="bbox 1905 2513 2014 2558">
     <span class='ocr_line' id='line_1_52' title="bbox 1905 2513 2014 2558; baseline -0.009 0"><span class='ocrx_word' id='word_1_383' title='bbox 1905 2513 2014 2558; x_wconf 66' lang='lat' dir='ltr'><strong>cst.</strong></span> 
     </span>
    </p>
   </div>
   <div class='ocr_carea' id='block_1_52' title="bbox 1971 2593 3493 2661">
    <p class='ocr_par' dir='ltr' id='par_1_52' title="bbox 1971 2593 3493 2661">
     <span class='ocr_line' id='line_1_53' title="bbox 1971 2593 3493 2661; baseline -0.002 -10"><span class='ocrx_word' id='word_1_384' title='bbox 1971 2596 2026 2651; x_wconf 90' lang='lat'><strong>9.</strong></span> <span class='ocrx_word' id='word_1_385' title='bbox 2070 2593 2184 2651; x_wconf 85' lang='lat' dir='ltr'><strong>Nos</strong></span> <span class='ocrx_word' id='word_1_386' title='bbox 2212 2610 2361 2661; x_wconf 81' lang='lat' dir='ltr'><strong>vero,</strong></span> <span class='ocrx_word' id='word_1_387' title='bbox 2393 2611 2427 2648; x_wconf 94' lang='lat' dir='ltr'><strong>o</strong></span> <span class='ocrx_word' id='word_1_388' title='bbox 2452 2595 2629 2650; x_wconf 81' lang='lat' dir='ltr'><strong>amice</strong></span> <span class='ocrx_word' id='word_1_389' title='bbox 2660 2595 2933 2652; x_wconf 88' lang='lat' dir='ltr'><strong>dictorum</strong></span> <span class='ocrx_word' id='word_1_390' title='bbox 2969 2609 3213 2650; x_wconf 85' lang='lat' dir='ltr'><strong>meorum</strong></span> <span class='ocrx_word' id='word_1_391' title='bbox 3248 2593 3493 2659; x_wconf 89' lang='lat' dir='ltr'><strong>auditor,</strong></span> 
     </span>
    </p>
   </div>
   <div class='ocr_carea' id='block_1_53' title="bbox 1902 2686 3497 2759">
    <p class='ocr_par' dir='ltr' id='par_1_53' title="bbox 1902 2686 3497 2759">
     <span class='ocr_line' id='line_1_54' title="bbox 1902 2686 3497 2759; baseline -0.001 -16"><span class='ocrx_word' id='word_1_392' title='bbox 1902 2698 2189 2758; x_wconf 77' lang='lat' dir='ltr'><strong>postquam</strong></span> <span class='ocrx_word' id='word_1_393' title='bbox 2221 2689 2333 2759; x_wconf 84' lang='lat' dir='ltr'><strong>jam</strong></span> <span class='ocrx_word' id='word_1_394' title='bbox 2384 2690 2563 2743; x_wconf 90' lang='lat' dir='ltr'><strong>allatis</strong></span> <span class='ocrx_word' id='word_1_395' title='bbox 2595 2703 2816 2743; x_wconf 89' lang='lat' dir='ltr'><strong>causam</strong></span> <span class='ocrx_word' id='word_1_396' title='bbox 2844 2686 3196 2754; x_wconf 85' lang='lat' dir='ltr'><strong>tradidimus,</strong></span> <span class='ocrx_word' id='word_1_397' title='bbox 3230 2688 3301 2742; x_wconf 92' lang='lat' dir='ltr'><strong>ob</strong></span> <span class='ocrx_word' id='word_1_398' title='bbox 3330 2702 3497 2757; x_wconf 86' lang='lat' dir='ltr'><strong>quam</strong></span> 
     </span>
    </p>
   </div>
   <div class='ocr_carea' id='block_1_54' title="bbox 1899 2778 3499 2851">
    <p class='ocr_par' dir='ltr' id='par_1_54' title="bbox 1899 2778 3499 2851">
     <span class='ocr_line' id='line_1_55' title="bbox 1899 2778 3499 2851; baseline -0.001 -18"><span class='ocrx_word' id='word_1_399' title='bbox 1899 2780 2132 2851; x_wconf 83' lang='lat' dir='ltr'><strong>Cyprius</strong></span> <span class='ocrx_word' id='word_1_400' title='bbox 2167 2790 2446 2849; x_wconf 85' lang='lat' dir='ltr'><strong>paternam</strong></span> <span class='ocrx_word' id='word_1_401' title='bbox 2476 2780 2775 2836; x_wconf 87' lang='lat' dir='ltr'><strong>essentiam</strong></span> <span class='ocrx_word' id='word_1_402' title='bbox 2814 2794 2988 2834; x_wconf 83' lang='lat' dir='ltr'><strong>causa</strong></span> <span class='ocrx_word' id='word_1_403' title='bbox 3015 2782 3216 2849; x_wconf 82' lang='lat' dir='ltr'><strong>privat,</strong></span> <span class='ocrx_word' id='word_1_404' title='bbox 3247 2778 3326 2835; x_wconf 83' lang='lat' dir='ltr'><strong>uti</strong></span> <span class='ocrx_word' id='word_1_405' title='bbox 3367 2794 3499 2848; x_wconf 83' lang='lat' dir='ltr'><strong>pro-</strong></span> 
     </span>
    </p>
   </div>
   <div class='ocr_carea' id='block_1_55' title="bbox 1900 2869 3486 2941">
    <p class='ocr_par' dir='ltr' id='par_1_55' title="bbox 1900 2869 3486 2941">
     <span class='ocr_line' id='line_1_56' title="bbox 1900 2869 3486 2941; baseline 0.001 -17"><span class='ocrx_word' id='word_1_406' title='bbox 1900 2871 2171 2938; x_wconf 83' lang='lat' dir='ltr'><strong>misimus,</strong></span> <span class='ocrx_word' id='word_1_407' title='bbox 2200 2871 2555 2926; x_wconf 85' lang='lat' dir='ltr'><strong>ostendemus</strong></span> <span class='ocrx_word' id='word_1_408' title='bbox 2591 2870 2732 2924; x_wconf 88' lang='lat' dir='ltr'><strong>unde</strong></span> <span class='ocrx_word' id='word_1_409' title='bbox 2793 2870 2894 2941; x_wconf 86' lang='lat' dir='ltr'><strong>ipsi</strong></span> <span class='ocrx_word' id='word_1_410' title='bbox 2930 2871 2985 2925; x_wconf 89' lang='lat' dir='ltr'><strong>in</strong></span> <span class='ocrx_word' id='word_1_411' title='bbox 3043 2871 3146 2925; x_wconf 82' lang='lat' dir='ltr'><strong>liac</strong></span> <span class='ocrx_word' id='word_1_412' title='bbox 3176 2869 3486 2940; x_wconf 82' lang='lat' dir='ltr'><strong>privatione</strong></span> 
     </span>
    </p>
   </div>
   <div class='ocr_carea' id='block_1_56' title="bbox 1898 2964 3495 3035">
    <p class='ocr_par' dir='ltr' id='par_1_56' title="bbox 1898 2964 3495 3035">
     <span class='ocr_line' id='line_1_57' title="bbox 1898 2964 3495 3035; baseline -0.001 -17"><span class='ocrx_word' id='word_1_413' title='bbox 1898 2964 2100 3018; x_wconf 90' lang='lat' dir='ltr'><strong>accidit</strong></span> <span class='ocrx_word' id='word_1_414' title='bbox 2164 2973 2223 3018; x_wconf 92' lang='lat' dir='ltr'><strong>ut</strong></span> <span class='ocrx_word' id='word_1_415' title='bbox 2282 2964 2485 3019; x_wconf 88' lang='lat' dir='ltr'><strong>multos</strong></span> <span class='ocrx_word' id='word_1_416' title='bbox 2532 2964 2790 3034; x_wconf 84' lang='lat' dir='ltr'><strong>decipiat.</strong></span> <span class='ocrx_word' id='word_1_417' title='bbox 2873 2964 3224 3021; x_wconf 80' lang='lat' dir='ltr'><strong>i’rivationis</strong></span> <span class='ocrx_word' id='word_1_418' title='bbox 3307 2965 3495 3035; x_wconf 85' lang='lat' dir='ltr'><strong>itaque</strong></span> 
     </span>
    </p>
   </div>
   <div class='ocr_carea' id='block_1_57' title="bbox 1899 3058 3492 3131">
    <p class='ocr_par' dir='ltr' id='par_1_57' title="bbox 1899 3058 3492 3131">
     <span class='ocr_line' id='line_1_58' title="bbox 1899 3058 3492 3131; baseline 0.002 -20"><span class='ocrx_word' id='word_1_419' title='bbox 1899 3072 2065 3112; x_wconf 90' lang='lat' dir='ltr'><strong>causa</strong></span> <span class='ocrx_word' id='word_1_420' title='bbox 2102 3058 2483 3128; x_wconf 83' lang='lat' dir='ltr'><strong>estquodipse</strong></span> <span class='ocrx_word' id='word_1_421' title='bbox 2522 3058 2665 3112; x_wconf 87' lang='lat' dir='ltr'><strong>bene</strong></span> <span class='ocrx_word' id='word_1_422' title='bbox 2726 3059 2889 3123; x_wconf 86' lang='lat' dir='ltr'><strong>sciat,</strong></span> <span class='ocrx_word' id='word_1_423' title='bbox 2942 3060 2987 3115; x_wconf 93' lang='lat' dir='ltr'><strong>si</strong></span> <span class='ocrx_word' id='word_1_424' title='bbox 3045 3075 3167 3131; x_wconf 68' lang='lat' dir='ltr'><strong>quae</strong></span> <span class='ocrx_word' id='word_1_425' title='bbox 3199 3059 3266 3115; x_wconf 88' lang='lat' dir='ltr'><strong>de</strong></span> <span class='ocrx_word' id='word_1_426' title='bbox 3328 3059 3492 3114; x_wconf 78' lang='lat' dir='ltr'><strong>Patre</strong></span> 
     </span>
    </p>
   </div>
   <div class='ocr_carea' id='block_1_58' title="bbox 1898 3149 3489 3217">
    <p class='ocr_par' dir='ltr' id='par_1_58' title="bbox 1898 3149 3489 3217">
     <span class='ocr_line' id='line_1_59' title="bbox 1898 3149 3489 3217; baseline 0.003 -17"><span class='ocrx_word' id='word_1_427' title='bbox 1898 3149 2228 3217; x_wconf 83' lang='lat' dir='ltr'><strong>praedicatur</strong></span> <span class='ocrx_word' id='word_1_428' title='bbox 2264 3151 2529 3210; x_wconf 80' lang='lat' dir='ltr'><strong>essentia,</strong></span> <span class='ocrx_word' id='word_1_429' title='bbox 2558 3166 2781 3206; x_wconf 85' lang='lat' dir='ltr'><strong>causam</strong></span> <span class='ocrx_word' id='word_1_430' title='bbox 2811 3150 2935 3205; x_wconf 85' lang='lat' dir='ltr'><strong>Filii</strong></span> <span class='ocrx_word' id='word_1_431' title='bbox 2967 3150 3076 3205; x_wconf 89' lang='lat' dir='ltr'><strong>dici</strong></span> <span class='ocrx_word' id='word_1_432' title='bbox 3118 3150 3399 3215; x_wconf 72' lang='lat' dir='ltr'><strong>concedat,</strong></span> <span class='ocrx_word' id='word_1_433' title='bbox 3431 3157 3489 3205; x_wconf 87' lang='lat' dir='ltr'><strong>et</strong></span> 
     </span>
    </p>
   </div>
   <div class='ocr_carea' id='block_1_59' title="bbox 209 3234 1796 3335">
    <p class='ocr_par' dir='ltr' id='par_1_59' title="bbox 209 3234 1795 3309">
     <span class='ocr_line' id='line_1_60' title="bbox 209 3234 1795 3309; baseline 0.004 -21"><span class='ocrx_word' id='word_1_434' title='bbox 209 3235 316 3307; x_wconf 82' lang='grc' dir='ltr'>τὴν</span> <span class='ocrx_word' id='word_1_435' title='bbox 349 3234 841 3306; x_wconf 76' lang='grc' dir='ltr'>κατηγορουμένην</span> <span class='ocrx_word' id='word_1_436' title='bbox 867 3236 960 3290; x_wconf 76' lang='grc' dir='ltr'>τοῦ</span> <span class='ocrx_word' id='word_1_437' title='bbox 987 3236 1204 3309; x_wconf 73' lang='grc' dir='ltr'>Πατρδς</span> <span class='ocrx_word' id='word_1_438' title='bbox 1232 3239 1420 3293; x_wconf 86' lang='grc' dir='ltr'>οὑσίαν</span> <span class='ocrx_word' id='word_1_439' title='bbox 1452 3239 1634 3294; x_wconf 72' lang='grc' dir='ltr'>αἰτίαν</span> <span class='ocrx_word' id='word_1_440' title='bbox 1665 3257 1795 3309; x_wconf 90' lang='grc' dir='ltr'>συγ-</span> 
     </span>
    </p>
   </div>
   <div class='ocr_carea' id='block_1_60' title="bbox 1902 3234 3489 3335">
    <p class='ocr_par' dir='ltr' id='par_1_60' title="bbox 1902 3235 3489 3307">
     <span class='ocr_line' id='line_1_61' title="bbox 1902 3235 3489 3307; baseline 0.003 -18"><span class='ocrx_word' id='word_1_441' title='bbox 1902 3251 2019 3306; x_wconf 62' lang='grc' dir='ltr'>ιιιιιιξ</span> <span class='ocrx_word' id='word_1_442' title='bbox 2050 3238 2117 3290; x_wconf 87' lang='lat' dir='ltr'><strong>de</strong></span> <span class='ocrx_word' id='word_1_443' title='bbox 2166 3235 2303 3291; x_wconf 84' lang='lat' dir='ltr'><strong>Filio</strong></span> <span class='ocrx_word' id='word_1_444' title='bbox 2344 3238 2691 3307; x_wconf 67' lang='lat' dir='ltr'><strong>praedicatur,</strong></span> <span class='ocrx_word' id='word_1_445' title='bbox 2727 3240 3024 3296; x_wconf 88' lang='lat' dir='ltr'><strong>essentiam</strong></span> <span class='ocrx_word' id='word_1_446' title='bbox 3054 3239 3140 3296; x_wconf 74' lang='grc' dir='ltr'><strong>ἐι</strong></span> <span class='ocrx_word' id='word_1_447' title='bbox 3196 3239 3354 3296; x_wconf 83' lang='lat' dir='ltr'><strong>Patre</strong></span> <span class='ocrx_word' id='word_1_448' title='bbox 3400 3241 3489 3296; x_wconf 87' lang='lat' dir='ltr'><strong>sui</strong></span> 
     </span>
    </p>
   </div>
   <div class='ocr_carea' id='block_1_61' title="bbox 211 3326 1792 3404">
    <p class='ocr_par' dir='ltr' id='par_1_61' title="bbox 211 3326 1792 3404">
     <span class='ocr_line' id='line_1_62' title="bbox 211 3326 1792 3404; baseline 0.006 -26"><span class='ocrx_word' id='word_1_449' title='bbox 211 3327 459 3395; x_wconf 66' lang='grc' dir='ltr'><strong>χωρήσει</strong></span> <span class='ocrx_word' id='word_1_450' title='bbox 488 3326 749 3396; x_wconf 77' lang='grc' dir='ltr'>λέγεσθαι</span> <span class='ocrx_word' id='word_1_451' title='bbox 776 3326 872 3381; x_wconf 85' lang='grc' dir='ltr'>τοῦ</span> <span class='ocrx_word' id='word_1_452' title='bbox 895 3327 1050 3393; x_wconf 84' lang='grc' dir='ltr'>Υἱοῦ,</span> <span class='ocrx_word' id='word_1_453' title='bbox 1082 3332 1178 3382; x_wconf 76' lang='grc' dir='ltr'><strong>καὶ</strong></span> <span class='ocrx_word' id='word_1_454' title='bbox 1206 3329 1305 3401; x_wconf 80' lang='grc' dir='ltr'>τὴν</span> <span class='ocrx_word' id='word_1_455' title='bbox 1329 3330 1422 3384; x_wconf 82' lang='grc' dir='ltr'><strong>τοῦ</strong></span> <span class='ocrx_word' id='word_1_456' title='bbox 1456 3331 1587 3386; x_wconf 87' lang='grc' dir='ltr'><strong>Υίοῦ</strong></span> <span class='ocrx_word' id='word_1_457' title='bbox 1616 3350 1792 3404; x_wconf 82' lang='grc' dir='ltr'><strong>κατη-</strong></span> 
     </span>
    </p>
   </div>
   <div class='ocr_carea' id='block_1_62' title="bbox 212 3419 1793 3491">
    <p class='ocr_par' dir='ltr' id='par_1_62' title="bbox 212 3419 1793 3491">
     <span class='ocr_line' id='line_1_63' title="bbox 212 3419 1793 3491; baseline 0.004 -20"><span class='ocrx_word' id='word_1_458' title='bbox 212 3422 561 3489; x_wconf 78' lang='grc' dir='ltr'>γορουμένην</span> <span class='ocrx_word' id='word_1_459' title='bbox 587 3419 779 3473; x_wconf 86' lang='grc' dir='ltr'>οὐσίαν</span> <span class='ocrx_word' id='word_1_460' title='bbox 830 3422 1082 3488; x_wconf 80' lang='grc' dir='ltr'>αίτιατὴν</span> <span class='ocrx_word' id='word_1_461' title='bbox 1128 3424 1191 3475; x_wconf 75' lang='grc' dir='ltr'><strong>ὲκ</strong></span> <span class='ocrx_word' id='word_1_462' title='bbox 1223 3423 1463 3491; x_wconf 81' lang='grc' dir='ltr'>Πατρὸς,</span> <span class='ocrx_word' id='word_1_463' title='bbox 1498 3426 1598 3478; x_wconf 79' lang='grc' dir='ltr'><strong>οὐκ</strong></span> <span class='ocrx_word' id='word_1_464' title='bbox 1636 3425 1704 3479; x_wconf 81' lang='grc' dir='ltr'>ἄν</span> <span class='ocrx_word' id='word_1_465' title='bbox 1740 3443 1793 3478; x_wconf 84' lang='grc' dir='ltr'><strong>τι</strong></span> 
     </span>
    </p>
   </div>
   <div class='ocr_carea' id='block_1_63' title="bbox 214 3511 1793 3587">
    <p class='ocr_par' dir='ltr' id='par_1_63' title="bbox 214 3511 1793 3587">
     <span class='ocr_line' id='line_1_64' title="bbox 214 3511 1793 3587; baseline 0.004 -22"><span class='ocrx_word' id='word_1_466' title='bbox 214 3513 310 3566; x_wconf 76' lang='grc' dir='ltr'><strong>καὶ</strong></span> <span class='ocrx_word' id='word_1_467' title='bbox 345 3511 768 3582; x_wconf 74' lang='grc' dir='ltr'>ἀντιφθέγξαιτο</span> <span class='ocrx_word' id='word_1_468' title='bbox 798 3514 912 3577; x_wconf 83' lang='grc' dir='ltr'>τοῖς</span> <span class='ocrx_word' id='word_1_469' title='bbox 942 3514 1023 3576; x_wconf 80' lang='grc' dir='ltr'><strong>είς</strong></span> <span class='ocrx_word' id='word_1_470' title='bbox 1054 3513 1155 3586; x_wconf 77' lang='grc' dir='ltr'>τὴν</span> <span class='ocrx_word' id='word_1_471' title='bbox 1187 3515 1369 3568; x_wconf 78' lang='grc' dir='ltr'>αἰτίαν</span> <span class='ocrx_word' id='word_1_472' title='bbox 1410 3515 1505 3569; x_wconf 78' lang='grc' dir='ltr'><strong>τοῦ</strong></span> <span class='ocrx_word' id='word_1_473' title='bbox 1529 3516 1793 3587; x_wconf 81' lang='grc' dir='ltr'>Ιίνεὺμα-</span> 
     </span>
    </p>
   </div>
   <div class='ocr_carea' id='block_1_64' title="bbox 210 3605 1799 3679">
    <p class='ocr_par' dir='ltr' id='par_1_64' title="bbox 210 3605 1799 3679">
     <span class='ocr_line' id='line_1_65' title="bbox 210 3605 1799 3679; baseline 0.002 -20"><span class='ocrx_word' id='word_1_474' title='bbox 210 3623 304 3668; x_wconf 81' lang='grc' dir='ltr'><strong>τος</strong></span> <span class='ocrx_word' id='word_1_475' title='bbox 336 3605 839 3676; x_wconf 79' lang='grc' dir='ltr'>παραλαμϐάνουσι</span> <span class='ocrx_word' id='word_1_476' title='bbox 869 3606 961 3659; x_wconf 80' lang='grc' dir='ltr'>τὸν</span> <span class='ocrx_word' id='word_1_477' title='bbox 998 3607 1128 3661; x_wconf 65' lang='grc' dir='ltr'>Υίδν</span> <span class='ocrx_word' id='word_1_478' title='bbox 1159 3608 1266 3660; x_wconf 70' lang='grc' dir='ltr'><strong>ἀπὸ</strong></span> <span class='ocrx_word' id='word_1_479' title='bbox 1298 3607 1409 3661; x_wconf 82' lang='grc' dir='ltr'><strong>τῶν</strong></span> <span class='ocrx_word' id='word_1_480' title='bbox 1454 3608 1518 3661; x_wconf 74' lang='grc' dir='ltr'>τὸ</span> <span class='ocrx_word' id='word_1_481' title='bbox 1564 3608 1799 3679; x_wconf 82' lang='grc' dir='ltr'>Πνεῦμα-</span> 
     </span>
    </p>
   </div>
   <div class='ocr_carea' id='block_1_65' title="bbox 207 3696 1792 3772">
    <p class='ocr_par' dir='ltr' id='par_1_65' title="bbox 207 3696 1792 3772">
     <span class='ocr_line' id='line_1_66' title="bbox 207 3696 1792 3772; baseline 0.002 -22"><span class='ocrx_word' id='word_1_482' title='bbox 207 3696 274 3750; x_wconf 53' lang='lat' dir='ltr'><strong>es</strong></span> <span class='ocrx_word' id='word_1_483' title='bbox 301 3698 457 3765; x_wconf 74' lang='grc' dir='ltr'>ἅγιον</span> <span class='ocrx_word' id='word_1_484' title='bbox 487 3701 551 3751; x_wconf 78' lang='grc' dir='ltr'>ἐκ</span> <span class='ocrx_word' id='word_1_485' title='bbox 580 3698 680 3768; x_wconf 78' lang='grc' dir='ltr'>τῆς</span> <span class='ocrx_word' id='word_1_486' title='bbox 709 3699 900 3762; x_wconf 77' lang='grc' dir='ltr'>οὐσίας</span> <span class='ocrx_word' id='word_1_487' title='bbox 958 3699 1052 3753; x_wconf 79' lang='grc' dir='ltr'>τοῦ</span> <span class='ocrx_word' id='word_1_488' title='bbox 1104 3700 1237 3753; x_wconf 86' lang='grc' dir='ltr'><strong>Υίοῦ</strong></span> <span class='ocrx_word' id='word_1_489' title='bbox 1287 3700 1559 3772; x_wconf 76' lang='grc' dir='ltr'>ὑπάρχειν</span> <span class='ocrx_word' id='word_1_490' title='bbox 1610 3700 1792 3755; x_wconf 78' lang='grc' dir='ltr'>οεολοο</span> 
     </span>
    </p>
   </div>
   <div class='ocr_carea' id='block_1_66' title="bbox 208 3791 1791 3867">
    <p class='ocr_par' dir='ltr' id='par_1_66' title="bbox 208 3791 1791 3867">
     <span class='ocr_line' id='line_1_67' title="bbox 208 3791 1791 3867; baseline 0.001 -22"><span class='ocrx_word' id='word_1_491' title='bbox 208 3793 424 3861; x_wconf 81' lang='grc' dir='ltr'>γουσῶν</span> <span class='ocrx_word' id='word_1_492' title='bbox 452 3794 687 3864; x_wconf 78' lang='grc' dir='ltr'><strong>ῥήσεων.</strong></span> <span class='ocrx_word' id='word_1_493' title='bbox 708 3813 713 3819; x_wconf 74' lang='lat'><strong>&#39;</strong></span> <span class='ocrx_word' id='word_1_494' title='bbox 736 3794 795 3847; x_wconf 90' lang='lat'><strong>&#39;0</strong></span> <span class='ocrx_word' id='word_1_495' title='bbox 820 3792 862 3846; x_wconf 81' lang='grc' dir='ltr'><strong>δ’</strong></span> <span class='ocrx_word' id='word_1_496' title='bbox 892 3793 985 3845; x_wconf 72' lang='grc' dir='ltr'><strong>ἐπὶ</strong></span> <span class='ocrx_word' id='word_1_497' title='bbox 1015 3795 1080 3863; x_wconf 83' lang='grc' dir='ltr'>τῇ</span> <span class='ocrx_word' id='word_1_498' title='bbox 1113 3791 1342 3867; x_wconf 82' lang='grc' dir='ltr'>τοιαύτῃ</span> <span class='ocrx_word' id='word_1_499' title='bbox 1375 3793 1791 3865; x_wconf 81' lang='grc' dir='ltr'>παραλογισμὸς</span> 
     </span>
    </p>
   </div>
   <div class='ocr_carea' id='block_1_67' title="bbox 208 3884 1794 3957">
    <p class='ocr_par' dir='ltr' id='par_1_67' title="bbox 208 3884 1794 3957">
     <span class='ocr_line' id='line_1_68' title="bbox 208 3884 1794 3957; baseline -0.003 -17"><span class='ocrx_word' id='word_1_500' title='bbox 208 3885 528 3954; x_wconf 62' lang='grc' dir='ltr'>ἀφαιρέσει,</span> <span class='ocrx_word' id='word_1_501' title='bbox 565 3885 661 3937; x_wconf 75' lang='grc' dir='ltr'>καὶ</span> <span class='ocrx_word' id='word_1_502' title='bbox 689 3885 718 3937; x_wconf 82' lang='grc' dir='ltr'><strong>ὁ</strong></span> <span class='ocrx_word' id='word_1_503' title='bbox 751 3884 829 3954; x_wconf 80' lang='grc' dir='ltr'>τῷ</span> <span class='ocrx_word' id='word_1_504' title='bbox 869 3884 1278 3956; x_wconf 80' lang='grc' dir='ltr'>παραλογισμῷ</span> <span class='ocrx_word' id='word_1_505' title='bbox 1331 3884 1597 3957; x_wconf 80' lang='grc' dir='ltr'>ἑπόμενος</span> <span class='ocrx_word' id='word_1_506' title='bbox 1638 3885 1794 3952; x_wconf 79' lang='grc' dir='ltr'>ἐλεγ-</span> 
     </span>
    </p>
   </div>
   <div class='ocr_carea' id='block_1_68' title="bbox 213 3975 1789 4046">
    <p class='ocr_par' dir='ltr' id='par_1_68' title="bbox 213 3975 1789 4046">
     <span class='ocr_line' id='line_1_69' title="bbox 213 3975 1789 4046; baseline 0 -18"><span class='ocrx_word' id='word_1_507' title='bbox 213 3993 333 4046; x_wconf 75' lang='grc' dir='ltr'>χος,</span> <span class='ocrx_word' id='word_1_508' title='bbox 366 3976 460 4029; x_wconf 71' lang='grc' dir='ltr'><strong>καὶ</strong></span> <span class='ocrx_word' id='word_1_509' title='bbox 488 3976 665 4032; x_wconf 85' lang='grc' dir='ltr'>ταῦτα</span> <span class='ocrx_word' id='word_1_510' title='bbox 686 3975 939 4030; x_wconf 78' lang='grc' dir='ltr'>ἐντεῦθέν</span> <span class='ocrx_word' id='word_1_511' title='bbox 978 3994 1061 4029; x_wconf 84' lang='grc' dir='ltr'><strong>σοι</strong></span> <span class='ocrx_word' id='word_1_512' title='bbox 1090 3976 1247 4029; x_wconf 81' lang='grc' dir='ltr'>ἔσται</span> <span class='ocrx_word' id='word_1_513' title='bbox 1291 3975 1450 4043; x_wconf 81' lang='grc' dir='ltr'>δῆλα.</span> <span class='ocrx_word' id='word_1_514' title='bbox 1498 3975 1645 4029; x_wconf 86' lang='grc' dir='ltr'>Μίαν</span> <span class='ocrx_word' id='word_1_515' title='bbox 1694 3978 1789 4028; x_wconf 83' lang='grc' dir='ltr'>οὑ-</span> 
     </span>
    </p>
   </div>
   <div class='ocr_carea' id='block_1_69' title="bbox 209 4068 1791 4140">
    <p class='ocr_par' dir='ltr' id='par_1_69' title="bbox 209 4068 1791 4140">
     <span class='ocr_line' id='line_1_70' title="bbox 209 4068 1791 4140; baseline -0.001 -17"><span class='ocrx_word' id='word_1_516' title='bbox 209 4071 337 4125; x_wconf 88' lang='grc' dir='ltr'>σίαν</span> <span class='ocrx_word' id='word_1_517' title='bbox 365 4072 461 4123; x_wconf 72' lang='grc' dir='ltr'><strong>καὶ</strong></span> <span class='ocrx_word' id='word_1_518' title='bbox 491 4073 640 4138; x_wconf 80' lang='grc' dir='ltr'>τρεῖς</span> <span class='ocrx_word' id='word_1_519' title='bbox 676 4070 1005 4133; x_wconf 79' lang='grc' dir='ltr'>ὑποστάσεις</span> <span class='ocrx_word' id='word_1_520' title='bbox 1038 4070 1181 4123; x_wconf 74' lang='grc' dir='ltr'>κατὰ</span> <span class='ocrx_word' id='word_1_521' title='bbox 1221 4069 1408 4140; x_wconf 80' lang='grc' dir='ltr'>κοινὴν</span> <span class='ocrx_word' id='word_1_522' title='bbox 1458 4068 1666 4122; x_wconf 77' lang='grc' dir='ltr'>ἔννοιαν</span> <span class='ocrx_word' id='word_1_523' title='bbox 1696 4069 1791 4121; x_wconf 78' lang='grc' dir='ltr'><strong>ἐπὶ</strong></span> 
     </span>
    </p>
   </div>
   <div class='ocr_carea' id='block_1_70' title="bbox 206 4160 1790 4236">
    <p class='ocr_par' dir='ltr' id='par_1_70' title="bbox 206 4160 1790 4236">
     <span class='ocr_line' id='line_1_71' title="bbox 206 4160 1790 4236; baseline -0.003 -19"><span class='ocrx_word' id='word_1_524' title='bbox 206 4167 308 4235; x_wconf 76' lang='grc' dir='ltr'>τῆς</span> <span class='ocrx_word' id='word_1_525' title='bbox 377 4164 543 4233; x_wconf 80' lang='grc' dir='ltr'>ἁγίας</span> <span class='ocrx_word' id='word_1_526' title='bbox 592 4164 823 4236; x_wconf 84' lang='grc' dir='ltr'>Τριάδος</span> <span class='ocrx_word' id='word_1_527' title='bbox 867 4164 1051 4216; x_wconf 83' lang='grc' dir='ltr'>πᾶσαν</span> <span class='ocrx_word' id='word_1_528' title='bbox 1115 4161 1275 4225; x_wconf 84' lang='grc' dir='ltr'>εἰδὼς</span> <span class='ocrx_word' id='word_1_529' title='bbox 1310 4162 1411 4233; x_wconf 72' lang='grc' dir='ltr'>τὴν</span> <span class='ocrx_word' id='word_1_530' title='bbox 1459 4160 1790 4228; x_wconf 86' lang='grc' dir='ltr'>Ἐκκλησίαν</span> 
     </span>
    </p>
   </div>
   <div class='ocr_carea' id='block_1_71' title="bbox 208 4252 1789 4328">
    <p class='ocr_par' dir='ltr' id='par_1_71' title="bbox 208 4252 1789 4328">
     <span class='ocr_line' id='line_1_72' title="bbox 208 4252 1789 4328; baseline -0.003 -18"><span class='ocrx_word' id='word_1_531' title='bbox 208 4257 628 4328; x_wconf 80' lang='grc' dir='ltr'>πρεσϐεύουσαν</span> <span class='ocrx_word' id='word_1_532' title='bbox 664 4256 938 4326; x_wconf 84' lang='grc' dir='ltr'>Κύπριος,</span> <span class='ocrx_word' id='word_1_533' title='bbox 973 4254 1107 4309; x_wconf 76' lang='grc' dir='ltr'>αὐτὸ</span> <span class='ocrx_word' id='word_1_534' title='bbox 1132 4255 1193 4308; x_wconf 79' lang='grc' dir='ltr'>τὸ</span> <span class='ocrx_word' id='word_1_535' title='bbox 1223 4255 1353 4323; x_wconf 85' lang='grc' dir='ltr'>μίαν</span> <span class='ocrx_word' id='word_1_536' title='bbox 1384 4252 1527 4307; x_wconf 77' lang='grc' dir='ltr'>εἶναι</span> <span class='ocrx_word' id='word_1_537' title='bbox 1557 4256 1658 4325; x_wconf 76' lang='grc' dir='ltr'>τὴν</span> <span class='ocrx_word' id='word_1_538' title='bbox 1688 4254 1789 4324; x_wconf 80' lang='grc' dir='ltr'>τῆς</span> 
     </span>
    </p>
   </div>
   <div class='ocr_carea' id='block_1_72' title="bbox 205 4347 1785 4420">
    <p class='ocr_par' dir='ltr' id='par_1_72' title="bbox 205 4347 1785 4420">
     <span class='ocr_line' id='line_1_73' title="bbox 205 4347 1785 4420; baseline -0.003 -17"><span class='ocrx_word' id='word_1_539' title='bbox 205 4350 447 4420; x_wconf 66' lang='grc' dir='ltr'>Τριάδος</span> <span class='ocrx_word' id='word_1_540' title='bbox 506 4349 697 4403; x_wconf 86' lang='grc' dir='ltr'>οὐσίαν</span> <span class='ocrx_word' id='word_1_541' title='bbox 759 4348 893 4418; x_wconf 79' lang='grc' dir='ltr'>ὓλην</span> <span class='ocrx_word' id='word_1_542' title='bbox 954 4347 1278 4418; x_wconf 78' lang='grc' dir='ltr'>ποιούμενος</span> <span class='ocrx_word' id='word_1_543' title='bbox 1328 4347 1785 4418; x_wconf 74' lang='grc' dir='ltr'>παραλογισμοῦ,</span> 
     </span>
    </p>
   </div>
   <div class='ocr_carea' id='block_1_73' title="bbox 204 4438 1789 4512">
    <p class='ocr_par' dir='ltr' id='par_1_73' title="bbox 204 4438 1789 4512">
     <span class='ocr_line' id='line_1_74' title="bbox 204 4438 1789 4512; baseline -0.003 -17"><span class='ocrx_word' id='word_1_544' title='bbox 204 4445 339 4505; x_wconf 74' lang='grc' dir='ltr'>τοὺς</span> <span class='ocrx_word' id='word_1_545' title='bbox 402 4445 502 4512; x_wconf 75' lang='grc' dir='ltr'>μὲν</span> <span class='ocrx_word' id='word_1_546' title='bbox 557 4443 774 4510; x_wconf 70' lang='grc' dir='ltr'>λόγους,</span> <span class='ocrx_word' id='word_1_547' title='bbox 834 4440 959 4494; x_wconf 85' lang='grc' dir='ltr'><strong>καθ’</strong></span> <span class='ocrx_word' id='word_1_548' title='bbox 1004 4439 1096 4501; x_wconf 78' lang='grc' dir='ltr'>οὒς</span> <span class='ocrx_word' id='word_1_549' title='bbox 1135 4439 1233 4509; x_wconf 88' lang='grc' dir='ltr'><strong>μία</strong></span> <span class='ocrx_word' id='word_1_550' title='bbox 1274 4439 1494 4507; x_wconf 80' lang='grc' dir='ltr'>λέγεται</span> <span class='ocrx_word' id='word_1_551' title='bbox 1542 4441 1573 4508; x_wconf 79' lang='grc' dir='ltr'>ἡ</span> <span class='ocrx_word' id='word_1_552' title='bbox 1631 4438 1789 4491; x_wconf 85' lang='grc' dir='ltr'>οὐσία</span> 
     </span>
    </p>
   </div>
   <div class='ocr_carea' id='block_1_74' title="bbox 207 4530 1787 4609">
    <p class='ocr_par' dir='ltr' id='par_1_74' title="bbox 207 4530 1787 4609">
     <span class='ocr_line' id='line_1_75' title="bbox 207 4530 1787 4609; baseline -0.006 -17"><span class='ocrx_word' id='word_1_553' title='bbox 207 4538 571 4609; x_wconf 79' lang='grc' dir='ltr'>παρασιωπᾷ,</span> <span class='ocrx_word' id='word_1_554' title='bbox 622 4535 702 4597; x_wconf 78' lang='grc' dir='ltr'><strong>εἰς</strong></span> <span class='ocrx_word' id='word_1_555' title='bbox 742 4534 910 4605; x_wconf 80' lang='grc' dir='ltr'>ἄλλην</span> <span class='ocrx_word' id='word_1_556' title='bbox 950 4533 1005 4587; x_wconf 82' lang='grc' dir='ltr'><strong>δὲ</strong></span> <span class='ocrx_word' id='word_1_557' title='bbox 1049 4531 1148 4603; x_wconf 82' lang='grc' dir='ltr'>τὴν</span> <span class='ocrx_word' id='word_1_558' title='bbox 1188 4533 1289 4584; x_wconf 73' lang='grc' dir='ltr'><strong>οὐκ</strong></span> <span class='ocrx_word' id='word_1_559' title='bbox 1346 4530 1511 4584; x_wconf 77' lang='grc' dir='ltr'>οὖσαν</span> <span class='ocrx_word' id='word_1_560' title='bbox 1576 4531 1787 4584; x_wconf 56' lang='grc' dir='ltr'>ἔννοιαν</span> 
     </span>
    </p>
   </div>
   <div class='ocr_carea' id='block_1_75' title="bbox 1897 3331 3489 3403">
    <p class='ocr_par' dir='ltr' id='par_1_75' title="bbox 1897 3331 3489 3403">
     <span class='ocr_line' id='line_1_76' title="bbox 1897 3331 3489 3403; baseline 0.001 -19"><span class='ocrx_word' id='word_1_561' title='bbox 1897 3344 2121 3384; x_wconf 86' lang='lat' dir='ltr'><strong>causam</strong></span> <span class='ocrx_word' id='word_1_562' title='bbox 2147 3344 2467 3397; x_wconf 73' lang='lat' dir='ltr'><strong>agnoscere,</strong></span> <span class='ocrx_word' id='word_1_563' title='bbox 2507 3345 2616 3384; x_wconf 91' lang='lat' dir='ltr'><strong>non</strong></span> <span class='ocrx_word' id='word_1_564' title='bbox 2644 3347 2806 3400; x_wconf 88' lang='lat' dir='ltr'><strong>posse</strong></span> <span class='ocrx_word' id='word_1_565' title='bbox 2842 3347 2903 3388; x_wconf 89' lang='lat' dir='ltr'><strong>se</strong></span> <span class='ocrx_word' id='word_1_566' title='bbox 2933 3332 3212 3388; x_wconf 90' lang='lat' dir='ltr'><strong>contraire</strong></span> <span class='ocrx_word' id='word_1_567' title='bbox 3251 3333 3340 3399; x_wconf 89' lang='lat' dir='ltr'><strong>iis,</strong></span> <span class='ocrx_word' id='word_1_568' title='bbox 3393 3331 3489 3403; x_wconf 88' lang='lat' dir='ltr'><strong>qui</strong></span> 
     </span>
    </p>
   </div>
   <div class='ocr_carea' id='block_1_76' title="bbox 1898 3420 3491 3494">
    <p class='ocr_par' dir='ltr' id='par_1_76' title="bbox 1898 3420 3491 3494">
     <span class='ocr_line' id='line_1_77' title="bbox 1898 3420 3491 3494; baseline 0.001 -16"><span class='ocrx_word' id='word_1_569' title='bbox 1898 3439 2117 3478; x_wconf 74' lang='lat' dir='ltr'><strong>causam</strong></span> <span class='ocrx_word' id='word_1_570' title='bbox 2177 3423 2414 3493; x_wconf 58' lang='lat' dir='ltr'><strong>Spiritus</strong></span> <span class='ocrx_word' id='word_1_571' title='bbox 2460 3420 2657 3477; x_wconf 82' lang='lat' dir='ltr'><strong>Filium</strong></span> <span class='ocrx_word' id='word_1_572' title='bbox 2702 3424 3008 3491; x_wconf 87' lang='lat' dir='ltr'><strong>stabiliunt,</strong></span> <span class='ocrx_word' id='word_1_573' title='bbox 3064 3434 3291 3494; x_wconf 80' lang='lat' dir='ltr'><strong>prepter</strong></span> <span class='ocrx_word' id='word_1_574' title='bbox 3345 3424 3491 3480; x_wconf 83' lang='lat' dir='ltr'><strong>dicta</strong></span> 
     </span>
    </p>
   </div>
   <div class='ocr_carea' id='block_1_77' title="bbox 1900 3516 3478 3585">
    <p class='ocr_par' dir='ltr' id='par_1_77' title="bbox 1900 3516 3478 3585">
     <span class='ocr_line' id='line_1_78' title="bbox 1900 3516 3478 3585; baseline 0.003 -16"><span class='ocrx_word' id='word_1_575' title='bbox 1900 3532 2021 3585; x_wconf 60' lang='lat' dir='ltr'><strong>quae</strong></span> <span class='ocrx_word' id='word_1_576' title='bbox 2057 3526 2348 3581; x_wconf 83' lang='lat' dir='ltr'><strong>astrnunt,</strong></span> <span class='ocrx_word' id='word_1_577' title='bbox 2379 3516 2641 3580; x_wconf 81' lang='lat' dir='ltr'><strong>Spiritum</strong></span> <span class='ocrx_word' id='word_1_578' title='bbox 2679 3531 2928 3577; x_wconf 81' lang='lat' dir='ltr'><strong>sanctum</strong></span> <span class='ocrx_word' id='word_1_579' title='bbox 2967 3531 3034 3571; x_wconf 79' lang='lat' dir='ltr'><strong>ex</strong></span> <span class='ocrx_word' id='word_1_580' title='bbox 3072 3518 3311 3572; x_wconf 81' lang='lat' dir='ltr'><strong>essentia</strong></span> <span class='ocrx_word' id='word_1_581' title='bbox 3353 3516 3478 3574; x_wconf 83' lang='lat' dir='ltr'><strong>Filii</strong></span> 
     </span>
    </p>
   </div>
   <div class='ocr_carea' id='block_1_78' title="bbox 1895 3608 3484 3678">
    <p class='ocr_par' dir='ltr' id='par_1_78' title="bbox 1895 3608 3484 3678">
     <span class='ocr_line' id='line_1_79' title="bbox 1895 3608 3484 3678; baseline 0.001 -16"><span class='ocrx_word' id='word_1_582' title='bbox 1895 3610 2179 3662; x_wconf 59' lang='lat' dir='ltr'><strong>exsistere.</strong></span> <span class='ocrx_word' id='word_1_583' title='bbox 2215 3610 2279 3663; x_wconf 85' lang='lat' dir='ltr'><strong>Et</strong></span> <span class='ocrx_word' id='word_1_584' title='bbox 2313 3623 2433 3676; x_wconf 76' lang='lat' dir='ltr'><strong>qnze</strong></span> <span class='ocrx_word' id='word_1_585' title='bbox 2457 3624 2523 3661; x_wconf 83' lang='lat' dir='ltr'><strong>ex</strong></span> <span class='ocrx_word' id='word_1_586' title='bbox 2557 3608 2660 3662; x_wconf 87' lang='lat' dir='ltr'><strong>hac</strong></span> <span class='ocrx_word' id='word_1_587' title='bbox 2695 3609 3002 3678; x_wconf 76' lang='lat' dir='ltr'><strong>privatione</strong></span> <span class='ocrx_word' id='word_1_588' title='bbox 3035 3609 3287 3678; x_wconf 86' lang='lat' dir='ltr'><strong>sequitur</strong></span> <span class='ocrx_word' id='word_1_589' title='bbox 3319 3609 3484 3664; x_wconf 83' lang='lat' dir='ltr'><strong>dece-</strong></span> 
     </span>
    </p>
   </div>
   <div class='ocr_carea' id='block_1_79' title="bbox 1895 3700 3491 3770">
    <p class='ocr_par' dir='ltr' id='par_1_79' title="bbox 1895 3700 3491 3770">
     <span class='ocr_line' id='line_1_80' title="bbox 1895 3700 3491 3770; baseline 0.003 -16"><span class='ocrx_word' id='word_1_590' title='bbox 1895 3701 2027 3770; x_wconf 84' lang='lat' dir='ltr'><strong>ptio,</strong></span> <span class='ocrx_word' id='word_1_591' title='bbox 2056 3709 2104 3753; x_wconf 87' lang='lat' dir='ltr'><strong>et</strong></span> <span class='ocrx_word' id='word_1_592' title='bbox 2141 3700 2513 3767; x_wconf 66' lang='lat' dir='ltr'><strong>deceptionem</strong></span> <span class='ocrx_word' id='word_1_593' title='bbox 2555 3701 2868 3770; x_wconf 78' lang='lat' dir='ltr'><strong>redargutio</strong></span> <span class='ocrx_word' id='word_1_594' title='bbox 2903 3700 3053 3755; x_wconf 83' lang='lat' dir='ltr'><strong>hisce</strong></span> <span class='ocrx_word' id='word_1_595' title='bbox 3100 3710 3249 3755; x_wconf 86' lang='lat' dir='ltr'><strong>certe</strong></span> <span class='ocrx_word' id='word_1_596' title='bbox 3277 3715 3341 3756; x_wconf 88' lang='lat' dir='ltr'><strong>ac</strong></span> <span class='ocrx_word' id='word_1_597' title='bbox 3369 3716 3491 3759; x_wconf 85' lang='lat' dir='ltr'><strong>ma-</strong></span> 
     </span>
    </p>
   </div>
   <div class='ocr_carea' id='block_1_80' title="bbox 1898 3788 3486 3865">
    <p class='ocr_par' dir='ltr' id='par_1_80' title="bbox 1898 3788 3486 3865">
     <span class='ocr_line' id='line_1_81' title="bbox 1898 3788 3486 3865; baseline 0.003 -22"><span class='ocrx_word' id='word_1_598' title='bbox 1898 3791 2095 3846; x_wconf 79' lang='lat' dir='ltr'><strong>nifesu:</strong></span> <span class='ocrx_word' id='word_1_599' title='bbox 2123 3791 2403 3860; x_wconf 72' lang='lat' dir='ltr'><strong>patebunt.</strong></span> <span class='ocrx_word' id='word_1_600' title='bbox 2441 3788 2618 3844; x_wconf 85' lang='lat' dir='ltr'><strong>Unam</strong></span> <span class='ocrx_word' id='word_1_601' title='bbox 2653 3791 2948 3865; x_wconf 82' lang='lat' dir='ltr'><strong>essentiam</strong></span> <span class='ocrx_word' id='word_1_602' title='bbox 2974 3800 3028 3845; x_wconf 87' lang='lat' dir='ltr'><strong>et</strong></span> <span class='ocrx_word' id='word_1_603' title='bbox 3064 3800 3176 3845; x_wconf 88' lang='lat' dir='ltr'><strong>tres</strong></span> <span class='ocrx_word' id='word_1_604' title='bbox 3214 3794 3486 3863; x_wconf 84' lang='lat' dir='ltr'><strong>hyposta-</strong></span> 
     </span>
    </p>
   </div>
   <div class='ocr_carea' id='block_1_81' title="bbox 1896 3880 3493 3939">
    <p class='ocr_par' dir='ltr' id='par_1_81' title="bbox 1896 3880 3493 3939">
     <span class='ocr_line' id='line_1_82' title="bbox 1896 3880 3493 3939; baseline -0.001 -1"><span class='ocrx_word' id='word_1_605' title='bbox 1896 3901 1987 3939; x_wconf 71' lang='lat' dir='ltr'><strong>ses</strong></span> <span class='ocrx_word' id='word_1_606' title='bbox 2024 3885 2076 3936; x_wconf 90' lang='lat' dir='ltr'><strong>in</strong></span> <span class='ocrx_word' id='word_1_607' title='bbox 2112 3892 2305 3937; x_wconf 84' lang='lat' dir='ltr'><strong>sancta</strong></span> <span class='ocrx_word' id='word_1_608' title='bbox 2337 3882 2538 3937; x_wconf 84' lang='lat' dir='ltr'><strong>Triade</strong></span> <span class='ocrx_word' id='word_1_609' title='bbox 2572 3898 2682 3937; x_wconf 87' lang='lat' dir='ltr'><strong>uno</strong></span> <span class='ocrx_word' id='word_1_610' title='bbox 2726 3897 2994 3938; x_wconf 84' lang='lat' dir='ltr'><strong>consensu</strong></span> <span class='ocrx_word' id='word_1_611' title='bbox 3033 3880 3328 3937; x_wconf 84' lang='lat' dir='ltr'><strong>Ecclesiam</strong></span> <span class='ocrx_word' id='word_1_612' title='bbox 3365 3882 3493 3937; x_wconf 86' lang='lat' dir='ltr'><strong>uui-</strong></span> 
     </span>
    </p>
   </div>
   <div class='ocr_carea' id='block_1_82' title="bbox 1894 3973 3490 4047">
    <p class='ocr_par' dir='ltr' id='par_1_82' title="bbox 1894 3973 3490 4047">
     <span class='ocr_line' id='line_1_83' title="bbox 1894 3973 3490 4047; baseline -0.001 -17"><span class='ocrx_word' id='word_1_613' title='bbox 1894 3981 2157 4030; x_wconf 80' lang='lat' dir='ltr'><strong>vei-salem</strong></span> <span class='ocrx_word' id='word_1_614' title='bbox 2184 3990 2439 4029; x_wconf 82' lang='lat' dir='ltr'><strong>asserelc</strong></span> <span class='ocrx_word' id='word_1_615' title='bbox 2496 3985 2581 4028; x_wconf 88' lang='lat' dir='ltr'><strong>sat</strong></span> <span class='ocrx_word' id='word_1_616' title='bbox 2612 3989 2841 4028; x_wconf 80' lang='lat' dir='ltr'><strong>noscrns</strong></span> <span class='ocrx_word' id='word_1_617' title='bbox 2878 3973 3126 4047; x_wconf 81' lang='lat' dir='ltr'><strong>Cyprius,</strong></span> <span class='ocrx_word' id='word_1_618' title='bbox 3158 3974 3294 4039; x_wconf 90' lang='lat' dir='ltr'><strong>hoc,</strong></span> <span class='ocrx_word' id='word_1_619' title='bbox 3324 3989 3490 4028; x_wconf 87' lang='lat' dir='ltr'><strong>unam</strong></span> 
     </span>
    </p>
   </div>
   <div class='ocr_carea' id='block_1_83' title="bbox 1892 4053 3494 4136">
    <p class='ocr_par' dir='ltr' id='par_1_83' title="bbox 1892 4053 3494 4136">
     <span class='ocr_line' id='line_1_84' title="bbox 1892 4053 3494 4136; baseline -0.001 -13"><span class='ocrx_word' id='word_1_620' title='bbox 1892 4053 2183 4125; x_wconf 73' lang='lat' dir='ltr'><strong>eSsentiam</strong></span> <span class='ocrx_word' id='word_1_621' title='bbox 2211 4068 2423 4122; x_wconf 86' lang='lat' dir='ltr'><strong>&#39;l‘riadis</strong></span> <span class='ocrx_word' id='word_1_622' title='bbox 2452 4082 2574 4122; x_wconf 89' lang='lat' dir='ltr'><strong>esse</strong></span> <span class='ocrx_word' id='word_1_623' title='bbox 2602 4071 2886 4122; x_wconf 84' lang='lat' dir='ltr'><strong>materiam</strong></span> <span class='ocrx_word' id='word_1_624' title='bbox 2914 4076 3028 4123; x_wconf 67' lang='lat' dir='ltr'><strong>suae</strong></span> <span class='ocrx_word' id='word_1_625' title='bbox 3049 4068 3382 4136; x_wconf 85' lang='lat' dir='ltr'><strong>deceptionis</strong></span> <span class='ocrx_word' id='word_1_626' title='bbox 3403 4082 3494 4122; x_wconf 88' lang='lat' dir='ltr'><strong>as-</strong></span> 
     </span>
    </p>
   </div>
   <div class='ocr_carea' id='block_1_84' title="bbox 1893 4161 3486 4233">
    <p class='ocr_par' dir='ltr' id='par_1_84' title="bbox 1893 4161 3486 4233">
     <span class='ocr_line' id='line_1_85' title="bbox 1893 4161 3486 4233; baseline -0.003 -14"><span class='ocrx_word' id='word_1_627' title='bbox 1893 4177 2136 4225; x_wconf 89' lang='lat' dir='ltr'><strong>sumens,</strong></span> <span class='ocrx_word' id='word_1_628' title='bbox 2158 4164 2411 4225; x_wconf 83' lang='lat' dir='ltr'><strong>rationes,</strong></span> <span class='ocrx_word' id='word_1_629' title='bbox 2437 4166 2506 4217; x_wconf 85' lang='lat' dir='ltr'><strong>ob</strong></span> <span class='ocrx_word' id='word_1_630' title='bbox 2532 4180 2670 4233; x_wconf 88' lang='lat' dir='ltr'><strong>quas</strong></span> <span class='ocrx_word' id='word_1_631' title='bbox 2688 4179 2792 4217; x_wconf 90' lang='lat' dir='ltr'><strong>una</strong></span> <span class='ocrx_word' id='word_1_632' title='bbox 2813 4162 3027 4217; x_wconf 90' lang='lat' dir='ltr'><strong>dicatur</strong></span> <span class='ocrx_word' id='word_1_633' title='bbox 3047 4163 3307 4222; x_wconf 86' lang='lat' dir='ltr'><strong>essentia.</strong></span> <span class='ocrx_word' id='word_1_634' title='bbox 3343 4161 3486 4217; x_wconf 86' lang='lat' dir='ltr'><strong>silet.</strong></span> 
     </span>
    </p>
   </div>
   <div class='ocr_carea' id='block_1_85' title="bbox 1891 4254 3493 4323">
    <p class='ocr_par' dir='ltr' id='par_1_85' title="bbox 1891 4254 3493 4323">
     <span class='ocr_line' id='line_1_86' title="bbox 1891 4254 3493 4323; baseline -0.001 -15"><span class='ocrx_word' id='word_1_635' title='bbox 1891 4255 2007 4308; x_wconf 90' lang='lat' dir='ltr'><strong>etin</strong></span> <span class='ocrx_word' id='word_1_636' title='bbox 2024 4256 2176 4306; x_wconf 83' lang='lat' dir='ltr'><strong>aliam</strong></span> <span class='ocrx_word' id='word_1_637' title='bbox 2196 4255 2519 4308; x_wconf 80' lang='lat' dir='ltr'><strong>sententiam</strong></span> <span class='ocrx_word' id='word_1_638' title='bbox 2539 4255 2667 4309; x_wconf 90' lang='lat' dir='ltr'><strong>illud</strong></span> <span class='ocrx_word' id='word_1_639' title='bbox 2689 4271 2852 4309; x_wconf 89' lang='lat' dir='ltr'><strong>uuam</strong></span> <span class='ocrx_word' id='word_1_640' title='bbox 2872 4264 3210 4323; x_wconf 83' lang='lat' dir='ltr'><strong>retorquens.</strong></span> <span class='ocrx_word' id='word_1_641' title='bbox 3231 4269 3338 4308; x_wconf 92' lang='lat' dir='ltr'><strong>non</strong></span> <span class='ocrx_word' id='word_1_642' title='bbox 3358 4254 3493 4308; x_wconf 72' lang='lat' dir='ltr'><strong>mu!-</strong></span> 
     </span>
    </p>
   </div>
   <div class='ocr_carea' id='block_1_86' title="bbox 1894 4345 3494 4416">
    <p class='ocr_par' dir='ltr' id='par_1_86' title="bbox 1894 4345 3494 4416">
     <span class='ocr_line' id='line_1_87' title="bbox 1894 4345 3494 4416; baseline -0.001 -17"><span class='ocrx_word' id='word_1_643' title='bbox 1894 4355 1996 4408; x_wconf 84' lang='lat' dir='ltr'><strong>tos,</strong></span> <span class='ocrx_word' id='word_1_644' title='bbox 2016 4354 2069 4399; x_wconf 92' lang='lat' dir='ltr'><strong>et</strong></span> <span class='ocrx_word' id='word_1_645' title='bbox 2089 4345 2269 4398; x_wconf 88' lang='lat' dir='ltr'><strong>minus</strong></span> <span class='ocrx_word' id='word_1_646' title='bbox 2283 4358 2475 4400; x_wconf 83' lang='lat' dir='ltr'><strong>cautos</strong></span> <span class='ocrx_word' id='word_1_647' title='bbox 2491 4356 2725 4409; x_wconf 88' lang='lat' dir='ltr'><strong>tantum,</strong></span> <span class='ocrx_word' id='word_1_648' title='bbox 2743 4347 2834 4400; x_wconf 90' lang='lat' dir='ltr'><strong>sed</strong></span> <span class='ocrx_word' id='word_1_649' title='bbox 2855 4348 3017 4400; x_wconf 88' lang='lat' dir='ltr'><strong>etiam</strong></span> <span class='ocrx_word' id='word_1_650' title='bbox 3036 4362 3139 4400; x_wconf 93' lang='lat' dir='ltr'><strong>nou</strong></span> <span class='ocrx_word' id='word_1_651' title='bbox 3158 4360 3361 4416; x_wconf 92' lang='lat' dir='ltr'><strong>paucos</strong></span> <span class='ocrx_word' id='word_1_652' title='bbox 3374 4358 3494 4401; x_wconf 68' lang='lat' dir='ltr'><strong>cor‘</strong></span> 
     </span>
    </p>
   </div>
   <div class='ocr_carea' id='block_1_87' title="bbox 1892 4437 3494 4508">
    <p class='ocr_par' dir='ltr' id='par_1_87' title="bbox 1892 4437 3494 4508">
     <span class='ocr_line' id='line_1_88' title="bbox 1892 4437 3494 4508; baseline -0.001 -15"><span class='ocrx_word' id='word_1_653' title='bbox 1892 4438 2049 4493; x_wconf 88' lang='lat' dir='ltr'><strong>datos</strong></span> <span class='ocrx_word' id='word_1_654' title='bbox 2066 4449 2226 4508; x_wconf 79' lang='lat' dir='ltr'><strong>atque</strong></span> <span class='ocrx_word' id='word_1_655' title='bbox 2243 4438 2475 4493; x_wconf 84' lang='lat' dir='ltr'><strong>eximios</strong></span> <span class='ocrx_word' id='word_1_656' title='bbox 2496 4440 2640 4494; x_wconf 85' lang='lat' dir='ltr'><strong>viros</strong></span> <span class='ocrx_word' id='word_1_657' title='bbox 2658 4439 2708 4492; x_wconf 93' lang='lat' dir='ltr'><strong>in</strong></span> <span class='ocrx_word' id='word_1_658' title='bbox 2735 4437 2978 4492; x_wconf 79' lang='lat' dir='ltr'><strong>fraudem</strong></span> <span class='ocrx_word' id='word_1_659' title='bbox 3000 4440 3173 4492; x_wconf 77' lang='lat' dir='ltr'><strong>duxit.</strong></span> <span class='ocrx_word' id='word_1_660' title='bbox 3195 4437 3308 4494; x_wconf 78' lang='lat' dir='ltr'><strong>Una</strong></span> <span class='ocrx_word' id='word_1_661' title='bbox 3327 4437 3494 4506; x_wconf 88' lang='lat' dir='ltr'><strong>siqui-</strong></span> 
     </span>
    </p>
   </div>
   <div class='ocr_carea' id='block_1_88' title="bbox 1891 4531 3487 4602">
    <p class='ocr_par' dir='ltr' id='par_1_88' title="bbox 1891 4531 3487 4602">
     <span class='ocr_line' id='line_1_89' title="bbox 1891 4531 3487 4602; baseline 0.002 -20"><span class='ocrx_word' id='word_1_662' title='bbox 1891 4531 2011 4585; x_wconf 86' lang='lat' dir='ltr'><strong>dem</strong></span> <span class='ocrx_word' id='word_1_663' title='bbox 2037 4531 2236 4584; x_wconf 89' lang='lat' dir='ltr'><strong>dicitur</strong></span> <span class='ocrx_word' id='word_1_664' title='bbox 2256 4532 2512 4593; x_wconf 86' lang='lat' dir='ltr'><strong>essentia.</strong></span> <span class='ocrx_word' id='word_1_665' title='bbox 2536 4549 2640 4585; x_wconf 91' lang='lat' dir='ltr'><strong>non</strong></span> <span class='ocrx_word' id='word_1_666' title='bbox 2661 4532 2804 4602; x_wconf 90' lang='lat' dir='ltr'><strong>quod</strong></span> <span class='ocrx_word' id='word_1_667' title='bbox 2834 4531 3157 4586; x_wconf 82' lang='lat' dir='ltr'><strong>divisionem</strong></span> <span class='ocrx_word' id='word_1_668' title='bbox 3183 4533 3234 4585; x_wconf 88' lang='lat' dir='ltr'><strong>in</strong></span> <span class='ocrx_word' id='word_1_669' title='bbox 3263 4546 3487 4586; x_wconf 79' lang='lat' dir='ltr'><strong>causam</strong></span> 
     </span>
    </p>
   </div>
   <div class='ocr_carea' id='block_1_89' title="bbox 206 4611 1796 4700">
    <p class='ocr_par' dir='ltr' id='par_1_89' title="bbox 206 4625 1787 4700">
     <span class='ocr_line' id='line_1_90' title="bbox 206 4625 1787 4700; baseline -0.005 -16"><span class='ocrx_word' id='word_1_670' title='bbox 206 4631 576 4700; x_wconf 73' lang='grc' dir='ltr'>ἐκλαμϐάνων</span> <span class='ocrx_word' id='word_1_671' title='bbox 609 4629 691 4692; x_wconf 79' lang='grc' dir='ltr'>τὸ,</span> <span class='ocrx_word' id='word_1_672' title='bbox 724 4628 844 4699; x_wconf 85' lang='grc' dir='ltr'>μία.</span> <span class='ocrx_word' id='word_1_673' title='bbox 880 4627 942 4680; x_wconf 85' lang='grc' dir='ltr'><strong>οὑ</strong></span> <span class='ocrx_word' id='word_1_674' title='bbox 970 4629 1094 4688; x_wconf 79' lang='grc' dir='ltr'>τοὺς</span> <span class='ocrx_word' id='word_1_675' title='bbox 1139 4625 1389 4689; x_wconf 72' lang='grc' dir='ltr'>πολλοὺς,</span> <span class='ocrx_word' id='word_1_676' title='bbox 1439 4625 1536 4678; x_wconf 76' lang='grc' dir='ltr'><strong>καὶ</strong></span> <span class='ocrx_word' id='word_1_677' title='bbox 1584 4626 1787 4679; x_wconf 79' lang='grc' dir='ltr'>ἁπλου-</span> 
     </span>
    </p>
   </div>
   <div class='ocr_carea' id='block_1_90' title="bbox 1902 4611 3491 4700">
    <p class='ocr_par' dir='ltr' id='par_1_90' title="bbox 1902 4622 3491 4692">
     <span class='ocr_line' id='line_1_91' title="bbox 1902 4622 3491 4692; baseline 0 -17"><span class='ocrx_word' id='word_1_678' title='bbox 1902 4632 1946 4675; x_wconf 74' lang='lat' dir='ltr'><strong>ct</strong></span> <span class='ocrx_word' id='word_1_679' title='bbox 1969 4630 2253 4675; x_wconf 82' lang='lat' dir='ltr'><strong>causatum</strong></span> <span class='ocrx_word' id='word_1_680' title='bbox 2284 4638 2388 4675; x_wconf 86' lang='lat' dir='ltr'><strong>non</strong></span> <span class='ocrx_word' id='word_1_681' title='bbox 2423 4623 2671 4677; x_wconf 84' lang='lat' dir='ltr'><strong>admittat</strong></span> <span class='ocrx_word' id='word_1_682' title='bbox 2701 4639 2714 4675; x_wconf 88' lang='lat'><strong>:</strong></span> <span class='ocrx_word' id='word_1_683' title='bbox 2750 4638 2924 4691; x_wconf 89' lang='lat' dir='ltr'><strong>neque</strong></span> <span class='ocrx_word' id='word_1_684' title='bbox 2954 4623 3097 4692; x_wconf 93' lang='lat' dir='ltr'><strong>quod</strong></span> <span class='ocrx_word' id='word_1_685' title='bbox 3134 4622 3371 4691; x_wconf 81' lang='lat' dir='ltr'><strong>perfecta</strong></span> <span class='ocrx_word' id='word_1_686' title='bbox 3402 4637 3491 4675; x_wconf 81' lang='lat' dir='ltr'><strong>cs-</strong></span> 
     </span>
    </p>
   </div>
   <div class='ocr_carea' id='block_1_91' title="bbox 208 4717 1787 4791">
    <p class='ocr_par' dir='ltr' id='par_1_91' title="bbox 208 4717 1787 4791">
     <span class='ocr_line' id='line_1_92' title="bbox 208 4717 1787 4791; baseline -0.003 -15"><span class='ocrx_word' id='word_1_687' title='bbox 208 4724 439 4791; x_wconf 76' lang='grc' dir='ltr'>στέρους</span> <span class='ocrx_word' id='word_1_688' title='bbox 496 4721 677 4788; x_wconf 88' lang='grc' dir='ltr'>μόνον,</span> <span class='ocrx_word' id='word_1_689' title='bbox 741 4719 856 4773; x_wconf 77' lang='grc' dir='ltr'>ἀλλ’</span> <span class='ocrx_word' id='word_1_690' title='bbox 891 4718 991 4790; x_wconf 71' lang='grc' dir='ltr'><strong>ἤδη</strong></span> <span class='ocrx_word' id='word_1_691' title='bbox 1029 4720 1123 4771; x_wconf 76' lang='grc' dir='ltr'><strong>καὶ</strong></span> <span class='ocrx_word' id='word_1_692' title='bbox 1179 4717 1373 4791; x_wconf 40' lang='grc' dir='ltr'>αὐτῶν.</span> <span class='ocrx_word' id='word_1_693' title='bbox 1426 4719 1526 4771; x_wconf 83' lang='grc' dir='ltr'><strong>οὑκ</strong></span> <span class='ocrx_word' id='word_1_694' title='bbox 1574 4718 1787 4785; x_wconf 78' lang='grc' dir='ltr'>ὀλίγους</span> 
     </span>
    </p>
   </div>
   <div class='ocr_carea' id='block_1_92' title="bbox 204 4811 1787 4885">
    <p class='ocr_par' dir='ltr' id='par_1_92' title="bbox 204 4811 1787 4885">
     <span class='ocr_line' id='line_1_93' title="bbox 204 4811 1787 4885; baseline -0.003 -18"><span class='ocrx_word' id='word_1_695' title='bbox 204 4815 318 4867; x_wconf 80' lang='grc' dir='ltr'><strong>τῶν</strong></span> <span class='ocrx_word' id='word_1_696' title='bbox 403 4814 705 4881; x_wconf 64' lang='grc' dir='ltr'>ἐλλογίμων</span> <span class='ocrx_word' id='word_1_697' title='bbox 783 4811 1237 4885; x_wconf 73' lang='grc' dir='ltr'>παραλογίζεται.</span> <span class='ocrx_word' id='word_1_698' title='bbox 1327 4812 1444 4866; x_wconf 84' lang='grc' dir='ltr'>Μία</span> <span class='ocrx_word' id='word_1_699' title='bbox 1520 4812 1620 4882; x_wconf 81' lang='grc' dir='ltr'>μὲν</span> <span class='ocrx_word' id='word_1_700' title='bbox 1677 4812 1787 4882; x_wconf 82' lang='grc' dir='ltr'>γὰρ</span> 
     </span>
    </p>
   </div>
   <div class='ocr_carea' id='block_1_93' title="bbox 204 4903 1787 4975">
    <p class='ocr_par' dir='ltr' id='par_1_93' title="bbox 204 4903 1787 4975">
     <span class='ocr_line' id='line_1_94' title="bbox 204 4903 1787 4975; baseline 0 -17"><span class='ocrx_word' id='word_1_701' title='bbox 204 4907 433 4972; x_wconf 73' lang='grc' dir='ltr'>λέγεται</span> <span class='ocrx_word' id='word_1_702' title='bbox 457 4906 490 4975; x_wconf 77' lang='grc' dir='ltr'><strong>ἡ</strong></span> <span class='ocrx_word' id='word_1_703' title='bbox 529 4903 710 4969; x_wconf 86' lang='grc' dir='ltr'>οὑσία,</span> <span class='ocrx_word' id='word_1_704' title='bbox 735 4904 833 4975; x_wconf 83' lang='grc' dir='ltr'><strong>οὑχ</strong></span> <span class='ocrx_word' id='word_1_705' title='bbox 864 4905 946 4957; x_wconf 81' lang='grc' dir='ltr'>ὅτι</span> <span class='ocrx_word' id='word_1_706' title='bbox 978 4905 1079 4969; x_wconf 83' lang='grc' dir='ltr'>τὴν</span> <span class='ocrx_word' id='word_1_707' title='bbox 1108 4905 1186 4968; x_wconf 85' lang='grc' dir='ltr'><strong>είς</strong></span> <span class='ocrx_word' id='word_1_708' title='bbox 1215 4904 1389 4958; x_wconf 76' lang='grc' dir='ltr'>αἴτιον</span> <span class='ocrx_word' id='word_1_709' title='bbox 1419 4906 1507 4957; x_wconf 71' lang='grc' dir='ltr'><strong>καὶ</strong></span> <span class='ocrx_word' id='word_1_710' title='bbox 1536 4906 1787 4958; x_wconf 81' lang='grc' dir='ltr'>αἰτιατὸν</span> 
     </span>
    </p>
   </div>
   <div class='ocr_carea' id='block_1_94' title="bbox 205 4996 1787 5069">
    <p class='ocr_par' dir='ltr' id='par_1_94' title="bbox 205 4996 1787 5069">
     <span class='ocr_line' id='line_1_95' title="bbox 205 4996 1787 5069; baseline 0.001 -18"><span class='ocrx_word' id='word_1_711' title='bbox 205 4999 477 5069; x_wconf 78' lang='grc' dir='ltr'>διαίρεσιν</span> <span class='ocrx_word' id='word_1_712' title='bbox 503 5000 604 5052; x_wconf 81' lang='grc' dir='ltr'><strong>οὐκ</strong></span> <span class='ocrx_word' id='word_1_713' title='bbox 642 4998 977 5066; x_wconf 75' lang='grc' dir='ltr'>ἐπιδέχεται,</span> <span class='ocrx_word' id='word_1_714' title='bbox 1012 4996 1121 5049; x_wconf 73' lang='grc' dir='ltr'>οὐδ’</span> <span class='ocrx_word' id='word_1_715' title='bbox 1148 4998 1231 5050; x_wconf 80' lang='grc' dir='ltr'>ὅτι</span> <span class='ocrx_word' id='word_1_716' title='bbox 1267 4998 1386 5066; x_wconf 80' lang='grc' dir='ltr'>οὐχὶ</span> <span class='ocrx_word' id='word_1_717' title='bbox 1418 4997 1600 5051; x_wconf 80' lang='grc' dir='ltr'>τελεία</span> <span class='ocrx_word' id='word_1_718' title='bbox 1626 4998 1787 5052; x_wconf 85' lang='grc' dir='ltr'>οὑσία</span> 
     </span>
    </p>
   </div>
   <div class='ocr_carea' id='block_1_95' title="bbox 207 5088 1786 5161">
    <p class='ocr_par' dir='ltr' id='par_1_95' title="bbox 207 5088 1786 5161">
     <span class='ocr_line' id='line_1_96' title="bbox 207 5088 1786 5161; baseline -0.001 -16"><span class='ocrx_word' id='word_1_719' title='bbox 207 5095 235 5145; x_wconf 77' lang='grc' dir='ltr'>ὁ</span> <span class='ocrx_word' id='word_1_720' title='bbox 268 5092 485 5161; x_wconf 77' lang='grc' dir='ltr'>Πατὴρ,</span> <span class='ocrx_word' id='word_1_721' title='bbox 512 5090 700 5144; x_wconf 76' lang='grc' dir='ltr'>τελεία</span> <span class='ocrx_word' id='word_1_722' title='bbox 722 5089 884 5143; x_wconf 86' lang='grc' dir='ltr'>οὐσία</span> <span class='ocrx_word' id='word_1_723' title='bbox 918 5088 1015 5144; x_wconf 69' lang='grc' dir='ltr'><strong>καὶ</strong></span> <span class='ocrx_word' id='word_1_724' title='bbox 1038 5091 1067 5144; x_wconf 85' lang='grc' dir='ltr'>ὁ</span> <span class='ocrx_word' id='word_1_725' title='bbox 1096 5089 1244 5155; x_wconf 79' lang='grc' dir='ltr'>Υἱὸς,</span> <span class='ocrx_word' id='word_1_726' title='bbox 1277 5090 1463 5144; x_wconf 80' lang='grc' dir='ltr'>τελεία</span> <span class='ocrx_word' id='word_1_727' title='bbox 1499 5091 1658 5144; x_wconf 90' lang='grc' dir='ltr'>οὑσία</span> <span class='ocrx_word' id='word_1_728' title='bbox 1687 5091 1786 5145; x_wconf 70' lang='grc' dir='ltr'><strong>καλ⁸</strong></span> 
     </span>
    </p>
   </div>
   <div class='ocr_carea' id='block_1_96' title="bbox 205 5180 1783 5252">
    <p class='ocr_par' dir='ltr' id='par_1_96' title="bbox 205 5180 1783 5252">
     <span class='ocr_line' id='line_1_97' title="bbox 205 5180 1783 5252; baseline -0.002 -15"><span class='ocrx_word' id='word_1_729' title='bbox 205 5187 268 5237; x_wconf 70' lang='grc' dir='ltr'><strong>τὸ</strong></span> <span class='ocrx_word' id='word_1_730' title='bbox 318 5183 544 5252; x_wconf 80' lang='grc' dir='ltr'>Πνεῦμα</span> <span class='ocrx_word' id='word_1_731' title='bbox 575 5182 633 5235; x_wconf 70' lang='grc' dir='ltr'><strong>τὸ</strong></span> <span class='ocrx_word' id='word_1_732' title='bbox 660 5181 815 5249; x_wconf 80' lang='grc' dir='ltr'>ἆγιον</span> <span class='ocrx_word' id='word_1_733' title='bbox 841 5181 949 5233; x_wconf 78' lang='grc' dir='ltr'>εῑσί</span> <span class='ocrx_word' id='word_1_734' title='bbox 976 5196 1035 5233; x_wconf 88' lang='grc' dir='ltr'>τε</span> <span class='ocrx_word' id='word_1_735' title='bbox 1083 5181 1180 5233; x_wconf 77' lang='grc' dir='ltr'><strong>καὶ</strong></span> <span class='ocrx_word' id='word_1_736' title='bbox 1210 5181 1486 5249; x_wconf 83' lang='grc' dir='ltr'>λέγονται,</span> <span class='ocrx_word' id='word_1_737' title='bbox 1538 5180 1654 5235; x_wconf 77' lang='grc' dir='ltr'>ἀλλ’</span> <span class='ocrx_word' id='word_1_738' title='bbox 1700 5182 1783 5234; x_wconf 85' lang='grc' dir='ltr'>ὅτι</span> 
     </span>
    </p>
   </div>
   <div class='ocr_carea' id='block_1_97' title="bbox 204 5270 1785 5344">
    <p class='ocr_par' dir='ltr' id='par_1_97' title="bbox 204 5270 1785 5344">
     <span class='ocr_line' id='line_1_98' title="bbox 204 5270 1785 5344; baseline -0.003 -16"><span class='ocrx_word' id='word_1_739' title='bbox 204 5280 276 5328; x_wconf 79' lang='grc' dir='ltr'><strong>τα</strong></span> <span class='ocrx_word' id='word_1_740' title='bbox 310 5273 440 5343; x_wconf 84' lang='grc' dir='ltr'>τρία</span> <span class='ocrx_word' id='word_1_741' title='bbox 484 5272 754 5344; x_wconf 85' lang='grc' dir='ltr'>πρόσωπα</span> <span class='ocrx_word' id='word_1_742' title='bbox 783 5270 985 5336; x_wconf 83' lang='grc' dir='ltr'>ταῦτα,</span> <span class='ocrx_word' id='word_1_743' title='bbox 1022 5272 1051 5324; x_wconf 83' lang='grc' dir='ltr'>ὁ</span> <span class='ocrx_word' id='word_1_744' title='bbox 1086 5270 1297 5342; x_wconf 76' lang='grc' dir='ltr'>Πατὴρ,</span> <span class='ocrx_word' id='word_1_745' title='bbox 1326 5274 1353 5323; x_wconf 80' lang='grc' dir='ltr'>ὁ</span> <span class='ocrx_word' id='word_1_746' title='bbox 1386 5270 1540 5335; x_wconf 75' lang='grc' dir='ltr'>Υἱὸς,</span> <span class='ocrx_word' id='word_1_747' title='bbox 1584 5272 1682 5324; x_wconf 70' lang='grc' dir='ltr'><strong>καὶ</strong></span> <span class='ocrx_word' id='word_1_748' title='bbox 1721 5270 1785 5324; x_wconf 85' lang='grc' dir='ltr'>τὸ</span> 
     </span>
    </p>
   </div>
   <div class='ocr_carea' id='block_1_98' title="bbox 209 5359 1784 5434">
    <p class='ocr_par' dir='ltr' id='par_1_98' title="bbox 209 5359 1784 5434">
     <span class='ocr_line' id='line_1_99' title="bbox 209 5359 1784 5434; baseline -0.002 -17"><span class='ocrx_word' id='word_1_749' title='bbox 209 5364 441 5434; x_wconf 80' lang='grc' dir='ltr'>Πνεῦμα</span> <span class='ocrx_word' id='word_1_750' title='bbox 479 5363 660 5427; x_wconf 74' lang='grc' dir='ltr'>οὐσία,</span> <span class='ocrx_word' id='word_1_751' title='bbox 692 5361 786 5414; x_wconf 78' lang='grc' dir='ltr'><strong>καὶ</strong></span> <span class='ocrx_word' id='word_1_752' title='bbox 818 5359 1000 5425; x_wconf 84' lang='grc' dir='ltr'>οὑσία,</span> <span class='ocrx_word' id='word_1_753' title='bbox 1044 5360 1142 5414; x_wconf 79' lang='grc' dir='ltr'><strong>καὶ</strong></span> <span class='ocrx_word' id='word_1_754' title='bbox 1187 5360 1346 5413; x_wconf 85' lang='grc' dir='ltr'>οὑσία</span> <span class='ocrx_word' id='word_1_755' title='bbox 1402 5359 1533 5414; x_wconf 76' lang='grc' dir='ltr'>ὄντα</span> <span class='ocrx_word' id='word_1_756' title='bbox 1578 5378 1639 5414; x_wconf 82' lang='grc' dir='ltr'>τε</span> <span class='ocrx_word' id='word_1_757' title='bbox 1688 5360 1784 5414; x_wconf 74' lang='grc' dir='ltr'><strong>καὶ</strong></span> 
     </span>
    </p>
   </div>
   <div class='ocr_carea' id='block_1_99' title="bbox 202 5452 1781 5525">
    <p class='ocr_par' dir='ltr' id='par_1_99' title="bbox 202 5452 1781 5525">
     <span class='ocr_line' id='line_1_100' title="bbox 202 5452 1781 5525; baseline -0.003 -14"><span class='ocrx_word' id='word_1_758' title='bbox 202 5458 503 5525; x_wconf 77' lang='grc' dir='ltr'>λεγόμενα,</span> <span class='ocrx_word' id='word_1_759' title='bbox 520 5454 697 5525; x_wconf 81' lang='grc' dir='ltr'>πάσης</span> <span class='ocrx_word' id='word_1_760' title='bbox 722 5453 982 5524; x_wconf 82' lang='grc' dir='ltr'>διαφορᾶς</span> <span class='ocrx_word' id='word_1_761' title='bbox 1010 5453 1132 5508; x_wconf 79' lang='grc' dir='ltr'>καθ’</span> <span class='ocrx_word' id='word_1_762' title='bbox 1161 5452 1228 5524; x_wconf 83' lang='grc' dir='ltr'>ἢν</span> <span class='ocrx_word' id='word_1_763' title='bbox 1250 5453 1437 5517; x_wconf 76' lang='grc' dir='ltr'>οὐσίας</span> <span class='ocrx_word' id='word_1_764' title='bbox 1459 5454 1617 5507; x_wconf 84' lang='grc' dir='ltr'>οὐσία</span> <span class='ocrx_word' id='word_1_765' title='bbox 1644 5453 1781 5507; x_wconf 78' lang='grc' dir='ltr'>διαι·</span> 
     </span>
    </p>
   </div>
   <div class='ocr_carea' id='block_1_100' title="bbox 205 5540 1783 5621">
    <p class='ocr_par' dir='ltr' id='par_1_100' title="bbox 205 5540 1783 5621">
     <span class='ocr_line' id='line_1_101' title="bbox 205 5540 1783 5621; baseline -0.003 -17"><span class='ocrx_word' id='word_1_766' title='bbox 205 5554 408 5621; x_wconf 79' lang='grc' dir='ltr'>ρεῖται,</span> <span class='ocrx_word' id='word_1_767' title='bbox 439 5547 769 5601; x_wconf 80' lang='grc' dir='ltr'>ἁνεπίδεκτά</span> <span class='ocrx_word' id='word_1_768' title='bbox 790 5549 898 5601; x_wconf 84' lang='grc' dir='ltr'>εἰσι</span> <span class='ocrx_word' id='word_1_769' title='bbox 915 5545 1216 5609; x_wconf 81' lang='grc' dir='ltr'>παντελῶς.</span> <span class='ocrx_word' id='word_1_770' title='bbox 1249 5540 1372 5598; x_wconf 77' lang='grc' dir='ltr'>Εἶεν</span> <span class='ocrx_word' id='word_1_771' title='bbox 1399 5544 1446 5598; x_wconf 87' lang='grc' dir='ltr'><strong>δ’</strong></span> <span class='ocrx_word' id='word_1_772' title='bbox 1499 5545 1567 5600; x_wconf 83' lang='grc' dir='ltr'>ἂν</span> <span class='ocrx_word' id='word_1_773' title='bbox 1590 5547 1647 5599; x_wconf 78' lang='grc' dir='ltr'>αἱ</span> <span class='ocrx_word' id='word_1_774' title='bbox 1682 5545 1783 5612; x_wconf 66' lang='grc' dir='ltr'><strong>τὰς</strong></span> 
     </span>
    </p>
   </div>
   <div class='ocr_carea' id='block_1_101' title="bbox 201 5638 1784 5710">
    <p class='ocr_par' dir='ltr' id='par_1_101' title="bbox 201 5638 1784 5710">
     <span class='ocr_line' id='line_1_102' title="bbox 201 5638 1784 5710; baseline -0.004 -13"><span class='ocrx_word' id='word_1_775' title='bbox 201 5644 400 5705; x_wconf 77' lang='grc' dir='ltr'>οὐσίας</span> <span class='ocrx_word' id='word_1_776' title='bbox 430 5639 683 5710; x_wconf 76' lang='grc' dir='ltr'>ἀλλήλων</span> <span class='ocrx_word' id='word_1_777' title='bbox 712 5638 1027 5710; x_wconf 80' lang='grc' dir='ltr'>διαιροῦσαι</span> <span class='ocrx_word' id='word_1_778' title='bbox 1055 5638 1320 5709; x_wconf 76' lang='grc' dir='ltr'>διαφοραὶ</span> <span class='ocrx_word' id='word_1_779' title='bbox 1366 5640 1430 5691; x_wconf 74' lang='grc' dir='ltr'>τὸ</span> <span class='ocrx_word' id='word_1_780' title='bbox 1464 5638 1657 5709; x_wconf 71' lang='grc' dir='ltr'>θνητὸν</span> <span class='ocrx_word' id='word_1_781' title='bbox 1688 5638 1784 5691; x_wconf 75' lang='grc' dir='ltr'><strong>καὶ</strong></span> 
     </span>
    </p>
   </div>
   <div class='ocr_carea' id='block_1_102' title="bbox 197 5722 1780 5797">
    <p class='ocr_par' dir='ltr' id='par_1_102' title="bbox 197 5722 1780 5797">
     <span class='ocr_line' id='line_1_103' title="bbox 197 5722 1780 5797; baseline -0.006 -11"><span class='ocrx_word' id='word_1_782' title='bbox 197 5733 495 5796; x_wconf 67' lang='grc' dir='ltr'>α’ὶανατον,</span> <span class='ocrx_word' id='word_1_783' title='bbox 540 5729 603 5782; x_wconf 82' lang='grc' dir='ltr'>τὸ</span> <span class='ocrx_word' id='word_1_784' title='bbox 660 5728 876 5797; x_wconf 68' lang='grc' dir='ltr'>λογικὸν</span> <span class='ocrx_word' id='word_1_785' title='bbox 926 5727 1023 5781; x_wconf 79' lang='grc' dir='ltr'><strong>καὶ</strong></span> <span class='ocrx_word' id='word_1_786' title='bbox 1082 5728 1298 5794; x_wconf 74' lang='grc' dir='ltr'>ἄλογον,</span> <span class='ocrx_word' id='word_1_787' title='bbox 1361 5727 1456 5780; x_wconf 77' lang='grc' dir='ltr'><strong>καὶ</strong></span> <span class='ocrx_word' id='word_1_788' title='bbox 1511 5725 1610 5777; x_wconf 83' lang='grc' dir='ltr'>σὺν</span> <span class='ocrx_word' id='word_1_789' title='bbox 1652 5722 1780 5777; x_wconf 83' lang='grc' dir='ltr'>πολ-</span> 
     </span>
    </p>
   </div>
   <div class='ocr_carea' id='block_1_103' title="bbox 194 5815 1780 5888">
    <p class='ocr_par' dir='ltr' id='par_1_103' title="bbox 194 5815 1780 5888">
     <span class='ocr_line' id='line_1_104' title="bbox 194 5815 1780 5888; baseline -0.004 -13"><span class='ocrx_word' id='word_1_790' title='bbox 194 5825 313 5886; x_wconf 68' lang='lat' dir='ltr'><strong>‘mi;</strong></span> <span class='ocrx_word' id='word_1_791' title='bbox 347 5823 536 5883; x_wconf 74' lang='grc' dir='ltr'>ἄλλιις</span> <span class='ocrx_word' id='word_1_792' title='bbox 566 5819 627 5872; x_wconf 71' lang='grc' dir='ltr'>τὸ</span> <span class='ocrx_word' id='word_1_793' title='bbox 655 5818 872 5873; x_wconf 81' lang='grc' dir='ltr'>κτιστδν</span> <span class='ocrx_word' id='word_1_794' title='bbox 908 5820 1007 5873; x_wconf 78' lang='grc' dir='ltr'><strong>καὶ</strong></span> <span class='ocrx_word' id='word_1_795' title='bbox 1042 5817 1323 5884; x_wconf 72' lang='grc' dir='ltr'>ἄκτιστον,</span> <span class='ocrx_word' id='word_1_796' title='bbox 1356 5818 1423 5888; x_wconf 76' lang='grc' dir='ltr'>ἢν</span> <span class='ocrx_word' id='word_1_797' title='bbox 1472 5817 1539 5888; x_wconf 76' lang='grc' dir='ltr'><strong>δὴ</strong></span> <span class='ocrx_word' id='word_1_798' title='bbox 1584 5815 1780 5885; x_wconf 79' lang='grc' dir='ltr'>διαφο-</span> 
     </span>
    </p>
   </div>
   <div class='ocr_carea' id='block_1_104' title="bbox 197 5908 1779 5989">
    <p class='ocr_par' dir='ltr' id='par_1_104' title="bbox 197 5908 1779 5989">
     <span class='ocr_line' id='line_1_105' title="bbox 197 5908 1779 5989; baseline -0.006 -20"><span class='ocrx_word' id='word_1_799' title='bbox 197 5917 303 5989; x_wconf 68' lang='grc' dir='ltr'>ρζιν</span> <span class='ocrx_word' id='word_1_800' title='bbox 341 5917 430 5968; x_wconf 56' lang='lat' dir='ltr'><strong>ea&quot;.</strong></span> <span class='ocrx_word' id='word_1_801' title='bbox 459 5913 676 5987; x_wconf 66' lang='grc' dir='ltr'>Ἄρειος</span> <span class='ocrx_word' id='word_1_802' title='bbox 710 5909 805 5965; x_wconf 70' lang='grc' dir='ltr'>ἐπὶ</span> <span class='ocrx_word' id='word_1_803' title='bbox 846 5913 944 5984; x_wconf 69' lang='grc' dir='ltr'>τῆς</span> <span class='ocrx_word' id='word_1_804' title='bbox 980 5911 1139 5983; x_wconf 73' lang='grc' dir='ltr'>ἁγίας</span> <span class='ocrx_word' id='word_1_805' title='bbox 1182 5910 1410 5984; x_wconf 68' lang='grc' dir='ltr'><strong>Τριὲἰοξ</strong></span> <span class='ocrx_word' id='word_1_806' title='bbox 1456 5908 1779 5982; x_wconf 59' lang='grc' dir='ltr'>πρεσϐεύων</span> 
     </span>
    </p>
   </div>
   <div class='ocr_carea' id='block_1_105' title="bbox 1895 4711 3487 4783">
    <p class='ocr_par' dir='ltr' id='par_1_105' title="bbox 1895 4711 3487 4783">
     <span class='ocr_line' id='line_1_106' title="bbox 1895 4711 3487 4783; baseline -0.001 -14"><span class='ocrx_word' id='word_1_807' title='bbox 1895 4714 2074 4769; x_wconf 85' lang='lat' dir='ltr'><strong>seutia</strong></span> <span class='ocrx_word' id='word_1_808' title='bbox 2121 4711 2303 4777; x_wconf 82' lang='lat' dir='ltr'><strong>Pater,</strong></span> <span class='ocrx_word' id='word_1_809' title='bbox 2336 4713 2573 4783; x_wconf 80' lang='lat' dir='ltr'><strong>perfecta</strong></span> <span class='ocrx_word' id='word_1_810' title='bbox 2605 4714 2844 4768; x_wconf 85' lang='lat' dir='ltr'><strong>essentia</strong></span> <span class='ocrx_word' id='word_1_811' title='bbox 2896 4724 2949 4767; x_wconf 86' lang='lat' dir='ltr'><strong>et</strong></span> <span class='ocrx_word' id='word_1_812' title='bbox 3008 4711 3198 4774; x_wconf 85' lang='lat' dir='ltr'><strong>Filius.</strong></span> <span class='ocrx_word' id='word_1_813' title='bbox 3253 4712 3487 4783; x_wconf 82' lang='lat' dir='ltr'><strong>perfecta</strong></span> 
     </span>
    </p>
   </div>
   <div class='ocr_carea' id='block_1_106' title="bbox 1893 4805 3488 4877">
    <p class='ocr_par' dir='ltr' id='par_1_106' title="bbox 1893 4805 3488 4877">
     <span class='ocr_line' id='line_1_107' title="bbox 1893 4805 3488 4877; baseline -0.001 -17"><span class='ocrx_word' id='word_1_814' title='bbox 1893 4808 2133 4862; x_wconf 84' lang='lat' dir='ltr'><strong>essentia</strong></span> <span class='ocrx_word' id='word_1_815' title='bbox 2174 4817 2228 4861; x_wconf 89' lang='lat' dir='ltr'><strong>et</strong></span> <span class='ocrx_word' id='word_1_816' title='bbox 2263 4806 2501 4877; x_wconf 87' lang='lat' dir='ltr'><strong>Spiritus</strong></span> <span class='ocrx_word' id='word_1_817' title='bbox 2534 4817 2757 4863; x_wconf 86' lang='lat' dir='ltr'><strong>sanctus</strong></span> <span class='ocrx_word' id='word_1_818' title='bbox 2791 4824 2900 4861; x_wconf 91' lang='lat' dir='ltr'><strong>non</strong></span> <span class='ocrx_word' id='word_1_819' title='bbox 2942 4808 3075 4870; x_wconf 85' lang='lat' dir='ltr'><strong>sint,</strong></span> <span class='ocrx_word' id='word_1_820' title='bbox 3114 4816 3171 4861; x_wconf 86' lang='lat' dir='ltr'><strong>et</strong></span> <span class='ocrx_word' id='word_1_821' title='bbox 3214 4805 3488 4870; x_wconf 84' lang='lat' dir='ltr'><strong>dicantur,</strong></span> 
     </span>
    </p>
   </div>
   <div class='ocr_carea' id='block_1_107' title="bbox 1890 4896 3488 4968">
    <p class='ocr_par' dir='ltr' id='par_1_107' title="bbox 1890 4896 3488 4968">
     <span class='ocr_line' id='line_1_108' title="bbox 1890 4896 3488 4968; baseline 0 -16"><span class='ocrx_word' id='word_1_822' title='bbox 1890 4898 1983 4952; x_wconf 84' lang='lat' dir='ltr'><strong>sed</strong></span> <span class='ocrx_word' id='word_1_823' title='bbox 2004 4900 2150 4967; x_wconf 89' lang='lat' dir='ltr'><strong>quod</strong></span> <span class='ocrx_word' id='word_1_824' title='bbox 2173 4907 2284 4954; x_wconf 83' lang='lat' dir='ltr'><strong>tres</strong></span> <span class='ocrx_word' id='word_1_825' title='bbox 2304 4899 2419 4954; x_wconf 73' lang='lat' dir='ltr'><strong>ista:</strong></span> <span class='ocrx_word' id='word_1_826' title='bbox 2459 4915 2729 4968; x_wconf 66' lang='lat' dir='ltr'><strong>personae,</strong></span> <span class='ocrx_word' id='word_1_827' title='bbox 2753 4900 2930 4963; x_wconf 79' lang='lat' dir='ltr'><strong>Pater,</strong></span> <span class='ocrx_word' id='word_1_828' title='bbox 2954 4896 3150 4963; x_wconf 85' lang='lat' dir='ltr'><strong>Filius,</strong></span> <span class='ocrx_word' id='word_1_829' title='bbox 3171 4908 3224 4953; x_wconf 89' lang='lat' dir='ltr'><strong>et</strong></span> <span class='ocrx_word' id='word_1_830' title='bbox 3244 4898 3488 4967; x_wconf 82' lang='lat' dir='ltr'><strong>Spiritus</strong></span> 
     </span>
    </p>
   </div>
   <div class='ocr_carea' id='block_1_108' title="bbox 1888 4990 3486 5057">
    <p class='ocr_par' dir='ltr' id='par_1_108' title="bbox 1888 4990 3486 5057">
     <span class='ocr_line' id='line_1_109' title="bbox 1888 4990 3486 5057; baseline 0.001 -14"><span class='ocrx_word' id='word_1_831' title='bbox 1888 4990 2147 5053; x_wconf 77' lang='lat' dir='ltr'><strong>essentia,</strong></span> <span class='ocrx_word' id='word_1_832' title='bbox 2162 4999 2215 5045; x_wconf 90' lang='lat' dir='ltr'><strong>et</strong></span> <span class='ocrx_word' id='word_1_833' title='bbox 2231 4994 2493 5056; x_wconf 78' lang='lat' dir='ltr'><strong>eSsentia,</strong></span> <span class='ocrx_word' id='word_1_834' title='bbox 2509 5000 2562 5044; x_wconf 90' lang='lat' dir='ltr'><strong>et</strong></span> <span class='ocrx_word' id='word_1_835' title='bbox 2578 4992 2815 5045; x_wconf 86' lang='lat' dir='ltr'><strong>essentia</strong></span> <span class='ocrx_word' id='word_1_836' title='bbox 2834 5007 2957 5046; x_wconf 92' lang='lat' dir='ltr'><strong>cum</strong></span> <span class='ocrx_word' id='word_1_837' title='bbox 2980 4991 3113 5057; x_wconf 89' lang='lat' dir='ltr'><strong>sint,</strong></span> <span class='ocrx_word' id='word_1_838' title='bbox 3132 5001 3185 5046; x_wconf 91' lang='lat' dir='ltr'><strong>et</strong></span> <span class='ocrx_word' id='word_1_839' title='bbox 3209 4991 3486 5045; x_wconf 90' lang='lat' dir='ltr'><strong>dicantur.</strong></span> 
     </span>
    </p>
   </div>
   <div class='ocr_carea' id='block_1_109' title="bbox 1889 5081 3475 5153">
    <p class='ocr_par' dir='ltr' id='par_1_109' title="bbox 1889 5081 3475 5153">
     <span class='ocr_line' id='line_1_110' title="bbox 1889 5081 3475 5153; baseline 0.001 -19"><span class='ocrx_word' id='word_1_840' title='bbox 1889 5082 2255 5136; x_wconf 81' lang='lat' dir='ltr'><strong>differentiam</strong></span> <span class='ocrx_word' id='word_1_841' title='bbox 2285 5098 2525 5143; x_wconf 87' lang='lat' dir='ltr'><strong>omnem.</strong></span> <span class='ocrx_word' id='word_1_842' title='bbox 2551 5084 2621 5136; x_wconf 84' lang='lat' dir='ltr'><strong>ob</strong></span> <span class='ocrx_word' id='word_1_843' title='bbox 2661 5099 2826 5153; x_wconf 89' lang='lat' dir='ltr'><strong>quam</strong></span> <span class='ocrx_word' id='word_1_844' title='bbox 2866 5083 3105 5138; x_wconf 88' lang='lat' dir='ltr'><strong>essentia</strong></span> <span class='ocrx_word' id='word_1_845' title='bbox 3131 5083 3202 5137; x_wconf 82' lang='lat' dir='ltr'><strong>ab</strong></span> <span class='ocrx_word' id='word_1_846' title='bbox 3234 5081 3475 5138; x_wconf 90' lang='lat' dir='ltr'><strong>essentia</strong></span> 
     </span>
    </p>
   </div>
   <div class='ocr_carea' id='block_1_110' title="bbox 1887 5176 3482 5247">
    <p class='ocr_par' dir='ltr' id='par_1_110' title="bbox 1887 5176 3482 5247">
     <span class='ocr_line' id='line_1_111' title="bbox 1887 5176 3482 5247; baseline -0.002 -16"><span class='ocrx_word' id='word_1_847' title='bbox 1887 5176 2085 5241; x_wconf 80' lang='lat' dir='ltr'><strong>ditl&#39;ert,</strong></span> <span class='ocrx_word' id='word_1_848' title='bbox 2109 5177 2283 5230; x_wconf 86' lang='lat' dir='ltr'><strong>modis</strong></span> <span class='ocrx_word' id='word_1_849' title='bbox 2313 5177 2569 5231; x_wconf 87' lang='lat' dir='ltr'><strong>omnibus</strong></span> <span class='ocrx_word' id='word_1_850' title='bbox 2592 5186 2868 5247; x_wconf 79' lang='lat' dir='ltr'><strong>respuant.</strong></span> <span class='ocrx_word' id='word_1_851' title='bbox 2920 5176 3251 5230; x_wconf 77' lang='lat' dir='ltr'><strong>Diﬂerentia:</strong></span> <span class='ocrx_word' id='word_1_852' title='bbox 3280 5183 3482 5234; x_wconf 84' lang='lat' dir='ltr'><strong>autem.</strong></span> 
     </span>
    </p>
   </div>
   <div class='ocr_carea' id='block_1_111' title="bbox 1891 5267 3487 5335">
    <p class='ocr_par' dir='ltr' id='par_1_111' title="bbox 1891 5267 3487 5335">
     <span class='ocr_line' id='line_1_112' title="bbox 1891 5267 3487 5335; baseline 0 -13"><span class='ocrx_word' id='word_1_853' title='bbox 1891 5284 2012 5335; x_wconf 81' lang='lat' dir='ltr'><strong>qua:</strong></span> <span class='ocrx_word' id='word_1_854' title='bbox 2046 5269 2342 5322; x_wconf 84' lang='lat' dir='ltr'><strong>essentiam</strong></span> <span class='ocrx_word' id='word_1_855' title='bbox 2370 5267 2440 5320; x_wconf 78' lang='lat' dir='ltr'><strong>ali</strong></span> <span class='ocrx_word' id='word_1_856' title='bbox 2468 5268 2705 5324; x_wconf 84' lang='lat' dir='ltr'><strong>essentia</strong></span> <span class='ocrx_word' id='word_1_857' title='bbox 2742 5267 2960 5323; x_wconf 75' lang='lat' dir='ltr'><strong>tliﬂerre</strong></span> <span class='ocrx_word' id='word_1_858' title='bbox 2998 5267 3224 5330; x_wconf 78' lang='lat' dir='ltr'><strong>faciunt,</strong></span> <span class='ocrx_word' id='word_1_859' title='bbox 3254 5267 3487 5322; x_wconf 71' lang='lat' dir='ltr'><strong>mortale</strong></span> 
     </span>
    </p>
   </div>
   <div class='ocr_carea' id='block_1_112' title="bbox 1887 5360 3484 5430">
    <p class='ocr_par' dir='ltr' id='par_1_112' title="bbox 1887 5360 3484 5430">
     <span class='ocr_line' id='line_1_113' title="bbox 1887 5360 3484 5430; baseline -0.001 -16"><span class='ocrx_word' id='word_1_860' title='bbox 1887 5374 1941 5414; x_wconf 80' lang='lat' dir='ltr'><strong>et</strong></span> <span class='ocrx_word' id='word_1_861' title='bbox 1976 5361 2311 5423; x_wconf 85' lang='lat' dir='ltr'><strong>immortale,</strong></span> <span class='ocrx_word' id='word_1_862' title='bbox 2344 5360 2572 5415; x_wconf 88' lang='lat' dir='ltr'><strong>rationis</strong></span> <span class='ocrx_word' id='word_1_863' title='bbox 2606 5375 2832 5430; x_wconf 88' lang='lat' dir='ltr'><strong>compos</strong></span> <span class='ocrx_word' id='word_1_864' title='bbox 2892 5371 2946 5414; x_wconf 89' lang='lat' dir='ltr'><strong>et</strong></span> <span class='ocrx_word' id='word_1_865' title='bbox 2977 5375 3199 5430; x_wconf 78' lang='lat' dir='ltr'><strong>expers,</strong></span> <span class='ocrx_word' id='word_1_866' title='bbox 3259 5367 3313 5413; x_wconf 92' lang='lat' dir='ltr'><strong>et</strong></span> <span class='ocrx_word' id='word_1_867' title='bbox 3370 5373 3484 5428; x_wconf 67' lang='lat' dir='ltr'><strong>prae</strong></span> 
     </span>
    </p>
   </div>
   <div class='ocr_carea' id='block_1_113' title="bbox 1885 5451 3479 5523">
    <p class='ocr_par' dir='ltr' id='par_1_113' title="bbox 1885 5451 3479 5523">
     <span class='ocr_line' id='line_1_114' title="bbox 1885 5451 3479 5523; baseline -0.001 -15"><span class='ocrx_word' id='word_1_868' title='bbox 1885 5455 2069 5508; x_wconf 88' lang='lat' dir='ltr'><strong>multis</strong></span> <span class='ocrx_word' id='word_1_869' title='bbox 2092 5454 2214 5509; x_wconf 90' lang='lat' dir='ltr'><strong>aliis</strong></span> <span class='ocrx_word' id='word_1_870' title='bbox 2250 5465 2494 5509; x_wconf 86' lang='lat' dir='ltr'><strong>creatum</strong></span> <span class='ocrx_word' id='word_1_871' title='bbox 2520 5466 2575 5509; x_wconf 89' lang='lat' dir='ltr'><strong>et</strong></span> <span class='ocrx_word' id='word_1_872' title='bbox 2612 5454 2922 5509; x_wconf 85' lang='lat' dir='ltr'><strong>increatum</strong></span> <span class='ocrx_word' id='word_1_873' title='bbox 2961 5463 3112 5516; x_wconf 90' lang='lat' dir='ltr'><strong>sunt,</strong></span> <span class='ocrx_word' id='word_1_874' title='bbox 3134 5468 3298 5523; x_wconf 86' lang='lat' dir='ltr'><strong>quam</strong></span> <span class='ocrx_word' id='word_1_875' title='bbox 3320 5451 3479 5506; x_wconf 76' lang='lat' dir='ltr'><strong>diffe-</strong></span> 
     </span>
    </p>
   </div>
   <div class='ocr_carea' id='block_1_114' title="bbox 1885 5543 3478 5617">
    <p class='ocr_par' dir='ltr' id='par_1_114' title="bbox 1885 5543 3478 5617">
     <span class='ocr_line' id='line_1_115' title="bbox 1885 5543 3478 5617; baseline 0 -18"><span class='ocrx_word' id='word_1_876' title='bbox 1885 5545 2118 5599; x_wconf 87' lang='lat' dir='ltr'><strong>rentiam</strong></span> <span class='ocrx_word' id='word_1_877' title='bbox 2157 5545 2213 5599; x_wconf 91' lang='lat' dir='ltr'><strong>in</strong></span> <span class='ocrx_word' id='word_1_878' title='bbox 2238 5546 2422 5601; x_wconf 88' lang='lat' dir='ltr'><strong>divina</strong></span> <span class='ocrx_word' id='word_1_879' title='bbox 2448 5545 2650 5600; x_wconf 87' lang='lat' dir='ltr'><strong>Triade</strong></span> <span class='ocrx_word' id='word_1_880' title='bbox 2689 5546 2850 5600; x_wconf 86' lang='lat' dir='ltr'><strong>Arius</strong></span> <span class='ocrx_word' id='word_1_881' title='bbox 2876 5560 3081 5617; x_wconf 86' lang='lat' dir='ltr'><strong>ponere</strong></span> <span class='ocrx_word' id='word_1_882' title='bbox 3106 5543 3478 5613; x_wconf 87' lang='lat' dir='ltr'><strong>deprehensus</strong></span> 
     </span>
    </p>
   </div>
   <div class='ocr_carea' id='block_1_115' title="bbox 1882 5636 3450 5708">
    <p class='ocr_par' dir='ltr' id='par_1_115' title="bbox 1882 5636 3450 5708">
     <span class='ocr_line' id='line_1_116' title="bbox 1882 5636 3450 5708; baseline -0.001 -17"><span class='ocrx_word' id='word_1_883' title='bbox 1882 5646 1988 5700; x_wconf 88' lang='lat' dir='ltr'><strong>est,</strong></span> <span class='ocrx_word' id='word_1_884' title='bbox 2022 5636 2094 5692; x_wconf 85' lang='lat' dir='ltr'><strong>ob</strong></span> <span class='ocrx_word' id='word_1_885' title='bbox 2125 5653 2286 5708; x_wconf 88' lang='lat' dir='ltr'><strong>quam</strong></span> <span class='ocrx_word' id='word_1_886' title='bbox 2333 5638 2533 5694; x_wconf 67' lang='grc' dir='ltr'><strong>Νἱεαξιιί</strong></span> <span class='ocrx_word' id='word_1_887' title='bbox 2596 5636 2786 5691; x_wconf 86' lang='lat' dir='ltr'><strong>Patres</strong></span> <span class='ocrx_word' id='word_1_888' title='bbox 2841 5637 3009 5691; x_wconf 86' lang='lat' dir='ltr'><strong>coacti</strong></span> <span class='ocrx_word' id='word_1_889' title='bbox 3064 5642 3215 5698; x_wconf 89' lang='lat' dir='ltr'><strong>sunt,</strong></span> <span class='ocrx_word' id='word_1_890' title='bbox 3267 5644 3320 5689; x_wconf 88' lang='lat' dir='ltr'><strong>et</strong></span> <span class='ocrx_word' id='word_1_891' title='bbox 3381 5636 3450 5691; x_wconf 88' lang='lat' dir='ltr'><strong>ad</strong></span> 
     </span>
    </p>
   </div>
   <div class='ocr_carea' id='block_1_116' title="bbox 1891 5726 3469 5798">
    <p class='ocr_par' dir='ltr' id='par_1_116' title="bbox 1891 5726 3469 5798">
     <span class='ocr_line' id='line_1_117' title="bbox 1891 5726 3469 5798; baseline 0.001 -20"><span class='ocrx_word' id='word_1_892' title='bbox 1891 5743 2059 5798; x_wconf 90' lang='lat' dir='ltr'><strong>quam</strong></span> <span class='ocrx_word' id='word_1_893' title='bbox 2085 5729 2473 5784; x_wconf 84' lang='lat' dir='ltr'><strong>eliminaudam</strong></span> <span class='ocrx_word' id='word_1_894' title='bbox 2499 5744 2597 5783; x_wconf 88' lang='lat' dir='ltr'><strong>sua</strong></span> <span class='ocrx_word' id='word_1_895' title='bbox 2633 5742 2861 5797; x_wconf 86' lang='lat' dir='ltr'><strong>posuere</strong></span> <span class='ocrx_word' id='word_1_896' title='bbox 2891 5726 3091 5787; x_wconf 89' lang='lat' dir='ltr'><strong>studia,</strong></span> <span class='ocrx_word' id='word_1_897' title='bbox 3129 5739 3290 5779; x_wconf 86' lang='lat' dir='ltr'><strong>voces</strong></span> <span class='ocrx_word' id='word_1_898' title='bbox 3345 5726 3469 5780; x_wconf 82' lang='lat' dir='ltr'><strong>has-</strong></span> 
     </span>
    </p>
   </div>
   <div class='ocr_carea' id='block_1_117' title="bbox 1882 5817 3471 5892">
    <p class='ocr_par' dir='ltr' id='par_1_117' title="bbox 1882 5817 3471 5892">
     <span class='ocr_line' id='line_1_118' title="bbox 1882 5817 3471 5892; baseline -0.003 -16"><span class='ocrx_word' id='word_1_899' title='bbox 1882 5835 1964 5882; x_wconf 88' lang='lat' dir='ltr'><strong>ce.</strong></span> <span class='ocrx_word' id='word_1_900' title='bbox 2005 5840 2023 5872; x_wconf 78' lang='grc' dir='ltr'><strong>ι</strong></span> <span class='ocrx_word' id='word_1_901' title='bbox 2058 5836 2390 5884; x_wconf 87' lang='lat' dir='ltr'><strong>nna,uuum,</strong></span> <span class='ocrx_word' id='word_1_902' title='bbox 2422 5830 2474 5875; x_wconf 90' lang='lat' dir='ltr'><strong>et</strong></span> <span class='ocrx_word' id='word_1_903' title='bbox 2500 5835 2596 5892; x_wconf 86' lang='lat' dir='ltr'><strong>per</strong></span> <span class='ocrx_word' id='word_1_904' title='bbox 2622 5817 2804 5874; x_wconf 88' lang='lat' dir='ltr'><strong>omnia</strong></span> <span class='ocrx_word' id='word_1_905' title='bbox 2837 5817 3020 5872; x_wconf 63' lang='lat' dir='ltr'><strong>simile</strong></span> <span class='ocrx_word' id='word_1_906' title='bbox 3059 5836 3077 5868; x_wconf 81' lang='grc' dir='ltr'><strong>ι</strong></span> <span class='ocrx_word' id='word_1_907' title='bbox 3111 5818 3471 5891; x_wconf 56' lang='lat' dir='ltr'><strong>pra-dicentes</strong></span> 
     </span>
    </p>
   </div>
   <div class='ocr_carea' id='block_1_118' title="bbox 1885 5910 3468 5986">
    <p class='ocr_par' dir='ltr' id='par_1_118' title="bbox 1885 5910 3468 5986">
     <span class='ocr_line' id='line_1_119' title="bbox 1885 5910 3468 5986; baseline 0.001 -17"><span class='ocrx_word' id='word_1_908' title='bbox 1885 5915 1949 5971; x_wconf 78' lang='lat' dir='ltr'><strong>de</strong></span> <span class='ocrx_word' id='word_1_909' title='bbox 1976 5916 2240 5978; x_wconf 68' lang='lat' dir='ltr'><strong>essentia,</strong></span> <span class='ocrx_word' id='word_1_910' title='bbox 2269 5930 2388 5984; x_wconf 63' lang='lat' dir='ltr'><strong>qutc</strong></span> <span class='ocrx_word' id='word_1_911' title='bbox 2421 5915 2598 5969; x_wconf 72' lang='lat' dir='ltr'><strong>hibus</strong></span> <span class='ocrx_word' id='word_1_912' title='bbox 2647 5913 2896 5986; x_wconf 66' lang='lat' dir='ltr'><strong>pvrsunis</strong></span> <span class='ocrx_word' id='word_1_913' title='bbox 2923 5922 3160 5971; x_wconf 72' lang='lat' dir='ltr'><strong>constet.</strong></span> <span class='ocrx_word' id='word_1_914' title='bbox 3209 5910 3275 5971; x_wconf 80' lang='lat' dir='ltr'><strong>Et</strong></span> <span class='ocrx_word' id='word_1_915' title='bbox 3337 5926 3468 5971; x_wconf 71' lang='lat' dir='ltr'><strong>vera</strong></span> 
     </span>
    </p>
   </div>
  </div>
