3846 6626
415 429 509 509 35]

1429 437 1642 500 JOAN.
1686 434 1903 498 VECCI
1945 435 2053 493 ΕΡ.
2101 434 2617 501 PATRIARCH/E

3570 432 3679 495 352

413 545 632 613 quidem
657 545 817 610 ratio,
841 556 1064 617 propter
1084 562 1249 619 quam
1283 549 1443 605 trium
1472 562 1851 620 personarum.
1881 545 1996 602 sive

2114 545 2268 609 ἑάλω,
2299 545 2368 599 δι’
2401 548 2466 614 ἢν
2494 551 2589 602 καὶ
2610 550 2661 602 οί
2686 549 2745 602 ὲν
2769 549 2978 622 Νικαίᾳ
3007 547 3249 620 Πατέρες
3279 545 3673 618 ἠθροίσθησαν,

410 635 576 689 trium
602 635 965 707 hypostaseon
987 637 1221 695 essentia
1257 641 1457 695 dicitur
1476 656 1604 705 una,
1627 640 1738 693 haec
1759 650 1860 694 est.
1890 638 1994 691 Sed

410 727 647 797 Cyprius
679 728 732 781 in
762 745 984 785 causam
1013 741 1067 785 et
1098 738 1383 786 causatum
1409 731 1731 785 divisionem
1755 741 1808 784 et
1828 728 1987 784 ἁπασα

414 818 673 878 rentiam,
708 826 968 887 tanquam
1009 834 1173 873 unam
1203 835 1266 874 ex
1311 818 1631 873 diﬂ'erentiis
1679 835 1989 883 assumens,

413 918 632 979 propter
663 925 800 978 quas
841 925 947 963 una
971 912 1202 963 essentia
1229 910 1296 965 ab
1319 912 1419 964 alia
1445 910 1648 975 dill‘ert,
1677 927 1838 965 unam
1866 927 1990 966 esse

412 1003 575 1055 trium
597 1016 953 1068 personarum
981 1002 1272 1056 essentiam
1307 1003 1519 1063 deﬁnit,
1548 1003 1618 1057 ita
1655 1012 1714 1056 ιιι
1739 990 1912 1071 neque
1942 1005 1992 1057 in

409 1108 632 1146 mulsum
654 1102 707 1147 et
724 1103 1005 1146 cattsatum
1025 1093 1380 1148 diﬂ'erentiam
1399 1094 1667 1155 admittat,
1685 1111 1807 1164 qua:
1827 1096 1997 1148 mani-

412 1183 545 1238 festa
566 1186 813 1252 deceptio
828 1195 931 1239 est.
956 1184 1139 1255 Neque
1161 1186 1302 1240 enim
1331 1187 1381 1240 in
1402 1200 1623 1241 causam
1645 1197 1696 1240 et
1717 1196 1995 1241 rausatum

410 1276 713 1330 dillerentia
736 1278 989 1331 essentia!
1007 1277 1363 1332 diﬂ'erentiam
1389 1278 1612 1342 inducit,
1634 1278 1725 1334 sed
1745 1294 2001 1346 persona-

414 1383 559 1430 rum,
597 1369 901 1423 secundum
927 1370 1070 1438 quod
1103 1386 1265 1425 causa
1312 1380 1367 1425 ct
1396 1379 1676 1425 causatum
1717 1371 1996 1435 diii‘erunt,

412 1476 538 1514 cum
564 1476 741 1515 tamen
769 1478 930 1517 unam
950 1465 1304 1531 eamdemque
1330 1472 1579 1516 naturam
1604 1478 1673 1529 ,ac
1703 1463 1994 1518 essentiam

414 1564 767 1608 ronservent.
800 1553 954 1619 Quod
988 1556 1033 1608 si
1067 1555 1377 1608 testimonia
1424 1554 1551 1607 item
1590 1553 1995 1624 Scripturarum

415 1647 668 1711 re-tuiris.
695 1646 988 1717 Gregorius
1007 1644 1414 1717 Nysseensium,
1450 1661 1512 1700 ac
1531 1646 1700 1701 totius
1726 1655 1995 1701 terrarum

414 1735 800 1807 orbisllumen,
832 1737 886 1790 in
937 1737 1215 1791 tradendis
1244 1735 1595 1805 dogmatibus
1644 1737 2001 1808 praeclarissi-

419 1844 578 1891 nms,
637 1829 1124 1884 consubstantialis
1169 1828 1593 1896 coniunctiones
1645 1828 1997 1897 expresserit,

425 1936 547 1988 «μιίὲ
573 1921 839 1974 divisione
870 1921 925 1975 in
949 1936 1171 1976 causam
1199 1929 1253 1976 et
1301 1929 1586 1974 causatum
1626 1919 1777 1975 nullo
1838 1920 2002 1974 modo

421 2014 710 2076 liniuntur,
740 2029 863 2068 cum
894 2013 1063 2070 dicit:
1100 2013 1183 2067 «In
1217 2013 1416 2083 quibus
1443 2027 1539 2083 per
1566 2011 1752 2067 omnia
1786 2020 1999 2066 naturae

419 2105 601 2159 simile
649 2108 991 2169 confitentes,
1020 2105 1402 2170 differentiam,
1430 2120 1552 2176 qum
1580 2112 1662 2159 est
1701 2103 1996 2159 secundum

419 2211 639 2267 causam
670 2206 725 2250 ct
758 2206 1064 2261 causatum,
1085 2213 1192 2251 non
1218 2196 1546 2252 inllciamur.
1586 2214 1605 2247 ι

2099 633 2165 702 ἣν
2209 637 2302 688 καὶ
2352 637 2711 708 ἀναιροῦντες
2757 638 2961 711 πολλὴν
2992 637 3326 704 ἐνεδείξαντο
3354 636 3454 707 τὴν
3508 652 3676 689 σπου-

2099 727 2219 796 δὴν,
2259 731 2357 791 τὰς
2390 731 2574 796 φωνὰς
2602 729 2830 797 ταύτας,
2861 731 2923 784 τὸ
2950 731 3081 800 μία,
3114 728 3178 784 τὸ
3205 728 3298 791 ἓν,
3323 727 3384 782 τὸ
3404 725 3677 795 ἀπαράλ-

2098 821 2332 871 λακτον
2379 819 2479 890 τῆς
2538 822 2977 890 τρ.συποστάτου
3036 823 3423 893 κατηγορῆσαι
3461 820 3675 881 οὐσίας.

2112 909 2171 961 'U
2206 910 2306 979 μὲν
2337 908 2402 980 δὴ
2431 910 2638 983 ἀληθὴς
2664 912 2822 977 λόγος
2853 914 2979 966 καθ’
3027 912 3087 966 ὃν
3135 914 3234 983 μία
3274 914 3308 982 ἡ
3351 911 3465 965 τῶν
3512 910 3682 980 τριῶν

2099 1002 2406 1069 προσώπων
2430 1005 2866 1074 τρισυπόστατος
2901 1005 3232 1075 θεολογείται
3261 1005 3442 1059 οὐσία.
3504 996 3674 1067 Οὗτος

2098 1092 2348 1164 Κύπριος
2389 1095 2468 1160 δὲ,
2524 1096 2623 1167 τὴν
2682 1098 2764 1161 είς
2818 1097 2994 1151 αἴτιον
3029 1099 3122 1152 καὶ
3165 1097 3415 1151 αἱτιατδν
3470 1095 3676 1164 διαίρε-

2102 1203 2188 1237 σιν
2247 1184 2427 1238 αὐτῶν
2483 1186 2580 1241 καλ⁵
2630 1187 2896 1259 διαφορὰν
2936 1189 3017 1253 ὡς’
3057 1190 3189 1260 μίαν
3247 1189 3360 1243 τῶν
3398 1186 3679 1257 διαφορῶν

2101 1274 2494 1344 ἐκλαμϐάνων,
2526 1277 2651 1331 καθ’
2681 1279 2747 1344 ἃς
2773 1280 2928 1333 οὐσία
2963 1299 3047 1343 τις
3080 1281 3269 1342 οὐσίας
3298 1279 3448 1342 τινὸς
3491 1279 3683 1344 διαφέ-

2104 1382 2207 1437 ρει.
2238 1365 2385 1420 οὕτω
2414 1368 2544 1437 μίαν
2566 1367 2702 1424 εἶναι
2727 1374 2824 1442 τὴν
2845 1373 2954 1425 τῶν
2971 1373 3139 1443 τριῶν
3157 1370 3468 1441 προσώπων
3493 1369 3685 1422 οὐσίαν

2099 1460 2420 1531 διορίζεται,
2469 1464 2545 1529 ὼς
2603 1465 2739 1535 μηδὲ
2792 1466 2895 1535 τὴν
2942 1465 3022 1527 είς
3075 1464 3253 1518 αἴτιον
3298 1466 3392 1517 καὶ
3437 1462 3684 1517 αἰτιατὸν

2099 1551 2365 1621 διαίρεσιν
2392 1556 2767 1626 ἐπιδέχεσθαι,
2822 1558 2959 1628 ὅπερ
2999 1556 3285 1627 προφανής
3331 1557 3451 1608 ἐστι
3500 1571 3687 1625 παραυ

2099 1643 2376 1714 λογισμός.
2412 1647 2487 1699 Οὐ
2519 1646 2627 1716 γὰρ
2658 1650 2740 1711 είς
2769 1650 2943 1703 αίτιον
2965 1649 3058 1702 καὶ
3106 1648 3355 1711 αίτιατὺν
3414 1647 3687 1717 διαίρεσις

2104 1735 2296 1799 οὐσίας
2322 1738 2620 1808 διαφόρους
2651 1743 2815 1805 ποιεῖ,
2852 1740 2991 1794 ἀλλὰ
3039 1741 3356 1809 προσώπων
3387 1738 3683 1808 διαφορὰν,

2105 1827 2224 1879 κατ’
2259 1828 2393 1881 αὐτὸ
2422 1831 2521 1899 μὲν
2554 1830 2715 1885 τοῦτο
2738 1832 2799 1886 τὺ
2833 1832 3010 1885 αῐτιον
3068 1833 3165 1887 καὶ
3199 1829 3448 1886 αίτιατδν
3494 1831 3690 1898 διαφε-

2109 1918 2333 1989 ρόντων,
2380 1923 2689 1993 ὀμοουσίων
2727 1923 2787 1977 δὲ
2826 1923 3176 1995 τηρουμένων
3230 1924 3327 1977 καὶ
3399 1918 3687 1990 ὁμοφυῶν.

2108 2011 2171 2064 Ei
2206 2011 2263 2064 δὲ
2290 2013 2384 2066 καὶ
2413 2015 2720 2088 μαρτυρίας
2749 2016 2829 2069 δεῖ
2852 2016 2935 2069 σοί
2959 2035 3106 2080 τινος
3132 2017 3243 2070 ἀπὸ
3272 2015 3380 2069 τῶν
3422 2012 3689 2086 Γραφῶν,

2109 2106 2149 2158 Γ
2154 2108 2410 2178 ρηγὸριος
2445 2110 2472 2161 ὁ
2512 2110 2619 2163 τῶν
2653 2111 2973 2176 Νυσσαέων,
3013 2112 3111 2166 καὶ
3146 2112 3329 2180 πάσης
3362 2110 3462 2179 τῆς
3506 2109 3690 2163 οἰκου-

2110 2198 2277 2271 μένης
2305 2202 2531 2272 φωστὴρ
2559 2203 2788 2276 διαυγὴς
2818 2205 2915 2257 ἐπὶ
2950 2204 3209 2275 δόγμασι,
3240 2204 3343 2266 τὰς
3370 2200 3464 2255 τοῦ
3492 2200 3693 2270 δμοου-

420 2292 535 2357 σίου
566 2294 914 2363 παραστήσει
984 2293 1265 2364 συνάψεις,
1315 2294 1484 2365 μηδέν
1520 2311 1575 2347 τι
1645 2293 1796 2363 παρά
1826 2292 1927 2364 τὴν
1977 2293 2061 2357 εἰς
2098 2296 2280 2350 αἰτίαν
2314 2298 2408 2351 καὶ
2468 2299 2715 2353 αίτιατδν
2793 2297 3176 2369 βλαπτομένας
3216 2294 3505 2365 διαίρεσιν,
3541 2291 3606 2344 τὸ
3633 2292 3690 2343 ὲν

417 2379 500 2447 οἷς
560 2388 620 2439 τὸ
648 2386 1090 2455 ἀπαράλλακτον,
1127 2405 1146 2439 ι
1171 2385 1344 2454 λέγει,
1380 2405 1397 2437 ι
1432 2385 1827 2456 ὁμολογοῦντες
1860 2385 1961 2455 τῆς
1997 2383 2239 2454 φύσεως,
2264 2388 2360 2460 τὴν
2413 2391 2555 2445 κατά
2583 2392 2645 2444 τὸ
2676 2389 2855 2445 αἴτιον
2888 2389 2986 2445 καὶ
3015 2389 3264 2443 αἰτιατὸν
3290 2384 3559 2456 διαφορὰν
3587 2383 3691 2436 οὐκ

420 2477 587 2547 ἀρνού
597 2478 759 2548 μεθα.
796 2497 816 2529 ι

494 2568 580 2622 10.
614 2567 792 2622 liabes
827 2568 939 2637 jam
994 2569 1265 2625 rationem
1295 2570 1542 2627 absolute
1579 2570 1675 2626 tibi
1722 2571 2001 2637 traditam,
2058 2586 2066 2591 ·

425 2659 571 2711 unde
622 2660 703 2719 lit,
736 2670 794 2713 ut
823 2658 1058 2728 Cyprius
1100 2660 1400 2731 permultos
1443 2661 1493 2714 in
1528 2659 1773 2716 fraudem
1814 2661 1998 2731 depel-

424 2750 523 2815 lat,
548 2767 673 2804 cum
732 2760 1010 2819 paternam
1055 2753 1351 2808 essentiam
1398 2769 1563 2809 causa
1621 2755 1842 2823 spoliat.
1875 2754 1990 2822 Age

424 2857 725 2897 nuncvero
785 2853 841 2898 et
877 2843 1103 2913 reliquis
1160 2844 1404 2914 ejusdem
1450 2844 1716 2900 adversus
1756 2845 1995 2914 seipsum

422 2935 944 2991 contradictionibus
995 2937 1242 2990 animum
1302 2938 1541 2992 attende.
1586 2936 1638 2990 In
1677 2937 1785 2991 alia
1839 2936 2000 3006 primi

425 3027 559 3081 tnmi
597 3037 767 3094 parte,
802 3045 926 3082 cum
970 3029 1046 3083 illi
1077 3029 1254 3084 visum
1300 3029 1494 3085 fuisset
1529 3028 1823 3084 dictionem
1870 3043 2002 3098 pro-

425 3120 687 3175 tsessionis
721 3122 1033 3192 nescio'qua
1059 3123 1268 3178 ratione
1318 3122 1373 3177 in
1431 3137 1654 3177 sensum
1705 3137 1893 3178 rerum
1938 3137 2003 3177 ac

2207 2574 2258 2623 t'.
2301 2568 2486 2640 Ἔχεις
2516 2570 2606 2623 τὸν
2631 2569 2791 2640 λόγον
2824 2571 3052 2633 ἐντελῶς
3102 2570 3202 2641 ἤδη
3232 2569 3565 2622 ἀποδοθέντα
3600 2583 3686 2621 σοι

2107 2660 2309 2714 ὁπόθεν
2339 2661 2465 2725 τοὺς
2495 2663 2729 2726 πολλοὺς
2760 2661 3226 2735 παραλογίζεσθαι
3254 2661 3495 2731 Κυπρίῳ
3513 2677 3691 2731 προσ-

2107 2753 2343 2820 γίνεται,
2374 2754 2460 2822 ἐφ’
2491 2750 2574 2816 οἷς
2600 2754 2700 2825 τὴν
2736 2754 3011 2825 πατρικὴν
3043 2752 3235 2806 οὐσίαν
3265 2753 3589 2821 ἀφαιρεῖται
3630 2752 3691 2803 τὸ

2106 2846 2302 2898 αίτιον.
2340 2845 2513 2917 Δεῦρο
2542 2845 2605 2916 δὴ
2641 2842 2737 2901 οῦν
2769 2850 2865 2900 καὶ
2896 2846 3018 2910 ταῖς
3055 2846 3137 2898 ἔτι
3172 2844 3531 2915 λειπομέναις
3588 2844 3689 2896 αῦ-

2105 2933 2202 2988 τοῦ
2238 2937 2362 2989 καθ’
2397 2937 2596 2990 ἑαυτοῦ
2649 2936 3003 2990 ὲναντιὼσεσι
3050 2937 3310 3006 πρόσεχε.
3367 2934 3455 2987 Ἐν
3513 2934 3692 3009 ἑτέρω

2108 3025 2203 3080 οῦν
2231 3025 2327 3079 τοῦ
2370 3027 2590 3097 πρῶτον
2634 3030 2802 3100 τόμου
2844 3027 3011 3082 αὑτοῦ
3047 3027 3202 3099 μέρει
3230 3026 3390 3094 δόξαν
3442 3025 3545 3082 οὐκ
3591 3023 3691 3079 οἷδ’

2108 3119 2256 3180 ὅπως
2287 3118 2436 3187 αὐτῷ
2468 3117 2567 3190 τὴν
2621 3120 2723 3190 τῆς
2754 3118 3138 3190 ὲκπορεύσεως
3169 3117 3317 3184 λέξιν
3346 3118 3428 3181 είς
3473 3117 3692 3170 ἔννοιαν

427 3224 633 3268 rectum
678 3215 947 3284 accipere,
1003 3214 1091 3268 illa
1150 3215 1218 3269 de
1267 3215 1507 3270 dictione
1556 3214 1855 3281 discernit,
1887 3229 2006 3283 qua!

2114 3208 2440 3264 ὲκλασέσθαι
2484 3211 2585 3282 τὴν
2641 3211 2840 3280 ἀληθῆ,
2898 3212 3083 3265 ἐκεῖνα
3134 3209 3264 3277 περὶ
3326 3207 3426 3278 τῆς
3475 3207 3685 3273 λέξεως

427 3307 727 3375 propalam,
779 3315 834 3360 et
862 3321 1026 3376 quam
1064 3305 1513 3363 manifestissime
1567 3303 1791 3360 modum
1826 3305 1999 3375 ipsam

426 3399 758 3454 exsistetttiae
806 3414 949 3463 esse,
1005 3409 1061 3455 et
1112 3400 1497 3471 proprietatem
1545 3398 1808 3468 Spiritum
1860 3397 2004 3453 desi-

426 3506 681 3561 gnantem
736 3494 1115 3562 comprobant.
1164 3491 1367 3546 Scribit
1418 3489 1689 3561 siquidem
1746 3488 1800 3544 in
1871 3488 2004 3543 tomi

427 3585 699 3654 pt-ricopis
727 3585 928 3640 alicubi
954 3604 966 3639 :
1000 3602 1018 3635 ι
1048 3583 1207 3650 Quod
1238 3598 1369 3639 vero
1418 3597 1596 3653 neque
1653 3581 1780 3637 inde
1811 3595 2007 3652 proce-

425 3675 556 3733 dere
587 3676 766 3737 habet,
811 3692 986 3745 neque
1015 3675 1285 3745 generari,
1308 3690 1488 3746 neque
1514 3676 1678 3730 etiam
1704 3673 1917 3733 dicetur
1938 3688 2002 3727 ex

428 3763 589 3819 Patre
618 3767 996 3821 exsistentiam
1036 3767 1256 3832 habere,
1294 3780 1471 3836 neque
1506 3765 1721 3820 Patrem
1763 3765 1847 3818 sui
1886 3779 2007 3831 pos-

428 3855 631 3908 sidebit
684 3856 928 3910 naturale
960 3856 1284 3926 principium
1316 3866 1370 3912 et
1419 3870 1666 3919 causam,
1703 3869 1826 3909 cum
1884 3853 2010 3908 inde

435 3963 609 4016 neque
631 3959 938 4017 generetur,
971 3964 1146 4018 neque
1173 3949 1449 4018 procedat.
1477 3962 1598 4017 qua:
1619 3955 1748 4004 sunt
1776 3947 2010 4017 propria:

427 4055 500 4095 cx
526 4040 617 4093 illo
638 4040 967 4096 exsistcntim
988 4049 1148 4095 notze.
1182 4060 1200 4093 ι
1238 4038 1301 4093 Ει
1334 4040 1529 4108 paucis‘
1560 4039 1786 4092 annexis
1813 4054 1826 4091 :
1859 4055 1877 4086 ι
1916 4033 2010 4088 Vi-

435 4131 660 4185 deamus
714 4131 897 4199 itaque
950 4133 1195 4187 divinum
1255 4130 1542 4202 Cyrillum,
1575 4143 1869 4198 quamnam
1925 4128 2011 4182 ille

435 4227 642 4285 notam,
670 4222 810 4289 quod
833 4220 1000 4275 Filius
1029 4236 1093 4273 ex
1131 4221 1288 4273 Patre
1311 4220 1401 4284 sit,
1431 4219 1708 4290 assignet?
1739 4232 1843 4271 non
1878 4217 2011 4272 locis

433 4308 489 4365 in
544 4311 799 4364 omnibus
854 4311 1277 4381 generationem.
1318 4362 1330 4371 ,
1363 4308 1503 4376 Quid
1553 4323 1681 4363 vero
1740 4306 2013 4375 Spiritus?

434 4397 552 4452 Non
585 4400 787 4469 ubique
820 4398 1225 4470 processionem
1267 4408 1320 4452 et
1368 4398 1685 4467 procedere.
1725 4420 1743 4449 ι
1785 4395 1849 4450 Et
1897 4396 2012 4451 haec

434 4490 503 4544 de
520 4491 866 4560 processione
899 4491 1072 4560 primo
1103 4471 1249 4545 tom‘o
1279 4491 1494 4560 digerit,
1547 4489 1678 4559 quid
1733 4503 1895 4558 porro
1927 4502 2014 4543 se-

2111 3302 2367 3369 διέξεισιν
2403 3304 2439 3360 ἃ.
2472 3304 2787 3377 προφανῶς,
2839 3305 2935 3360 καὶ
2970 3306 3113 3361 πάνυ
3150 3319 3214 3374 γε
3246 3304 3523 3375 ἀριδήλως
3560 3304 3691 3373 τριε-

2112 3411 2215 3448 πον
2244 3394 2418 3466 αὐτὴν
2449 3395 2741 3466 ὑπάρξεως
2787 3397 2883 3450 καὶ
2936 3394 3441 3470 χαρακτηριστικδν
3490 3392 3694 3463 ἰδίωμα

2113 3487 2430 3556 παριστῶσι
2462 3487 2558 3541 τοῦ
2595 3486 2935 3558 Πνεῦματος.
2978 3488 3145 3555 Λέγει
3176 3487 3282 3559 γάρ
3314 3502 3418 3539 που
3451 3486 3563 3538 τῶν
3596 3487 3691 3562 τοῦ

2110 3580 2284 3650 τόμου
2312 3580 2627 3651 περικοπῶν
2651 3579 2852 3645 οὕτως’
2894 3600 2912 3633 ι
2947 3582 3013 3634 '0
3046 3580 3108 3634 δὲ
3143 3581 3267 3650 μήτ’
3288 3562 3693 3649 ἐκπορεύεσθαι

2115 3674 2325 3727 ἐκεῖθεν
2354 3672 2491 3740 ἔχοι,
2533 3673 2672 3743 μήτε
2721 3670 3040 3741 γεννᾶσθαι,
3072 3670 3185 3724 οὐδ’
3226 3670 3293 3725 ἂν
3341 3670 3441 3725 καὶ
3480 3670 3548 3723 ἐκ
3598 3668 3691 3722 τοῦ

2116 3763 2332 3834 Πατρδς
2385 3761 2600 3833 λέγοιτο
2650 3763 2797 3834 ἔχειν
2852 3763 2952 3835 τὴν
3001 3763 3261 3831 ὓπαρξιν.
3309 3761 3545 3840 οὐδέὲγε
3604 3760 3695 3814 τὸν

2115 3854 2339 3927 Πατέρα
2365 3856 2626 3926 πλουτείη
2659 3856 2900 3927 φυσικὴν
2926 3853 3102 3926 ἀρχὴν
3126 3856 3221 3908 καὶ
3251 3854 3456 3919 αἰτίαν,
3479 3854 3692 3907 ἐκεῖθεν

2120 3949 2194 4017 μὴ
2217 3947 2579 4017 γεννώμενον,
2607 3945 2734 4018 μηδ’
2756 3947 3196 4017 ἐκπορευόμενον
3226 3948 3296 4001 τὰ
3326 3947 3692 4018 γνωρίσματα

2115 4040 2215 4108 τῆς
2251 4038 2460 4091 ἐκεῖθεν
2491 4037 2780 4107 ὑπάρξεως
2816 4052 2831 4069 ’
2868 4056 2889 4090 ι
2932 4038 3030 4094 καὶ
3080 4041 3200 4107 μετ’
3228 4039 3391 4108 ὀλίγα
3433 4054 3449 4070 ⁸
3489 4058 3508 4091 ι
3551 4041 3690 4092 Οὐκ-

2116 4124 2210 4181 οῦν
2250 4126 2452 4196 ἴδωμεν
2499 4127 2595 4179 καλ⁵
2650 4124 2922 4195 Κύριλλον
2951 4126 3043 4181 τὸν
3075 4124 3219 4179 θεῖον
3245 4126 3400 4180 ποῖόν
3447 4143 3504 4180 τι
3552 4126 3694 4194 γνώ-

2122 4233 2293 4286 ρισμα
2321 4216 2416 4268 τοῦ
2452 4212 2596 4271 εἶναι
2635 4215 2726 4270 τὸν
2755 4216 2885 4270 Υίδν
2928 4216 2993 4271 ἐκ
3036 4215 3132 4271 τοῦ
3179 4216 3396 4288 Πατρδς
3451 4217 3689 4289 τίθησιν.

2118 4307 2196 4362 Οὐ
2221 4308 2499 4379 πάνταχοῦ
2539 4307 2637 4378 τὴν
2658 4308 2914 4379 γέννησιν
2940 4324 2957 4375 ;
2986 4308 3042 4362 τί
3090 4307 3149 4363 δὲ
3194 4308 3288 4362 τοῦ
3332 4309 3688 4378 Πνεῦματοςς

2120 4401 2194 4454 Οὐ
2245 4401 2524 4472 πανταχοῦ
2568 4404 2669 4474 τὴν
2717 4404 3071 4472 ἐκπόρευσιν,
3122 4402 3220 4456 καὶ
3276 4405 3339 4456 τὸ
3389 4404 3693 4474 ἐκπορεύεο

2121 4492 2283 4559 σθαι;
2324 4513 2343 4545 ι
2376 4493 2563 4547 Ταῦτα
2596 4494 2726 4565 περὶ
2753 4494 2852 4564 τῆς
2882 4491 3264 4563 ἐκπορεύσεως
3294 4494 3353 4545 ὲν
3382 4492 3462 4562 τῷ
3485 4492 3689 4563 πρώτῳ

430 4581 651 4636 ωηιιυῖ
681 4600 699 4633 ι
733 4580 881 4637 Licet
908 4581 1125 4649 enim,»
1159 4583 1255 4644 ait,
1279 4599 1298 4632 ι
1328 4589 1381 4635 et
1407 4597 1499 4651 per
1528 4581 1724 4634 Filium
1752 4578 2006 4648 Spiritum

2119 4582 2336 4649 διεξιὼν
2364 4581 2533 4636 αὑτοῦ
2566 4583 2739 4654 τόμῳ,
2768 4584 2826 4636 ὲν
2860 4581 2918 4636 δὲ
2959 4584 3037 4653 τῷ
3062 4582 3304 4652 δευτέρῳ
3338 4597 3353 4612 θ
3417 4600 3437 4633 ι
3476 4581 3540 4634 El
3586 4583 3692 4652 γὰρ

434 4675 732 4745 procedere
756 4684 1026 4738 sanctum,
1058 4689 1087 4727 a
1117 4674 1392 4728 nonnullis
1410 4674 1618 4728 sanctis
1654 4672 1860 4740 scripto
1896 4679 2016 4726 tra-

437 4766 610 4822 ditum
646 4767 740 4833 sit,
772 4767 940 4821 dictio
966 4767 1016 4821 in
1049 4766 1434 4835 sempiternam
1460 4764 1876 4826 exbihitionem,
1906 4776 2013 4817 non

439 4858 494 4913 in
527 4857 899 4913 exsistentiam
956 4858 1170 4927 proprie
1231 4858 1455 4912 denotat
1516 4854 1951 4924 processiouem.
1988 4871 2007 4903 ι

442 4946 612 5003 Plane
668 4951 752 5002 hic
799 4949 997 5003 similia
1059 4948 1332 5012 scribens,
1388 4948 1717 5016 homonyma
1776 4943 2018 4999 dictione

438 5042 765 5099 sententiam
807 5041 1045 5108 invertit,
1099 5051 1155 5097 et
1201 5058 1229 5094 a
1282 5040 1505 5111 proprio
1556 5053 1656 5094 suo
1706 5037 2016 5108 significatu

441 5136 688 5192 retrahit.
718 5134 785 5190 Et
827 5134 1058 5207 Cyprius
1123 5133 1345 5205 quidem
1392 5133 1527 5194 haec,
1563 5142 1619 5186 tu
1668 5147 1799 5185 vero
1848 5132 2019 5201 quid?

440 5228 580 5283 Num
611 5228 773 5282 etiam
798 5228 853 5282 in
885 5227 989 5283 hoc
1017 5226 1372 5294 semetipsum
1423 5222 1751 5292 redarguere
1785 5236 1813 5275 a
1850 5232 1899 5276 te
1920 5222 2018 5277 de-

443 5321 816 5389 prehenditur,
845 5319 940 5389 qui
969 5334 1113 5373 nunc
1135 5317 1513 5373 exsistentiam
1554 5325 1607 5370 et
1633 5315 2018 5386 proprietatem

444 5413 682 5483 Spiritus
739 5414 1082 5480 comprobat,
1147 5426 1294 5465 nunc
1342 5409 1606 5464 multifida
1672 5405 2019 5476 homonymia

444 5507 727 5578 deturpat;
763 5522 830 5560 an
850 5505 995 5560 aliud
1019 5503 1293 5574 quidpiam
1320 5503 1414 5558 tibi
1446 5499 1693 5556 videtur?
1725 5497 1842 5554 Non
1875 5499 2023 5555 aliud

447 5598 597 5652 dices
627 5597 746 5652 hate
775 5611 897 5651 esse
923 5595 1140 5665 opinor,
1171 5611 1332 5665 quam
1365 5611 1396 5649 a
1427 5594 1721 5662 semetipso
1770 5591 2022 5661 redargui

446 5689 727 5762 Cyprium,
748 5688 792 5745 si
822 5689 982 5742 modo
1005 5686 1168 5742 dictio
1181 5688 1365 5741 eadem
1389 5694 1442 5740 et
1469 5684 1640 5751 deiis,
1664 5698 1785 5754 quae
1805 5684 2023 5737 diversa

451 5795 574 5833 eum
610 5781 745 5843 sint,
769 5793 880 5832 uno
906 5776 1126 5832 nomine
1167 5777 1576 5847 exprimuntur,
1605 5783 1658 5829 et
1688 5775 1756 5829 de
1794 5774 1856 5828 iis
1898 5790 2019 5843 qtae

453 5870 834 5945 proprietatem
872 5881 1083 5936 notant,
1118 5870 1222 5925 diti
1258 5885 1494 5941 unquam
1530 5880 1727 5939 [νομιεῖ.

2122 4677 2215 4729 καὶ
2245 4677 2333 4731 διὰ
2356 4675 2453 4730 τοῦ
2491 4675 2645 4738 Υίοῦ,
2687 4694 2705 4727 ι
2743 4675 2900 4746 φησὶ,
2944 4694 2963 4727 ι
3000 4674 3152 4746 παρά
3203 4692 3317 4728 τισι
3359 4674 3472 4728 τῶν
3521 4675 3691 4741 ἁγίων

2119 4767 2523 4839 ἐκπορεύεσθαι
2549 4766 2610 4821 τὸ
2643 4767 2871 4837 Πνεῦμα
2899 4767 2962 4821 τὸ
2995 4767 3152 4836 ἅγιον
3176 4766 3421 4840 εἴρηται,
3467 4767 3568 4836 τὴν
3611 4765 3691 4818 είς

2119 4860 2293 4914 ἀΐδιον
2345 4858 2611 4928 ἔκφανσιν
2659 4860 2692 4928 ἡ
2754 4856 2900 4923 λέξις
2937 4857 3194 4922 ἐνταῦθα,
3247 4858 3310 4911 οὐ
3352 4857 3455 4928 τὴν
3500 4860 3587 4922 είς
3627 4858 3687 4910 τὸ

2121 4947 2262 5005 εἶναι
2289 4950 2551 5022 καθαρῶς
2593 4950 2881 5021 σημαίνειν
2935 4950 3189 5021 βούλεται
3224 4951 3478 5022 πρόοδον.
3516 4970 3535 5002 ι
3578 4952 3687 5005 Καὶ

2122 5040 2309 5109 σαφῶς
2343 5040 2565 5104 πάντως
2597 5043 2657 5094 ὲν
2688 5039 2768 5111 τῷ
2813 5039 2986 5094 ταῦτα
3030 5040 3216 5109 λέγειν
3264 5041 3365 5113 τὴν
3413 5041 3564 5106 λέξιν
3608 5044 3687 5102 είς

2120 5132 2438 5204 ὁμωνυμίαν
2471 5134 2811 5204 περιίστησι,
2861 5132 2957 5186 καὶ
3006 5133 3127 5202 τῆς,
3181 5135 3249 5207 ἢν
3302 5133 3523 5204 ἀληθῶς
3578 5135 3688 5204 ἔχει

2120 5224 2428 5293 δυνάμεως,
2460 5225 2667 5296 ταύτην
2700 5226 2991 5297 ἀφίστησι.
3027 5226 3141 5280 Καὶ
3164 5226 3195 5279 δ
3241 5225 3347 5295 μὲν
3377 5225 3572 5280 ταῦτα.
3617 5226 3687 5278 Σὺ

2120 5314 2179 5368 δὲ
2201 5315 2255 5369 τί
2277 5316 2419 5387 φῄς;
2451 5311 2602 5388 *Χρά
2634 5332 2717 5369 σοι
2745 5315 3031 5386 ἐλέγχεται
3058 5319 3161 5370 κάν
3197 5316 3409 5380 τούτοις
3456 5318 3688 5387 ἐλέγχων

2124 5407 2318 5460 ἑαυτὸν
2345 5401 2519 5473 οὗτος,
2554 5407 2630 5470 ὡς
2659 5407 2755 5462 νῦν
2786 5408 2886 5478 μὲν
2916 5408 2998 5471 εἰς
3035 5406 3271 5478 ὓπαρξιν
3306 5409 3403 5462 καὶ
3451 5408 3688 5478 ἰδιότητα

2124 5496 2219 5549 τοῦ
2251 5495 2572 5567 Πνεύματος
2605 5498 2915 5569 περιιστῶν
2949 5499 3050 5569 τὴν
3098 5499 3450 5571 ἐκπὸρευσιν,
3492 5497 3587 5551 νῦν
3632 5498 3687 5550 δὲ

2127 5589 2207 5652 εἰς
2234 5589 2332 5660 τὴν
2363 5589 2658 5659 πολυσχιδῆ
2707 5589 2914 5660 ταύτην
2971 5590 3204 5659 ἀπάγων
3247 5593 3603 5662 ὁμωνυμίινς
3653 5590 3685 5660 ἡ

2126 5696 2179 5735 τι
2207 5681 2393 5752 ἕτερόν
2424 5700 2506 5736 σοι
2544 5682 2722 5750 δοκεῖς
2755 5683 2926 5737 Οὐδὲν
2951 5684 3168 5756 ἕτερον,
3200 5681 3378 5755 οἶμαι,
3410 5689 3441 5758 ἢ
3475 5687 3686 5753 ἔλεγχον

2128 5772 2294 5827 αὐτοῦ
2333 5772 2456 5825 καθ’
2498 5771 2694 5825 ἑαυτοῦ
2757 5772 2932 5826 ταῦτα
2987 5775 3155 5844 ἐρεῖς,
3198 5776 3360 5849 εἴπερ
3397 5774 3542 5842 λέξις
3588 5775 3685 5826 οὐκ

2130 5865 2195 5918 ἄν
2223 5882 2349 5917 ποτε
2384 5866 2416 5933 ἠ
2444 5864 2578 5932 αὑτὴ
2612 5865 2705 5916 ἐπὶ
2733 5863 2842 5918 τῶν
2878 5864 3060 5918 αὐτῶν
3092 5865 3547 5937 καὶοὸμωνύμως,
3599 5865 3683 5917 οιαὶ

2134 5959 2211 6017 ei;
2248 5940 2535 6010 στιν-Μίαν
2565 5954 2827 6023 ἰδιότητος
2853 5955 3177 6025 ἐκληςτθείη.
