3870 6598
177 386 275 449 353

1305 380 1404 440 Al)
1441 378 2041 445 CONSTANTINUM
2083 383 2231 447 LIB.
2273 381 2328 444 Ι.

3335 379 3442 443 3ὃὶ

243 491 337 551 ια’.
375 496 476 549 Ἔν
507 492 595 549 ἔτι
624 491 883 566 προσθεὶς
914 491 1015 563 τῆς
1047 491 1160 545 τῶν
1209 492 1489 563 ῥηθέντων
1540 493 1744 563 ἐχόμε-

1930 495 2017 549 Η.
2051 493 2228 551 Unum
2277 501 2539 567 praaterea
2590 508 2715 550 eum
2763 494 3025 553 addidero
3073 511 3102 549 a
3173 495 3435 565 pra-dictis

176 607 260 643 NN
287 587 620 657 ὁμοιότητος
653 584 744 638 τὸν
791 582 953 652 λόγον
1008 581 1211 653 πόράτι
1253 580 1434 637 δώσω.
1493 582 1584 635 Ἐν
1614 584 1751 647 ιταίς

173 680 262 735 τοῦ
303 677 538 749 πρώτου
593 677 763 746 τόμον
816 664 985 729 πάλιν
1029 676 1361 745 περικοπαῖς
1396 675 1573 743 λέγων
1606 673 1754 728 οὕτω

173 769 610 841 διαπορητικῶς,
642 787 660 820 ι
689 766 815 831 Πῶς
836 765 905 821 ἂν
919 766 1010 838 εἴη
1030 767 1177 838 κατὰ
1198 767 1298 838 τὴν
1327 767 1519 822 οὐσίαν
1541 766 1750 838 Πατὴρ,

176 862 567 935 ῆπροσολτῢς,
600 861 633 933 ἢ
661 860 791 924 Υἱὸς
815 860 915 913 ’καὶ
947 857 1195 930 Πνεῦμα,
1240 859 1276 931 ἢ
1319 860 1495 913 αίτιον
1536 860 1632 913 καὶ
1665 861 1754 913 αί-

172 956 392 1021 τιατόν;
439 973 460 1006 ι
509 954 688 1017 Αὐτὸς
743 952 844 1023 μὲν
875 950 1127 1021 φαίνεται
1166 951 1267 1023 τὴν
1309 951 1610 1023 προσολεὺς
1662 952 1755 1005 ἐπὶ

171 1047 262 1101 τοῦ
295 1046 522 1116 Πατρὸς
552 1045 766 1116 φρονῶν
809 1043 983 1110 λέξιν,
1019 1043 1082 1098 o6
1118 1044 1281 1115 μόνον
1303 1044 1387 1097 ὅτι
1433 1044 1523 1098 τὸν
1579 1043 1754 1098 αἴτιον

172 1139 305 1209 αὕτη
340 1137 613 1207 σημαίνει
639 1137 737 1191 τοῦ
766 1136 1110 1209 Πνιύματος,
1132 1137 1249 1192 ἀλλ’
1276 1137 1361 1191 ὃτι
1385 1139 1483 1191 καὶ
1515 1139 1597 1201 είς
1620 1138 1755 1191 ὑπο-

175 1231 441 1300 στατικὴν
495 1228 973 1300 ἀποκεκλήρωται
1023 1230 1266 1300 ἰδιότητα
1312 1230 1391 1300 τῷ
1430 1229 1609 1301 Πατρί
1641 1244 1655 1259 ο
1689 1227 1754 1281 σὺ

173 1324 243 1388 δὲ,
271 1323 425 1386 ὅπως
452 1322 518 1374 ιν
547 1320 733 1386 ἄλλοις
755 1321 851 1375 καὶ
881 1323 1006 1376 κατ’
1059 1322 1380 1393 ἀμφοτέρας
1438 1320 1644 1384 ταύτας
1689 1319 1757 1374 ἂν

1855 585 2083 642 minime
2110 588 2411 651 diversum,
2450 588 2610 642 ﬁnem
2648 589 2886 643 orationi
2940 604 3160 658 penam.
3192 590 3247 643 In
3278 591 3437 657 primi

1855 680 1987 737 tomi
2019 694 2214 735 rursus
2235 679 2509 750 pericopis
2539 679 2699 734 veluti
2723 679 2980 735 hmsitans
3008 680 3200 737 scribit
3221 697 3266 734 ιι
3299 680 3437 746 an-
3483 721 3497 729 .

1855 773 2019 826 modo
2038 774 2141 827 erit
2162 774 2462 828 secundum
2480 773 2775 828 essentiam
2799 775 2982 835 Pater,
3000 783 3097 827 aut
3125 774 3436 842 productor,

1855 873 1951 919 aut
1985 863 2157 918 Filius
2190 875 2245 919 et
2304 864 2563 935 Spiritus,
2598 874 2692 918 aut
2741 879 2909 919 causa
2951 872 3007 918 et
3060 868 3436 919 causatuath

1856 955 2087 1011 Videtur
2120 956 2236 1025 ipse
2264 956 2610 1025 productoris
2643 971 2828 1009 vocem
2854 956 2920 1009 de
2951 957 3133 1020 Patre,
3174 970 3281 1010 non
3319 964 3437 1009 tan-

1856 1057 1970 1102 tum
2003 1048 2146 1118 quod
2176 1062 2401 1103 causam
2436 1045 2664 1101 denotat
2696 1046 2960 1118 Spiritus,
2988 1047 3263 1101 sedetiam
3287 1051 3444 1117 quas"

1855 1141 1949 1197 illa
1987 1141 2053 1196 ad
2083 1139 2499 1210 signiﬁcandam
2535 1138 2719 1197 Patris
2752 1141 3135 1211 proprietatem
3187 1141 3436 1212 hyposta-

1856 1233 2022 1289 ticam
2058 1233 2240 1304 posita
2269 1233 2360 1300 sit,
2389 1229 2777 1289 assumere.Tu
2811 1249 2993 1303 porro,
3017 1236 3292 1307 quomodo
3309 1236 3437 1291 inter

1856 1320 1963 1374 alia
1984 1323 2149 1376 etiam
2209 1325 2511 1379 secundum
2567 1323 2668 1378 ltos
2700 1322 2841 1379 duos
2889 1323 3250 1393 signiﬁcatus,
3306 1341 3447 1394 quos

174 1416 436 1483 ἀπονέμει
463 1414 752 1485 σημασίας
782 1416 852 1486 τῇ
881 1413 1030 1480 λέξει
1059 1413 1241 1485 ἑαυτῷ
1264 1412 1609 1467 ἐναντιοῦται
1658 1411 1756 1466 καὶ

1862 1411 2088 1467 dictioni
2128 1413 2393 1485 assignat,
2442 1414 2545 1469 sibi
2592 1414 2868 1470 contraria
2902 1414 3057 1481 dicit,
3135 1425 3191 1470 et
3256 1433 3444 1472 secum

174 1503 530 1574 διαμάχεται,
566 1504 784 1557 σκόπει.
828 1505 916 1559 Ἐν
943 1498 1055 1576 γὰρ
1083 1504 1243 1575 μέρει
1276 1503 1371 1559 τοῦ
1397 1503 1565 1575 τόμον
1588 1503 1756 1558 αὐτοῦ

1862 1514 2089 1575 pugnat,
2119 1506 2424 1562 considera.
2469 1506 2714 1574 Quodam
2745 1506 2892 1562 enim
2948 1509 2999 1562 in
3036 1508 3157 1565 loco
3182 1510 3266 1564 sui
3312 1512 3444 1567 torni

175 1593 307 1663 πρὸς
340 1592 476 1655 τοὺς
513 1593 612 1647 τὸν
657 1591 886 1664 Πατέρα
937 1593 1034 1648 τοῦ
1088 1591 1409 1665 Πνεύματος
1446 1594 1621 1647 αἴτιον
1669 1594 1757 1649 διὰ

1862 1598 2125 1653 adversus
2146 1613 2262 1660 eos,
2286 1600 2379 1668 qui
2401 1596 2616 1654 Patrem
2641 1596 2879 1669 Spiritus
2893 1614 3114 1653 causam
3136 1615 3231 1667 per
3253 1600 3451 1657 Pilum

86 1738 97 1749 ,
174 1682 263 1736 τοῦ
286 1681 423 1735 Υίοῠ
459 1681 755 1751 λέγοντας,
783 1684 875 1737 καὶ
909 1684 1075 1747 τοῦτο
1099 1685 1211 1742 ἀπὸ
1257 1685 1356 1757 τῆς
1404 1704 1422 1738 ι
1457 1684 1757 1756 προϐολεὺς

1862 1699 2154 1754 asserunt;
2180 1689 2398 1758 idquea
2430 1691 2575 1744 dicto
2619 1709 2638 1741 t
2674 1693 2971 1761 productor
3002 1706 3098 1761 per
3139 1689 3379 1747 Verbum
3422 1712 3444 1742 ι

177 1775 259 1830 διὰ
304 1775 494 1845 Λόγου
530 1795 551 1828 ι
625 1775 1054 1843 ἁποδεικνύντας
1100 1780 1345 1848 ρήσεως,
1404 1778 1498 1833 τὸν
1567 1781 1757 1849 ἀγῶνα

1862 1780 2276 1846 demonstrant,
2339 1790 2614 1836 certamen
2680 1784 2892 1846 iniens,
2935 1791 3223 1866 postquam
3276 1785 3452 1838 multa

178 1867 526 1939 ποιούμενος,
566 1870 711 1940 μετὰ
731 1870 802 1925 τὰ
836 1869 1011 1927 πολλὰ
1037 1869 1141 1941 τῆς
1181 1870 1317 1942 πρὸς
1341 1872 1541 1937 αὐτοὺς
1576 1873 1757 1944 ἀντιρε

1863 1872 2127 1928 adversus
2155 1889 2253 1930 eos
2313 1882 2718 1945 esaggerasset,
2769 1874 2967 1929 addit:
3012 1891 3032 1925 t
3069 1861 3149 1929 Ad
3216 1877 3454 1944 hujusce

179 1961 384 2030 ῥήσεως
422 1960 734 2016 καὶταῦτα
763 1961 961 2030 ἐπάγει
987 1976 1003 1993 ·
1043 1979 1063 2013 t
1099 1961 1290 2017 Πίστιν
1341 1962 1398 2015 δὲ
1454 1963 1551 2016 τοῦ
1598 1962 1757 2030 λόγου

1865 1981 1996 2021 vero
2066 1967 2340 2022 sermonis
2411 1968 2885 2025 conlirtnatimtem
2959 1969 3234 2037 arripiunt
3273 1968 3363 2022 div
3391 1972 3444 2021 ni

176 2051 363 2105 τούτου
396 2051 700 2123 κομίζουσι
726 2053 828 2126 τὴν
857 2054 951 2112 τοῦ
983 2053 1131 2109 Gelon
1160 2053 1526 2125 Δαμασκηνοῦ
1577 2055 1760 2126 ῥῆσιν,

178 2145 270 2215 τὴν
299 2144 384 2197 ὅτι
416 2145 734 2216 Προὸολεύς
763 2148 883 2199 ἐστι
907 2145 1003 2200 τοῦ
1044 2147 1442 2217 έκφαντορικοῦ
1500 2147 1762 2219 Πνεύμα-

177 2253 262 2301 τος
294 2237 322 2288 ὁ
352 2240 561 2310 Πατὴρ
587 2239 676 2292 διὰ
708 2238 804 2292 τοῦ
829 2238 962 2292 Υίοῦ
987 2255 1005 2272 ο
1037 2239 1162 2310 ἥτις
1207 2240 1304 2294 καὶ
1371 2241 1627 2310 οὐδαμῶς
1679 2242 1760 2305 είς

180 2329 359 2384 τοῦτον
391 2331 563 2403 φέρει
590 2333 686 2386 τὸν
717 2333 865 2389 νοῦν.
901 2333 1064 2386 Ἀλλὰ
1094 2334 1346 2404 βούλεται
1389 2335 1605 2406 τρανῶς
1657 2336 1759 2407 τὴν

176 2422 243 2475 δι’
286 2423 417 2477 Υἱοῦ
462 2424 539 2478 ιιι
596 2424 810 2495 Πατρδς
858 2425 955 2478 τοῦ
1007 2425 1328 2496 Πνεῦματος
1401 2428 1759 2497 παριστάνειν

182 2514 514 2583 φανέρωσιν.
564 2532 585 2567 ι
648 2514 836 2568 Ταῦτα
883 2516 943 2567 ὲν
979 2514 1058 2585 τῷ
1105 2514 1347 2586 δευτέρῳ
1383 2516 1552 2568 αὐτοῦ
1600 2515 1756 2586 τόμῳ

183 2605 453 2672 αὑτολεξεὶ
482 2605 637 2660 οὕτω
671 2605 925 2677 Κύπριος
950 2607 1150 2675 λέγων,
1187 2607 1291 2678 ὅρα
1315 2609 1366 2660 εί
1395 2610 1471 2680 μὴ
1501 2610 1599 2661 καὶ
1630 2607 1756 2664 κατ’

185 2700 526 2769 ἀμφοτέρας,
552 2699 619 2764 ἃς
653 2701 712 2753 ὲν
753 2700 834 2771 τῷ
868 2703 1072 2772 πρώτῳ
1116 2699 1271 2771 τόμῳ
1314 2703 1381 2770 τῇ
1420 2701 1760 2769 προϐολεὺς

184 2789 443 2861 ἀπονέμει
475 2790 630 2855 λέξει
655 2791 956 2860 σημασίας,
991 2791 1173 2860 ἑαυτῷ
1200 2794 1551 2860 διαμάχεται,
1588 2794 1638 2845 εί
1665 2792 1758 2847 τὸν

187 2880 274 2935 τοῦ
329 2881 657 2954 Πνεύματος
714 2872 891 2936 αἴτιον
943 2884 1080 2948 ἐκεῖ,
1139 2882 1216 2945 ὡς
1283 2887 1378 2936 καὶ
1409 2887 1477 2957 τῇ
1525 2884 1757 2955 ἀληθείᾳ

190 2975 349 3043 δοκεῖ,
382 2976 479 3029 τὸν
529 2975 799 3046 προϐολέα
829 2975 1141 3044 ἐκδέχεται,
1171 2974 1270 3046 τὴν
1305 2977 1371 3029 ἐκ
1404 2977 1618 3050 Πατρδς
1659 2978 1755 3032 τοῦ

192 3068 509 3138 Πνεὺματος
547 3068 866 3139 φανέρωσιν
898 3067 1098 3146 δηλοῦν
1122 3066 1220 3141 τὴν
1242 3069 1410 3140 λέξιν,
1459 3070 1601 3143 ὅπερ
1633 3070 1755 3143 οὐχὶ

190 3162 249 3230 τῇ
278 3160 521 3232 ἀληθείᾳ
570 3161 738 3226 δοκεῖ,
772 3158 1008 3215 ἐνταῦθα
1033 3160 1333 3230 νομοθετεῖ,
1383 3164 1463 3226 εἰς
1509 3162 1753 3215 ὑποστα-

1781 3208 1831 3273 (1

1866 2053 2185 2110 Damasceni
2217 2057 2423 2110 dictum
2452 2072 2465 2109 :
2491 2053 3021 2126 Productornentpe
3049 2066 3133 2112 est
3158 2058 3446 2113 revelantis

1865 2144 2097 2214 Spiritus
2123 2145 2283 2200 Pater
2313 2161 2410 2215 per
2437 2142 2663 2209 Filium,
2692 2146 2837 2216 quod
2865 2146 2932 2201 ad
2968 2162 3080 2200 rem
3122 2148 3258 2201 nihil
3292 2146 3446 2209 facit.

1861 2253 1986 2292 cum
2019 2237 2148 2292 velit
2171 2246 2359 2305 aperte
2385 2241 2697 2303 ostendere,
2747 2238 3014 2308 Spiritum
3057 2256 3122 2294 ex
3155 2242 3319 2295 Patre
3350 2258 3445 2313 per

1859 2329 2057 2385 Filium
2106 2331 2472 2385 mattil‘estari.
2517 2349 2537 2383 ι
2604 2329 2731 2386 Haec
2787 2334 3030 2386 secundo
3077 2336 3443 2390 tOmOiisdcttt

1859 2423 2042 2477 verbis
2072 2438 2415 2493 prosequens
2464 2420 2721 2493 Cyprius,
2777 2424 3084 2487 considera,
3121 2440 3301 2479 attnon
3358 2441 3446 2487 se-

1859 2516 2100 2570 cundum
2138 2516 2351 2579 ambas,
2387 2530 2526 2584 quas
2548 2515 2728 2583 primo
2766 2522 2913 2569 torno
2942 2516 3058 2569 voci
3111 2518 3443 2586 producloris

1859 2607 2293 2676 signiﬁcationes
2338 2606 2608 2668 attribuit,
2644 2621 2834 2661 secum
2894 2607 3012 2677 ipse
3085 2623 3313 2678 pugnet.
3367 2612 3441 2663 Ibi
3514 2598 3521 2601 ’

1858 2703 2240 2773 productorem
2289 2703 2357 2757 ad
2409 2703 2709 2758 notandum
2768 2698 2992 2757 cauéam
3048 2705 3314 2775 Spiritus,
3367 2710 3443 2760 uti

1860 2796 2060 2850 veritas
2092 2808 2319 2865 poscere
2349 2794 2584 2859 videtur,
2608 2795 2832 2865 accipit,
2867 2805 2922 2850 et
2946 2797 3304 2852 nihilominus
3338 2800 3426 2853 hic

1855 2903 1923 2943 ex
1951 2886 2112 2942 Patre
2147 2884 2384 2956 Spiritus
2413 2885 2912 2942 manifestationem
2946 2904 3133 2943 vocem
3165 2891 3433 2953 indicare,

1857 2980 2004 3052 quod
2036 2981 2275 3034 alienum
2307 2994 2338 3032 a
2363 2994 2490 3033 vero
2521 2988 2625 3044 est,
2658 2979 2710 3032 itt
2753 2979 3154 3050 ltypostaticam
3190 2997 3438 3052 preprte-

1858 3082 2026 3139 tatem
2051 3073 2314 3129 asseruit.
2360 3071 2462 3135 lbi,
2497 3071 2646 3140 quod
2682 3087 2781 3126 nec
2816 3073 2990 3142 ipsum
3023 3089 3147 3128 cum
3196 3077 3430 3131 veritate

1858 3178 2147 3232 consonat,
2178 3166 2324 3221 Patri
2369 3166 2472 3221 soli
2509 3179 2696 3220 vocem
2743 3166 2983 3220 vindicat
3016 3183 3029 3218 :
3056 3167 3445 3236 producturum

192 3251 336 3322 τικὴν
367 3252 639 3323 ἰδιότητα.
684 3252 838 3306 Ἐκεῖ
886 3251 1024 3322 ὅπερ
1069 3253 1182 3305 οὐδ’
1230 3254 1363 3306 αὐτὸ
1405 3258 1472 3329 τῇ
1525 3253 1757 3326 ἀληθείᾳ

1868 3262 1958 3319 ltlc
2013 3259 2251 3333 Spiritus
2285 3275 2379 3330 per
2409 3257 2645 3312 Verbum
2694 3256 2912 3312 Patrem
2963 3272 3086 3314 esse
3130 3269 3442 3329 acceptans,

192 3342 324 3396 δοκεῖ
350 3344 449 3411 τὴν
468 3344 628 3408 λέξιν
651 3343 960 3415 ἀποκληροῖ
978 3343 1057 3415 τῷ
1083 3345 1256 3416 ιΙατρί
1291 3361 1306 3375 ·
1344 3348 1619 3415 προὸολέα
1665 3349 1756 3400 ὲν-

195 3432 352 3490 ταῦθα
382 3434 484 3489 τοῦ
525 3436 845 3508 Πνεύματος
903 3436 993 3491 διὰ
1037 3436 1133 3490 τοῦ
1166 3438 1344 3506 Λόγου
1387 3439 1479 3493 τὸν
1537 3442 1761 3510 Πατέρα

195 3524 321 3582 εἶναι
339 3529 641 3602 δεχόμενος
668 3529 1004 3601 σημαντικὸν
1033 3533 1132 3600 τῆς
1166 3534 1369 3602 ἀμφοῖν
1403 3533 1498 3585 ἐπὶ
1525 3537 1592 3603 τῇ
1622 3549 1759 3601 προ-

196 3622 315 3695 ϐολῇ
342 3623 659 3688 κοινωνίας,
698 3623 727 3677 ὃ
760 3621 855 3676 καὶ
889 3622 1020 3676 αὐτὸ
1055 3627 1122 3694 τῇ
1159 3622 1409 3695 ἀληθείᾳ
1433 3622 1604 3690 δοκεῖ,
1659 3624 1762 3694 την

196 3713 341 3786 ῥῆσιν
369 3711 520 3770 εἶναι
550 3716 829 3786 έπικυροῖ.
860 3714 927 3768 Τί
952 3714 1045 3769 οὖν
1070 3716 1164 3768 επὶ
1198 3718 1332 3770 πᾶσι
1366 3716 1582 3777 τούτοις
1611 3718 1761 3770 δοκεῖ

197 3821 272 3857 σοι
298 3804 769 3877 διαπραττόμενος
800 3798 1047 3877 Κύπριος
1070 3822 1085 3873 ;
1108 3806 1213 3871 Τί;
1246 3806 1469 3871 Πάντως
1496 3808 1630 3862 ἄλλο
1660 3810 1756 3861 o6-

194 3895 315 3967 δὲνῆ
341 3898 540 3952 ἑαυτὸν
564 3896 746 3967 ἐαυτῷ
765 3897 1087 3966 ἀποφαίνων
1098 3900 1349 3954 ὲναντιού
1359 3916 1543 3970 μενον.
1569 3901 1681 3973 Τὴν
1700 3899 1759 3955 δέ

197 4004 253 4056 γε
284 3991 545 4060 τοιαύτην
569 3988 918 4060 ἐναντιότητα
948 3989 1003 4043 εί
1022 4008 1105 4053 τις
1142 3988 1395 4061 δίστομον
1427 3992 1759 4047 ἁποκαλέσει

206 4081 470 4153 μάχαιραν
502 4082 637 4151 παρ’
663 4080 828 4135 αὐτοῦ
861 4080 1107 4156 Κυπρίου
1135 4083 1482 4141 καθ’,ὲαυτοῠ
1506 4084 1582 4155 τῷ
1610 4087 1761 4139 ἀντι-

197 4173 318 4243 δίκῳ
346 4174 802 4245 ἔγχειριζομένην
831 4173 1020 4238 αὐτοῦ,
1040 4174 1139 4244 τῆς
1163 4175 1425 4245 ἀληθείας
1445 4177 1758 4247 ἁμαρτήσει

197 4264 353 4319 οὐδέν.
382 4265 494 4319 A60
520 4266 630 4334 γὰρ
672 4264 957 4334 σημασιῶν
983 4264 1191 4327 ἑννοίας
1223 4265 1499 4327 ίσοπόσοις
1534 4270 1755 4323 ἐννοιῶν

198 4354 510 4429 ἀνατρέπων
533 4355 892 4424 ἑναντιότησι,
922 4355 1103 4425 δίστορ
1118 4374 1178 4409 ον
1199 4356 1275 4418 ὡς
1307 4358 1524 4427 ἀληθῶς
1557 4362 1759 4430 μάχαι·

200 4464 311 4517 ραν,
340 4449 470 4504 καθ’
498 4447 697 4503 ἑαυτοῦ
725 4446 1082 4518 χαλκουργεί.
1118 4449 1230 4502 Καὶ
1266 4451 1467 4525 σκόπει
1497 4451 1562 4525 δὴ
1593 4454 1757 4508 πάνιν

1867 3353 2153 3422 utriusque
2193 3352 2246 3405 iit
2285 3348 2643 3420 productione
2692 3349 3154 3414 communionem,
3196 3352 3341 3420 quod
3374 3353 3443 3405 ad

1867 3459 2053 3498 verum
2084 3458 2247 3513 quam
2278 3441 2525 3510 proxime
2548 3441 2776 3504 accedit,
2812 3440 3107 3495 dictionem
3135 3442 3443 3510 signiﬁcare

1866 3533 2211 3588 determinat.
2244 3532 2386 3597 Quid
2427 3532 2589 3600 igitur
2616 3531 2672 3583 in
2705 3530 2791 3584 his
2811 3531 3069 3585 omnibus
3100 3531 3314 3586 videtur
3345 3534 3441 3588 tibi

1866 3623 2452 3697 cypriustperagere?
2516 3620 2691 3687 Quid?
2746 3619 2830 3675 Nil
2896 3622 3042 3675 aliud
3113 3637 3276 3692 quam
3338 3626 3441 3679 sibi

1865 3714 2143 3784 sentetipsi
2175 3713 2452 3767 contraria
2483 3712 2737 3777 blaterat,
2775 3723 2829 3767 et
2853 3712 3087 3767 similem
3122 3716 3438 3770 contrarie-

1867 3815 2030 3861 tatem
2058 3807 2103 3861 si
2130 3807 2255 3876 quis
2275 3804 2514 3875 gladium
2538 3804 2815 3873 bicipitem
2843 3803 2913 3857 ab
2948 3804 3065 3872 ipso
3098 3806 3299 3876 Cyprio
3325 3809 3441 3862 suis

1864 3901 2193 3955 adversariis
2226 3906 2415 3954 contra
2460 3911 2520 3951 se
2575 3904 2888 3965 porrectum
2918 3900 3332 3965 nuncupaverit,
3376 3914 3440 3953 ne

1867 3989 1956 4045 ille
1977 4009 2004 4045 υ
2036 4005 2164 4045 vero
2188 4004 2296 4042 non
2328 3986 2683 4042 aberraverit.
2708 3984 2948 4040 Duarum
2971 3985 3242 4054 siquidem
3275 3988 3433 4056 signi-

1847 4084 2179 4137 ﬁcationum
2215 4080 2535 4142 sententias,
2564 4078 2865 4147 aequalibus
2893 4080 3287 4132 sententiarum
3312 4095 3441 4132 con-

1868 4174 2243 4229 trarietatibus
2286 4182 2571 4231 evertens,
2607 4170 2881 4238 bicipitem
2933 4183 3098 4237 quam
3150 4171 3441 4224 verissime

1866 4267 2102 4337 gladium
2136 4266 2398 4319 adversus
2425 4278 2486 4318 se
2515 4262 2839 4318 fabricatur.
2860 4260 2927 4315 Et
2951 4278 3143 4316 rursus
3172 4268 3441 4318 altendito

1866 4377 1935 4413 an
1965 4374 2090 4412 num
2119 4358 2171 4411 in
2203 4358 2395 4410 iisdem
2421 4355 2687 4408 dictiones
2707 4368 2838 4408 suas
2854 4369 2948 4422 per
2966 4355 3440 4423 seipsedcstruat?

1866 4450 2109 4519 Namque
2139 4455 2262 4501 Cum
2311 4445 2379 4500 iis
2435 4445 2742 4507 decertans,
2778 4446 2870 4512 qui
2929 4444 3141 4497 Patrem
3196 4443 3438 4514 Spiritus

200 4537 567 4606 κάνταῦθα,εί
612 4539 771 4612 μὴδι’
790 4540 1041 4611 ἀλλήλων
1085 4542 1275 4612 ῥήσεις
1319 4545 1615 4614 ἀνατρέπει
1664 4548 1757 4610 τὰς

1868 4556 2087 4596 causam
2131 4553 2224 4608 per
2283 4535 2481 4590 Filium
2533 4550 2600 4589 ex
2656 4534 3001 4604 productoris
3080 4550 3178 4605 per
3238 4534 3436 4595 Filium

200 4633 403 4688 ἑαυτοῦ.
456 4633 584 4696 Τοῖς
632 4631 742 4702 γὰρ
794 4633 886 4685 τὸν
935 4632 1158 4703 Πατέρα
1208 4636 1383 4688 αἴτιον
1434 4636 1530 4689 τοῦ
1582 4639 1755 4692 [Iw-:6-

202 4741 352 4792 ματος
377 4725 471 4778 διὰ
495 4722 629 4778 Υἱοῦ
665 4722 774 4777 ἀπὸ
805 4723 909 4794 τῆς
948 4723 1256 4795 προσολεὺς
1292 4726 1382 4780 διὰ
1421 4726 1581 4805 λόγου
1624 4731 1760 4786 ἀπο-

202 4815 427 4871 δείκνυσι
514 4819 729 4890 ρήσεως
788 4817 1225 4888 διαμαχόμενος,
1312 4823 1586 4891 προτείνει
1658 4823 1758 4895 μὲν

200 4910 266 4975 ὡς
293 4912 367 4976 είς
397 4909 714 4982 ἀνασκευὴν
755 4910 942 4979 δῆθεν,
979 4913 1045 4981 ἣν
1092 4912 1258 4975 αὐτὸς
1309 4913 1468 4976 ἀξίαν
1528 4916 1757 4980 σκότους

206 5003 410 5055 πλάττει
462 5000 803 5073 φανέρωσιν,
868 5001 1076 5070 ταύτην
1132 5002 1235 5055 ὑπὸ
1313 5004 1412 5073 τῆς
1455 5006 1759 5076 προόολεὺς

206 5094 554 5163 σημαίνεσθαι
618 5093 821 5161 λέξεως
897 5093 1341 5163 διατεινόμενο;,
1405 5097 1541 5166 παρ’
1616 5098 1757 5150 αὑτὰ

206 5183 257 5237 δὲ
306 5187 364 5240 τὸ
418 5188 597 5257 στόμα
659 5184 1053 5257 ὲμφράγνυται
1109 5187 1210 5255 τὴν
1271 5186 1440 5240 αὑτοῦ
1490 5191 1757 5259 ἀντιπρο-

207 5280 476 5335 τιινόντων
508 5277 808 5349 ὁμολογίαν
840 5278 1047 5344 αὐτῶν,
1080 5280 1202 5332 καθ’
1226 5281 1292 5350 ἣν
1317 5282 1418 5350 τὴν
1458 5281 1759 5354 προδολεὺς

210 5371 352 5436 αὐτὸς
377 5371 521 5439 λέξιν
544 5372 626 5432 είς
655 5370 747 5424 τὸν
775 5368 870 5423 τοῦ
897 5369 1217 5441 Πνεῦματος
1245 5370 1422 5427 αίτιον
1448 5374 1757 5441 ἑξελὰϐετο,

212 5460 309 5521 τοῖς
332 5460 513 5524 αὐτοῖς
543 5459 710 5512 πάλιν
742 5458 851 5513 ἀπὸ
883 5460 983 5531 τῆς
1014 5461 1187 5530 αὐτῆς
1214 5463 1425 5532 ῥήσεως
1477 5464 1576 5535 την
1625 5464 1757 5520 Υἱοῦ

214 5550 299 5601 καὶ
325 5553 530 5624 Πατρδς
562 5553 657 5606 ἐπὶ
690 5556 756 5624 τῇ
787 5553 941 5625 αἰτίᾳ
970 5555 1065 5606 τοῦ
1093 5556 1412 5627 Πνεύματος
1437 5558 1759 5613 ἀποδείκνυ-

213 5653 286 5693 σιν
326 5644 678 5715 ἐναντιότητα
728 5645 1163 5716 ὲναντιούμενος,
1212 5650 1485 5715 προτείνει
1535 5651 1637 5721 μὲν
1682 5651 1759 5716 ῶς

213 5731 502 5808 ἁνασκευὴν
556 5736 740 5804 δῆθεν,
774 5738 841 5809 ἢν
866 5737 1028 5802 αὐτὸς
1071 5738 1348 5792 ἐπλάσατο
1386 5742 1757 5813 ὑποστατικῆς

222 5828 473 5893 σημασίαν
502 5828 791 5899 ἰδιότητος,
824 5830 960 5882 ὅπου
998 5832 1091 5901 τὴν
1122 5832 1395 5904 πατρικὴν
1422 5831 1616 5887 οὐσίαν
1656 5833 1756 5902 τὴν

1865 4634 2104 4689 dictione
2131 4637 2543 4689 demonstrant,
2578 4629 2837 4699 proponit
2884 4628 3099 4696 quidem
3132 4632 3288 4698 quasi
3355 4647 3441 4685 re-

1867 4725 2082 4790 fellens,
2109 4736 2296 4792 quam,
2327 4722 2544 4792 dignam
2576 4735 2696 4790 qua:
2723 4720 2959 4774 tenebris
3004 4721 3288 4785 obruatur,
3320 4739 3437 4778 ma-

1866 4819 2268 4872 nil'estationetn
2285 4811 2738 4873 comminiscitur,
2756 4812 2885 4865 dunt
2903 4812 3047 4865 illam
3069 4812 3294 4868 indicari
3316 4831 3437 4885 pro-

1867 4908 2115 4963 ductoris
2144 4922 2280 4960 voce
2315 4904 2616 4958 contendit.
2642 4900 2842 4958 Verum
2891 4905 3073 4958 statim
3120 4919 3183 4958 os
3212 4896 3304 4959 illi
3338 4911 3437 4961 ob-

1866 5010 2126 5064 struatur,
2149 4997 2193 5053 si
2220 4997 2619 5052 confessionem
2658 4997 2727 5049 ab
2779 4997 2898 5064 ipso
2948 4993 3143 5050 factam
3178 5014 3435 5069 reponas,

1866 5110 1973 5162 qua
2003 5089 2348 5161 productoris
2392 5103 2578 5143 vocent
2624 5090 2691 5141 ad
2747 5086 2985 5156 Spiritus
3014 5105 3236 5143 causam
3265 5093 3439 5145 deno-

1868 5185 2085 5240 tandatn
2146 5181 2468 5250 assumpsit,
2514 5197 2579 5234 ex
2642 5180 2831 5234 iisdem
2887 5196 3077 5234 rursus
3136 5193 3191 5236 ct
3249 5185 3441 5239 eadem

1865 5279 2102 5333 dictione
2130 5274 2251 5327 Filii
2299 5283 2352 5328 et
2382 5273 2554 5327 l’atris
2587 5273 2638 5326 in
2674 5287 2842 5327 eausa
2875 5270 3114 5343 Spiritus
3143 5288 3333 5330 contra
3378 5292 3445 5331 se

1866 5372 2115 5444 opponit,
2145 5371 2592 5425 contrarietatem
2653 5368 2912 5438 ituportat
2944 5386 2959 5422 :
2988 5384 3110 5422 cum
3160 5372 3439 5439 proponit,

1866 5465 2023 5536 quasi
2054 5463 2344 5527 refelleret,
2375 5476 2538 5532 quam
2567 5466 2681 5530 ipse
2708 5471 3151 5516 cotnmentuscst
3184 5461 3436 5531 ltyposta.

1868 5560 1988 5613 lica:
2017 5553 2368 5626 proprietatis
2396 5551 2875 5622 signiﬁcatimretn,
2920 5561 2974 5605 et
3033 5562 3312 5621 paternam
3344 5568 3437 5607 es-

1866 5646 2097 5704 sentiam
2132 5643 2492 5715 productione
2514 5641 2757 5711 Spiritus
2801 5642 3019 5711 spoliat,
3052 5650 3107 5695 et
3154 5658 3272 5696 soza
3311 5654 3434 5697 tan-

1866 5754 2030 5812 quam
2057 5739 2242 5805 alicui,
2269 5753 2391 5807 qua:
2410 5736 2657 5791 essentia
2687 5735 3099 5794 destitueretur.
3132 5734 3308 5791 Patris
3340 5738 3435 5807 lty~

1867 5831 2072 5904 postasi
2109 5847 2228 5886 cam
2261 5827 2450 5905 tribuit
2511 5846 2523 5883 :
2588 5825 2779 5883 eodem
2822 5839 3099 5881 monicnto
3147 5845 3208 5885 0s
3263 5827 3440 5899 ipsius
