3846 6570
491 334 604 401 359

1535 333 1746 396 JOAN.
1789 334 2004 395 VECCI
2045 335 2154 397 ΕΡ.
2200 336 2707 397 PATRIARCILE
3617 347 3697 405 3G0

492 458 656 513 talem
688 453 1065 509 exsistentiam
1099 451 1432 524 signiﬁcare.
1481 449 1613 505 Nam
1647 451 1692 506 si
1725 451 1886 506 talem
1922 451 2072 505 exsi-

2198 452 2297 516 τῶς
2327 453 2355 505 ὁ
2382 455 2480 523 τῆς
2531 452 2817 519 ὑπάρξεως
2865 450 3068 522 τρόπος
3099 450 3197 518 οὐχ
3233 449 3486 519 ὓπαρξις;
3517 456 3621 510 Ὅτι
3659 463 3702 515 δξ

494 545 751 604 stentiam
811 543 1150 598 exsistentiae
1211 543 1406 599 modus
1466 551 1656 604 notat.
1695 558 1804 613 qua
1867 543 2079 597 ratione

495 636 833 696 exsistentia:
863 636 1057 689 modus
1081 649 1188 688 non
1224 633 1387 690 fuerit
1419 634 1782 690 exsistcntia?
1814 635 1926 689 Hoc
1950 651 2080 689 vero

497 729 603 785 sibi
628 728 767 783 velle
799 742 899 780 nec
934 726 1079 780 aliud
1109 726 1381 796 dogmatis
1412 728 1719 790 veritatem,
1740 727 1970 799 dicenda
1987 743 2081 797 per

497 835 679 894 partes
719 820 1079 876 considerans
1100 860 1116 884 ,
1168 819 1328 888 plane
1356 819 1670 888 dignosces.
1726 817 1971 889 Namque
1999 819 2081 872 di-

496 917 626 971 cito.
697 913 980 969 Faterisne
1016 927 1139 966 eum
1180 911 1319 965 dicis
1365 911 1628 981 Spiritum
1659 927 1724 966 ex
1763 912 1918 966 Patre
1955 929 2081 982 pro-

495 1007 711 1070 cedere,
749 1022 816 1061 ex
874 1005 1034 1060 Patre
1085 1004 1338 1058 eumdem
1401 1005 1782 1059 exsistentiam
1836 1005 2082 1059 habere?

501 1098 735 1166 Fateris,
787 1113 890 1154 nec
944 1097 1129 1162 fallor,
1179 1112 1365 1151 verum
1415 1111 1479 1151 ex
1537 1095 1698 1151 Patre
1753 1099 1855 1151 hoc
1917 1097 2079 1152 modo

497 1193 750 1248 indicans
805 1191 1046 1260 Spiritus
1085 1207 1179 1260 per
1217 1190 1629 1260 processionetn
1675 1190 2076 1252 cxsistenliam,

495 1287 686 1340 eodem
719 1292 996 1338 momento
1037 1292 1089 1337 et
1126 1282 1488 1336 dill'erentiam
1535 1297 1657 1336 esse
1698 1291 1948 1350 respectu
1987 1297 2081 1350 ge-

498 1375 803 1432 nerationis
854 1389 921 1429 ex
957 1375 1117 1429 Patre
1169 1372 1313 1436 Filii,
1345 1373 1438 1442 qui
1468 1387 1533 1426 ex
1591 1371 1751 1425 Patre
1782 1373 1916 1425 'cum
1960 1372 2080 1441 ipso

499 1481 720 1522 causam
751 1467 1021 1534 agnoscit,
1055 1464 1218 1518 simul
1250 1463 1437 1518 fateris
1463 1465 1486 1518 ?
1513 1463 1697 1533 Neque
1727 1466 1829 1519 huc
1869 1473 1921 1518 te
1953 1465 2046 1518 inli
2067 1491 2083 1506 ι

498 1558 612 1613 cias
642 1560 720 1614 ire
749 1559 1006 1613 suadeor.
1035 1556 1174 1623 Quid
1203 1572 1335 1626 ergo
1373 1571 1587 1619 rursus,
1623 1555 1739 1608 Filii
1771 1557 2081 1624 generatio-

500 1669 623 1707 nem
687 1650 950 1706 faterisne
990 1650 1136 1704 illius
1170 1649 1545 1704 exsistentiam
1595 1648 1877 1700 indit-are?
1933 1649 1997 1702 Et
2027 1647 2078 1701 in

500 1743 800 1813 perniciem
840 1757 904 1796 ac
933 1756 1126 1796 corvos
1158 1741 1484 1794 atnanzlabis
1527 1754 1673 1798 eum,
1718 1739 1811 1808 qui
1865 1737 1916 1790 id
1973 1752 2078 1791 non

2181 543 2343 596 τοῦτο
2392 543 2490 597 καὶ
2522 543 2651 598 ἄλλο
2683 543 2935 612 βούλεταί
2983 560 3036 596 τι
3066 543 3221 595 οὐδὲν
3263 541 3356 594 τοῦ
3405 543 3642 614 δόγματος
3671 555 3699 622 ,ἡ

2184 634 2444 705 ἀλήθεια,
2502 637 2570 689 τὰ
2627 635 2980 706 ῥηθησόμενα
3026 633 3170 688 κατὰ
3222 637 3385 704 μέρος
3439 639 3704 695 ἐπισκοπῶν

2185 730 2455 796 γνωριεῖς.
2521 728 2655 780 Εἰπὲ
2713 728 2859 798 γάρ·
2928 726 3242 796 Ὀμολογεῐς
3300 728 3364 778 ὲκ
3415 727 3608 797 Πατρὸς
3661 739 3708 788 τὸ

2187 819 2412 891 Πνεῦμα
2444 822 2616 888 λέγων
2657 821 3114 891 ἐκπορευόμενον,
3149 820 3216 872 ὲκ
3254 818 3464 887 Harpe;
3500 825 3614 875 αὑτό
3639 826 3707 879 λέ.

2183 932 2302 982 γειν
2336 915 2457 984 ἕχον
2492 915 2592 986 τὴν
2637 913 2910 985 ὕπαρξινς
2958 911 3296 982 Ὀμολογείς,
3352 908 3493 964 οἶδε’
3524 915 3620 984 Τὴν
3661 921 3710 972 ὲκ

2187 1005 2400 1076 [ἰατρὸς
2435 1006 2490 1058 δὲ
2535 1003 2678 1058 οὕτω
2719 1004 2898 1076 δηλῶν
2922 1003 3017 1057 τοῦ
3061 1005 3378 1074 Πνεύματος
3415 1003 3500 1055 διὰ
3531 1005 3615 1073 τῆς
3639 1012 3710 1060 ἐκ·

2184 1099 2499 1169 πορεύσεως
2526 1097 2784 1168 ὓπαρξιν,
2815 1096 2960 1150 κατὰ
2987 1096 3194 1150 ταυτὸν
3222 1096 3317 1148 καὶ
3345 1094 3590 1165 διαφορὰν
3614 1100 3715 1152 ταὺ-

2183 1208 2282 1261 την
2315 1185 2456 1242 εἶναι
2515 1191 2654 1258 πρὸς
2695 1190 2796 1260 τὴν
2841 1191 2906 1242 ἐκ
2955 1189 3168 1259 Πατρδς
3220 1187 3468 1256 γέννησιν
3511 1188 3594 1240 τοῦ
3641 1193 3715 1244 σὺν

2184 1282 2333 1352 αὐτῷ
2363 1282 2540 1336 αἰτίου
2583 1283 2678 1335 τοῦ
2724 1281 2856 1334 Υἱοῦ
2895 1280 3302 1351 συνομολογεῖς,
3339 1280 3432 1332 καὶ
3465 1280 3611 1334 τοῦτο
3647 1282 3718 1335 λέ.

2183 1393 2301 1444 γειν
2345 1391 2403 1427 σε
2438 1374 2764 1445 πέπεισμαι.
2804 1373 2870 1427 Τί
2898 1373 2953 1427 δὲ
2994 1373 3166 1444 αὐτὴν
3202 1369 3356 1435 αὖθις
3395 1371 3486 1424 τοῦ
3516 1373 3633 1426 Υἱοῦ
3651 1378 3717 1427 λέ-

2183 1484 2301 1536 γεις
2325 1465 2464 1520 εἶναι
2499 1467 2597 1538 τὴν
2621 1468 2876 1538 γέννησιν
2905 1465 3007 1536 τῆς
3037 1467 3329 1538 ὑπάρξεως
3369 1465 3547 1518 τούτου
3577 1466 3717 1530 δηλω-

2182 1558 2376 1628 τικήν;
2416 1557 2526 1610 Καὶ
2574 1559 2655 1620 είς
2686 1557 2930 1626 κόρακας
2961 1555 3267 1629 ἀποπέμψῃ
3319 1555 3531 1617 πάντως
3554 1557 3634 1610 τὸν
3662 1560 3720 1630 μὴ

2182 1649 2584 1722 ὁμολογοῦντα·
2632 1650 2729 1702 καὶ
2773 1649 3041 1718 διαφορὰν
3068 1649 3126 1702 δὲ
3161 1649 3236 1712 ὼς
3266 1649 3402 1720 πρὸς
3456 1648 3549 1716 τὴν
3587 1653 3724 1704 ἐκπό-

2186 1759 2374 1812 ρευσιν
2404 1743 2498 1795 xal
2519 1741 2752 1812 ὓπαρξιν
2775 1741 2983 1812 ταύτην
3011 1742 3188 1812 ὲρεῖςς
3222 1741 3334 1794 Καὶ
3363 1738 3502 1809 μέγα
3525 1740 3723 1810 ﬂauam.

499 1837 716 1892 asserit.
767 1835 833 1889 Et
888 1833 1250 1888 diﬂ‘erentiant
1309 1843 1557 1898 respectu
1618 1830 1990 1899 processionis
2035 1839 2088 1884 et

2198 1833 2449 1904 οίμὼζειν
2505 1831 2621 1887 οἶδα
2667 1833 2760 1890 τὸν
2789 1833 3224 1904 ἁπαρνούμενον.
3255 1833 3424 1900 Κάγὼ
3457 1836 3726 1904 περαιτέρω

499 1928 826 1984 εχείειρηιὶιε
859 1925 1003 1978 illam
1037 1940 1103 1978 ne
1137 1924 1332 1978 dices?
1371 1923 1432 1977 Et
1455 1923 1719 1977 clamabis
1744 1928 1911 1986 clare,
1943 1923 2085 1977 inl‘e-

498 2021 658 2074 licem
681 2035 801 2075 esse
825 2019 918 2089 qui
945 2018 996 2072 id
1025 2029 1305 2088 pernegat.
1336 2018 1402 2071 Et
1431 2033 1531 2086 ego
1567 2033 1678 2086 pne
1699 2018 1786 2071 his
1815 2015 2088 2074 confessis

505 2113 640 2168 nihil
676 2115 822 2182 _n|tra
863 2114 1086 2182 requiro
1119 2113 1183 2165 ad
1229 2114 1755 2166 demonsu'ationem
1801 2113 2088 2166 absolven-

499 2207 646 2260 dam.
672 2177 735 2259 Si
767 2220 830 2258 ex
867 2203 1023 2258 Patre
1056 2206 1338 2272 processio
1373 2204 1630 2268 indivise,
1657 2220 1779 2273 quae
1804 2215 1858 2258 ιιι
1889 2205 2088 2258 dividis

501 2301 734 2362 utraque
792 2291 978 2358 infert,
1045 2290 1398 2346 manifestum
1468 2301 1750 2355 remanet,
1817 2310 1922 2347 non
1981 2295 2090 2348 alio

502 2385 668 2438 modo
719 2399 777 2437 se
812 2384 1012 2438 habere
1045 2393 1099 2436 et
1124 2400 1244 2452 qua:
1285 2401 1379 2454 per
1415 2385 1611 2438 Filium
1637 2395 1742 2439 est.
1790 2385 2092 2440 Proeedere.

509 2477 655 2531 enim
691 2492 720 2530 a
749 2475 1004 2531 Patribus
1035 2492 1132 2547 per
1166 2477 1360 2531 Filium
1393 2478 1612 2542 dicitur,
1645 2478 1791 2546 quod
1839 2487 2088 2546 respectu

502 2569 874 2637 generationis
912 2568 1033 2622 Filii
1069 2568 1414 2624 diﬂereutem
1456 2585 1520 2622 cx
1567 2569 1725 2624 Patre
1765 2584 1861 2641 per
1892 2569 2090 2624 Filium

501 2662 875 2717 exsistentiaut
904 2663 1086 2720 habet.
1121 2662 1275 2730 Quod
1303 2665 1346 2716 si
1383 2664 1495 2717 haec.
1521 2678 1742 2733 quoque
1776 2673 1833 2718 tu
1870 2665 2089 2734 probas,

504 2769 604 2821 age
638 2770 741 2808 una
785 2756 1102 2820 nobiscum,
1150 2766 1206 2809 et
1261 2757 1314 2809 in
1347 2772 1511 2810 causa
1556 2755 1792 2826 Spiritus
1827 2759 2090 2811 unitatem

506 2847 683 2901 Patris
714 2856 769 2900 et
803 2846 924 2900 Filii
961 2848 1246 2902 conlitere.
1285 2846 1400 2904 Hoc
1432 2864 1670 2915 namque
1697 2849 1989 2905 videbatur
2040 2859 2094 2905 et

505 2939 626 3006 tibi,
677 2940 722 2995 si
755 2938 944 2995 Patres
985 2940 1360 2996 exsistentiam
1403 2942 1851 3011 pronuntiassent
1880 2957 1974 3012 per
2007 2941 2096 2996 Fi-

509 3032 665 3098 lium,
701 3046 800 3086 nec
824 3031 929 3086 erit
954 3031 1113 3087 nobis
1141 3032 1245 3086 alia
1278 3033 1491 3088 ratione
1516 3048 1656 3104 opus
1683 3033 1750 3088 ad
1785 3041 1836 3088 te
1865 3046 2094 3102 persua-

509 3124 775 3179 dendnm.

575 3239 633 3292 4.
662 3236 816 3304 Quod
844 3239 888 3293 si
929 3239 1167 3292 nondum
1206 3255 1404 3295 suasus
1431 3238 1764 3310 pertinacius
1786 3239 2095 3301 contendis,

507 3330 670 3384 etiam
697 3347 762 3384 ex
810 3331 876 3384 iis
919 3331 1074 3400 ipsis,
1111 3333 1312 3400 quibus
1342 3341 1394 3384 tu
1453 3331 1741 3386 delecteris
1772 3331 2010 3403 (regulas
2047 3339 2102 3385 et

524 3421 767 3476 rationes
815 3423 1222 3493 philosophicas
1263 3425 1440 3478 oratio
1487 3423 1684 3491 innuit)
1723 3423 2097 3478 exsistentiam

512 3524 570 3568 et
623 3515 956 3570 exsisteutite
1016 3517 1241 3572 modum
1280 3517 1514 3573 indivisa
1559 3531 1684 3572 esse
1727 3516 2096 3572 demonstrari

509 3605 609 3660 tibi
644 3607 802 3676 petis,
839 3617 900 3662 ut
928 3618 1074 3664 certa
1112 3610 1410 3680 exquisitio
1431 3608 1916 3679 repraesentatione
1943 3624 2100 3664 com-

512 3699 797 3766 probetur,
834 3701 1042 3754 nullum
1076 3701 1413 3756 intercedere
1444 3700 1764 3766 discrimen,
1808 3701 1922 3756 sive
1953 3701 2102 3755 exsi-

512 3791 770 3846 stentiam
797 3793 910 3847 sive
931 3794 1267 3848 exsistcntiae
1296 3795 1518 3848 modum
1549 3791 1723 3858 dicas,
1759 3793 1922 3849 etiam
1962 3793 2102 3849 banc

510 3883 1044 3938 demonstrationem
1077 3894 1131 3938 et
1165 3883 1702 3954 repraesentationem
1734 3900 1800 3940 ex
1850 3885 1958 3941 illis
2005 3885 2102 3940 ab-

509 3977 810 4040 solvemus,
845 3991 968 4045 quae
1005 3992 1034 4028 a
1083 3975 1426 4048 philosophis
1448 3978 1525 4030 uti
1557 3988 1706 4032 certa
1737 3978 2102 4033 communiter

511 4077 886 4138 acceptantur.
934 4066 1138 4123 Omnes
1187 4084 1435 4138 prorsus,
1478 4070 1679 4140 quibus
1725 4071 2100 4142 philosophica

513 4161 709 4227 placita
748 4176 892 4214 curae
923 4168 1072 4224 sunt.
1109 4175 1220 4214 uno
1266 4176 1363 4216 ore
1399 4161 1660 4227 fatentur,
1703 4163 1909 4217 nullum
1944 4164 2099 4218 habi-

511 4265 625 4305 tum
659 4253 728 4306 ab
780 4251 875 4307 illo
912 4253 1182 4320 subjecto,
1238 4253 1397 4322 cujus
1442 4254 1663 4310 habitus
1695 4265 1800 4320 est,
1856 4271 2096 4326 unquam

509 4345 699 4411 dividi,
731 4353 785 4399 et
812 4344 1017 4399 nullam
1046 4345 1410 4402 dill‘erentiam
1446 4348 1512 4401 ab
1553 4361 1618 4403 eo
1645 4348 1918 4417 subjecto,
1940 4348 2100 4418 cujus

2123 3101 2171 3164 C

2186 1927 2296 1982 τῶν
2324 1927 2630 1998 ὁμολογιῶν
2656 1928 2720 1998 δὴ
2756 1928 2964 1980 τούτων
2997 1927 3222 1996 μηδενὸς
3271 1925 3353 1977 έτι
3385 1925 3593 1995 χρῄζειν
3615 1927 3726 1978 δοκὼ

2186 2022 2286 2090 τὴν
2339 2019 2636 2086 ἀπόδειξιν.
2693 2019 2755 2071 Ei
2803 2018 2913 2089 γὰρ
2965 2021 2997 2088 ή
3057 2019 3122 2070 ὲκ
3174 2015 3391 2087 [ἰατρὸς
3449 2016 3728 2085 ὲκπόρενσις

2189 2114 2536 2185 ἀδιαιρέτως,
2587 2112 2622 2166 ἃ
2658 2114 2722 2166 σὺ
2757 2111 3011 2182 διαιροῖς,
3057 2111 3352 2181 ἀμφότερα
3399 2109 3628 2170 δύναται,
3661 2109 3730 2160 εὖ-

2189 2205 2349 2277 δηλον
2382 2205 2456 2267 ὡς
2483 2203 2627 2257 οὕτω
2657 2202 2832 2256 ταῦτα
2860 2203 2924 2272 δὴ
2964 2203 3058 2255 καὶ
3089 2204 3121 2272 ὴ
3152 2200 3220 2254 δι’
3255 2199 3412 2254 Υίοῦ.
3454 2199 3732 2268 Ἐχπορεύῖ-

2195 2299 2318 2350 σθαι
2349 2300 2459 2367 γὰρ
2484 2299 2596 2359 τοῖς
2627 2296 2878 2366 Πατρὰσι
2910 2295 2972 2347 τὸ
3016 2295 3244 2364 Πνεῦμα
3272 2293 3491 2361 λέγεται
3523 2293 3584 2346 δι’
3611 2293 3733 2356 Υἱοῦ,

2193 2393 2274 2445 ὅτι
2304 2393 2404 2458 τὴν
2431 2391 2564 2461 πρὸς
2607 2390 2708 2460 τὴν
2737 2390 2992 2459 γέννησιν
3022 2387 3117 2441 τοῦ
3159 2386 3289 2440 Υίοῦ
3321 2387 3662 2456 διαφέρουσαν
3687 2389 3735 2439 ἑκ

2195 2483 2408 2555 Πατρὸς
2435 2482 2672 2554 ὓπαρξιν
2707 2482 2822 2552 ἔχει
2858 2481 2926 2534 δι’
2955 2479 3108 2534 Υίοῦ.
3134 2480 3197 2533 Ei
3233 2479 3335 2549 μὲν
3357 2475 3450 2531 οὖν
3473 2477 3606 2530 οὕτω
3641 2494 3737 2528 συν-

2193 2578 2340 2631 δοκεῖ
2370 2575 2548 2630 ταῦτα
2583 2576 2677 2628 καὶ
2721 2575 2826 2639 σοὶ,
2861 2575 3021 2644 δεῦρο
3061 2573 3126 2644 δὴ
3158 2573 3315 2642 στῆθι
3354 2572 3469 2642 μεθ’
3497 2572 3636 2639 ἡμῶν
3665 2571 3738 2623 καὶ

2195 2667 2355 2730 αὐτὸς
2385 2669 2486 2738 τὴν
2524 2670 2615 2720 ἐπὶ
2644 2669 2710 2738 τῇ
2751 2665 2902 2736 αἰτία
2931 2662 3028 2718 τοῦ
3069 2665 3394 2732 Πνεύματος
3425 2661 3635 2731 ἑνότητα
3665 2660 3739 2712 τοῦ

2195 2760 2414 2830 Πατρὸς
2467 2759 2749 2829 ὁμολογῶν
2787 2757 2882 2810 καὶ
2933 2754 3086 2810 Υἱοῦ.
3120 2755 3292 2807 Τοῦτο
3345 2756 3456 2822 γὰρ
3505 2754 3591 2806 καὶ
3637 2752 3740 2803 αὐτὸ

2197 2854 2279 2905 σοὶ
2337 2852 2537 2916 ἐδόκει,
2588 2851 2685 2904 ἐὰν
2726 2851 2777 2903 οἱ
2829 2849 3072 2919 Πατέρες
3119 2847 3364 2918 ὓπαρξιν
3416 2848 3651 2917 εἰρήκασι
3688 2847 3743 2897 δι’

2197 2945 2351 3010 Υίοῦ,
2387 2946 2483 3000 καὶ
2509 2945 2696 2998 οὐκέτι
2735 2944 2922 2997 λοιπὸν
2953 2943 3142 3015 ἐτέρου
3169 2943 3338 3012 λόγου
3363 2942 3458 2996 τοῦ
3497 2942 3739 3002 πείσονπκ

2202 3056 2261 3092 σε
2291 3037 2691 3109 δεηοησόμεθα.

2273 3230 2336 3286 δ’.
2368 3231 2427 3284 Ei
2457 3230 2512 3285 δὲ
2538 3229 2634 3284 καὶ
2666 3229 2746 3284 ἔτι
2774 3230 3076 3302 πεισμονῆς
3107 3229 3433 3301 ἑξεχόμενος
3459 3227 3647 3288 ἐθέλεις
3675 3228 3748 3278 καὶ

2203 3324 2314 3378 ἀπὸ
2342 3323 2450 3376 τῶν
2479 3319 2561 3386 οἷς
2593 3323 2754 3387 αὐτὸς
2781 3323 2993 3395 χαίρεις
3024 3322 3172 3394 (τοὺς
3200 3321 3597 3393 ὲμφιλοσόφους
3621 3325 3747 3372 atavo"

2203 3434 2300 3480 νας
2331 3433 2390 3469 τε
2419 3419 2513 3470 καὶ
2549 3418 2743 3487 λόγους
2769 3419 2797 3471 ό
2839 3417 2998 3485 λόγος
3027 3416 3352 3488 αἰνίττεται)
3395 3415 3494 3484 τὴν
3517 3412 3748 3476 ἀπόδειξιε

2201 3511 2294 3563 τοῦ
2322 3510 2632 3582 ἀδιαιρέτου
2654 3511 2752 3580 τῆς
2777 3509 3086 3580 ὑπάρξεως,
3113 3509 3208 3562 καὶ
3235 3508 3333 3561 τοῦ
3367 3509 3466 3572 τῆς
3505 3503 3748 3576 ὑπάρξεως

2203 3602 2404 3674 τρόπου
2437 3602 2813 3672 συγκροτῆσαι
2846 3602 3016 3672 ἡμᾶς,
3043 3602 3123 3666 είς
3167 3601 3399 3671 βεϐαίαν
3445 3600 3538 3652 καὶ
3581 3596 3750 3666 ἀκριεῆ

2203 3695 2302 3764 τὴν
2335 3697 2682 3764 παράστασιν
2731 3693 2826 3747 τοῦ
2865 3693 3037 3764 μηδὲν
3079 3692 3368 3762 διαφέρειν
3413 3689 3642 3762 ὕπαρξιν
3677 3705 3749 3740 καί

2203 3788 2406 3855 τρόπον
2444 3787 2627 3856 λέγειν
2657 3787 2969 3856 ὑπάρξεως,
3011 3787 3107 3840 καὶ
3137 3787 3234 3858 τὴν
3277 3785 3543 3852 τοιαύτην
3571 3781 3756 3836 ἀπόδει-

2205 3879 2287 3946 ξιν
2332 3881 2428 3935 καὶ
2477 3881 2826 3952 παράστασιν
2867 3881 2930 3933 ἐκ
2960 3897 3122 3933 τινων
3164 3877 3533 3949 ποιησόμεθα,
3569 3875 3602 3930 ἃ
3630 3876 3753 3939 κοινή

2201 3993 2285 4038 τις
2313 3975 2426 4044 ἔχει
2451 3974 2551 4044 τῆς
2581 3973 2901 4043 φιλοσοφίας
2935 3971 3214 4043 ὁμολογία.
3240 3972 3372 4034 Τοῖς
3391 3971 3526 4023 πᾶσι
3549 3969 3754 4026 πάντως.

2202 4063 2285 4130 οἷς
2323 4067 2628 4136 φιλοσόφων
2659 4067 2812 4136 μέλει
2859 4065 3054 4134 λόγων,
3104 4064 3583 4136 συνωμολόγηται,
3624 4061 3756 4131 μηδε-

2207 4162 2336 4231 μίαν
2372 4163 2560 4232 σχέσιν
2605 4159 2700 4214 τοῦ
2734 4153 2794 4212 οὗ
2829 4162 2924 4214 καὶ
2968 4159 3116 4213 ἐστιν
3163 4159 3534 4232 ὑποκειμένου
3584 4157 3756 4226 σχέσις.

2202 4253 2528 4326 διαιρεῖσθαί
2563 4270 2719 4316 ποτε,
2748 4255 2843 4307 καὶ
2876 4252 3148 4323 μηδεμίαν
3185 4253 3458 4322 διαφορὰν
3490 4249 3582 4302 τοῦ
3611 4241 3665 4299 οὗ
3685 4263 3758 4298 και

2202 4349 2352 4401 ἔστιν
2403 4348 2768 4416 ὑποκειμένου
2813 4345 3068 4416 διαφορὰ,
3101 4344 3325 4398 ἀπεῖναι
3369 4359 3541 4397 ποτεο
3583 4338 3759 4411 μηδ’ὲι

511 4436 817 4493 differentia
852 4448 955 4505 est,
989 4454 1228 4509 unquam
1263 4441 1477 4508 abesse,
1511 4451 1564 4496 et
1594 4441 1646 4496 in
1674 4443 1855 4512 Specie
1887 4443 2087 4497 nullam

2199 4441 2306 4514 ίδίᾳ
2342 4440 2613 4514 μηδεμίαν
2651 4439 2760 4492 τῶν
2797 4437 3104 4509 εἰρημένων
3157 4437 3301 4491 εἶναι
3355 4439 3427 4510 τῇ
3472 4432 3760 4490 ὑποστάσε-

503 4543 576 4584 ex
603 4530 715 4601 jam
749 4529 914 4586 dictis
943 4530 996 4584 in
1031 4531 1312 4602 hypostasi
1338 4550 1461 4588 esse
1481 4543 1639 4588 extra
1679 4534 2011 4602 subjectum.
2047 4537 2104 4592 Si

511 4634 636 4674 vera
674 4621 788 4674 haec
842 4630 992 4686 sunt,
1038 4632 1092 4676 et
1130 4626 1411 4676 communi
1476 4625 1924 4694 pltilosorihorum
1979 4640 2105 4679 con-

510 4715 752 4770 fessione
799 4715 1123 4768 conlirmata
1158 4731 1171 4768 :
1205 4723 1261 4768 et
1309 4714 1426 4768 ﬁeri
1480 4717 1694 4785 nequit,
1741 4727 1798 4770 ut
1833 4716 2104 4787 quispiam

517 4805 862 4860 demonstret
888 4815 994 4859 n‘on
1016 4806 1180 4859 simul
1207 4806 1489 4872 exsistere,
1522 4823 1646 4861 cum
1677 4807 1864 4862 habitu
1884 4824 2101 4878 nempe,

514 4897 658 4964 quod
714 4896 923 4951 babitui
961 4897 1273 4966 subjicitur,
1303 4906 1358 4953 et
1410 4913 1534 4952 cum
1579 4897 1909 4965 diﬂerentia,
1957 4902 2104 4970 quod

519 4987 888 5042 diﬂ'ercntiatn
937 4990 1348 5058 complectitur,
1405 5004 1503 5060 age
1560 4990 1830 5059 responde
1887 4992 2103 5047 interim

515 5077 650 5131 mihi
679 5095 696 5132 :
726 5080 807 5131 An
829 5081 1108 5147 processio
1137 5081 1504 5148 procedentis,
1528 5084 1826 5136 secundum
1860 5083 2102 5138 babitunt

509 5183 732 5233 eorum,
757 5185 880 5238 qua:
908 5170 974 5222 ad
1007 5170 1154 5223 aliud
1190 5170 1534 5236 referuntur,
1568 5169 1848 5239 processio
1894 5172 2104 5228 scilicet

514 5264 776 5333 Spiritus,
804 5273 858 5318 et
904 5263 1212 5318 dill‘creutia
1251 5264 1398 5318 illius
1449 5276 1695 5334 respectu
1734 5267 2102 5336 generationis

514 5352 641 5408 Filii
678 5356 972 5424 separatim
1015 5363 1068 5408 et
1103 5356 1309 5424 absque
1335 5357 1584 5424 subjecto
1616 5357 1842 5412 dicenda
1880 5367 1986 5422 est,
2033 5375 2101 5415 ex

517 5442 680 5500 Patre
708 5460 804 5514 per
833 5443 1031 5498 Filium
1062 5443 1452 5501 exsilire?Sed
1484 5447 1634 5502 nullo
1670 5465 1908 5518 unquam
1941 5453 2102 5506 modo

515 5538 662 5592 hanc
690 5539 1015 5594 divisionem
1043 5554 1352 5610 proponere
1369 5541 1618 5596 audebis.
1642 5542 1799 5608 Quod
1831 5543 1876 5598 si
1910 5543 1962 5598 id
1988 5560 2101 5600 non

513 5632 710 5696 audes,
743 5631 869 5702 quid
929 5642 1188 5702 praeterea
1217 5634 1410 5689 dices?
1453 5644 1508 5689 et
1551 5636 1597 5689 si
1629 5637 1694 5691 ad
1742 5637 2099 5692 stabiliendas

519 5738 642 5779 tuas
674 5729 1176 5796 interpretationes,
1206 5729 1590 5798 reponsionem
1615 5729 1886 5785 intentare
1910 5731 2098 5785 volueo

520 5821 620 5884 ιήμ,
661 5821 788 5888 quid
825 5819 1214 5889 respondebis?
1263 5820 1462 5876 Totum
1494 5837 1624 5878 sane
1667 5824 1808 5894 quod
1857 5839 2094 5894 respou-

2209 4537 2367 4604 παρὰ
2423 4533 2481 4586 τὸ
2539 4534 2922 4601 ὑποκείμενον.
2987 4531 3046 4584 Et
3079 4529 3210 4600 γοῦν
3260 4529 3442 4602 ἀληθῆ
3491 4529 3655 4582 ταῦτα
3685 4528 3762 4578 καὶ

2211 4628 2420 4691 κοιναῖς
2458 4628 2580 4688 ταῖς
2613 4626 2926 4694 φιλοσόφοις
2963 4625 3198 4686 ἐννοίαις
3230 4625 3660 4694 ὁμολογούμενα,
3688 4619 3764 4672 καὶ

2210 4719 2368 4789 εἴπερ
2406 4717 2506 4769 οὐκ
2541 4716 2710 4781 ἔστιν,
2745 4715 2892 4778 ὅπως
2915 4715 2980 4769 ἄν
3010 4731 3092 4777 τις
3125 4714 3222 4768 καὶ
3251 4715 3654 4785 ἀσυνύπαρκτα
3684 4712 3764 4764 δεί-

2210 4809 2318 4875 ξειε
2349 4809 2521 4862 ταῦτα
2553 4811 2618 4879 τῇ
2654 4808 2859 4878 σχέσει,
2897 4808 2958 4859 τὸ
3003 4809 3194 4878 σχετόν
3243 4825 3419 4880 φημι,
3453 4813 3518 4880 τῇ
3562 4805 3764 4874 διαφορᾷ

2207 4919 2266 4954 τε
2290 4900 2351 4954 τὸ
2372 4899 2662 4970 διάφορον·
2690 4899 2850 4970 δεῦρο
2871 4899 2935 4971 δὴ
2965 4899 3261 4970 ἀπόκριναι
3290 4905 3354 4956 τὸ
3387 4902 3594 4966 λοιπὸν,
3625 4900 3764 4967 είτὴν

2207 4991 2542 5064 ὲκπόρευσιν
2589 4991 2683 5045 τοῦ
2718 4994 3056 5065 ὲκπορευτοῦ
3100 4998 3242 5050 κατὰ
3286 4995 3391 5068 τὴν
3421 4997 3532 5051 τῶν
3566 4993 3690 5064 πρὸς
3717 5007 3763 5041 τε

2211 5081 2419 5153 σχέσιν,
2452 5083 2772 5153 Πνεύματος
2809 5081 2980 5140 οὖσαν
3008 5087 3359 5158 έκπόρευσιν,
3400 5091 3498 5143 καὶ
3533 5087 3766 5158 διαφορὰν

2207 5179 2372 5232 αὐτοῦ
2417 5179 2554 5249 πρός
2585 5195 2647 5247 γε
2676 5177 2774 5250 τὴν
2809 5180 3066 5250 γέννησιν
3109 5180 3205 5233 τοῦ
3234 5181 3372 5235 Υίοῦ
3407 5181 3767 5251 ἀποτετμημέ-

2207 5289 2333 5337 νως,
2364 5273 2460 5326 καὶ
2489 5271 2588 5324 τοῦ
2622 5271 2986 5341 ὑποκειμένου
3023 5274 3190 5345 χωρίς
3221 5275 3343 5328 ἐστι
3376 5276 3562 5345 λέγειν
3590 5277 3649 5328 ὲκ
3673 5274 3767 5326 Ila-

2205 5365 2333 5436 τρδς
2366 5363 2665 5433 προϊοῦσαν
2694 5364 2782 5417 διὰ
2819 5363 2915 5417 τοῦ
2948 5364 3104 5429 Υἰοῦ,
3133 5367 3234 5421 οὐκ
3279 5366 3348 5421 ἂν
3391 5368 3542 5440 ἔχοις
3577 5368 3766 5426 πάντως

2207 5456 2266 5508 τὸ
2303 5455 2759 5526 ἀποτετμημένον
2808 5454 2969 5509 τοῦτο
2997 5457 3393 5530 ἀποθαρρἦαί
3443 5477 3596 5515 ποτε.
3647 5459 3766 5528 Πρὸς

2205 5549 2364 5603 τοῦτο
2392 5548 2449 5601 δὲ
2484 5548 2560 5619 μη
2591 5547 2944 5620 ἀποθαρῤὦν,
2992 5549 3046 5602 τί
3081 5553 3311 5622 φήσειςς
3359 5553 3696 5623 ’Δπολογήσῃ
3722 5551 3768 5603 δὲ

2206 5641 2344 5712 πρὸς
2382 5640 2642 5694 σύστασιν
2673 5640 2782 5693 τῶν
2817 5641 2926 5694 σῶν
2967 5642 3305 5714 ἐξηγήσεων,
3334 5646 3390 5699 τί
3424 5643 3572 5718 εἶχες
3606 5650 3666 5701 ἂν
3691 5644 3769 5696 nl

2207 5732 2624 5802 ἁτ.ολογεῖσοαι;
2674 5735 2858 5797 κακῶς
2896 5737 2994 5806 μὲν
3042 5737 3138 5790 καὶ
3182 5739 3533 5808 ἐπισφαλῶς.
3581 5740 3770 5793 ’Λπολο-

2207 5821 2421 5890 γεῐσοαι
2458 5819 2500 5873 δ’
2532 5823 2679 5893 ὅμως
2718 5825 2852 5894 πρὸς
2890 5827 3116 5898 ἄρνησιν
3141 5834 3238 5901 τῆς
3285 5832 3348 5886 ἐκ
3389 5834 3604 5906 Πατρὶς
3626 5833 3770 5901 ὑπάρ-
