3870 6632
472 4662 509 4774 λ

2313 284 2528 307 ”⁹”’“”⁷›.-.“

1581 509 1792 573 JOAN.
1833 512 2051 575 VECCI
2086 513 2193 576 cp.
2240 513 2746 577 PATRIARCH.E
3694 523 3776 590 ιιι

564 511 671 571 363

567 618 806 689 Spiritus
862 617 1236 673 exsistentiam
1285 617 1585 689 intelligere
1629 620 1779 688 dent,
1835 638 1959 679 cum
2002 624 2111 679 uilli

2237 628 2378 698 φορὰ
2409 628 2504 691 τὰς
2536 627 2709 694 λέξεις
2752 625 2954 686 ταύτας
2980 627 3072 680 ἐπὶ
3120 628 3219 697 μὲν
3248 627 3477 701 [ἰατρὸς
3523 628 3779 703 λεγομένας

564 710 821 781 impediat
853 718 905 765 et
952 724 1050 779 per
1083 709 1301 762 modum
1338 710 1692 780 procedendi,
1742 725 1790 766 et
1830 717 2127 769 secundum

478 796 489 805 ’
563 816 783 859 causam
834 802 953 857 illas
981 800 1176 872 accipi,
1205 801 1272 857 de
1317 801 1476 857 Fillio
1500 817 1627 858 vero
1673 807 1792 860 loco
1817 807 2132 875 suppedita-

562 896 748 961 tiouis,
782 892 1049 958 dationis,
1103 893 1406 958 missionis,
1452 895 1760 965 legationis,
1820 899 2132 952 necessario
2194 885 2211 894 ’

559 989 753 1059 accipi.
783 986 994 1041 Similia
1026 986 1188 1040 verba
1218 996 1271 1040 tu
1303 987 1594 1057 arripiens,
1625 998 1677 1043 ct
1707 990 1945 1059 propriis
1971 990 2131 1046 labiis

559 1091 746 1151 captos
779 1090 991 1143 tenens,
1023 1094 1087 1134 es
1118 1078 1413 1148 unguibus,
1469 1079 1613 1149 quod
1646 1082 1822 1144 aiunt,
1867 1084 2128 1152 aquilam,

558 1173 866 1228 universam
896 1185 1087 1240 nempe
1109 1171 1295 1225 talium
1318 1172 1621 1225 dictionum
1648 1171 1843 1226 seriem
1862 1188 1926 1227 ex
1946 1174 2128 1239 Patre,

555 1264 700 1336 quod
722 1264 834 1332 jam
860 1263 959 1332 ipsi
989 1263 1318 1323 concedunt,
1355 1261 1592 1333 Spiritus
1633 1264 2010 1321 exsistentiam
2041 1264 2130 1320 in-

552 1355 758 1417 dicare,
790 1367 913 1407 cum
943 1352 1079 1406 nihil
1112 1352 1501 1419 impedimento
1536 1355 1627 1417 sit,
1654 1370 1746 1410 eas
1778 1370 1874 1423 per
1908 1356 2127 1410 modum

548 1446 919 1517 processiouis
952 1453 1008 1499 et
1064 1444 1362 1500 secundum
1416 1460 1640 1502 causam
1675 1447 1924 1518 intelligi.
1986 1446 2127 1504 Tum

550 1549 809 1610 praeterea
841 1538 962 1593 illos
994 1536 1445 1608 interrogaverisj:
1469 1538 1550 1592 An
1576 1538 1875 1594 dictionum
1901 1541 2126 1609 seriem,

548 1646 712 1703 quam
744 1639 798 1684 et
838 1630 939 1700 ipsi
970 1628 1038 1684 de
1067 1626 1203 1684 Filio
1249 1627 1507 1693 fatentur,
1573 1631 2017 1700 suppeditationis
2046 1631 2128 1688 in-

547 1737 711 1791 quam
742 1732 791 1775 et
822 1719 1081 1785 dationis,
1105 1719 1404 1776 ﬁnissionis
1434 1729 1490 1775 et
1516 1720 1831 1791 legationis,
1864 1724 2029 1778 etiam
2057 1738 2126 1779 ex

549 1814 710 1869 Patre
745 1813 853 1868 dici
893 1822 1210 1869 asseverant
1237 1812 1260 1865 ἲ
1287 1812 1392 1868 Ubi
1420 1814 1470 1867 id
1514 1814 1829 1879 annuerint,
1870 1816 2126 1871 convenit

548 1907 817 1978 siquidem
864 1905 1095 1960 similem
1127 1905 1325 1960 seriem
1353 1919 1418 1958 ex
1455 1903 2117 1976 Patre,quemadmodum

546 2012 601 2057 et
628 2017 693 2056 ex
719 1998 855 2054 Filio
884 2000 953 2055 de
988 1997 1191 2069 Spiritu
1222 2000 1363 2064 dici;
1395 1999 1800 2070 interrogationi
1824 2010 2116 2057 annectcs:
2151 2003 2191 2058 Β

548 2097 629 2153 Δη
679 2093 915 2149 similem
950 2093 1146 2147 seriem
1179 2092 1636 2161 suppeditationis
1669 2093 1893 2164 inquam
1939 2103 1993 2149 et
2015 2091 2120 2149 'da-

546 2184 733 2249 tionis,
758 2191 813 2239 et
843 2182 1144 2247 missionis,
1187 2190 1242 2237 et
1272 2181 1577 2253 legationis,
1601 2182 1656 2236 in
1692 2183 1905 2239 duabus
1931 2199 2122 2254 perso-

546 2278 655 2343 nis,
684 2294 807 2348 qua:
826 2276 1124 2332 secundum
1159 2275 1386 2345 gratiam
1430 2285 1536 2339 est,
1574 2274 1630 2327 in
1671 2274 1867 2345 di‘gnos
1912 2275 2122 2346 signin-

549 2384 676 2426 care
738 2368 975 2440 Spiritus
1038 2380 1320 2422 accessum
1374 2364 1686 2420 fateantur?
1740 2374 1796 2421 et
1831 2377 2119 2438 postquam

547 2465 861 2521 earumdem
904 2462 1069 2518 etiam
1106 2463 1159 2516 in
1193 2463 1277 2517 his
1323 2475 1610 2515 assensum
1662 2460 1959 2528 habueris;
1993 2450 2118 2515 nam

544 2570 721 2627 neque
764 2555 820 2613 in
873 2554 957 2610 bis
988 2553 1258 2623 quispiam
1307 2566 1429 2611 sese
1477 2560 1745 2622 opponet;
1789 2562 2119 2621 postremam

546 2649 687 2704 hanc
718 2644 1198 2714 interrogationem
1237 2642 1498 2698 adversus
1542 2643 1689 2713 ipsos
1722 2644 2003 2698 servabis:
2036 2643 2118 2699 An

543 2738 705 2794 talem
738 2751 929 2792 rursus
979 2734 1172 2790 seriem
1213 2735 1328 2805 pari
1372 2734 1557 2800 modo,
1586 2733 1716 2788 dum
1747 2734 1813 2790 de
1854 2734 2119 2790 distribu-

543 2831 691 2886 tione
721 2844 903 2886 sermo
943 2837 1049 2891 est,
1107 2825 1255 2881 Patri
1290 2824 1539 2898 Filioque
1591 2827 1937 2883 attribuant?
1983 2826 2121 2885 Cum

543 2925 647 2977 hoc
700 2934 920 2992 quoque
967 2916 1375 2982 concesserint,
1424 2917 1904 2987 sic-postmodum
1941 2917 2124 2975 nullus

543 3014 639 3070 tibi
677 3014 831 3068 labor
882 3009 1246 3066 assumendus
1283 3018 1388 3074 est,
1442 3010 1708 3065 conllctas
1736 3009 1805 3065 ab
1852 3010 1986 3081 ipsis
2023 3010 2124 3066 bo-

553 3104 859 3174 monymias
888 3100 1156 3157 refellere.
1189 3099 1437 3170 Namque
1465 3108 1590 3169 post
1611 3099 1761 3166 data,
1812 3110 2126 3172 proponen-

543 3195 710 3257 tibus,
740 3194 864 3248 licet
893 3193 1069 3246 ambae
1116 3191 1229 3262 jam
1282 3193 1470 3275 positae
1520 3191 1820 3247 dictionum
1868 3192 2038 3248 series
2070 3201 2126 3248 et

541 3303 608 3341 ex
631 3284 791 3339 Patre
827 3295 879 3339 et
913 3298 980 3338 ex
1015 3282 1154 3339 Filio
1196 3293 1583 3339 assevereutur
1614 3294 1892 3340 :attamen
1936 3294 2122 3357 pater-

543 3378 733 3432 nitatis
768 3391 832 3430 ac
868 3374 1154 3430 ﬂliationis
1180 3372 1542 3429 differentiam
1578 3376 1771 3431 seriem
1800 3354 1967 3441 illam,
1993 3391 2116 3446 qua:
2142 3354 2190 3417 θ

541 3465 979 3521 distributionem
1024 3463 1323 3534 significat,
1380 3478 1488 3518 non
1530 3462 1793 3534 impedire
1859 3466 2114 3519 unionem

542 3559 723 3616 Patris
752 3568 807 3614 et
862 3556 1013 3622 Filii,
1073 3558 1300 3613 alteram
1352 3572 1503 3626 vero,
1530 3573 1649 3628 quae
1696 3569 1781 3612 est
1838 3558 2115 3628 progredi,

540 3649 853 3720 provenire,
889 3647 1124 3711 effundi,
1172 3647 1447 3717 profundi,
1499 3657 1554 3701 et
1588 3648 1831 3714 exsilire,
1865 3648 1921 3702 in
1955 3645 2117 3705 Patre

539 3742 759 3812 quidem
810 3740 1056 3810 intelligi,
1112 3738 1183 3793 ad
1232 3739 1531 3794 notandam
1579 3736 1818 3809 Spiritus
1846 3740 2117 3796 exsisreu-

542 3834 694 3895 tiam,
730 3831 787 3884 in
825 3829 963 3885 Filio
994 3830 1121 3885 loco
1150 3829 1630 3900 suppeditationis,
1676 3828 1938 3896 dationis,
1979 3831 2112 3886 mis-

540 3923 739 3987 sionis,
769 3931 826 3977 et
872 3920 1161 3991 legationis
1204 3922 1516 3977 necessario
1562 3923 1761 3991 accipi,
1816 3931 1929 3977 tum
1985 3938 2111 3976 cum

541 4016 740 4071 liducia
773 4023 828 4068 et
858 4013 1107 4068 libertate
1150 4027 1344 4082 magna
1376 4013 1616 4077 dicendi,
1666 4012 1710 4068 υ
1751 4014 1924 4081 stulti,
1981 4014 2114 4084 ipsis

542 4108 782 4177 inquies,
821 4116 877 4161 et
904 4104 1201 4169 maximam
1229 4102 1442 4159 Satanae
1472 4105 1525 4159 in
1556 4104 1787 4161 fovendo
1815 4122 2115 4177 propagan-

540 4203 726 4272 doque
777 4199 1150 4255 Eeclesiarum
1205 4199 1503 4253 schismate
1538 4199 1956 4254 similitudinem
2004 4216 2114 4270 pra:

540 4276 637 4347 vus
682 4292 945 4353 ferentes,
1006 4292 1052 4346 si
1081 4291 1152 4345 ob
1195 4291 1537 4361 paternitatis
1576 4300 1632 4346 et
1661 4289 1938 4346 filiationis
1961 4290 2114 4346 dilic-

540 4385 793 4446 rentiam,
848 4395 929 4436 eae
980 4396 1104 4450 quae
1156 4370 1232 4435 ide
1297 4380 1460 4435 Patre
1486 4380 1747 4461 dic‘untur
1801 4381 2109 4445 dictiones,

538 4474 848 4544 significant
895 4471 1135 4543 Spiritus
1180 4472 1554 4526 exsistentiam
1586 4512 1601 4537 ,
1655 4481 1710 4525 et
1741 4472 2112 4540 proeessionis

539 4570 646 4618 vim
681 4564 983 4627 continent,
1016 4574 1072 4616 et
1120 4576 1346 4617 causam
1375 4564 1708 4633 exprimunt,
1757 4556 1812 4616 in
1846 4563 2114 4632 homony-

2230 720 2308 780 εἰς
2340 717 2575 788 δήλωσιν
2605 717 2702 787 τῆς
2746 716 2839 770 τοῦ
2887 717 3201 788 Πνεύματος
3230 720 3487 775 νοεῖσθαι
3541 722 3781 794 ὑπάρξεως

2228 808 2433 873 δίδωσι,
2488 809 2715 880 μηδενὸς
2768 809 3017 880 ἐμποδὼν
3068 811 3203 881 πρὸς
3231 813 3291 865 τὸ
3327 814 3681 884 ἐκπορευτῶς
3713 823 3782 873 καὶ
3842 808 3843 833 ἶ

2232 902 2349 952 κατ’
2381 901 2562 956 αἰτίαν
2609 900 2848 954 νοεῖσθαι
2899 901 3072 964 αὑτὰς
3120 901 3442 972 γινομένου,
3496 905 3590 958 ἐπὶ
3629 906 3680 959 δὲ
3710 910 3780 962 τοῦ
3842 916 3843 919 “

2232 990 2360 1044 Υίοῦ
2410 993 2533 1046 ἀντὶ
2587 991 2850 1062 χορηγίας
2894 993 2990 1045 καὶ
3044 992 3264 1060 δόσεως,
3315 993 3592 1064 πέμψεὼς
3635 1004 3782 1053 τεκαὶ

2229 1084 2534 1153 ἀποστολῆς
2557 1083 2861 1151 ἀναγκάζει
2890 1083 3283 1154 λαμϐάνεσθαι.
3318 1084 3554 1140 Τούτων
3579 1087 3676 1157 γὰρ
3698 1092 3780 1145 τῶν

2228 1175 2402 1245 λόγων
2450 1176 2912 1247 ὲπιδραττόμενος
2958 1177 3046 1242 σὺ,
3080 1179 3186 1232 κάκ
3218 1176 3332 1231 τῶν
3382 1176 3537 1231 ἰδίων
3575 1179 3781 1251 ῆδη’χει-

2227 1268 2364 1321 λέων
2409 1268 2797 1338 ἁλισκομένους
2841 1268 2980 1339 ἔχων
3007 1271 3227 1335 αὐτοὺς,
3276 1269 3339 1335 ἐξ
3382 1270 3598 1340 ὀνύχων
3641 1288 3710 1336 τις
3731 1276 3778 1327 ἂν

2226 1361 2370 1413 εἴποι
2411 1358 2504 1414 τὸν
2555 1361 2734 1428 ἀετὸν,
2767 1361 2852 1431 ἐφ’
2890 1356 2973 1425 οἷς
3010 1364 3189 1415 πᾶσαν
3240 1363 3345 1435 τὴν
3405 1363 3519 1416 τῶν
3568 1367 3777 1418 τοιούτων
3842 1368 3843 1409 l

2225 1450 2426 1518 λέξεων
2474 1452 2786 1524 συστοιχίαν
2826 1453 2924 1524 τὴν
2967 1456 3031 1507 ἐκ
3076 1455 3288 1526 [ἰατρὸς
3339 1454 3665 1525 ὁμολογοῦσι
3704 1460 3773 1511 τοῦ

2225 1538 2544 1610 Πνεύματος
2572 1540 2765 1611 δηλοῦν
2813 1539 3068 1613 ὓπαρξιν,
3108 1545 3338 1615 μηδενὸς
3386 1543 3640 1613 ἐμποδὼν
3673 1547 3774 1614 πρὶς

2223 1633 2284 1685 τὸ
2312 1633 2659 1703 ὲκπορευτῶς
2689 1633 2787 1686 καὶ
2815 1634 2936 1688 κατ’
2974 1636 3151 1689 αἰτίαν
3193 1633 3438 1690 νοεῖσθαι
3484 1636 3645 1698 αὐτὰς
3667 1651 3774 1705 γινο-

2226 1723 2411 1794 μένου,
2443 1726 2590 1795 έρεῖν
2640 1724 2721 1778 ἔτι
2770 1729 3244 1799 προσαπαιτῆσεις
3303 1727 3550 1791 αὐτοὺς,
3600 1728 3646 1779 εἰ
3702 1728 3772 1795 τὴν

2224 1817 2482 1888 ῥηθεῖσαν
2511 1815 2677 1887 ἄλλην
2718 1816 2829 1870 τῶν
2863 1817 3059 1885 λέξεων
3091 1819 3435 1890 συστοιχίαν,
3470 1820 3565 1873 καὶ
3595 1816 3679 1870 ἐπὶ
3702 1818 3770 1870 τοῦ

2226 1908 2358 1962 Υἱοῦ
2390 1908 2520 1979 παρ’
2560 1909 2739 1962 αὐτῶν
2782 1909 3221 1981 ὁμολογουμένην
3258 1910 3361 1981 τὴν
3412 1910 3515 1979 τῆς
3549 1910 3770 1981 χορηγίας

2221 2004 2314 2053 καὶ
2341 1999 2563 2063 δόσεως,
2600 2000 2862 2071 πέμψεὼς
2893 2018 2974 2067 τε,
3000 2003 3166 2074 φημὶ,
3199 2005 3296 2057 καὶ
3324 2003 3650 2072 ἀποστολῆς,
3674 2005 3766 2073 ὀμο-

2221 2093 2437 2162 λογοῦσι
2469 2094 2566 2146 καὶ
2611 2095 2674 2145 ὲκ
2707 2095 2922 2166 Πατρδς
2953 2078 3244 2163 λέγεσθαι;
3280 2094 3586 2149 Κάνταῦθα
3629 2111 3766 2149 cum.

2220 2182 2484 2254 θεμένων,
2515 2183 2859 2239 συντίθενται
2886 2186 2994 2257 γὰρ
3036 2186 3132 2239 καὶ
3160 2186 3260 2257 τὴν
3299 2186 3568 2255 τοιαύτην
3598 2202 3768 2238 συστοι-

2218 2273 2364 2345 χίαν,
2393 2276 2485 2328 καὶ
2521 2278 2585 2329 ὲκ
2615 2277 2829 2347 Ila-cpe;
2861 2264 3113 2347 καθάπερ
3160 2275 3254 2333 οὖν
3284 2278 3385 2333 καὶ
3412 2279 3474 2344 ἐξ
3523 2276 3645 2331 Υίοῦ
3669 2280 3766 2347 περὶ

2218 2364 2313 2416 τοῦ
2349 2365 2666 2435 Πνεύματος
2690 2365 2966 2433 λέγεσθαι,
3000 2366 3367 2437 προσεπαξεις
3404 2370 3474 2437 τῇ
3510 2367 3763 2438 ἐρωτήσει,

2220 2456 2271 2508 εί
2304 2457 2404 2529 τὴν
2450 2456 2709 2528 τοιαύτην
2754 2458 3064 2528 συστοιχίαν
3108 2460 3209 2528 τὴν
3256 2457 3363 2529 τῆς
3409 2457 3660 2530 χορηγίας
3695 2460 3761 2510 καὶ

2220 2548 2442 2614 δόσεως,
2489 2547 2753 2620 πέμψεώς
2809 2565 2891 2615 τε,
2949 2551 3128 2620 φημὶ,
3185 2549 3277 2603 καὶ
3343 2549 3651 2619 ἀποστολῆς
3698 2548 3762 2601 ἐπ’

2223 2641 2425 2711 ἀμφοῖν
2453 2646 2568 2695 τοῖν
2602 2639 2912 2713 προσώποιν
2934 2640 3032 2714 τὴν
3055 2642 3196 2696 κατὰ
3217 2641 3383 2714 χάριν
3410 2644 3470 2695 ὲν
3501 2645 3606 2706 τοῖς
3629 2640 3775 2707 ἀξίας

2220 2732 2414 2803 δηλοῦν
2449 2733 2772 2804 ὁμολογοῦσι
2807 2735 2902 2789 τοῦ
2935 2734 3250 2805 Πνεύματος
3285 2734 3647 2806 ἐπιφοίτησιν.
3673 2734 3762 2785 Ki-

2229 2825 2421 2879 πειδὰν
2445 2824 2546 2897 τὴν
2578 2826 2759 2881 αὐτῶν
2785 2827 2922 2882 κάπὶ
2950 2826 3161 2890 τούτοις
3191 2825 3321 2899 δέξῃ
3351 2827 3646 2880 ἑπίνευσιν·
3667 2822 3757 2877 om

2223 2918 2332 2989 γὰρ
2356 2917 2468 2970 οὐδ’
2511 2919 2604 2972 ἐπὶ
2630 2918 2841 2982 τούτοις
2865 2919 2893 2972 ό
2937 2919 3235 2987 ἀντιλέγων
3286 2935 3373 2972 σοι
3416 2918 3587 2972 ἔσται’
3612 2916 3758 2970 τελευο

2220 3007 2384 3062 ταίαν
2408 3008 2543 3079 πρὸς
2575 3009 2774 3073 αὐτοὺς
2802 3010 3063 3081 τηρήσεις
3086 3009 3383 3081 ἐρώτησιν,
3406 3010 3456 3064 εί
3486 3008 3578 3081 τὴν
3611 3006 3758 3061 τοιαύ-

2223 3116 2323 3172 την
2344 3101 2508 3155 πάλιν
2530 3100 2838 3172 συστοιχίαν
2861 3101 3056 3172 ἐπίσης
3080 3102 3221 3155 κατά
3246 3118 3308 3172 γε
3334 3102 3403 3156 τὸ
3421 3099 3756 3171 διανεμητικὸν

2223 3192 2300 3265 τῷ
2337 3192 2514 3265 Harp!
2543 3190 2743 3244 διδόασι
2778 3192 2875 3244 καὶ
2914 3191 2994 3262 τῷ
3026 3190 3179 3263 Υίῷ;
3222 3190 3510 3244 καὶτοῦτο
3551 3188 3754 3243 διδόντων

2225 3282 2430 3349 αὐτῶν,
2455 3282 2555 3353 δρα
2578 3281 2763 3335 λοιπὸν
2786 3282 2879 3334 καὶ
2903 3281 3122 3353 ἑφεξῆς,
3150 3281 3203 3334 εί
3220 3282 3306 3346 τίς
3331 3299 3420 3336 σοι
3447 3282 3596 3344 πόνος
3618 3279 3753 3339 ἔσται,

2217 3374 2317 3437 τὰς
2368 3373 2551 3438 αὐτοῖς
2609 3373 3002 3444 πεπλασμένας
3071 3373 3402 3444 ἀπελέγχειν
3458 3371 3747 3444 ὀμωνυμὶαέσ

2219 3465 2370 3521 Μετὰ
2397 3465 2506 3539 γὰρ
2536 3466 2606 3520 τὰ
2639 3465 3033 3538 ὡμολογημένα
3064 3465 3445 3536 ἐνισταμένων
3491 3464 3656 3517 αὐτῶν
3678 3461 3748 3523 ὡς,

2217 3558 2268 3611 εί
2302 3559 2396 3613 καὶ
2423 3558 2728 3631 ἀμφότεραι
2757 3560 2812 3611 αι
2859 3558 3149 3629 εἰρημέναι
3182 3556 3291 3611 τῶν
3336 3555 3539 3622 λέξεων
3579 3569 3749 3607 συστοι-

2217 3650 2353 3722 χίαι,
2387 3652 2484 3704 καὶ
2537 3653 2601 3704 ὲκ
2651 3649 2746 3704 τοῦ
2781 3649 2992 3722 Πατρδς
3040 3648 3424 3717 θεολογοῦντοιι
3466 3648 3557 3703 καὶ
3586 3652 3643 3700 ἐκ
3677 3643 3748 3696 τοῦ

2216 3741 2371 3808 Υίοῦ,
2427 3741 2543 3795 ἀλλ’
2578 3742 2612 3813 ἡ
2644 3742 2743 3813 τῆς
2776 3742 3113 3812 πατρότητος
3146 3745 3241 3795 καὶ
3266 3741 3519 3812 υίότίδτος
3563 3736 3748 3806 διαρορᾶ

2214 3838 2283 3905 τῇ
2332 3835 2430 3905 μιᾷ
2458 3833 2566 3887 τῶν
2615 3836 2953 3903 συστοιχιῶν,
2983 3836 3051 3904 τῇ
3101 3833 3199 3903 τῆς
3249 3833 3511 3905 διανομῆς
3550 3830 3746 3901 δηλονότι

2214 3926 2511 3997 δηλωτικῇ,
2559 3925 2725 3998 μηδὲν
2763 3925 3014 3996 ἐμποδὼν
3062 3926 3198 3995 πρὸς
3243 3924 3476 3992 ἑνότητα
3531 3920 3744 3991 γινομένη

2214 4017 2309 4072 τοῦ
2346 4019 2559 4091 Πατρός
2584 4034 2644 4071 τε
2668 4018 2760 4071 καὶ
2788 4016 2878 4071 τοῦ
2904 4015 3056 4081 Υἱοῦ,
3082 4016 3317 4085 θατέραν
3345 4015 3545 4080 αὐτῶν,
3568 4014 3654 4082 τὴν
3673 4008 3742 4062 τοῦ

2215 4109 2467 4180 προϊέναι
2506 4110 2670 4178 φημὶ,
2701 4106 3088 4179 προέρχεσθαι.
3124 4104 3468 4177 προχεῖσθαι,
3498 4099 3741 4172 πηγὰζειν,

2215 4202 2308 4254 καὶ
2340 4199 2684 4264 ἀναϐλύζειν,
2716 4194 2813 4251 ἐπί
2837 4198 2935 4269 μὲν
2963 4198 3172 4266 Πατρὸς
3202 4199 3283 4259 εἰς
3308 4196 3536 4267 δήλωσιν
3563 4192 3648 4263 τῆς
3670 4186 3739 4240 τοῦ

2214 4292 2527 4361 Πνεύματος
2573 4291 2807 4345 νοεῖσθαι
2860 4289 3145 4360 ὑπάρξεως
3195 4288 3434 4352 δίδωσιν,
3464 4286 3552 4339 ἐπὶ
3576 4283 3625 4334 δὲ
3666 4276 3739 4331 τοῦ

2213 4381 2343 4435 Υίοῦ
2380 4382 2502 4435 ἀντὶ
2554 4382 2817 4452 χορηγίας
2866 4380 2965 4434 καὶ
3004 4380 3223 4442 δόσεως,
3277 4376 3535 4451 πέμψεώς
3576 4391 3629 4427 τε
3668 4367 3738 4423 καὶ

2214 4471 2542 4541 ἀποστολῆς,
2592 4469 2895 4538 ἀναγκάζει
2941 4468 3336 4539 λαμϐάνεσθαι,
3368 4468 3437 4519 σὺ
3480 4463 3607 4535 μετὰ
3631 4459 3738 4527 παῤ-

2214 4561 2407 4631 ρησίας
2435 4559 2659 4628 πολλῆς,
2689 4554 2761 4609 Ὦ
2808 4559 3048 4627 μάταιοι,
3079 4556 3214 4625 πρὸς
3246 4557 3450 4619 αὐτοὺς
3498 4554 3644 4622 ἐρεῖς,
3664 4544 3734 4631 καὶ

540 4670 689 4709 mutu
747 4656 1116 4708 immutantur
1168 4653 1224 4707 itt
1282 4630 1568 4718 [filim—ea:
1601 4660 1840 4723 quoque,
1871 4667 1991 4722 qua:
2043 4630 2109 4706 ad

2219 4630 2416 4723 πολλὴν
2443 4656 2542 4721 τὴν
2568 4650 2665 4704 τοῦ
2690 4651 2867 4703 Σατὰν
2905 4648 3194 4719 ὁμοιότητα
3234 4647 3329 4699 ἐπὶ
3356 4651 3424 4716 τῇ
3458 4641 3640 4709 σπουδῇ
3664 4630 3732 4738 τοῦ

540 4743 992 4801 utantfestandam
1019 4743 1455 4798 distributionem
1477 4744 1712 4814 Spiritus
1732 4751 2108 4810 assumuntur,

504 4834 510 4845 '
539 4835 763 4907 petitttle
788 4836 1051 4890 valerent.
1081 4834 1151 4889 At
1176 4849 1322 4890 nunc
1357 4849 1466 4890 non
1493 4836 1546 4889 id
1574 4842 1679 4902 est,
1718 4835 1815 4891 sed
1844 4842 1905 4888 ut
1946 4835 2116 4889 bene-

540 4931 663 4983 vole
688 4943 785 4983 vos
818 4936 1072 4998 gerentes
1101 4926 1307 4995 dicitis,
1360 4941 1527 4981 unam
1557 4929 1755 4981 seriem
1801 4926 2109 4995 aequaliter,

539 5033 594 5074 et
621 5022 831 5089 absque
866 5018 977 5073 ullo
999 5019 1318 5073 discrimine
1345 5019 1411 5073 ad
1447 5020 1757 5072 notandam
1776 5017 2118 5073 distributio-

543 5130 668 5168 nem
702 5112 937 5182 Spiritus
957 5126 1023 5167 ex
1051 5109 1213 5165 Patre
1243 5118 1298 5165 et
1325 5125 1391 5163 ex
1423 5108 1564 5165 Filio
1583 5109 1902 5172 deccrni,et
1934 5118 2114 5166 tamen

544 5219 643 5258 vos
662 5205 761 5273 ipsi
784 5219 949 5257 unum
970 5200 1209 5273 Spiritus
1248 5200 1731 5271 suppeditatorem,
1771 5208 1826 5255 et
1843 5200 2109 5265 datorem,

543 5306 600 5352 et
624 5293 872 5364 Spiritus
924 5294 1203 5349 missionis
1251 5304 1306 5347 et
1332 5291 1617 5361 legationis
1645 5289 2112 5362 causamJ’atrem

539 5387 700 5443 fateri
751 5396 806 5443 et
849 5386 1047 5442 Filium
1098 5401 1204 5439 non
1255 5385 1544 5441 recusatis.
1577 5382 1865 5451 Quomodo
1922 5386 2110 5455 igitur,

538 5491 592 5535 et
616 5485 687 5536 ob
716 5492 881 5549 quam
909 5490 963 5532 et
1003 5477 1219 5547 qualem
1242 5476 1536 5542 rationem,
1573 5478 1872 5532 dummodo
1914 5480 1992 5533 uti
2016 5495 2113 5534 vos

539 5576 611 5627 ob
689 5567 1090 5640 improbitatem
1160 5582 1271 5622 non
1324 5569 1574 5622 caecutiat
1633 5569 1909 5637 quispiam
1941 5608 1957 5634 ,
2017 5570 2111 5624 uni

540 5664 701 5718 seriei
735 5664 791 5717 in
820 5672 1051 5730 utroque
1094 5660 1390 5730 aequabiles
1416 5659 1561 5714 vires
1609 5662 1901 5725 concedat,
1949 5661 2109 5717 alteri

540 5757 832 5825 denegabit
851 5756 876 5807 Ἰ
909 5754 1071 5808 Pater
1091 5763 1179 5807 est
1215 5761 1379 5819 atque
1402 5749 1576 5806 Filius
1606 5753 1701 5822 qui
1733 5754 2109 5823 suppeditant,

544 5846 788 5910 mittunt,
834 5845 989 5907 dant,
1015 5844 1224 5913 legant,
1252 5853 1308 5895 et
1349 5840 1439 5895 hic
1484 5844 1785 5910 paternitas
1813 5853 1868 5898 et
1920 5845 2111 5898 liliatio

543 5951 656 5992 non
676 5937 979 6007 impediunt
1004 5934 1477 6005 suppeditatiouis,
1501 5934 1760 6003 dationis,
1807 5935 2108 6003 missionis,

2213 4742 2324 4794 τῶν
2372 4740 2709 4810 Ἐκκλησιῶν
2731 4737 3166 4807 ἐπιδεικνύμενοι
3198 4736 3510 4806 σχίσματος,
3535 4731 3634 4796 είγε
3658 4727 3731 4792 τῆς

2215 4833 2550 4903 πατρότητος
2593 4831 2688 4883 καὶ
2715 4829 2957 4899 υίότητος
2994 4831 3027 4898 ή
3056 4826 3288 4896 διαφορὰ
3315 4826 3415 4895 την
3440 4823 3541 4879 τῶν
3565 4821 3642 4872 ἐπὶ
3660 4815 3729 4868 τοὺ

2216 4923 2426 4993 Harpe;
2471 4922 2567 4973 ἐπὶ
2592 4920 2838 4990 σημασίᾳ
2874 4918 2974 4987 τῆς
3006 4917 3102 4971 τοῦ
3150 4914 3462 4983 Πνεύματος
3496 4907 3729 4993 ὑπάρξεως

2214 4989 2541 5084 λεγομένων,
2572 5013 2669 5065 καὶ
2691 5011 2752 5063 τὸ
2798 4989 3146 5080 ἐκπορευτῶς
3174 5006 3504 5077 δυναμένων,
3535 5002 3615 5055 καὶ
3635 4989 3728 5049 κατ’

2216 5109 2397 5164 αἰτίαν
2427 5106 2624 5171 λέξεων
2648 5104 3026 5176 ἀπαρίθμησιν
3059 5104 3138 5166 είς
3161 5102 3478 5171 ὁμωνυμίαν
3510 5092 3608 5167 εἶχε
3631 5088 3724 5160 τρέ-

2215 5218 2341 5255 πειν
2365 5202 2459 5253 ἐπὶ
2491 5198 2644 5261 Υίοῦ,
2701 5198 2797 5250 καὶ
2842 5197 2936 5249 ἐπὶ
2960 5195 3069 5247 τῶν
3099 5195 3176 5257 sl;
3207 5194 3440 5263 δήλωσιν
3476 5191 3564 5259 τῆς
3590 5187 3724 5238 διανο·

2218 5296 2326 5366 μῆς
2364 5291 2791 5364 λαμϐανομένων
2820 5288 2917 5343 τοῦ
2963 5286 3306 5359 Πνεύματος,
3336 5286 3555 5356 ἡδύνατο
3590 5278 3645 5331 ἂν
3678 5271 3721 5366 τὸ

2215 5363 2368 5441 αὐτό.
2406 5385 2521 5438 Νῦν
2544 5384 2602 5437 δὲ
2633 5383 2695 5436 οὐ
2725 5380 2905 5446 τοῦτο,
2936 5380 3051 5434 ἀλλ’
3071 5378 3147 5442 ὡς
3178 5378 3273 5432 καὶ
3314 5379 3469 5448 ὑμεῖς
3505 5363 3720 5428 αὑτοὶεὺ-

2214 5477 2618 5549 γνωμονοῦντις
2646 5478 2704 5528 ἐν
2729 5474 2905 5545 τούτῳ
2938 5471 3095 5543 φατὲ,
3119 5473 3155 5540 ἠ
3187 5471 3287 5541 μία
3324 5471 3432 5525 τῶν
3460 5456 3720 5549 συσταχιιξιν

2214 5547 2413 5639 δπίσης
2436 5569 2533 5623 καὶ
2552 5568 2674 5638 δίχα
2707 5565 2991 5634 διαστολῆς
3016 5563 3237 5618 οίασοῦν
3260 5562 3330 5616 τά
3368 5578 3431 5630 γε
3458 5562 3529 5623 είς
3547 5554 3628 5625 τὴν

2213 5634 2473 5730 διανομῆς
2498 5634 2932 5726 τοῦτῖινεύματος
2959 5653 3214 5723 δήλωσιν,
3238 5650 3334 5704 καὶ
3354 5652 3427 5705 εκ
3446 5648 3531 5703 τοῦ
3554 5634 3720 5730 Πατρδξ

2215 5722 2565 5816 θεολογεῖται,
2599 5748 2695 5799 καί⁸
2724 5747 2790 5797 ἑκ
2831 5741 2928 5796 τοῦ
2958 5741 3111 5795 Tim).
3146 5742 3258 5795 Kal.
3294 5740 3406 5794 οὐδ’
3442 5735 3579 5808 ὑμεῖς
3599 5722 3714 5820 αὑτυξ

2213 5840 2310 5894 Eva
2355 5840 2452 5893 τού
2493 5838 2811 5907 Πνεύματος
2857 5835 3112 5906 χορηγὸν,
3157 5835 3253 5887 καὶ
3301 5834 3494 5904 δοτῆρα
3536 5828 3614 5880 ἕνα
3644 5830 3713 5868 του

2214 5933 2551 6001 Π,εύματος,
2593 5928 2651 5983 ἓν
2687 5927 2805 6004 ,τῆς
2845 5927 2938 5980 τοῦ
2990 5925 3303 5995 Πνεύματος
3336 5919 3606 5987 ἀποστολῆς
3643 5921 3710 5960 καί
