3870 6560
131 427 221 490 36θ

1157 435 1162 438 ·
1229 426 1330 485 an
1372 411 1978 491 CONSTANT‘INUM
2019 429 2168 488 LIB.
2215 425 2299 484 Π.

3257 403 3370 468 3Ἷθ

132 537 212 590 καὶ
241 532 298 586 rb
327 532 464 603 πρὸς
496 532 599 604 τὴν
626 529 930 604 ὑπηρεσεαν
971 531 1324 589 παντάπασιν
1354 537 1672 610 ἀνεγχὼρη-

1813 539 2133 595 istribueudi
2153 523 2467 593 facultatem
2493 537 2643 602 teque
2663 525 2809 584 Patri
2829 523 3088 588 tribuant,
3107 533 3172 577 ac
3187 517 3352 577 Filio.

130 645 244 691 τον,
285 626 374 678 ἐπὶ
413 625 514 696 τὴν
557 625 814 696 τοιαύτην
863 625 1064 691 αὐτοὺς
1113 627 1292 682 πείθει
1345 630 1523 684 νεύειν
1552 632 1683 701 ὁμο-

129 716 330 786 λογίαν·
389 715 549 788 τρίτη
609 733 690 770 σοι
747 717 886 788 πρὸς
945 719 1144 782 αὐτοὺς
1203 719 1352 774 ἔστω
1391 721 1683 793 ἐρώτησις,

129 809 270 877 εἴπερ
308 807 440 862 αὐτὸ
485 807 550 861 τὸ
600 809 741 862 κατὰ
771 807 932 877 φύσιν
961 810 1344 881 διανεμητικὸν
1375 814 1571 884 ἐπίσης
1607 813 1685 884 τῷ

129 901 284 970 Harp!
314 899 512 953 διδόασι
553 900 650 954 καὶ
677 899 754 970 τῷ
788 901 1142 974 Υἱῷ,ὥσπερ
1171 904 1298 956 ὅταν
1324 903 1509 968 ἁπλῶς
1559 907 1686 976 περὶ

129 991 210 1044 τοῦ
257 991 650 1060 διανεμτικοῢ
679 992 869 1046 τούτου
901 1009 964 1062 γε
999 995 1312 1064 ἠρωτῶντο.
1346 996 1458 1050 Καὶ
1501 998 1685 1050 τεὶευ-

129 1085 271 1139 ταίσν
323 1083 384 1152 ἰὴ
417 1084 516 1136 καὶ
564 1084 664 1154 τὴν
697 1084 788 1138 ἐπὶ
811 1083 1020 1148 τούτοις
1063 1087 1351 1156 ὁμολογίαν
1391 1087 1592 1143 λαϐὼψ
1630 1091 1688 1150 ἐς

131 1175 358 1230 τοσοῦτον
408 1175 521 1245 γὰρ
557 1177 620 1229 τὸ
667 1175 806 1231 κατᾶ
849 1175 1010 1246 φύσιν
1062 1177 1444 1250 διανεμητικὸν
1491 1179 1686 1249 ἐπίσης

133 1267 312 1323 διδόασι
347 1268 426 1338 τῷ
469 1271 654 1341 Ila-cpt
695 1270 791 1324 καὶ
831 1271 910 1340 τῷ
934 1270 1070 1341 Υἱῷ,
1111 1271 1281 1343 μόνης
1325 1273 1424 1341 τῆς
1453 1271 1591 1326 κατὰ
1625 1271 1686 1324 τδ

135 1360 324 1427 πρῶτον
357 1360 454 1414 κα)⁸
480 1361 715 1431 ἀρχικὸν
767 1363 939 1416 αἴτιον
972 1362 1408 1434 διαφορᾶςκατᾶ
1448 1363 1687 1432 θεολογι-

134 1450 218 1512 id;
265 1450 612 1520 τηρουμένης
683 1451 760 1522 τῷ
819 1453 996 1524 Πατρὶ
1059 1453 1408 1523 παραδόσεις,
1461 1454 1536 1519 ῶς
1593 1454 1687 1508 καὶ

133 1540 346 1610 χορηγὸν
373 1541 468 1594 ἕνα
497 1543 596 1596 καὶ
624 1543 826 1612 δοτῆρα
854 1545 952 1599 ἕνα
987 1545 1080 1599 τοῦ
1113 1547 1253 1599 Πνεύ
1263 1563 1430 1617 ματος
1457 1548 1549 1600 τὸν
1579 1549 1692 1599 Πα-

133 1633 249 1704 τέρα
276 1631 455 1700 λέγειν
491 1633 593 1686 καὶ
645 1633 733 1689 τὸν
767 1635 898 1688 Υἱδν
939 1635 1191 1706 οὐδαμῶς
1219 1637 1420 1700 αὐτοὺς
1452 1638 1690 1692 ἀναϐάλ-

134 1722 329 1776 λεσθαι·
368 1722 537 1804 ,ἔχειν
586 1726 774 1780 λοιπὸν
820 1727 921 1798 ἤδη
963 1727 1022 1780 τὸ
1069 1729 1178 1782 πᾶν
1215 1729 1315 1797 τῆς
1362 1729 1690 1796 ἀποδείξεως

135 1816 364 1881 γίνωσκε.
415 1817 601 1888 Ἐρεῖς
647 1819 756 1889 γὰρ
819 1822 884 1873 ἐκ
952 1820 1060 1874 τῶν
1126 1822 1428 1892 ὁμολογιῶν
1485 1824 1689 1877 τούτων

137 1905 286 1969 ἀδεῶς
327 1907 462 1978 πρὸς
499 1910 702 1972 αὐτοὺς
731 1911 823 1964 τὸν
848 1909 1006 1980 λόγον
1038 1913 1454 1985 ἀποτεινόμενος
1484 1915 1690 1980 ἔκτοτε,

136 1995 198 2058 ὡς
226 1998 388 2077 Εἴπερ
408 1999 469 2052 τὸ
488 1999 588 2054 τοῦ
612 2001 928 2073 Πνεύματος
963 2003 1108 2058 κατὰ
1131 2004 1290 2074 φύσιν
1311 2005 1694 2077 διανεμητικὸν

138 2071 390 2142 τοσοῦτον.
417 2089 606 2144 ἔνεστι
651 2091 730 2164 τῷ
781 2093 921 2164 Υεῷ,
969 2095 1165 2149 ὁπόσον
1211 2101 1307 2151 καὶ
1357 2097 1435 2168 τῷ
1491 2100 1690 2171 Πατρὶ,

138 2177 274 2232 δεῦτε
317 2181 379 2251 δὴ
415 2183 551 2251 περὶ
580 2183 682 2254 τῆς
711 2185 851 2238 κατὰ
885 2185 1048 2256 φύσιν
1083 2188 1348 2259 χορηγίας
1371 2191 1464 2244 καὶ
1498 2191 1697 2256 δόσεως
1737 2233 1740 2236 .

139 2270 220 2323 τοῦ
247 2271 568 2342 Πνεύματος
604 2277 667 2330 ὲκ
701 2277 918 2348 Πατρδς
953 2279 1315 2334 ἐπισκεπτέον
1356 2285 1539 2354 ἡμᾶς,
1585 2283 1693 2338 εἴτε

144 2362 319 2430 ἠκατὰ
339 2365 503 2432 φύσιν
529 2368 770 2438 χορηγία
791 2370 886 2424 καὶ
908 2371 1053 2436 δόσις
1082 2372 1220 2444 αὕτη
1254 2373 1348 2427 τοῦ
1375 2376 1696 2448 Πνεύματος

139 2455 336 2526 amen;
381 2458 595 2528 ὑστέρα
647 2462 746 2531 τῆς
794 2463 860 2517 ἐκ
913 2465 1130 2538 Πατρδς
1197 2467 1360 2520 αὐτοῦ
1411 2469 1696 2540 ὑπάρξεως

141 2545 257 2598 οὖσα
285 2547 432 2617 ὅμως
482 2552 792 2623 συστατική
827 2551 912 2616 τίς
939 2555 1052 2608 ἐστι
1085 2557 1184 2626 τῆς
1217 2558 1477 2630 τοιαύτης
1520 2563 1699 2632 ύπὰρο

144 2634 279 2700 ξεως,
323 2636 430 2690 εἴτε
470 2639 591 2708 μής
649 2643 756 2694 Καὶ
791 2643 1149 2709 ἀνανεύοντας
1183 2646 1282 2715 μὲν
1330 2649 1467 2720 πρὸς
1503 2651 1602 2722 τὴν
1634 2655 1697 2706 ἐκ

144 2729 299 2797 κοινῆς
327 2732 606 2800 συνἸήκης
627 2733 909 2804 ἐπίσκεψιν
934 2736 1148 2805 βλέπων
1171 2739 1385 2804 αὑτοὺς,
1417 2742 1686 2810 οὲμώζειν

145 2816 217 2880 Ea,
241 2819 328 2872 καὶ
354 2821 412 2884 ἐς
433 2821 686 2892 κόρακας
709 2825 1008 2898 ἀπόπεμπε
1040 2829 1282 2900 οἴχεσθαι
1304 2843 1319 2858 ⁸
1345 2833 1696 2904 ὲπινεύοντας

148 2908 195 2961 δὲ
224 2911 346 2981 πρὸς
375 2914 538 2968 τοῦτο
581 2916 878 2985 εὑρίσκων,
912 2918 1093 2988 ἐρώτα
1127 2921 1256 2992 περὶ
1291 2924 1484 2977 τούτου
1514 2925 1700 2980 λοιπὸν

153 3000 233 3054 σὺν
267 3003 447 3068 αὐτοῖς
476 3005 664 3062 πάντα
695 3007 970 3062 ὁντιναοῦν
1001 3011 1110 3064 τῶν
1149 3013 1250 3083 τῆς
1271 3014 1500 3085 Τριάδος
1527 3035 1700 3088 προσ·

154 3094 391 3163 κυνητῶν,
435 3090 482 3164 ᾧ
533 3097 633 3151 καὶ
677 3099 1027 3168 ἁμωσγέπως
1077 3103 1227 3172 μέλει
1262 3085 1700 3176 θεολογίας,νκαἰ

151 3182 314 3238 οὐδένα
339 3187 598 3258 οὐδαμῶς
648 3189 901 3262 εὑρήσεις
953 3192 1231 3261 τοιοῦτον,
1262 3195 1366 3252 κᾶν
1413 3199 1542 3272 ἄχρι
1583 3202 1698 3271 χεί-

1767 631 1864 715 οιιιί
1897 646 2021 686 cum
2058 631 2126 686 de
2157 629 2413 685 facultate
2441 627 2544 682 ista
2583 619 2907 692 simpliciter
2937 613 3362 686 interrogaban-

1788 734 1896 780 tur.
1915 723 1978 777 Et
2001 732 2331 794 postremam
2356 715 2670 775 eorumdem
2691 713 2935 769 dehisce
2955 707 3355 766 confessionem
3443 705 3453 713 ‘

1787 826 2108 886 acceptans;
2158 812 2462 869 naturalem
2493 807 2758 880 siquidem
2787 799 3152 860 distribuendi
3188 797 3361 856 facul-

1788 916 1952 963 tatem
1985 907 2102 978 pari
2160 904 2320 959 modo
2350 901 2496 958 Patri
2539 909 2592 956 et
2636 896 2778 953 Filio
2823 895 3153 954 attribuunt,
3187 891 3364 946 itaut

1788 999 1900 1053 sola
1927 996 2224 1052 secundum
2261 989 2642 1064 primigeniam
2676 1001 2894 1044 causam
2922 995 2976 1042 et
3001 981 3359 1056 principalem

1788 1087 2094 1144 differentia
2119 1129 2135 1154 ,
2187 1069 2291 1138 uti.
2318 1081 2632 1153 theologicae
2665 1077 2986 1134 traditiones
3041 1073 3365 1132 decernunt,

1787 1176 1936 1232 Patri
1965 1183 2339 1237 conservetur,
2378 1171 2568 1241 sicque
2602 1167 3061 1238 suppeditatorem
3097 1177 3264 1218 unum
3296 1177 3362 1218 ac

1788 1267 2028 1320 datorem
2053 1263 2286 1334 Spiritus
2309 1276 2552 1318 asserere
2577 1257 2788 1312 Patrem
2816 1265 2868 1313 et
2901 1255 3097 1310 Filium
3123 1267 3232 1308 non
3279 1267 3366 1306 re-

1789 1367 2035 1428 spuunt:
2079 1358 2190 1428 jam
2236 1369 2452 1410 omnem
2485 1349 3004 1408 demonstrationem
3060 1347 3260 1402 habere
3315 1353 3368 1398 te

1791 1449 2030 1506 noscito.
2082 1445 2218 1502 Nam
2249 1463 2313 1502 ex
2356 1447 2441 1500 liis
2488 1441 2756 1500 confessis
2811 1439 3080 1510 intrepide
3128 1438 3181 1492 in
3239 1451 3360 1492 cos-

1790 1541 1912 1598 dem
1949 1552 2061 1596 tum
2086 1550 2407 1614 convertens
2435 1537 2739 1594 orationem
2760 1533 2940 1590 dices:
2974 1531 3030 1587 Si
3054 1529 3352 1588 secundum

1789 1639 2041 1686 naturam
2099 1629 2336 1699 Spiritus
2391 1628 2710 1683 distributio
2763 1631 2914 1680 tanta
2957 1629 3043 1676 est
3089 1619 3145 1676 in
3203 1617 3364 1673 Patre

1792 1731 1992 1790 quanta
2046 1723 2099 1776 in
2129 1721 2304 1784 Filio,
2351 1720 2493 1792 agite
2533 1717 2943 1774 consideremus
2981 1721 3036 1769 et
3063 1709 3368 1766 naturalem

1791 1813 2284 1885 Suppeditationem
2323 1823 2376 1868 et
2407 1812 2680 1867 dationent
2717 1808 2952 1880 Spiritus
2993 1824 3006 1860 :
3057 1821 3124 1860 an
3164 1803 3370 1858 scilicet

1801 1905 2060 1960 naturalis
2088 1903 2453 1975 suppeditatio
2481 1902 2740 1971 datioque
2787 1899 2886 1955 ista
2934 1897 3172 1968 Spiritus
3197 1934 3210 1956 ,
3251 1908 3372 1964 quae

1799 2008 1925 2049 vere
1950 1993 2216 2064 posterior
2243 1992 2504 2064 est.illius
2547 2007 2613 2048 ex
2654 1989 2814 2046 Patre
2864 1985 3207 2051 exsistentia,
3238 1997 3372 2038 cou-

1801 2087 1988 2143 stituat
2019 2085 2376 2142 nihilominus
2407 2085 2640 2141 similem
2683 2079 3081 2147 exsistentiam,
3107 2076 3194 2132 vel
3239 2089 3371 2129 non.

1801 2190 1854 2234 et
1885 2181 1932 2236 si
1971 2179 2234 2250 repereris
2278 2179 2431 2250 ipsos
2478 2177 2800 2239 abnuentes,
2827 2183 2884 2228 et
2918 2169 3194 2228 communi
3240 2183 3371 2224 con-

1803 2289 1964 2328 sensu
2014 2273 2365 2342 approbatam
2429 2269 2751 2326 sententiam
2813 2272 3158 2335 respuentes,
3211 2260 3374 2316 sinito

1801 2379 1898 2420 eos
1932 2363 2230 2420 infeliciter
2261 2378 2440 2433 agere,
2473 2372 2526 2419 et
2560 2363 2626 2418 ad
2653 2374 2850 2416 corvos
2883 2357 3142 2415 dimittito
3184 2370 3199 2408 :
3230 2352 3376 2423 quod

1803 2457 1848 2512 si
1879 2465 2122 2512 annucnt
2143 2454 2211 2510 ad
2237 2455 2364 2523 hoc,
2393 2455 2670 2523 interroga
2701 2451 2916 2507 interim
2943 2447 3158 2517 exipsis
3189 2458 3376 2515 quem-

1804 2565 2022 2620 cunque
2069 2548 2165 2604 tibi
2201 2547 2417 2603 obviam
2457 2545 2684 2607 factum,
2723 2540 3019 2598 dummodo
3049 2539 3097 2593 is
3121 2535 3374 2591 Triadem

1805 2641 1979 2706 colat,
2013 2650 2068 2695 et
2100 2642 2154 2694 iu
2188 2639 2348 2695 rebus
2376 2636 2695 2708 tlteologicis
2711 2635 2794 2689 vel
2818 2634 3102 2688 minimum
3131 2636 3377 2683 versatus

1811 2736 1900 2793 sit,
1927 2743 1980 2788 et
2006 2732 2212 2786 nullum
2235 2745 2458 2800 prorsus
2487 2728 2749 2793 invenies,
2769 2725 2862 2794 qui
2881 2723 2960 2779 vel
2976 2721 3203 2779 summis
3222 2718 3377 2773 labiis

1808 2828 2056 2876 eructare
2074 2819 2313 2881 audebit,
2335 2819 2379 2872 si
2407 2815 2759 2880 concedatur,
2785 2813 2996 2869 Patrem
3021 2825 3142 2867 esse
3160 2817 3378 2864 natur:-

1811 2914 1914 2967 lem
1949 2911 2410 2984 suppeditatorem
2435 2919 2488 2966 et
2518 2907 2814 2963 naturalem
2849 2906 3094 2960 datorem
3123 2901 3379 2973 Spiritus,

1808 3003 1934 3058 inde
1952 3004 2118 3059 etiam
2139 3017 2366 3075 prorsus
2388 2999 2755 3056 necessarium
2778 3011 2918 3062 esse,
2939 2993 3379 3050 etexsistentiam

1807 3093 1954 3150 illius
1976 3093 2223 3165 intelligi.
2249 3092 2316 3148 Et
2343 3093 2395 3148 id
2417 3092 2508 3148 ubi
2531 3091 2584 3146 in
2603 3089 2780 3146 lucem
2800 3086 3030 3154 venerit,
3055 3085 3199 3141 facili
3221 3097 3379 3152 nego.-

1808 3185 1908 3250 tio,
1943 3185 2089 3256 quod
2121 3185 2390 3256 reliquum
2420 3191 2524 3250 est,
2559 3191 2612 3238 et
2641 3183 2822 3252 plane,
2855 3193 2964 3234 non
3000 3173 3380 3250 methodorum

155 3273 255 3338 λεος
307 3279 474 3348 ἄκρου
541 3259 888 3354 τολμήσοντά
919 3301 1077 3350 εποτε
1108 3259 1537 3367 ,ἀπερεύξασθαι
1563 3259 1698 3363 ,μμὴ

1806 3277 2244 3348 pertractatione,
2277 3291 2382 3330 non
2417 3283 2862 3346 argumentorum
2895 3269 3110 3333 robore,
3158 3280 3266 3320 non
3299 3277 3384 3318 re-

82 3383 88 3388 ‘
156 3369 312 3422 πᾶσαν
361 3369 503 3426 εἶναι
561 3375 828 3446 ἀνάγκην,
865 3376 1148 3446 διδομένου
1195 3378 1291 3432 τοῦ
1343 3379 1435 3434 τὸν
1482 3382 1702 3454 Πατέρα

157 3465 354 3530 φυσικὸν
369 3467 611 3538 χορηγὸν
633 3468 731 3522 καὶ
755 3469 985 3537 φυσικὸν
1012 3469 1216 3540 δοτῆρα
1247 3459 1386 3524 εἶναι
1413 3470 1506 3525 τοῦ
1535 3473 1704 3526 ῐΙνεύ-

162 3571 324 3621 ματος,
354 3558 448 3610 καὶ
483 3559 592 3628 τὴν
623 3559 682 3624 ἐξ
708 3559 872 3613 αὐτοῦ
916 3559 1169 3614 ἐντεῦθεν
1201 3561 1434 3635 ὓπαρξιν
1459 3563 1702 3618 νοεῖσθαι

160 3646 318 3701 αὐτοῦ.
343 3649 552 3704 Τούτου
575 3651 631 3705 δὲ
659 3652 1114 3720 ἁναφαινομένου,
1141 3654 1384 3725 εὐχερῶς
1414 3655 1476 3709 τὸ
1500 3655 1706 3722 λοιπὸν,

159 3738 238 3789 καὶ
264 3740 429 3810 πάντη
455 3759 521 3810 γε
547 3741 788 3813 ὁμαλῶς,
813 3745 876 3796 ού
904 3742 1141 3812 μεθόδων
1179 3745 1576 3816 μεταχειρίσει,
1609 3749 1710 3800 ούκ

165 3830 600 3904 ἔκιχειρημάτων
647 3834 812 3916 ἰσχύϊ,
838 3837 940 3888 οὐκ
984 3836 1264 3906 ἐργασιῶν
1296 3838 1492 3908 πλήθει
1519 3880 1534 3905 ,
1574 3839 1710 3896 ἀλλὰ

165 3923 280 3994 μόνῃ
308 3927 439 3997 αὐτῇ
467 3927 581 3981 τῶν
615 3927 1034 3981 ἀντιδικούντων
1076 3929 1256 3984 αὐτῶν
1316 3923 1404 4001 τῇ’
1443 3931 1586 3985 κατὰ
1651 3933 1712 3985 τὸ

163 4019 316 4068 κοινὸν
347 4022 444 4088 τῆς
472 4021 716 4089 φυσικῆς
751 4017 954 4084 δόσεὼς
994 4039 1052 4075 τε
1083 4023 1180 4075 καὶ
1230 4023 1495 4094 χορηγίας
1523 4025 1712 4094 ὁμολοο

1809 3369 2098 3438 petitarum
2131 3368 2509 3438 probationum
2534 3364 2775 3430 cumulo,
2797 3363 2890 3418 sed
2921 3361 3033 3416 sola
3055 3359 3168 3430 ipsa
3190 3356 3384 3412 adver-

1813 3459 2080 3514 sariorum
2107 3457 2456 3515 confessione
2473 3456 2540 3511 de
2561 3451 2836 3512 communi
2855 3462 2908 3506 et
2933 3447 3166 3504 naturali
3188 3459 3384 3515 suppe-

1814 3549 2082 3605 ditatione
2112 3564 2177 3604 ac
2217 3549 2454 3613 datione,
2479 3563 2587 3616 qua
2625 3546 2841 3616 quidem
2873 3541 3008 3597 nihil
3041 3537 3292 3598 validius,
3327 3545 3384 3588 ut

1815 3651 1974 3698 antea
1995 3642 2420 3706 insinuaveram,
2445 3640 2512 3695 ab
2532 3638 2662 3702 illis,
2684 3636 2777 3707 qui
2801 3633 3074 3692 similibus
3091 3629 3280 3686 sedulo
3298 3629 3384 3682 in-

1811 3734 2092 3799 cumbunt,
2129 3733 2422 3806 echgitari
2453 3739 2652 3804 potest,
2701 3727 2938 3800 Spiritus
2964 3739 3030 3781 ex
3074 3721 3212 3777 Filio
3239 3720 3384 3776 exsi-

1811 3828 2064 3882 stcntiam
2104 3825 2540 3898 suppeditatione
2588 3831 2644 3878 et
2694 3806 2914 3875 datione
2963 3813 3382 3874 demonstrahis,

1815 3918 1957 3972 unde
1977 3917 2155 3996 Patris
2182 3927 2236 3974 et
2254 3915 2378 3972 Filii
2400 3916 2455 3970 in
2475 3914 2708 3986 Spiritus
2727 3925 2891 3967 causa
2916 3909 3096 3966 unitas
3113 3907 3244 3963 adeo
3267 3919 3382 3958 ma-

1815 4008 2010 4064 nifesta
2042 4011 2311 4082 provenit,
2347 4018 2406 4065 ut
2433 4021 2596 4063 nemo
2655 4005 2732 4060 illi
2763 4001 3138 4060 contradicere
3166 3997 3380 4054 audeat.

163 4107 261 4178 Υίᾳο
288 4105 351 4181 ἧς
385 4113 541 4164 οὐδὲν
594 4113 974 4182 ἰσχυρότερον,
1009 4113 1080 4176 ὡς
1129 4115 1220 4166 καὶ
1273 4113 1488 4181 φθάσας
1543 4115 1702 4188 ἔφην,
1741 4123 1862 4185 τοῖς¹
1897 4123 2029 4193 περὶ
2069 4125 2138 4179 τὰ
2204 4123 2429 4178 τοιαῦτα
2475 4118 2874 4176 ἐσπουδακόσιν
2927 4114 3255 4188 ἠκρίϐωται,
3289 4111 3386 4181 τὴν

165 4197 214 4263 ἐξ
243 4200 362 4261 Tini
392 4203 486 4256 τοῦ
519 4201 842 4273 Πνεύματος
873 4202 1130 4274 ὓπαρξιν,
1167 4207 1260 4258 καὶ
1307 4207 1364 4272 ἐξ
1409 4207 1580 4276 αὐτῆς
1606 4209 1703 4280 τῆς
1745 4214 2008 4286 χορηγίας
2036 4217 2130 4274 καὶ
2183 4217 2383 4278 δόσεως
2439 4205 3033 4277 ἀποδείξεις,όπόθενή
3057 4205 3151 4259 τοῦ
3177 4203 3387 4276 Πατρδς

165 4292 242 4343 καὶ
268 4292 390 4346 Υξοῧ
421 4296 516 4347 ὲ.πὶ
566 4297 633 4365 τῇ
672 4293 767 4348 τοῦ
799 4294 1117 4366 Πνεύματος
1143 4296 1292 4368 αἰτίᾳ
1320 4298 1508 4368 ἑνότης
1545 4285 1811 4366 λαμϐάνει
1839 4305 1900 4358 τὸ
1936 4307 2350 4380 ἀναντίρρητον.

225 4384 283 4442 θ’.
313 4388 417 4442 Καὶ
453 4389 598 4442 οὕτω
640 4389 737 4458 τὴν
771 4391 835 4443 ἐκ
867 4390 964 4460 τῆς
997 4392 1518 4461 ἁντιπαραστάσεωξ
1548 4394 1700 4464 πρώτ

165 4494 247 4546 την
269 4480 597 4552 διαπεράνας
621 4479 919 4548 ἀπόδειξιν,
953 4482 1054 4552 τὴν
1085 4485 1149 4536 ἐκ
1173 4483 1283 4536 τῶν
1311 4484 1557 4552 φυσικῶς
1583 4487 1706 4540 καθ’

1885 4402 1932 4455 9.
1963 4401 2028 4456 Ει
2048 4401 2146 4470 sic,
2170 4416 2234 4457 ex
2257 4401 2491 4458 secunda
2512 4399 2786 4465 instantia,
2807 4397 3268 4456 demonstratione
3287 4397 3384 4452 ab-

1815 4493 2012 4559 soluta,
2037 4509 2158 4564 qua:
2181 4509 2244 4549 ex
2267 4493 2607 4548 naturalibus
2631 4491 2862 4562 singulis
2883 4489 3078 4546 diebus
3097 4488 3359 4544 obvenien

167 4566 380 4641 ἑκάστην
417 4571 746 4641 γινομένων,
774 4571 1034 4644 δευτέραν
1065 4573 1232 4629 οὖσαν
1275 4575 1467 4646 αὐτῆς,
1501 4575 1582 4631 ἔτι
1611 4595 1701 4632 πε-

1812 4583 1976 4651 tibus,
1993 4594 2045 4640 et
2061 4584 2128 4640 ab
2146 4585 2237 4640 illa
2252 4584 2550 4641 secundum
2571 4585 2747 4644 locum
2766 4581 3158 4652 occupantibus
3177 4579 3386 4637 facilius

171 4664 331 4728 ρινείς
357 4663 770 4734 εὐχερέστερον,
813 4663 910 4718 ἅτε
945 4666 1038 4719 καὶ
1065 4667 1129 4720 ἐτι
1165 4667 1273 4720 τῶν
1326 4669 1492 4722 πᾶσιν
1541 4671 1710 4738 ἐγνω-

171 4750 358 4816 σμένων
397 4755 816 4826 λαμϐανομένην
867 4774 970 4812 σοι.
1023 4757 1085 4811 'll
1116 4759 1222 4830 γὰρ
1273 4761 1426 4830 πηγὴ
1468 4763 1712 4828 φυσικῶς

170 4844 451 4911 χορηγοῦσα
481 4846 542 4898 τὸ
573 4846 737 4916 ὕδωρ,
789 4849 880 4900 καὶ
915 4849 1064 4902 αἰτία
1096 4849 1187 4904 τοῦ
1219 4849 1411 4914 ὕδατός
1453 4854 1592 4918 ἐστι,
1619 4855 1713 4906 καὶ

172 4931 221 4982 τὸ
245 4933 345 5002 πῦρ
375 4939 623 5007 φυσικῶς
647 4939 710 4992 τὸ
741 4939 854 5008 φῶς
879 4940 1172 5012 χορηγοῦν,
1205 4944 1301 4996 καὶ
1342 4945 1520 4998 αἴτιον
1547 4944 1712 5000 αὐτοῦ

174 5023 302 5078 ἐστιν
325 5044 336 5058 ·
361 5030 624 5094 ὡσαύτως
647 5033 704 5084 δὲ
735 5033 830 5085 καὶ
858 5034 919 5085 τὸ
949 5035 1166 5103 δένδρον
1195 5037 1437 5104 φυσικῶς
1458 5039 1550 5092 τὸν
1580 5057 1644 5092 κα
1657 5058 1718 5110 ρ-

176 5116 263 5170 πδν
308 5139 595 5194 χορηγουν,
642 5127 738 5178 καὶ
773 5126 950 5179 αἴτιον
983 5127 1148 5180 αὐτοῦ
1183 5129 1355 5182 ἐστιν.
1401 5130 1510 5183 Καὶ
1543 5131 1718 5184 ταῦτα

179 5206 370 5272 ἀγνοῶν
415 5215 522 5266 τῶν
561 5215 818 5270 ἁπάντων
851 5215 997 5268 ἔστιν
1033 5218 1182 5279 ὅστις
1231 5217 1431 5281 οὐδείς.
1465 5220 1620 5274 Οὕτω
1657 5221 1720 5292 δὴ

178 5299 260 5350 καὶ
287 5302 332 5354 οἱ
361 5305 450 5358 δύο
479 5308 667 5376 τρόποι
699 5309 797 5376 τῆς
820 5308 962 5362 κατὰ
986 5307 1460 5379 ἀντιπαράστασιν
1489 5312 1720 5382 προϐαί-

181 5404 338 5456 νοντες
370 5397 715 5464 ἀποδεὶξεως,
761 5399 861 5468 τῆς
891 5401 989 5470 μὲν
1032 5403 1167 5470 πρὸς
1200 5401 1260 5454 τὺ
1289 5403 1462 5474 παρὸν
1521 5405 1722 5473 ἡμετέ-

183 5494 268 5548 ρας
295 5486 616 5555 προθέσεως,
646 5488 848 5562 καθ’ἥν
869 5491 930 5543 τό
959 5509 1018 5544 τε
1059 5491 1370 5562 παράλογον
1399 5495 1509 5547 τῶν
1537 5496 1626 5548 ἐπὶ
1653 5499 1718 5566 τῇ

184 5573 238 5623 ὲκ
281 5576 482 5648 "sirpe;
534 5582 603 5634 δι’
650 5582 780 5636 Υῐοῦ
847 5584 1174 5654 ὲκπορεύσει
1234 5587 1328 5639 τοῦ
1400 5586 1720 5658 Πνεύματος

185 5662 472 5737 ἐξηγήσεων
519 5674 795 5741 ὑποδεῖξαέ
833 5693 913 5729 σοι
962 5677 1325 5748 προεθέμεθα,
1356 5680 1465 5732 τῶν
1497 5699 1552 5733 τε
1587 5681 1718 5750 ψευ-

186 5753 274 5808 δων
313 5763 632 5836 ὁμωνυμιῶν
668 5767 767 5838 τὴν
807 5769 1118 5839 διαγραφὴν
1177 5771 1512 5840 ὑπεθέμεθα,
1549 5774 1718 5839 πέρας

191 5863 257 5900 σοι
285 5853 510 5922 γίνονται
544 5875 556 5889 ·
587 5859 684 5930 τὴν
713 5860 768 5913 δέ
795 5878 855 5929 γε
881 5862 970 5916 καί
1002 5862 1080 5926 εἰς
1100 5863 1156 5916 τὸ
1181 5863 1303 5933 ἑξῆς
1331 5867 1388 5918 οὐ
1419 5867 1720 5924 κωλύουσιν

1810 4693 1922 4732 rem
1937 4677 2308 4746 extricaveris,
2325 4687 2576 4748 tanquam
2593 4691 2785 4747 quate:
2808 4673 3233 4744 notisccrtisque
3246 4673 3384 4742 apud

1813 4784 2002 4824 omnes
2023 4769 2344 4826 desumitur.
2364 4769 2508 4825 Fons
2535 4768 2803 4837 siquidem
2831 4767 3150 4822 naturaliter
3183 4780 3382 4835 aquam

1815 4859 2184 4928 suppeditans,
2211 4873 2374 4914 causa
2400 4873 2614 4928 quoque
2640 4871 2793 4926 aquae
2815 4865 2922 4922 cst,
2977 4862 3030 4910 et
3061 4853 3199 4924 ignis
3232 4865 3386 4908 natu-

1816 4948 2002 5003 raliter
2030 4949 2211 5004 lumen
2251 4949 2586 5010 ministrans,
2615 4962 2777 5002 causa
2810 4945 3032 5000 luminis
3064 4957 3183 5010 est;
3236 4943 3388 5000 simi-

1817 5038 1940 5092 liter
1970 5047 2024 5094 et
2053 5039 2216 5093 arbor
2270 5037 2594 5094 naturaliter
2641 5038 2881 5094 fruetum
2925 5037 3116 5100 edens,
3173 5035 3387 5090 fructus

1819 5146 1980 5185 causa
2031 5139 2134 5187 est.
2187 5130 2251 5185 Et
2307 5132 2422 5186 haec
2477 5145 2634 5186 nemo
2683 5145 2908 5201 prorsus
2955 5135 3074 5192 cst,
3127 5126 3220 5197 qui
3280 5141 3382 5182 non

1819 5235 2097 5293 agnoscat.
2163 5223 2228 5278 Et
2274 5223 2351 5279 sic
2400 5223 2507 5278 duo
2553 5223 2697 5278 modi
2752 5219 3239 5278 demonstrationis
3291 5234 3387 5287 per

1821 5315 2118 5373 secundam
2157 5315 2471 5370 instantiam
2503 5313 2880 5384 procedentes,
2929 5311 3150 5368 alterius
3181 5310 3246 5364 ad
3299 5325 3388 5363 no-

1821 5418 1946 5462 stra:
1968 5406 2354 5476 propositionis
2385 5407 2673 5472 intentum,
2704 5421 2808 5476 qua
2837 5403 3013 5460 media
3045 5417 3260 5466 eorum,
3285 5401 3380 5470 qui

1820 5516 1883 5552 ex
1917 5499 2076 5553 Patre
2117 5513 2215 5566 per
2241 5496 2434 5552 Filium
2469 5497 2868 5568 processionem
2920 5509 3084 5565 prave
3117 5493 3386 5562 interpre-

1798 5600 2025 5674 μύων,
2083 5590 2470 5646 absurditatem
2520 5589 2881 5652 ostendimus,
2913 5585 3384 5642 etcomment’tia-

1824 5699 1940 5737 rum
1979 5683 2443 5754 homonymiarum
2479 5681 2897 5750 descriptionem
2932 5678 3231 5748 posuimus,
3271 5677 3382 5744 jam

1823 5777 1886 5830 ad
1919 5777 2076 5830 tinem
2109 5777 2448 5846 perveniunt.
2501 5776 2566 5828 lit
2601 5776 2713 5827 haec
2762 5773 2813 5826 in
2864 5780 3139 5840 posterum
3173 5769 3384 5826 deside-

1823 5870 1963 5923 rium
2014 5876 2168 5930 tuum
2216 5883 2322 5924 non
2375 5867 2808 5934 interrumpunt,
2861 5864 2940 5918 sic
2985 5862 3125 5917 cuitu
3169 5872 3380 5917 noszrrs
