3800 6568
445 347 549 412 379

1464 350 1680 415 JOAN.
1718 351 1936 413 VECCI
1977 354 2011 415 C

2130 318 2648 420 Paratansua
3560 376 3646 444 330

448 474 622 513 unum
653 459 906 532 idemque
933 462 1186 532 requirit,
1222 460 1517 537 discrimen
1555 479 1685 518 vero
1735 465 1880 533 quod
1911 480 2011 520 non

2122 468 2224 565 τὴν
2249 470 2343 565 τοῦ
2390 472 2610 565 πρώτου
2648 476 2742 526 καὶ
2793 474 3021 545 ἀρχικοῦ
3054 476 3311 548 διαφορὰν
3359 480 3559 542 ἐνοῦσαν
3584 496 3646 565 τῷ

448 561 532 606 est
563 567 737 622 neque
768 556 971 622 unum',
1005 569 1183 623 neque
1220 553 1360 623 idem
1383 594 1399 619 ,
1444 556 1777 610 assumenda
1833 566 1961 612 sunt
1986 573 2016 610 a

446 646 607 702 nobis
632 661 696 702 ex
743 648 832 710 iis.
863 664 985 719 qua:
1015 646 1334 716 theologicis
1376 647 1596 718 scriptis
1647 648 2018 705 decernuntur

447 736 565 803 illa,
598 739 801 808 quibus
832 740 978 805 freti,
1007 743 1098 812 qui
1132 742 1435 810 theologica
1492 754 1748 810 trnclanl,
1781 754 1834 801 et
1860 748 2017 803 unio-

442 844 569 884 nem
602 831 777 887 Patris
807 842 858 886 et
897 832 1016 888 Filii
1055 834 1309 901 fatentur,
1334 846 1390 891 et
1425 837 1672 906 primarii
1718 853 1781 893 ac
1810 838 2017 907 princi-

442 922 585 989 palis
610 922 662 975 in
717 922 874 975 Patre
898 922 1195 979 discrimen
1224 942 1331 981 non
1380 939 1600 997 negant,
1652 928 1887 998 indeque
1917 929 2020 984 du-

439 1010 655 1065 biorum
692 1012 891 1067 solutio
915 1017 1303 1085 comparanda.
1329 1017 1617 1072 Enimvero
1636 1020 1679 1074 si
1702 1021 1752 1074 in
1783 1022 2015 1087 cunctis,

441 1101 497 1157 in
527 1104 729 1171 quibus
786 1110 1089 1163 secundum
1123 1113 1442 1167 communia
1500 1115 1814 1183 theologica
1859 1115 2016 1169 axio—

442 1205 588 1249 mata
630 1196 814 1253 Patris
865 1212 917 1254 et
963 1201 1083 1256 Filii
1116 1205 1295 1258 unitas
1344 1209 1635 1271 asseritur,
1670 1207 1851 1263 Patris
1901 1210 2019 1279 pri-

441 1287 678 1341 marium
711 1297 765 1343 et
793 1292 1095 1363 principale
1124 1310 1232 1349 nou
1269 1297 1610 1358 inficiautur.
1654 1280 1873 1368 planum
1909 1310 2016 1367 est,

439 1381 565 1435 dum
604 1383 657 1436 in
693 1399 858 1439 causa
887 1385 1155 1455 Spiritus,
1193 1389 1368 1445 Patris
1402 1400 1455 1447 et
1495 1391 1611 1446 Filii
1642 1392 1899 1447 unitatem
1929 1410 2018 1448 se-

438 1476 547 1528 mel
589 1479 985 1544 concesserint,
1025 1483 1262 1549 primum
1328 1498 1550 1555 quoque
1601 1494 1655 1539 et
1711 1487 2012 1556 principale

441 1564 586 1621 Patri
613 1570 914 1624 concedere
959 1575 1135 1629 modis
1177 1576 1434 1631 omnibus
1473 1579 1614 1646 cogi.
1655 1577 1835 1645 Quare
1880 1596 2016 1635 con-

441 1675 628 1715 cessas
660 1661 771 1731 jam
808 1664 1067 1731 unitates,
1099 1677 1154 1723 ct
1203 1668 1258 1723 iu
1316 1668 1401 1723 his
1428 1670 1673 1738 primarii
1725 1688 1789 1727 ac
1813 1673 2017 1743 princi-

440 1753 583 1823 palis
612 1754 959 1821 discrimina,
1022 1759 1087 1812 ad
1126 1762 1461 1831 propositam
1514 1765 1776 1818 unitatem
1812 1775 1862 1820 et
1897 1766 2012 1820 dis-

439 1845 647 1901 crimen
712 1851 1180 1918 comprobandum
1244 1854 1606 1922 accipiemus.
1659 1854 1722 1908 Et
1774 1856 2012 1925 primum

442 1957 605 1995 unam
639 1958 761 1999 esse
792 1946 968 2001 Patris
1000 1952 1053 2001 et
1084 1947 1209 2003 Filii
1241 1949 1501 2005 deitatem
1533 1954 1675 2021 apud
1703 1967 1896 2008 omnes
1944 1954 1998 2008 in

441 2033 697 2090 confesso
724 2046 829 2102 est,
874 2054 1052 2109 neque
1105 2051 1389 2109 propterea
1447 2043 1502 2097 in
1571 2038 1783 2100 Deitate
1819 2046 2016 2115 prima-

439 2126 583 2180 rium
619 2143 683 2182 ac
712 2131 1013 2201 principale
1030 2131 1197 2187 .Patri
1238 2135 1511 2205 quispiam
1559 2138 1856 2206 negaverit.
1910 2137 2016 2193 Pa-

440 2219 542 2273 tris
576 2226 629 2274 ct
672 2219 796 2276 Filii
832 2224 1156 2281 dominatus
1187 2242 1329 2282 unus
1362 2229 1504 2296 apud
1535 2244 1729 2283 omnes
1778 2229 1831 2284 in
1883 2245 2018 2285 con-

439 2308 587 2366 fesso
623 2323 706 2367 est
738 2330 753 2379 ;
791 2330 966 2384 neque
995 2326 1280 2386 prepterea
1331 2319 1651 2387 primarium
1703 2337 1768 2376 ac
1813 2321 2020 2390 princi-

436 2404 560 2471 pale
590 2403 734 2459 Patri
768 2405 820 2459 in
870 2406 1152 2463 dominatu
1182 2412 1306 2480 quis
1328 2412 1471 2479 piam
1515 2413 1811 2482 negaverit.
1840 2412 2019 2468 Patris

438 2502 493 2548 et
513 2492 632 2548 Filii
672 2496 725 2549 in
756 2497 1013 2554 munibus
1054 2515 1196 2555 unus
1240 2502 1581 2570 principatus
1617 2502 1759 2571 apud
1807 2518 2004 2558 omnes

437 2581 491 2635 in
515 2581 764 2639 confesso
786 2596 899 2652 est;
927 2604 1103 2658 neque
1131 2600 1410 2659 propterea
1435 2592 1757 2660 primarium
1781 2602 1831 2647 et
1861 2593 2011 2661 prin-

436 2675 610 2744 cipale
650 2678 797 2732 Patri
833 2680 886 2733 in
930 2681 1240 2751 principatu
1283 2683 1561 2753 quispiam
1621 2683 2008 2755 denegaverit.

438 2766 614 2822 Patris
666 2777 720 2823 et
749 2767 871 2824 Filii
921 2787 1098 2826 rerum
1134 2783 1443 2828 creatarum
1503 2773 1778 2846 Opiﬁcium
1844 2790 2015 2831 unum

440 2860 585 2927 apud
648 2877 842 2918 omnes
900 2863 954 2918 in
999 2864 1254 2922 confesso
1313 2877 1398 2923 est
1443 2885 1459 2922 :
1496 2883 1676 2938 neque
1723 2878 2013 2940 propterea

438 2950 759 3018 primarium
791 2967 841 3008 et
868 2955 1166 3025 principale
1194 2956 1341 3012 Patri
1375 2958 1428 3013 iu
1469 2960 1688 3029 cpillcio
1721 2960 2000 3030 quispiam

441 3043 813 3110 denegaverit.
855 3042 1035 3102 Patris
1058 3057 1112 3102 et
1144 3047 1263 3102 Filii
1307 3064 1468 3103 uuam
1512 3065 1635 3126 esse
1660 3052 2015 3121 operatricern

2048 1818 2086 1873 Β
2106 1842 2112 1847 .

2122 560 2301 631 Πατρὶ
2325 564 2542 633 φρονεῖν
2576 565 2857 634 ἀσφαλῶς,
2885 565 2939 621 ετ
2964 585 3027 635 γε
3061 570 3094 640 ἠ
3134 569 3233 638 μὲν
3265 570 3442 643 ἑνότης
3467 578 3519 630 τό
3543 560 3652 637 tau;

2118 648 2213 703 τόν
2239 650 2478 719 ἀπαιτεῖ,
2504 652 2564 707 τό
2594 654 2649 707 δὲ
2674 657 2747 725 μὴ
2774 658 2965 711 ταυτόν
3004 661 3038 731 ἡ
3076 658 3327 731 διαφορὰ,
3358 663 3464 720 ἔστι
3486 669 3649 727 λαϐόν-

2119 757 2217 803 τας
2251 742 2397 812 ἡμᾶς
2444 744 2551 797 ἀπό
2601 746 2712 799 τῶν
2744 749 2870 818 περὶ
2903 750 3114 821 Πατρός
3145 755 3238 807 καὶ
3291 753 3417 807 Υίοῦ
3460 761 3512 812 ἐν
3537 779 3652 833 γρα.

2121 835 2250 905 φαῖς
2281 837 2587 906 εἰρημένων
2615 841 2731 904 ταῖς
2764 840 3106 910 Θεολογικαίς
3138 845 3342 911 ἐκεῖνα,
3369 850 3450 917 ἐφ’
3474 847 3545 918 οἷς
3565 860 3651 924 πᾶς

2120 928 2260 999 ἀνὴρ
2301 928 2609 998 οεολογικός
2652 935 2746 986 καὶ
2802 935 3030 1006 ἑνότητα
3063 938 3277 1006 Πατρός
3320 941 3552 1010 ὁμολογεῖ
3577 952 3654 1003 καὶ

2119 1019 2270 1084 Υἰοῦ,
2299 1022 2392 1075 xal
2416 1022 2517 1093 τὴν
2543 1024 2634 1077 τοῦ
2661 1023 2876 1097 πρώτου
2913 1026 3005 1079 καὶ
3033 1029 3260 1099 ἀρχικοῦ
3293 1028 3539 1103 διαφορὰν
3575 1038 3640 1110 τῷ

2120 1113 2295 1184 Πατρὶ
2324 1114 2692 1186 συνομολογεῖ,
2725 1115 2969 1173 ἐντεῦθέν
2988 1137 3070 1172 σοι
3101 1119 3201 1191 τὴν
3220 1120 3328 1174 τῶν
3342 1123 3652 1195 διηπορημέ-

2121 1220 2226 1256 νων
2283 1202 2437 1258 λύσιν
2477 1206 2828 1276 ποιήσασθαι.
2879 1210 2941 1262 Εἰ
2970 1211 3078 1281 γὰρ
3132 1211 3225 1264 ἐπὶ
3257 1214 3439 1278 πᾶσιν,
3488 1216 3566 1286 ἐφ’
3592 1216 3658 1285 οἷς

2118 1296 2260 1349 κατὰ
2294 1297 2478 1362 κοινὰς
2529 1299 2737 1364 ἑννοίας
2767 1299 3085 1371 Θεολογικὰς
3131 1303 3322 1375 ἑνότης
3351 1306 3660 1377 ὁμολογεῖται

2120 1387 2336 1457 Πατρός
2369 1389 2463 1443 καὶ
2495 1389 2647 1455 Υίοῦ,
2683 1391 2804 1445 οὐδὲ
2851 1392 2912 1446 τό
2946 1391 3044 1446 τοῦ
3094 1394 3308 1465 Πατρός
3348 1396 3556 1465 πρῶτον
3586 1404 3662 1456 καὶ

2120 1479 2348 1549 ἀρχικόν
2384 1483 2531 1533 ἐστιν
2573 1481 3008 1552 ἁπαρνούμενος,
3060 1483 3279 1554 εὔδηλον
3326 1484 3400 1549 ὡς
3444 1488 3531 1541 καὶ
3572 1494 3663 1556 τοῖς

2117 1573 2210 1625 ἐπὶ
2254 1575 2320 1643 τῇ
2355 1571 2506 1643 αἰτίᾳ
2556 1572 2648 1627 τοῦ
2700 1573 3017 1643 Πνεύματος
3051 1576 3275 1646 ἑνότητα
3333 1577 3538 1650 Πατρός
3582 1585 3663 1636 καὶ

2117 1660 2248 1716 Υίοῦ
2275 1660 2422 1726 ama
2449 1661 2903 1732 διωμολογηκόσι,
2935 1668 3029 1719 καὶ
3064 1667 3124 1720 τό
3155 1666 3371 1738 πρῶτον
3403 1670 3495 1722 καὶ
3530 1672 3666 1743 em.

2117 1756 2213 1808 κόν
2249 1755 2447 1809 διδόναι
2499 1755 2576 1826 τῷ
2610 1758 2784 1826 Πατρὶ
2832 1757 3229 1828 ἀπαραίτητον.
3267 1760 3381 1813 Kal
3422 1761 3547 1828 γοῦν
3583 1764 3665 1827 τὰς

2115 1847 2541 1919 ὡμολογημένας
2599 1849 2878 1920 ἐνότητας,
2911 1851 3007 1905 καὶ
3058 1851 3158 1914 τὰς
3197 1851 3290 1905 ἐπὶ
3331 1852 3548 1917 ταύταις
3588 1855 3668 1910 τοῦ

2115 1940 2344 2010 ἀρχικοῦ
2379 1939 2474 1993 καὶ
2505 1939 2721 2011 πρώτου
2759 1940 3046 2012 διαφορὰς,
3080 1942 3219 2013 πρός
3252 1944 3353 2014 τὴν
3383 1945 3479 2015 τῆς
3503 1946 3672 2014 ζητου.

2120 2033 2292 2104 μένης
2323 2032 2576 2103 ἑνότητός
2606 2033 2698 2086 καὶ
2721 2032 2983 2104 διαφορᾶς
3030 2033 3266 2103 ληπτέον
3310 2036 3460 2106 ἡμᾶς
3492 2037 3670 2091 πίστω·

2116 2142 2225 2179 σιν.
2254 2124 2463 2178 Αὐτίκα
2488 2125 2522 2195 ἡ
2554 2123 2649 2177 τοῦ
2682 2125 2891 2195 Πατρός
2923 2126 3018 2179 καὶ
3047 2124 3178 2179 Υἱού
3206 2126 3401 2197 θεότης
3437 2127 3531 2195 μία
3555 2123 3672 2180 εἶναι

2118 2219 2250 2269 πᾶσι
2293 2216 2736 2286 συνωμολόγηται
2771 2231 2784 2246 ⁶
2813 2214 2924 2269 ἀλλ’
2973 2215 3094 2269 οὐδὲ
3126 2216 3188 2270 τό
3235 2217 3330 2270 ἐπὶ
3374 2220 3443 2287 τῇ
3484 2216 3674 2287 θεότητι

2116 2307 2331 2378 πρῶτον
2362 2308 2456 2361 καὶ
2487 2307 2714 2376 ἀρχικόν
2741 2308 2835 2360 τοῦ
2865 2307 3074 2378 Πατρός
3100 2309 3249 2362 ἐστιν
3282 2307 3312 2360 6
3346 2307 3675 2377 ἀπαρνούμε-

2117 2417 2226 2463 νος.
2261 2400 2333 2453 ἸΙ
2366 2399 2460 2454 τοῦ
2509 2399 2722 2471 Πατρός
2775 2400 2871 2453 xal
2906 2399 3037 2453 Υἱοῦ
3095 2401 3354 2470 κυριότης
3403 2400 3501 2470 μία
3551 2395 3677 2454 εἶναι

2117 2495 2255 2548 πᾶσι
2287 2493 2735 2561 συνωμολόγηται
2758 2506 2774 2524 '
2809 2493 2926 2547 ἀλλ’
2958 2493 3079 2547 οὐδὲ
3106 2493 3167 2546 τό
3195 2493 3290 2546 ἐπὶ
3316 2494 3383 2564 τῇ
3414 2493 3676 2564 κυριότητι

2119 2585 2336 2657 πρῶτον
2364 2588 2459 2640 καὶ
2489 2586 2716 2657 ἀρχικόν
2743 2586 2837 2639 τοῦ
2866 2586 3079 2657 Πατρός
3107 2587 3256 2639 ἐστιν
3287 2587 3317 2639 6
3350 2583 3679 2655 ἀπαρνούμε-

2118 2693 2229 2740 νος.
2271 2677 2338 2731 Ἦ
2363 2676 2457 2731 τοῦ
2500 2678 2713 2749 Πατρός
2749 2678 2840 2732 καὶ
2888 2677 3019 2731 Υἱοῦ
3050 2677 3146 2732 ἐπὶ
3188 2681 3301 2742 τοῖς
3344 2680 3511 2732 πᾶσιν
3555 2680 3682 2749 ἀρχὴ

2123 2771 2221 2842 μία
2252 2765 2392 2824 εἶναι
2421 2771 2556 2824 πᾶσι
2592 2770 3075 2842 συνωμολόγηται·
3118 2769 3231 2824 ἀλλ’
3265 2770 3389 2824 οὐδὲ
3421 2771 3480 2824 τό
3512 2769 3599 2823 ἐπὶ
3624 2773 3682 2842 τῇ

2117 2864 2265 2933 ἀρχῇ
2296 2862 2510 2932 πρῶτον
2539 2862 2634 2915 καὶ
2663 2862 2890 2933 ἀρχικόν
2914 2861 3009 2916 τοῦ
3034 2854 3253 2933 ’Πατρός
3290 2863 3444 2917 ἐστιν
3474 2862 3501 2915 6
3525 2862 3683 2931 ἀπαρ-

2116 2956 2399 3025 νούμενος.
2442 2954 2508 3007 Ἡ
2550 2953 2645 3007 τοῦ
2675 2953 2890 3025 Πατρός
2924 2954 3017 3007 καὶ
3058 2953 3192 3007 Υἱοῦ
3222 2952 3335 3008 τῶν
3380 2951 3687 3022 δεδημιουρ-

2118 3048 2374 3118 γημένων
2395 3046 2730 3117 δημιουργία
2759 3046 2855 3117 μία
2891 3042 3029 3100 εἶναι
3052 3047 3187 3101 πᾶσι
3215 3045 3687 3116 συνωμολόγηται⁶

437 3131 749 3188 facultatem
783 3137 921 3205 apud
944 3154 1135 3194 omnes
1170 3140 1222 3194 in
1259 3142 1512 3196 confesso
1541 3150 1645 3205 est,
1675 3157 1852 3213 neque
1880 3158 2011 3213 pro-

2120 3140 2225 3195 ὶλλ’
2241 3139 2362 3194 οὐδὲ
2386 3140 2446 3192 τό
2463 3140 2555 3193 ἐπὶ
2578 3143 2643 3210 τῇ
2660 3138 2974 3210 διμιουργίᾳ
3000 3138 3217 3209 πρῶτον
3238 3139 3335 3191 καὶ
3360 3136 3585 3209 ἀρχικόν
3600 3135 3685 3188 τοῦ

442 3235 627 3293 pterea
683 3226 735 3280 in
780 3226 1203 3286 fabrefartoruiu
1245 3235 1522 3288 creatione
1584 3234 1909 3302 primarium
1955 3243 2011 3290 et

443 3317 746 3389 principale
791 3322 845 3375 in
901 3324 1210 3392 operatrice
1237 3324 1498 3382 facultate
1551 3327 1697 3382 Patri
1735 3327 2009 3398 quispiam

439 3409 814 3479 denegaverit.
870 3412 1037 3469 Vides
1061 3416 1175 3482 jam
1223 3427 1589 3473 auuumerata
1620 3420 1806 3474 omnia
1859 3429 2009 3475 certa

442 3518 508 3557 ac
549 3505 698 3558 lirma
723 3521 865 3571 esse,
902 3508 1161 3579 nullaque
1209 3510 1455 3581 indigere
1495 3512 2013 3568 demonstratione?

438 3594 744 3652 Considera
788 3598 902 3666 illa,
943 3611 1105 3671 atque
1164 3618 1230 3657 ex
1282 3603 1392 3659 illis
1428 3614 1576 3659 certa
1610 3620 1675 3660 ac
1725 3615 2013 3660 constante

454 3684 869 3743 confirmatione
923 3690 1170 3755 videbis,
1228 3694 1378 3747 nullo
1442 3694 1607 3748 modo
1659 3710 1688 3747 a
1744 3695 2013 3765 theologia

439 3774 839 3843 discordare,in
866 3794 1033 3837 causa
1068 3781 1309 3852 Spiritus
1346 3785 1601 3838 unionem
1629 3785 1808 3840 Patris
1844 3785 2008 3840 simul

443 3878 498 3924 et
528 3867 651 3923 Filii
678 3872 996 3940 praedicari,
1025 3885 1080 3931 et
1108 3876 1351 3945 primarii
1373 3889 1426 3933 et
1471 3877 1789 3948 principalis
1816 3871 2014 3934 discri-L

439 3974 564 4015 men
602 3959 746 4017 Patri
780 3965 989 4037 absque
1016 3982 1205 4023 errore
1232 3969 1485 4026 attribui.

510 4245 564 4299 6.
615 4244 681 4300 Et
725 4248 830 4302 huc
888 4265 1063 4319 usque
1132 4257 1237 4305 tua:
1297 4249 1745 4322 interrogationis
1799 4250 2016 4306 dubita-

438 4339 714 4409 tioiiisqtte
768 4342 1093 4396 solutionem
1156 4342 1462 4412 pertingere
1507 4356 1732 4412 prorsus
1770 4341 1996 4409 discito,

434 4443 492 4485 et
522 4435 785 4494 rationes,
831 4433 1030 4502 quibus
1077 4434 1223 4488 ducti
1280 4433 1517 4505 theologi
1571 4434 1771 4490 similia
1829 4449 2008 4490 enun-

2114 3233 2326 3306 Πατρός
2340 3232 2486 3285 ἐστιν
2501 3231 2529 3284 6
2551 3229 2795 3302 ἁπαρνού
2804 3248 2987 3301 μενος.
3015 3230 3083 3285 Ἡ
3102 3230 3197 3283 τοῦ
3217 3229 3439 3300 Πατρός
3464 3229 3558 3281 καὶ
3574 3226 3691 3281 Υἱοῦ

2113 3324 2371 3395 ποιητικὴ
2390 3322 2618 3393 δύναμις
2634 3323 2730 3393 μία
2750 3316 2891 3375 εἶναι
2917 3324 3055 3376 πᾶσι
3076 3320 3534 3391 συνωμολόγηται
3548 3337 3563 3351 ο
3589 3318 3692 3373 ἀλλ’

2111 3413 2232 3469 οὐδὲ
2255 3414 2315 3467 τό
2339 3413 2434 3466 ἐπὶ
2463 3413 2529 3483 τῇ
2557 3411 2667 3467 τῶν
2705 3411 3089 3482 πεποιημένων
3117 3414 3340 3479 ποιήσει
3366 3409 3586 3481 πρῶτον
3614 3409 3697 3461 καὶ

2112 3505 2338 3578 ἀρχικόν
2351 3504 2445 3559 τοῦ
2464 3504 2679 3575 Πατρός
2697 3505 2846 3558 ἐστιν
2862 3505 2890 3558 6
2909 3502 3155 3574 ἀπαρνού
3165 3520 3347 3575 μενος.
3380 3501 3549 3573 Ὁρᾷς
3562 3502 3696 3563 ὅπως

2112 3598 2181 3652 τὰ
2226 3596 2661 3670 ἀπηριθμημένα
2708 3596 2888 3650 πάντα
2933 3597 3043 3651 τῶν
3087 3595 3544 3667 ὡμολογημένων
3574 3593 3691 3655 εἰσὶ,

2114 3692 2209 3746 xal
2234 3691 2490 3761 οὐδεμιᾶς
2517 3690 2784 3761 δεομένων
2825 3691 2921 3760 τῆς
2945 3688 3299 3756 ἀποδείξεως;
3332 3689 3480 3758 Ὅρα
3519 3684 3699 3747 ταῦτα,

2114 3784 2208 3838 καὶ
2239 3782 2299 3848 ἐξ
2327 3782 2506 3836 αὐτῶν
2540 3781 2811 3853 κραταιὰν
2835 3780 3131 3852 λαμϐάνων
3165 3780 3263 3852 τὴν
3314 3779 3593 3833 πίστωσιν
3619 3776 3702 3830 τοῦ

2118 3876 2284 3947 μηδὲν
2316 3878 2383 3947 τῇ
2418 3875 2668 3944 θεολογίᾳ
2698 3870 2837 3928 εἶναι
2865 3872 3091 3943 ἀπᾷδον,
3136 3873 3232 3926 καὶ
3262 3871 3368 3943 τὴν
3396 3871 3496 3923 ἐπὶ
3528 3872 3594 3940 τῇ
3628 3868 3702 3919 αἱ·

2114 3971 2206 4043 τίᾳ
2231 3969 2325 4025 τοῦ
2362 3967 2677 4039 Πνεύματος
2732 3967 2961 4035 ἑνότητα
2990 3965 3085 4021 τοῦ
3120 3965 3339 4035 Πατρός
3395 3964 3519 4034 ἅμα
3545 3978 3706 4030 xam-

2116 4065 2305 4133 γορεῖν
2355 4064 2448 4116 καὶ
2480 4058 2635 4127 Υίοῦ,
2666 4061 2762 4114 καὶ
2791 4058 2890 4129 τὴν
2931 4056 3028 4110 τοῦ
3059 4058 3282 4128 πρώτου
3332 4058 3437 4110 καὶ
3478 4050 3703 4127 ἀρχικοὸ

2114 4154 2376 4224 διαφορὰν
2403 4152 2630 4208 ἐνοῦσαν
2653 4151 2732 4223 τῷ
2764 4150 2942 4221 Πατρὶ
2968 4151 3187 4221 φρονεῖν
3215 4149 3518 4220 ἀσφαλῶς.

2188 4248 2262 4307 ς’.
2299 4240 2476 4314 Μέχρι
2505 4241 2657 4294 τοῦδε
2689 4242 2780 4293 καὶ
2807 4239 2908 4311 τὴν
2957 4240 3054 4308 τῆς
3082 4240 3348 4311 δευτέρας
3388 4240 3709 4311 ἐρωτήσεφς

2115 4334 2209 4389 καὶ
2240 4333 2476 4404 ἀπορίας
2511 4350 2592 4386 σοι
2612 4332 2765 4385 λύσιν
2794 4333 3225 4402 περιίσταμένην
3251 4333 3510 4402 μάνθανε
3546 4335 3703 4402 ἀκριο

2118 4426 2251 4490 ὅῶς,
2283 4426 2419 4496 μηδὲ
2447 4410 2574 4489 τοὺς
2616 4424 2808 4493 λόγους
2853 4424 2976 4479 καθ’
3023 4423 3117 4488 οὓς
3149 4424 3204 4477 αἱ
3246 4425 3554 4495 εἰρημέναι
3583 4424 3707 4492 ὁμο-

434 4524 568 4585 ιὶιιιο
623 4525 982 4581 decernunt:
1045 4542 1284 4596 namque
1332 4528 1398 4582 de
1459 4503 1546 4582 his
1603 4528 1807 4592 etiam,
1878 4525 2007 4581 licet

2120 4520 2287 4587 λογίαι
2309 4521 2420 4581 τοῖς
2451 4517 2723 4586 Οεολόγοις
2752 4516 3165 4590 πρεσϐεύονται·
3193 4515 3447 4586 ἐροῦμεν
3474 4517 3587 4586 γὰρ
3620 4515 3710 4569 καὶ

438 4631 551 4671 non
588 4618 924 4689 interrogati,
958 4618 1224 4685 dicemus,
1288 4635 1356 4673 ne
1393 4631 1444 4674 te
1493 4618 1721 4689 fugiant.
1757 4617 2006 4687 Namque

440 4707 705 4764 Dominus
759 4709 815 4763 in
861 4708 1166 4779 Evangeliis
1216 4726 1363 4765 nunc
1398 4711 1617 4780 quidem
1672 4709 1741 4765 ad
1787 4707 2007 4766 Judaeos

436 4812 768 4855 convertens
844 4803 1145 4856 orationem
1185 4820 1199 4858 :
1240 4822 1257 4853 ι
1290 4802 1764 4869 Quemadmodum
1844 4802 2007 4857 Pater

438 4894 735 4947 exsuscitat
764 4903 1029 4955 mortuos,
1061 4904 1113 4949 et
1136 4894 1394 4960 vivilieat,
1451 4895 1531 4949 sic
1557 4904 1609 4949 et
1642 4894 1837 4957 Filius,
1871 4910 2010 4963 quos

440 4987 578 5051 Vult,
602 4987 840 5043 vivificat
869 4988 937 5053 ⁸⁸,
984 5007 1002 5040 ι
1036 4988 1194 5043 dixit.
1215 4988 1344 5042 Item
1370 4987 1435 5042 ad
1464 4988 1680 5041 eosdem
1718 5004 1732 5041 :
1771 5004 1789 5038 ι
1815 4987 2017 5054 Quem-

429 5077 736 5148 ﬁdmpdum
807 5080 969 5137 Pater
1020 5082 1183 5136 vitam
1244 5082 1408 5135 habet
1451 5081 1502 5134 in
1526 5080 1727 5149 scipso,
1766 5080 1836 5134 ita
1869 5079 2014 5135 dedit

438 5181 495 5231 ,ct
529 5170 666 5226 Filio
709 5173 875 5227 vitam
914 5173 1115 5227 habere
1160 5172 1213 5226 in
1260 5173 1441 5243 seipso
1469 5174 1535 5226 ’⁸.
1570 5190 1589 5222 ι
1638 5171 2012 5241 Praetereaque

439 5264 509 5328 ad
533 5264 750 5321 eosdem
776 5283 789 5319 :
832 5284 851 5317 ι
885 5263 999 5335 Ego
1026 5272 1080 5319 et
1098 5264 1260 5319 Pater
1292 5280 1458 5318 unum
1485 5279 1676 5319 alimus
1703 5264 1780 5319 "z
1820 5282 1840 5315 ι
1867 5278 2013 5319 nunc

442 5358 509 5421 ad
566 5357 866 5427 discipulos
910 5374 926 5412 :
977 5375 996 5409 ι
1038 5356 1381 5426 Quazcnnque
1439 5356 1604 5411 habet
1660 5354 1841 5418 Pater,
1890 5371 2010 5411 mea

443 5462 570 5507 sunt
592 5449 639 5482 "
663 5467 677 5504 :
706 5468 723 5501 ›
764 5465 909 5503 nunc
927 5450 992 5504 ad
1017 5450 1196 5514 ipsqu
1225 5448 1438 5502 Patrem
1465 5466 1477 5502 :
1515 5466 1535 5498 ‹
1562 5447 1676 5501 Mea
1711 5446 1892 5502 omnia
1920 5454 2013 5502 tua

444 5551 597 5605 sunt,
657 5551 713 5597 et
767 5550 857 5596 tua
905 5556 1023 5596 mea
1056 5541 1120 5596 ".
1163 5560 1182 5592 ι
1218 5540 1543 5610 Quicunque
1590 5540 1676 5610 pie
1716 5540 2015 5610 theologica

445 5644 680 5691 tractare
711 5633 957 5702 cupiunt,
986 5631 1039 5687 iu
1075 5632 1305 5699 deitate,
1335 5642 1387 5687 et
1422 5632 1703 5688 dominatu
1727 5672 1741 5698 ,
1794 5642 1849 5688 et
1897 5649 2015 5686 out-

2113 4610 2479 4681 περὶτούτων,
2497 4610 2590 4663 καὶ
2611 4609 2773 4681 μηδὲν
2797 4610 3163 4679 ἐρωτώμενοι,
3187 4608 3437 4676 ἀγνοῶν.
3460 4609 3590 4662 Ὀτι
3619 4608 3710 4678 μὲν

2114 4702 2224 4773 γὰρ
2250 4704 2307 4755 ὲν
2332 4700 2682 4770 Εὑαγγελίοις
2704 4702 2730 4753 6
2748 4699 2952 4770 Κύριος
2978 4698 3072 4752 νῦν
3102 4700 3206 4771 μὲν
3235 4701 3380 4772 πρός
3409 4702 3544 4765 τοὺς
3587 4701 3712 4757 Ἰου·

2114 4795 2316 4860 δαίους,
2353 4813 2373 4847 ι
2410 4795 2620 4865 Ὥσπερ
2645 4795 2673 4846 ὁ
2705 4792 2891 4863 Πατὴρ
2913 4791 3117 4864 ἐγείρει
3144 4793 3269 4856 τοὺς
3303 4792 3578 4864 νεκροὺς,
3615 4792 3704 4845 καὶ

2117 4886 2391 4952 ζωοποιεῖ,
2418 4883 2613 4948 οὕτως,
2649 4902 2667 4935 ι
2704 4882 2833 4953 ἔφη,
2869 4901 2889 4936 ι
2915 4884 3008 4938 καὶ
3044 4886 3073 4937 6
3097 4883 3244 4949 Υἱός,
3268 4882 3370 4948 οὒς
3399 4885 3555 4937 θέλει
3582 4882 3713 4948 ζωο-

2124 4978 2295 5030 τοιεί.
2330 4995 2349 5027 ι
2380 4976 2489 5029 Kal
2517 4974 2677 5029 πάλιν
2726 4974 2861 5045 πρός
2909 4975 3036 5037 τοὺς
3083 4974 3284 5037 αὐτούς
3311 4990 3327 5004 ·
3363 4993 3384 5026 ι
3435 4975 3661 5045 Ὠσπερ
3688 4975 3714 5025 6

2121 5067 2333 5138 Πατὴρ,
2368 5066 2510 5133 εἶπε,
2550 5066 2695 5138 ζωὴν
2726 5064 2841 5137 ἔχει
2867 5067 2929 5120 ἑν
2957 5067 3153 5135 ἐαυτῷ,
3179 5063 3359 5131 οὕτως
3386 5068 3573 5121 ἔδωκε
3623 5066 3716 5119 καὶ

2118 5162 2196 5232 τῷ
2226 5161 2340 5232 Υίῷ
2366 5160 2511 5230 ζωὴν
2550 5160 2693 5232 ἔχειν
2717 5163 2774 5214 ὲν
2811 5142 3008 5231 ἑαυτῷ.
3052 5179 3069 5211 ο
3099 5160 3208 5212 Kal
3252 5159 3335 5210 ἔτι
3389 5164 3543 5229 πρός
3596 5158 3717 5218 τοὺς

2118 5256 2315 5318 αὐτούς
2337 5273 2350 5287 ·
2386 5275 2406 5308 ι
2432 5254 2569 5324 Ἐγὼ
2586 5258 2683 5310 καὶ
2712 5257 2740 5307 ὁ
2771 5253 2956 5324 Πατὴρ
2983 5254 3043 5306 ἓν
3065 5254 3231 5324 ἐσμεν
3253 5271 3266 5285 ’
3295 5273 3312 5306 ι
3347 5255 3582 5326 εἴρηκε.
3607 5251 3716 5307 Νῦν

2114 5349 2172 5404 δὲ
2194 5349 2329 5420 πρός
2360 5348 2486 5411 τοὺς
2522 5348 2792 5419 μαθητὰς,
2821 5347 3035 5401 «Πάντα
3060 5348 3159 5401 ὅσα
3187 5347 3350 5418 ἔχειό
3375 5350 3586 5419 Πατὴρ
3612 5346 3725 5428 ἐμά.

2118 5445 2290 5498 ἐστιν.
2323 5461 2341 5493 ι
2378 5439 2495 5495 Νῦν
2526 5439 2583 5493 δὲ
2619 5441 2755 5511 πρός
2789 5439 3071 5511 αύτόνλτόν
3101 5440 3346 5511 Πατέρα,
3392 5458 3415 5492 c
3475 5440 3566 5493 Τὰ
3606 5436 3716 5509 ἐμὰ

2117 5534 2297 5589 πάντα
2326 5534 2394 5587 σά
2426 5536 2595 5598 ἐστιν,
2621 5534 2714 5587 καὶ
2742 5532 2810 5587 τὰ
2842 5533 2910 5587 σὰ
2937 5534 3102 5602 ἐμά.»
3130 5534 3319 5588 Πᾶσαν
3351 5536 3407 5588 οἱ
3431 5533 3719 5601 θεολογείν

2132 5628 2451 5702 βουλόμενοι
2486 5626 2728 5690 εὐσεϐῶς
2760 5627 2858 5695 τὴν
2885 5628 2978 5680 ἐπὶ
3012 5626 3227 5697 οεότητί
3255 5644 3315 5681 τε
3382 5626 3495 5682 καὶ
3528 5622 3718 5697 κυριό-

520 5744 565 5826 ²έ
591 5792 749 5861 Joan.
790 5810 839 5857 γ,
868 5795 958 5847 2|.
1038 5796 1081 5826 ³⁸
1108 5794 1238 5848 ibid.
1274 5795 1360 5849 26.
1441 5792 1668 5848 "Joan.
1702 5809 1756 5857 χ,
1791 5790 1859 5845 50
1958 5787 2181 5843 "Joau.
2221 5804 2331 5853 xvr,
2366 5787 2450 5841 15.
2530 5783 2754 5840 "Jorin.
2794 5799 2923 5873 xvii,
2958 5786 3042 5840 lO.
