3870 6636
189 391 290 484 385

1295 427 1394 486 AD
1435 425 2028 486 CONS'I‘A‘NTlNUPlI
2067 428 2212 488 [ΑΒ.
2261 431 2380 489 llI.

3350 429 3456 494 386

191 529 443 602 ἀληθείας
480 529 648 584 οὐδέν
677 549 738 586 τι
782 533 988 602 γένοιτο
1009 533 1410 606 εὐπορώτερον.
1445 535 1658 604 Ἐρώτα
1690 534 1778 588 οῦν

1887 535 1978 588 ιὶιίί
2018 553 2275 606 responsa
2313 547 2498 594 nostra
2553 554 2660 594 non
2713 539 2968 605 aderunt,
3013 539 3190 596 donec
3230 540 3458 596 veritate

190 626 279 681 καὶ
315 622 480 676 πάλιν
501 639 516 654 ⁸
547 625 762 696 ἀπύρει
791 625 883 679 καὶ
923 627 1110 681 πάλιν.
1147 627 1222 678 Τὸ
1243 627 1300 679 δὲ
1331 627 1426 680 νῦν
1477 627 1598 696 ἔχον
1635 627 1785 678 ἐπεί-

189 735 290 793 περ
318 719 458 776 ἄττα
497 718 821 791 διαπορεῖς,
851 721 951 787 οὐχ
973 721 1050 785 ὡς
1077 721 1290 790 φρονῶν
1314 721 1454 775 αὐτὰ
1488 722 1579 774 καὶ
1596 723 1783 775 διαποο

187 817 313 884 ρεῖς,
331 813 472 866 ἀλλά
501 813 623 867 τῶν
659 816 767 884 τῆς
795 811 1050 883 ἀληθείας
1085 813 1624 884 καταστοχαςόμενος
1647 815 1786 881 ἐπη-

187 907 450 978 ρεαστῶν,
483 907 650 980 ὅπως
682 908 754 961 ἂν
779 908 870 960 ἐπί
907 909 1044 960 πᾶσι
1093 906 1153 960 τὸ
1193 909 1330 978 πρὸς
1385 908 1782 976 ὲπιστομισμδν

185 1001 357 1054 αὐτῶν
385 1000 617 1070 ἕτοιμόν
647 1016 740 1052 σοι
766 998 1214 1067 ἀποταμιεύοιτο,
1264 999 1360 1052 καὶ
1391 999 1460 1051 τὰ
1491 997 1782 1069 necprius-

185 1109 264 1156 να,
286 1089 384 1142 καὶ
413 1091 472 1142 αἰ
501 1089 622 1142 τῶν
654 1090 1033 1160 ἠπορημένων
1082 1090 1463 1159 διασαφήσεις,
1487 1091 1564 1152 εἰς
1611 1089 1780 1142 τύπον

183 1181 394 1248 ὁδηγίας
423 1197 512 1234 σοι
547 1180 1042 1246 διεκτιθέσθωσαν,
1061 1181 1166 1234 τίνι
1218 1182 1284 1234 ἂν
1315 1181 1404 1235 ἐπ’
1447 1182 1631 1244 αὐτοῖς
1684 1181 1780 1234 καὶ

185 1271 390 1341 γένοιτό
427 1289 514 1325 σοι
537 1274 626 1343 τῷ
664 1274 862 1344 τρόπῳ
915 1274 1295 1344 ἐπιστομίζειν
1334 1276 1560 1344 σύμπαν
1591 1276 1650 1328 τὸ
1685 1276 1782 1328 ἀν·-

185 1366 679 1435 τικαθιστάμενον.
705 1365 1002 1420 Κινοῦντοιι
1035 1367 1134 1436 μὲν
1162 1368 1272 1436 γὰρ
1301 1368 1394 1419 καὶ
1445 1368 1608 1421 πάλιν
1641 1370 1778 1439 ἡμῖν

184 1458 274 1528 τὴν
305 1456 434 1527 χθές
464 1473 577 1510 που
617 1459 725 1512 καὶ
758 1459 1023 1530 πρότριτα
1052 1457 1298 1526 συνήθως
1333 1458 1482 1528 λόγοι
1529 1462 1656 1530 περὶ
1683 1458 1777 1512 τοῦ

186 1549 466 1618 δόγματος.
493 1549 667 1615 Ἀγει
697 1548 757 1602 δὲ
797 1549 933 1619 πρὸς
973 1550 1245 1620 μνήμηνὸ
1298 1549 1454 1618 λόγος
1502 1551 1648 1620 ἡμᾶς
1681 1551 1779 1620 τῆς

187 1640 312 1707 πρὸς
342 1640 608 1709 Μαρῖνον
641 1641 743 1694 τοῦ
787 1639 932 1693 Θείου
980 1641 1229 1710 Μαξίμου
1286 1641 1569 1711 ἐπιστολὴ,
1600 1649 1656 1695 εν
1751 1645 1778 1696 ὁ

191 1729 580 1800 μεγαλώνυμος
611 1725 778 1794 οὗτος
807 1732 998 1802 Πατὴρ
1025 1734 1126 1800 τὴν
1161 1732 1302 1802 ὑπὲρ
1335 1732 1444 1786 τῶν
1477 1733 1768 1804 Ῥωμαίων

194 1823 281 1874 ἐπὶ
302 1825 367 1892 τῇ
397 1824 465 1876 ἐκ
504 1825 738 1896 Πατρὸς
761 1825 855 1878 καὶ
884 1825 1014 1878 Υἰοῦ
1037 1825 1366 1894 ὲκπορεύσει
1399 1825 1494 1879 τοῦ
1526 1827 1778 1896 Πνεῦμα-

1887 629 2005 697 ipsa
2064 630 2364 698 parabilius
2425 641 2518 687 aut
2573 633 2850 687 liberalius
2907 631 3114 702 aliquid
3171 633 3446 702 quispiam

1886 722 2291 790 excogitaterit.
2325 723 2507 789 Quare
2555 741 2750 780 rursus
2799 725 3323 792 interregationibus
3371 723 3456 777 in-
3499 777 3504 781 ,

1885 825 1992 878 sta,
2038 829 2232 870 rursus
2278 817 2710 871 ditbilatiOtiibus
2741 833 2872 886 urge
2913 815 3297 870 Verumtamen
3327 831 3452 869 eum

1885 907 1940 960 in
1973 909 2261 976 praesentia
2299 924 2418 977 quae
2457 909 2842 972 controvertis,
2877 925 2988 962 non
3038 909 3114 962 uti
3149 910 3300 962 illius
3330 925 3458 962 sen-

1885 999 2071 1052 tentia:
2097 1000 2195 1065 sis,
2225 1003 2614 1065 controvertis,
2653 1003 2747 1056 sed
2783 1002 2848 1055 ad
2881 1003 3128 1054 veritatis
3158 1003 3458 1054 calumnia-

1886 1099 2032 1145 tores
2055 1093 2300 1146 animum
2337 1093 2646 1159 intendens,
2683 1094 2819 1147 utin
2855 1095 3110 1148 omnibus
3145 1105 3452 1162 promptum

1883 1184 1980 1236 tibi
2023 1184 2090 1238 ad
2123 1199 2311 1238 eorum
2341 1201 2437 1239 ora
2469 1186 2804 1262 obstruenda
2837 1201 3109 1246 reServes.
3168 1187 3358 1248 dubia,
3399 1195 3456 1238 et

1884 1274 2288 1330 dubitationum
2306 1277 2720 1346 explicationes,
2743 1292 2877 1344 quas
2891 1277 3044 1346 sequi
3065 1277 3287 1342 debeas,
3306 1279 3456 1345 ιιιεοι

1882 1363 2099 1430 rantur,
2134 1369 2332 1436 quibus
2372 1369 2440 1422 ad
2479 1383 2574 1422 ora
2617 1368 2880 1422 lrenanda
2929 1384 3049 1422 sese
3095 1371 3258 1422 rebus
3289 1369 3443 1423 simi-
3513 1417 3516 1422 .

1883 1458 2028 1511 libus
2071 1460 2484 1528 Opponentium,
2529 1476 2638 1514 non
2675 1461 2991 1528 imparatus
3022 1461 3456 1529 comprehenda-

1881 1550 1982 1604 ris.
2017 1549 2302 1605 Moventur
2333 1553 2603 1621 siquidem
2639 1551 2858 1614 iterent,
2893 1554 2982 1620 qui
3009 1563 3062 1605 et
3090 1553 3228 1617 beri,
3255 1562 3308 1606 et
3345 1569 3450 1606 nu-

1879 1641 2003 1696 dius
2057 1643 2272 1708 tertius,
2328 1645 2405 1698 uti
2461 1643 2683 1706 assolet,
2739 1657 3026 1698 sermones
3071 1645 3138 1694 de
3173 1645 3458 1712 dogmate,

1880 1747 2168 1802 sermoque
2200 1734 2354 1788 nobis
2403 1735 2724 1787 memoriam
2761 1733 2978 1787 refricat
3013 1733 3184 1787 divini
3230 1733 3456 1788 Maximi

1881 1823 1947 1876 ad
1986 1822 2252 1877 Marinum
2286 1823 2532 1892 epistola,
2564 1840 2670 1892 qua
2699 1825 2880 1894 magni
2909 1824 3148 1878 nominis
3175 1823 3333 1878 Pater
3357 1841 3456 1895 pro

192 1931 274 1978 τος
333 1914 700 1983 δεφενδευσιν
753 1917 987 1982 διεξιὼν,
1010 1917 1092 1980 τὸ,
1131 1933 1150 1968 ι
1197 1917 1288 1980 Ἐξ
1321 1910 1396 1970 ὧν
1436 1918 1536 1970 οὐκ
1593 1919 1774 1972 αἰτίαν

1881 1912 2137 1969 Romanis
2166 1915 2232 1968 de
2265 1913 2500 1983 Spiritus
2549 1932 2614 1969 ex
2663 1915 2819 1968 Patre
2858 1927 2906 1968 ct
2939 1915 3078 1968 Filio
3105 1918 3458 1986 ριιυοιιεείοιιυ

191 2006 276 2060 τοῦ
315 2006 653 2078 Πνεύματος
686 2007 779 2062 τὸν
812 2009 938 2062 Υίδν
999 2007 1291 2071 ποιοῦντας
1349 2010 1490 2078 σφᾶς
1547 2010 1776 2074 ἑαυτοὺς

194 2097 538 2165 ἀπέδειξιιν,ι
575 2098 798 2170 εἴρηκε.
830 2100 940 2152 Καὶ⁸
963 2099 1145 2152 τοίνυν
1188 2098 1276 2151 διὰ
1305 2098 1366 2150 τὺ
1421 2100 1641 2170 πρῶτον
1681 2103 1780 2155 καὶ

193 2192 429 2262 ἀρχικὸν,
448 2191 598 2264 ὅπερ
624 2193 848 2263 ἀληθῶς
885 2192 1032 2264 μόνῳ
1061 2193 1138 2263 τῷ
1171 2191 1350 2262 Πατρὶ
1382 2193 1676 2264 πρόσεστιν
1696 2193 1778 2248 εἶ-

201 2285 402 2354 ρῆσθαι,
423 2283 494 2340 τὰ
543 2285 826 2356 εἰρημένα
852 2285 932 2356 τῷ
960 2285 1090 2356 θείῳ
1123 2285 1361 2356 Μαξίμῳ
1394 2286 1780 2357 ἐξηγουμένων

198 2374 360 2445 ἡμῶν,
409 2377 476 2429 σὺ
509 2374 570 2432 δὲ
612 2384 678 2431 το
711 2379 823 2432 τῶν
875 2379 1164 2432 ἀντιδίκων
1214 2379 1414 2442 ὑποδὺς
1462 2380 1777 2447 πρόσωπον,

207 2467 464 2537 ἁλλἰἔστι
490 2469 590 2522 τὸν
643 2469 994 2540 βουλόμενον,
1037 2470 1195 2541 ἔφης,
1239 2474 1414 2524 εἰπεῖν
1467 2471 1569 2537 ὡς,
1595 2472 1644 2524 εἰ
1681 2471 1778 2541 μὲν

201 2559 304 2618 τοῖς
338 2559 698 2627 αίτιωμένοις
737 2561 1042 2632 Ῥωμαίους
1097 2563 1230 2635 περὶ
1283 2563 1514 2634 ἀρχικοῦ
1562 2564 1656 2617 καὶ
1705 2562 1780 2635 μὴ

208 2650 422 2721 ἀρχικοῦ
444 2652 625 2706 αἰτίου
664 2656 700 2724 ὴ
721 2655 1063 2718 καταιτίοισις
1095 2639 1165 2726 ἦν
1185 2697 1202 2723 ,
1223 2651 1372 2726 εἶχον
1401 2656 1470 2708 ἂν
1497 2656 1552 2708 al
1581 2654 1800 2725 ὲξηγή-.

207 2759 309 2804 cet;
353 2744 416 2798 τὸ
473 2746 852 2814 εὐλογοφανές
877 2763 896 2780 ο
938 2747 1060 2810 επεὶ
1087 2747 1146 2800 δὲ
1183 2748 1387 2800 ἐκεῖνοι
1445 2746 1582 2817 πρὸς
1611 2747 1782 2817 αὐτὴν

204 2835 292 2906 τὴν
333 2835 392 2901 ιξ
419 2837 556 2890 Υἰοῦ
609 2839 948 2910 ἐκπορευσιν
1017 2839 1382 2906 ἀντιλέγουσι,
1436 2841 1612 2909 πάντη
1664 2841 1782 2892 ἐστὶ

205 2925 346 2991 δῆλον
373 2927 500 2998 μήτ’
535 2928 774 2992 ἐκείνοις
817 2929 956 3000 μήτε
981 2929 1060 3000 τῷ
1087 2929 1528 3000 ὺπερηγοροῦντι
1551 2930 1661 2984 τῶν
1685 2930 1778 2984 ὑπ’

208 3019 426 3072 αἱτίασιν
499 3021 634 3090 περὶ
690 3021 924 3091 ἀρχικοῦ
960 3021 1056 3074 καὶ
1093 3020 1190 3092 μὴ,
1224 3021 1442 3092 περὶδὲ
1485 3025 1583 3093 τῆς
1641 3023 1779 3089 ὅλως

209 3109 370 3172 αἰτίας
397 3111 488 3163 τὸν
525 3111 698 3180 λόγον
735 3111 954 3165 ἅπαντα
977 3112 1248 3180 γίνεσθαι.

1879 2005 2252 2061 defensionem
2293 2007 2607 2070 instituens,
2629 2007 2778 2070 illud,
2813 2023 2907 2062 cex
2937 2007 3136 2076 quibus
3158 2023 3264 2062 non
3289 2024 3457 2064 causa

1882 2097 2117 2167 Spiritus
2143 2099 2333 2152 Filium
2359 2087 2624 2165 asserere,
2649 2116 2768 2154 sese
2791 2100 2863 2152 illi
2886 2099 3292 2163 ostendi-runt”
3316 2100 3454 2154 scri-

1886 2199 2013 2258 psit.
2043 2188 2108 2243 Et
2139 2189 2252 2246 haec
2281 2205 2403 2244 cum
2431 2207 2530 2245 nos
2548 2201 2764 2260 propter
2781 2191 3096 2260 primarium
3123 2202 3284 2260 atque
3305 2193 3454 2259 prin-

1881 2281 2076 2352 cipale,
2107 2284 2248 2352 quod
2286 2298 2414 2338 vere
2435 2284 2535 2338 soli
2565 2283 2706 2337 Patri
2735 2288 2898 2347 inest,
2931 2283 3134 2338 dictata
3165 2299 3306 2346 esse,
3334 2297 3456 2350 quae

1889 2389 2056 2442 supra
2095 2375 2378 2428 attulimus
2409 2391 2474 2428 ex
2503 2385 2694 2429 sancto
2721 2373 2978 2439 Maximo,
3010 2373 3454 2443 interpretentur,

1888 2474 1942 2519 tu
1999 2465 2437 2521 adversariorum
2488 2481 2778 2535 personam
2827 2466 3084 2531 induens,
3143 2480 3304 2534 posse
3351 2466 3455 2527 ais,

1886 2560 2192 2627 cuicunque
2263 2558 2318 2612 id
2380 2559 2767 2626 complacitum
2821 2554 3007 2624 fuerit,
3051 2573 3346 2628 opponere,
3409 2558 3455 2611 si

1883 2647 1977 2716 qui
2014 2645 2290 2700 Romanos
2317 2647 2369 2698 in
2406 2649 2612 2700 crimen
2643 2649 2933 2712 vocabant,
2963 2647 3072 2702 illis
3100 2648 3167 2701 de
3198 2647 3452 2716 primaria

1882 2746 1937 2793 et
1965 2738 2252 2808 principali
2274 2754 2438 2794 causa
2459 2739 2774 2792 criminatio
2801 2740 3010 2802 fuisset,
3049 2738 3258 2792 similes
3281 2753 3453 2806 expo-

1881 2827 2110 2882 sitiones
2145 2829 2376 2884 rationis
2410 2829 2615 2898 aliquid
2648 2831 2704 2882 in
2731 2844 2789 2883 se
2819 2829 3103 2882 continere
3137 2829 3455 2897 judicaren-

1805 2925 1820 2942 ‘
1883 2929 1970 2972 tur
2005 2937 2020 2973 :
2053 2921 2146 2974 sed
2201 2935 2326 2974 cum
2387 2921 2462 2974 illi
2517 2921 2691 2990 ipsam
2737 2936 2805 2976 ex
2860 2919 2997 2975 Filio
3044 2923 3454 2990 processionem

1879 3022 2210 3082 oppugnent,
2265 3012 2521 3066 omnibus
2562 3011 2912 3069 manifestum
2961 3023 3226 3076 remanet,
3278 3025 3456 3080 neque

1879 3105 1946 3158 ab
1985 3104 2116 3168 illis,
2159 3119 2337 3174 neque
2395 3105 2464 3160 ab
2499 3103 2622 3159 aliis
2671 3105 2766 3173 qui
2823 3118 3016 3158 eorum
3067 3103 3453 3160 defensionem

211 3204 528 3272 suscipiunt,
596 3205 673 3260 de
723 3205 986 3276 primaria
1029 3218 1084 3261 et
1131 3206 1420 3279 principali
1463 3224 1630 3264 causa
1694 3215 2072 3283 quaestionem,
2121 3219 2217 3274 sed
2284 3219 2350 3274 de
2391 3218 2548 3274 totali
2597 3233 2766 3274 causa
2813 3233 3098 3274 sermones
3169 3219 3456 3276 universos

209 3295 424 3365 iactatos
457 3301 661 3358 fuisse.

3131 3333 3156 3344 ρ

279 3395 338 3464 β’.
355 3397 525 3452 Τοῦτο
549 3401 584 3470 ἡ
616 3400 847 3472 ἀπορία.
883 3399 1074 3471 Ἡμεῖς
1095 3401 1152 3456 δὲ
1177 3402 1276 3472 τὴν
1297 3400 1472 3468 λύσιν,
1495 3401 1554 3455 ὃν
1573 3401 1778 3474 εἴρηται

1966 3403 2021 3458 2.
2065 3403 2190 3460 llaec
2239 3405 2584 3460 addubitatio
2630 3413 2733 3459 est.
2767 3401 2882 3459 Nos
2911 3419 3073 3474 porro
3105 3405 3451 3476 solutionem,

214 3489 392 3558 τρόπον
413 3493 664 3559 ὁδηγίας,
682 3494 774 3545 ἐπὶ
789 3493 867 3564 τῷ
884 3493 1029 3564 ἔχειν
1047 3511 1106 3546 σε
1124 3496 1248 3558 τοὺς
1263 3494 1436 3548 ταῦτα
1453 3497 1779 3564 φρονοῦντας

217 3582 588 3652 ἐπιστομίζειν,
640 3585 948 3640 διεκθέσθαι
1003 3586 1340 3656 βουλόμενοι,
1382 3585 1526 3640 οὕτω
1574 3587 1640 3658 δὴ
1683 3591 1778 3643 καὶ

217 3672 594 3746 διεκτιθέμεθα.
635 3675 798 3740 Οἶδας
841 3677 914 3738 ὡς
964 3677 1106 3740 τινὲς
1149 3679 1246 3748 μὲν
1292 3679 1516 3744 τούτων,
1560 3678 1650 3732 ὑπ’
1679 3681 1780 3750 ἁρ-

219 3767 354 3835 χηγῴ
379 3769 614 3839 Κυπρίῳ
652 3768 998 3836 ταττόμενοι,
1031 3769 1165 3840 πρὸς
1195 3763 1274 3832 οἷς
1306 3769 1488 3834 ἄλλοις
1520 3771 1661 3824 κατὰ
1681 3769 1776 3823 τοῦ

221 3859 451 3924 εὐσεδοῦς
478 3878 612 3929 φασι
635 3861 950 3930 δόγματος,
985 3862 1078 3914 κα)⁸
1108 3863 1188 3924 είς
1215 3863 1537 3932 ὁμωνυμίαν
1562 3865 1780 3917 διαθάλ-

220 3947 353 4004 λουσι
381 3952 477 4024 τὴν
518 3953 884 4024 ὲκπόρευσινο
913 3954 1057 4017 τινὲς
1089 3953 1146 4006 δὲ
1188 3956 1298 4018 τοῖς
1334 3955 1594 4018 τοιούτοις
1637 3956 1777 4010 κατὰ

223 4040 277 4092 τὸ
309 4044 368 4094 ἐκ
414 4044 634 4116 [ἰατρὸς
683 4045 913 4114 διαιρεῖν
939 4045 1029 4098 τὸν
1074 4044 1208 4098 Υίὸν
1253 4044 1346 4098 ἐπὶ
1377 4047 1441 4115 τῇ
1481 4046 1630 4118 αἰτίᾳ
1681 4045 1774 4099 τοῦ

226 4132 517 4204 Πνεύματος
569 4139 1014 4209 συμφωνοῦντες,
1049 4139 1144 4192 τοῦ
1195 4141 1332 4203 τέως
1374 4141 1533 4210 μόνον
1559 4127 1778 4210 εὐγνω-

233 4228 460 4294 μονοῦσιν
485 4232 775 4301 ὁμολογεῖν
809 4233 905 4303 τὴν
937 4234 1282 4304 ὲκπόρευσιν,
1311 4236 1511 4302 τρόπον
1539 4236 1638 4305 τῆς
1677 4235 1773 4287 τοῦ

229 4319 522 4391 Πνεύματος
576 4324 864 4395 ὑπάρξεως
912 4326 1096 4396 μόνον,
1127 4328 1224 4380 καὶ
1279 4327 1440 4380 πλέον
1489 4329 1776 4396 σημαίνειν

233 4409 401 4478 μηδὲν.
430 4413 538 4486 Τῆς
572 4415 786 4486 ῥήσεως
813 4413 945 4482 γοῦν
970 4414 1074 4466 ὑπὸ
1101 4415 1320 4469 πάντων
1342 4417 1776 4489 ὁμολογουμένης

229 4505 391 4572 κοινῇο
427 4505 485 4557 τὸ
510 4505 641 4578 γὰρ,
689 4523 707 4556 ι
756 4504 844 4570 Ἐξ
888 4499 964 4559 ὧν
993 4507 1092 4559 οὐκ
1125 4506 1304 4560 αἰτίαν
1331 4507 1422 4560 τοῦ
1463 4502 1776 4578 Πνεύματός

231 4588 310 4642 τὸν
332 4591 451 4649 Υἰὸν
500 4597 788 4660 ποιοῦντας
823 4599 963 4666 σφᾶς
1009 4597 1236 4660 ἑαυτοὺς
1280 4597 1592 4666 ἀπέδειξαν,
1622 4617 1642 4651 ι
1676 4601 1776 4671 τὴν

235 4684 392 4738 αὐτῶν
437 4689 726 4758 ὑποθέλγον
765 4691 940 4760 ῥοπὴν
982 4689 1119 4758 πρὸς
1163 4690 1453 4760 ὁμολογίαν
1495 4690 1642 4747 ῑλκει
1675 4681 1772 4745 αὖ·

236 4775 374 4838 τούς⁶
403 4775 437 4850 ἧ
477 4783 586 4850 γὰρ
613 4781 702 4847 ἂν,
737 4781 784 4833 εί
825 4781 900 4852 μὴ
941 4780 1118 4846 τοῦτο,
1145 4780 1264 4834 οὐδὲ
1281 4781 1507 4853 ταύτην,
1537 4784 1611 4846 ῶς
1645 4785 1776 4837 πολε

238 4859 322 4926 λάς
337 4866 438 4919 τῶν
475 4870 649 4925 ἀλλων
684 4871 944 4942 Πατέρων
973 4869 1274 4938 Θεολογίας,
1305 4869 1574 4924 διαϐαλεῖν
1597 4869 1776 4942 ὤκνη-

237 4953 343 5009 σαν.
399 4957 534 5031 Ὅρα
579 4964 727 5026 ὅπως
774 4964 871 5016 καὶ
921 4961 1053 5032 πρὸς
1085 4962 1254 5032 ἄμφω
1301 4961 1664 5032 διαλεγομένῳ
1710 4962 1778 5016 τὰ

244 5047 365 5119 μέρη
391 5053 554 5108 ταῦτα
610 5055 844 5126 ἰσχυρῶς
875 5054 1250 5108 ἀποδεικνύειν
1299 5053 1512 5118 ἐξέσται
1547 5072 1650 5120 σοι,
1689 5055 1778 5110 διὰ

243 5143 292 5191 rb
322 5145 513 5212 πρῶτον
545 5151 639 5201 καὶ
671 5148 896 5218 ἀρχικὸν
938 5146 1114 5200 αἴτιον
1157 5146 1372 5216 ἀληθῶς
1405 5146 1653 5217 Μάξιμον
1695 5153 1777 5202 εί-

248 5234 444 5298 ρηκὲναι
493 5238 581 5290 τίν
617 5237 1010 5306 μεγαλώνυμον
1041 5235 1126 5300 τὸ,
1166 5253 1186 5287 ι
1231 5235 1320 5300 Ἐξ
1347 5231 1430 5305 ,ὧν
1468 5238 1566 5290 οὐκ
1595 5238 1778 5292 αἰτίαν

248 5321 327 5373 τοῦ
371 5325 675 5397 Πνεύματος
720 5329 812 5380 τὸν
857 5327 982 5380 Υίὸν
1021 5328 1312 5390 ποιοῦντας
1359 5330 1499 5398 σφᾶς
1553 5330 1776 5392 ἑαυτοὺς

251 5409 525 5480 ἀπέδειξαν.
564 5437 582 5469 ι
619 5417 957 5472 Γινέσθωσάν
1009 5435 1090 5471 σοι
1127 5419 1342 5490 πρῶτον
1389 5421 1438 5472 oi
1484 5423 1586 5490 τὴν
1618 5421 1779 5473 ἐκπό-

255 5516 410 5570 ρευσιν
436 5510 846 5581 ὀρθοτομοῦντες
884 5510 1250 5580 διαλεγόμενοι
1278 5527 1292 5541 ⁸
1325 5516 1774 5582 προτεινέτωσαν,

249 5590 365 5666 ὅπερ
403 5603 448 5654 οί
473 5604 883 5675 ὁμωνυμοῦντες
917 5605 1174 5658 οὐδέποτε
1213 5605 1295 5669 τὸ,
1327 5607 1377 5656 εί
1411 5607 1508 5674 μὲν
1551 5607 1663 5666 τοῖς
1693 5607 1778 5658 αίο

249 5692 502 5760 τιωμένοις
546 5698 834 5769 Ῥωμαίοις
866 5701 995 5770 περὶ
1041 5697 1272 5768 ἀρχικοῦ
1319 5699 1411 5752 καὶ
1443 5701 1517 5769 μὴ
1545 5698 1775 5768 ἀρχικοῦ

257 5777 462 5857 ultioni;
497 5791 831 5854 καταιτίασις
879 5787 969 5862 ἦν,
1000 5789 1144 5861 εἶχον
1187 5791 1254 5844 ἂν
1287 5793 1342 5844 αἰ
1393 5793 1680 5863 ἐξηγήσεις
1717 5793 1776 5845 τὸ

257 5869 568 5948 εω·⁰ΐοφῖιναές
595 5900 606 5914 ⁸
637 5885 755 5936 ἐπεὶ
794 5883 838 5935 δ’
865 5886 1057 5935 ἐκεῖνοι
1092 5883 1220 5952 πρὸς
1245 5885 1339 5954 τὴν
1371 5885 1424 5948 ἐξ
1457 5884 1583 5935 Tia-v3
1615 5883 1774 5936 ἐκπύ-

1884 3505 1939 3548 ut
1974 3495 2203 3560 habeas,
2235 3495 2396 3550 modo
2421 3509 2531 3564 quo
2556 3496 2760 3550 dictum
2792 3503 2892 3558 est,
2919 3506 3222 3564 promptam
3261 3498 3327 3553 ad
3358 3515 3453 3553 ora

1885 3587 2088 3642 similia
2132 3587 2484 3641 sentientium
2508 3586 2797 3651 frenanda,
2831 3601 3104 3655 exponere
3143 3591 3449 3658 cupientes,

1883 3681 1962 3734 sic
2005 3694 2124 3733 eam
2161 3679 2482 3750 digerimus.
2528 3678 2625 3733 Sat
2657 3678 2806 3733 nosti
2837 3693 2906 3733 ex
2940 3679 3090 3734 hisce
3133 3682 3450 3748 nonnullos,

1881 3769 2075 3824 ducem
2107 3753 2367 3840 Cyprium
2413 3777 2724 3838 sequentes,
2773 3769 2916 3822 inter
2945 3769 3073 3834 alia,
3109 3785 3232 3839 quae
3263 3773 3451 3827 adrer-

1881 3876 1978 3915 sus
2010 3860 2208 3929 degina
2235 3860 2383 3930 pium
2431 3869 2751 3929 rectumque
2796 3859 3092 3924 blateratu,
3137 3864 3452 3931 processio-

1882 3967 2007 4005 nem
2055 3966 2274 4021 quoque
2323 3951 2700 4017 criminantes,
2738 3951 3096 4024 bomonymim
3147 3930 3444 4008 obnoxiam

1881 4043 2060 4098 facere
2097 4059 2110 4097 :
2147 4044 2286 4098 alios
2333 4057 2465 4097 vero
2511 4043 2702 4097 iisdem
2758 4043 2813 4097 in
2867 4045 3210 4114 separatione
3252 4044 3375 4101 Filii
3415 4062 3449 4102 a

1881 4137 2040 4192 Patre
2072 4135 2127 4189 in
2155 4149 2323 4190 causa
2352 4135 2590 4205 Spiritus
2615 4137 3038 4201 concordantes,
3067 4137 3140 4190 ita
3171 4152 3358 4208 aequos
3387 4152 3450 4194 se

1881 4239 2193 4300 praestasse,
2232 4237 2290 4282 ut
2333 4229 2738 4297 processionem
2787 4232 3010 4283 modum
3043 4240 3253 4286 tantum
3297 4229 3450 4287 exei-

1879 4321 2093 4376 slentiae
2147 4321 2386 4389 Spiritus
2439 4329 2495 4374 et
2539 4321 2676 4374 nihil
2722 4319 2870 4374 aliud
2918 4333 3218 4376 connotare
3279 4323 3450 4378 dicta-

1881 4419 2021 4466 rent.
2058 4411 2193 4465 Dico
2219 4426 2346 4464 vero
2381 4411 2547 4465 simili
2581 4427 2812 4466 assensu
2859 4411 3141 4467 communi
3175 4421 3444 4480 excepto;

1879 4519 2111 4570 namque
2149 4505 2277 4557 illud
2313 4521 2328 4556 :
2359 4521 2380 4554 ι
2411 4505 2488 4557 Ex
2533 4504 2733 4574 quibus
2782 4519 2892 4560 non
2936 4518 3158 4560 causam
3210 4503 3446 4575 Spiritus

1877 4594 2076 4650 Filium
2113 4596 2290 4649 facere
2322 4610 2441 4651 sese
2465 4597 2542 4649 illi
2575 4595 2952 4658 ostenderunt.
2991 4613 3011 4649 ι
3044 4611 3234 4650 eorum
3269 4599 3447 4651 emol-

1883 4689 2020 4742 liens
2075 4689 2336 4756 impetum
2372 4688 2436 4741 ad
2483 4687 2834 4756 prmbendum
2880 4702 3166 4742 assensum
3213 4689 3443 4744 inducit.

1881 4779 2096 4833 Etenim
2126 4779 2170 4832 si
2209 4780 2259 4830 id
2289 4795 2394 4831 non
2437 4787 2602 4841 esset,
2638 4779 2748 4834 hoc
2792 4779 2868 4838 uti
2909 4779 3165 4848 pleraque
3210 4782 3444 4834 aliorum

1884 4869 2108 4924 Patrum
2152 4849 2457 4941 tlieologica
2509 4871 2652 4924 dicta
2702 4884 2964 4925 accusare
3013 4885 3121 4924 non
3177 4854 3448 4939 negleais-

1879 4971 2021 5019 sent.
2049 4962 2280 5018 Attende
2305 4978 2466 5032 porro
2499 4973 2577 5026 tu,
2609 4977 2720 5033 qua
2749 4967 2984 5030 ratione,
3014 4978 3140 5020 cum
3179 4966 3447 5018 anilwbus

1879 5052 2034 5107 hisce
2083 5055 2330 5121 partibus
2379 5053 2715 5123 colloquium
2765 5067 3086 5120 conserens,
3123 5055 3298 5108 valide
3348 5053 3446 5107 de-

1879 5154 2187 5199 monstrare
2218 5146 2442 5212 poteris,
2479 5154 2700 5215 propter
2727 5145 3044 5214 primariam
3074 5155 3128 5200 et
3161 5145 3440 5214 principa-

1879 5233 1983 5287 lem
2024 5248 2246 5288 causam
2279 5250 2402 5288 rere
2447 5237 2629 5304 magni
2666 5237 2908 5291 nomints
2958 5235 3253 5290 Maximum
3305 5237 3448 5290 scri-

1879 5327 2079 5395 psisse,
2135 5342 2154 5376 ι
2189 5325 2266 5380 Ex
2293 5328 2491 5396 quibus
2521 5343 2628 5382 non
2672 5344 2892 5384 causam
2941 5327 3177 5392 Spiritus
3239 5325 3434 5382 Filium

1879 5419 2057 5475 facere
2093 5435 2214 5475 sese
2248 5422 2325 5474 illi
2355 5423 2728 5477 ostenderunt.
2773 5442 2792 5476 ι
2847 5426 2910 5476 Et
2939 5427 3177 5492 primum
3220 5422 3438 5490 quidem

1877 5527 2002 5567 cum
2026 5528 2307 5568 sermones
2328 5525 2715 5579 conseruntur,
2739 5517 2832 5586 qui
2858 5518 3260 5587 processionem
3295 5527 3442 5571 reete

1879 5615 2134 5681 tractant,
2169 5618 2493 5678 proponant,
2525 5611 2671 5679 quod
2703 5625 3004 5678 nunquam,
3039 5610 3131 5678 qui
3180 5609 3445 5682 homony-

1881 5701 2043 5753 miam
2098 5701 2399 5766 insinuant,
2457 5702 2778 5764 concedent,
2818 5705 2864 5756 si
2911 5703 3006 5771 qui
3057 5702 3332 5758 Romanos
3382 5706 3439 5758 in

1877 5794 2084 5846 crimen
2134 5795 2423 5856 vocabant,
2477 5796 2582 5850 illis
2633 5796 2698 5848 de
2747 5795 3003 5864 primaria
3057 5805 3112 5848 et
3157 5797 3441 5866 principali

1878 5899 2041 5938 causa
2081 5888 2389 5942 criminatio
2420 5888 2632 5954 fuisset,
2689 5889 2894 5944 s‘miles
2935 5889 3304 5958 expositiones
3356 5909 3444 5944 ra-
