3800 6570
467 361 574 427 395
1491 371 1704 436 JOAN.
1749 375 1964 436 VECCI
2004 378 2032 439 ί

2159 379 2668 442 PATltIARCH/E
2777 421 2784 428 -
3573 397 3664 463 θθδ

472 477 602 533 Jesu
633 474 860 532 Christi.
903 496 921 530 ι
959 479 1323 537 Athanasium
1355 496 1484 536 vero
1511 483 1566 536 in
1603 483 1730 550 illis,
1763 501 1884 555 qua:
1915 487 2032 542 sub-

2148 491 2175 543 ὁ
2199 491 2407 561 Πατὴρ,
2437 491 2494 556 ἐξ
2521 487 2583 546 οὗ
2599 492 2666 546 τὰ
2689 510 2884 548 παντα.
2918 510 2937 544 ι
2974 493 3081 546 Καὶ
3108 492 3256 563 γὰρό
3286 495 3439 565 Λᾶγος
3463 500 3666 568 ἐξαὺτοῦ

463 566 645 636 jungit
675 567 740 621 ad
773 567 1281 641 interrogationem,
1327 588 1346 622 ι
1387 570 1529 636 Quid
1565 571 1707 628 Deus
1752 575 1870 630 est?
1916 575 2032 632 Om‘

2143 585 2440 653 γεννητῶς,
2487 588 2580 638 καὶ
2652 587 2712 637 τὸ
2765 585 2988 656 Πνεῦμα
3023 584 3084 650 ἐξ
3140 587 3302 640 αὑτοῦ
3345 591 3666 664 ἐκπορευτιῖκ,

469 658 618 710 nium
659 658 1010 730 principium,
1079 669 1137 716 ut
1196 663 1495 732 Apostolus
1545 664 1640 729 ait,
1696 665 1850 720 Unus
1905 669 2032 724 Deus

2145 671 2276 728 Εἶτα
2309 679 2512 746 πᾶσαή
2545 679 2719 740 κτίσις
2751 678 2836 729 διὰ
2866 677 2957 730 τοῦ
2987 679 3161 744 Λόγου
3192 680 3247 729 ὲν
3283 679 3538 751 Πνεύματι
3559 706 3661 744 συν.

468 747 648 813 Pater,
683 766 748 803 ex
780 767 889 820 quo
921 754 1126 808 omnia.
1186 752 1434 824 Namque
1470 754 1710 811 Verbum
1745 775 1809 812 ex
1846 776 1912 815 co
1965 774 2032 815 est

2146 770 2276 839 έστη
2328 769 2761 838 δημιουργικῶς.
2801 788 2820 820 ι
2857 769 3030 823 Τοῦτο
3067 772 3164 838 τῆς
3203 747 3470 829 εὐσεϐείας
3500 781 3598 832 ἐστὶ
3621 785 3668 836 τὸ

469 851 791 908 generatus,
815 851 867 897 et
898 842 1136 912 Spiritus
1168 860 1233 900 ex
1287 849 1478 903 eodem
1533 850 1853 918 procedens.
1888 850 2032 906 Post-

2144 859 2474 913 τελεώτατον
2495 876 2508 888 °
2538 859 2695 912 τοῦτο
2720 862 2818 921 τῆς
2855 859 3180 927 εἰλικρινοῦς
3227 861 3502 929 ὁμολογίας
3521 869 3572 918 τὸ
3598 889 3670 924 κου

468 932 690 986 modum
726 933 980 990 universa
1014 947 1265 993 creatura
1323 955 1418 1008 per
1461 938 1698 996 Verbum
1745 943 1795 996 in
1837 943 2032 1012 Spiritu

2151 951 2532 1020 ρυφαιότατον.
2569 953 2676 1004 Καὶ
2713 953 2776 1004 σὺ
2805 951 2953 1014 τέλος
2983 947 3057 1004 ὧν
3081 952 3412 1020 ὃιηπὸρηκας
3439 957 3526 1025 τὴν
3545 959 3672 1028 eam-

465 1020 766 1077 fabrefacta
829 1026 1103 1082 consistit.
1148 1046 1167 1080 ι
1209 1029 1334 1085 Haec
1386 1040 1473 1085 est
1535 1032 1752 1101 pictatis
1799 1049 2032 1102 sumtt‘ia,

2141 1045 2209 1111 ϐῆ
2247 1045 2442 1112 γνῶσιν
2472 1045 2562 1097 τοῦ
2596 1045 2741 1112 παρὰ
2766 1045 2874 1096 τῶν
2905 1043 3076 1112 ἁγίων
3120 1043 3179 1095 τὸ
3221 1043 3383 1098 ιῐτιον
3423 1051 3670 1116 ἑξχιρέτως

468 1111 559 1166 hic
587 1122 670 1168 est
706 1113 936 1172 sincera:
972 1133 1222 1189 veraeque
1253 1120 1619 1184 confessionis
1652 1133 1856 1180 vertex.
1894 1125 1960 1179 Et
1983 1137 2032 1180 tu

2140 1131 2216 1200 τῷ
2247 1132 2421 1200 Harp}.
2461 1131 2819 1199 ἀφορίζεσθαι
2884 1133 2971 1185 δια
3001 1133 3060 1184 τὸ
3093 1134 3306 1202 πρῶτον
3337 1138 3448 1187 καὶ.
3477 1140 3665 1207 ἀρμκὶν

459 1203 575 1273 jam
603 1205 821 1262 tandem
860 1208 1155 1266 dubiorum
1187 1223 1296 1268 ate
1335 1216 1742 1284 propositorum
1801 1221 2032 1288 exquisi¢

2143 1222 2412 1292 ἐσχηκὼς,
2439 1229 2531 1275 καὶ
2561 1224 2654 1276 τοῦ
2679 1223 2930 1276 ἐντεῦθεν
2956 1224 3090 1293 πρὸς
3117 1225 3357 1292 ἀνάγκης
3403 1228 3670 1283 ἀκολουθεῖν

469 1307 583 1352 tam
622 1299 875 1355 notitiam
927 1302 1157 1368 habens,
1190 1320 1220 1359 a
1251 1307 1455 1362 sanctis
1512 1305 1768 1365 Patribus
1818 1326 2032 1366 causam

2146 1315 2304 1368 τοῦτο
2333 1321 2472 1368 νοεῖν
2521 1313 2660 1369 εἶναι
2711 1317 2774 1368 τὸ
2835 1317 2929 1369 καὶ
2985 1318 3381 1386 ἀφαιρούμενον
3427 1320 3512 1372 τοῦ
3549 1323 3670 1388 Υἰοῡ,

464 1387 614 1444 Patri
664 1393 1012 1460 potissimum
1073 1397 1278 1452 ascribi
1336 1407 1557 1470 pr0pter
1611 1402 1928 1470 primarium
1975 1418 2032 1457 ac

2148 1406 2326 1478 ἐρώτα
2360 1412 2456 1461 καὶ
2485 1410 2665 1471 πάλιν,
2717 1409 2912 1478 ἁπόρει
2949 1411 3043 1462 καὶ
3080 1411 3262 1462 πάλιν.

476 1483 801 1554 principale;
850 1487 1083 1580 indeque
1143 1491 1450 1546 necessario
1514 1493 1693 1563 sequi,
1735 1493 1838 1549 hoc
1871 1496 2049 1566 ipsum
2086 1512 2207 1554 esse
2229 1501 2374 1570 quod
2439 1500 2699 1555 adimitur
2730 1501 2868 1555 Filio
2929 1502 3215 1570 intelliges.
3243 1503 3675 1558 Percontarcru:-

465 1588 582 1639 sus,
618 1591 812 1635 rursus
849 1580 1130 1636 addubita.
2951 1598 2953 1601 ’

520 1805 3628 1840 __________.________________________________________

1531 1988 1917 2122 ΤΟΥ
2006 1985 2652 2126 ΑΥΤΟΥ

1842 2218 2320 2275 ΔΝΤῘΡΡΗΤΞΚΛ

625 2375 768 2433 NN
787 2374 918 2432 ΕΠΙ
954 2374 1116 2431 ΤΑΙΣ
1152 2376 1336 2431 ΠΕΡΙ
1365 2373 1502 2431 ΤΟΥ
1527 2377 1624 2430 ΑΓ
1627 2376 1764 2430 1οΥ
1801 2376 2240 2432 ΠΝΕΥΜΑΤΟΣ
2278 2380 2672 2433 ΓΡΑΦΙΚΑΙΣ
2710 2378 3086 2432 ΧΡΗΣΕΣΙΝ
3114 2380 3543 2437 ΕΠΙΣΤΛΣΙΩΝ

940 2538 1361 2628 ΚΥΡΙΟΥ
1432 2537 2158 2628 ΑΝΔΡΟΝΙΚΟΥ
2227 2543 2456 2631 ΤΟΥ
2527 2543 3226 2633 ΚΑΜΑΤΗΡΟΥ

1759 2737 2071 2775 ΔΡΟΥΓΓΑΡΙΟΥ
2098 2738 2188 2776 τιιι
2221 2739 2401 2777 ιιι-ΑΜ.

1671 3053 2552 3183 EJUSDEM

1770 3289 2393 3354 BEFUTATIONES

1113 3471 1643 3553 ADVERSUS
1721 3472 1814 3547 D.
1897 3471 2462 3552 ANDRONICI
2541 3471 3055 3554 CAMATERI

1783 3645 1988 3698 VlGL/E
2038 3645 2394 3698 DRUNGARII

699 3871 713 3881 δ
746 3798 1023 3865 SUPER
1061 3795 1423 3862 SCRIPTO
1469 3794 1869 3856 TRADITIS
1923 3793 2492 3856 TESTIMONIIS
2537 3793 2652 3856 DE
2689 3794 3041 3861 SPIRITU
3080 3797 3420 3863 SANCTO

1652 3921 2499 3986 ANIMADVERSIONES.

535 4254 575 4310 l.
605 4251 742 4309 Cum
775 4249 831 4304 in
858 4245 1042 4302 animo
1080 4251 1270 4300 nostro
1328 4240 1609 4306 insederit,
1635 4253 1824 4311 pacem
1859 4240 2032 4295 cccle-

2207 4242 2289 4292 A'.
2329 4237 2698 4310 Βουλομένους
2729 4239 2876 4310 ἡμᾶς
2888 4237 2984 4310 τὴν
3001 4240 3463 4314 ἑκκλησιαστικὴν
3490 4247 3680 4316 εἰρήνην

459 4346 739 4404 siasticam
765 4340 1028 4397 continuo
1068 4347 1409 4406 promovere,
1434 4343 1491 4387 et
1529 4335 1703 4403 magis
1749 4347 1812 4386 ac
1857 4333 2032 4399 magis

2136 4331 2222 4384 ἀεὶ
2253 4333 2518 4402 προάγειν
2555 4334 2646 4384 ἐπὶ
2666 4332 2726 4384 τὸ
2759 4331 3005 4400 βεδαιότε
3019 4349 3134 4404 ρον,
3179 4337 3284 4388 οὐκ
3327 4335 3442 4389 οἶδα
3467 4337 3516 4390 sl’
3535 4354 3606 4398 τις
3630 4338 3681 4388 ἂν

459 4437 838 4498 constabilire,
878 4431 1064 4487 nescio
1088 4443 1157 4484 an
1189 4426 1464 4497 quispiam
1494 4425 1650 4480 nobis
1704 4423 1920 4495 ineptiae
1947 4423 2032 4476 vel

2138 4421 2528 4493 ἀπειροκαλίας
2558 4424 2980 4494 κατηγορήσειε.
3008 4426 3134 4488 Τοῖς
3187 4427 3300 4497 γὰρ
3351 4428 3496 4490 απαξ
3533 4433 3682 4494 ἐγχει·

459 4528 786 4587 rusticitatis
843 4525 1052 4581 crimen
1116 4521 1322 4576 inurat.
1385 4516 1628 4588 Namque
1682 4531 1804 4572 cum
1864 4515 2031 4572 semel

2137 4515 2347 4585 ρηθεῖσι
2380 4515 2560 4578 καλῶς
2590 4515 3034 4586 ἐγχειρήσαντες,
3056 4521 3147 4570 καὶ
3167 4518 3405 4588 δεύτερα
3432 4521 3520 4571 καὶ
3553 4521 3680 4586 τρίτι

458 4627 624 4680 rebus
649 4616 944 4692 pr0positis
978 4613 1146 4685 probe
1178 4625 1373 4668 manus
1393 4609 2034 4669 admoverimus,secun-

458 4717 587 4771 dum
625 4720 680 4768 et
713 4711 930 4766 tertium
963 4706 1031 4761 ad
1053 4721 1117 4759 ea
1151 4703 1418 4759 ﬁrmanda
1445 4699 1764 4773 ﬁgendaque
1803 4707 2033 4753 conatus

466 4817 529 4857 ac
555 4799 736 4857 studia
754 4795 1121 4854 convertenda
1146 4790 1514 4848 necessarium
1538 4787 1812 4844 ducimus.
1842 4784 1904 4839 Et
1924 4801 2034 4856 qua

465 4893 679 4947 ratione
706 4889 896 4954 exiis,
946 4886 1040 4957 qui
1095 4885 1196 4939 ista
1228 4883 1435 4954 legunt,
1475 4894 1571 4936 eos
1623 4878 1816 4933 merito
1868 4877 2032 4932 veluti

459 4987 672 5054 ineptos
706 4992 759 5038 et
792 4980 1029 5036 rusticos
1056 4975 1518 5039 criminabuntur,
1545 4972 1638 5041 qui
1671 4971 1799 5026 totis
1827 4971 2034 5024 viribus

458 5077 784 5133 conﬁrmare
852 5071 1497 5137 contendunt,quorum
1551 5061 1827 5134 aggressio
1899 5062 2034 5116 bene

458 5166 625 5223 semel
656 5173 836 5235 coepta
873 5169 958 5218 est
983 5160 1005 5213 ?
1031 5156 1420 5213 Verumtamen
1451 5152 1687 5223 primum
1738 5150 1875 5203 bene
1918 5162 2034 5202 cm-

456 5261 566 5330 ptis
600 5257 844 5313 secunda
875 5252 1080 5316 studia,
1116 5258 1171 5304 et
1207 5247 1366 5302 tertia
1397 5245 1462 5298 ad
1497 5257 1685 5297 eorum
1721 5239 2030 5294 ﬁrmitatem

402 5356 408 5360 ’
459 5349 841 5408 stabiliendam
873 5343 1140 5406 conferre,
1186 5339 1291 5394 hoc
1320 5335 1484 5392 modo
1511 5333 1725 5402 ineptiae
1754 5330 2028 5386 rusticita-

459 5444 639 5515 tisque
658 5443 867 5496 crimen
898 5434 1200 5506 repellitur,
1238 5430 1284 5486 si
1314 5428 1404 5484 illa
1433 5443 1496 5482 ex
1534 5425 1733 5480 divinis
1760 5423 1863 5479 sibi
1888 5423 2032 5478 litte-

459 5539 536 5592 ris
571 5535 882 5590 ﬁrmita'tem
906 5533 1214 5584 assumunt.
1239 5521 1374 5578 Cum
1400 5518 1544 5576 enim
1567 5517 1633 5572 de
1665 5515 2031 5572 ecclesiastica

463 5642 598 5698 pace
631 5630 986 5696 pertractant,
1024 5630 1242 5672 necesse
1277 5627 1339 5668 ea
1373 5625 1437 5664 ex
1473 5609 1604 5665 solis
1628 5608 1830 5678 scripto
1849 5607 2032 5677 petitis

463 5716 792 5774 testimoniis
832 5713 1039 5780 absque
1085 5706 1334 5770 fallaciis,
1394 5713 1447 5758 et
1500 5699 1864 5770 captiunculis
1893 5713 2029 5767 pon-

463 5813 564 5867 dus
590 5809 855 5876 accipere,
893 5801 1034 5872 quod
1069 5810 1121 5856 et
1153 5795 1480 5869 procedente
1506 5793 1802 5860 scriptione
1829 5792 2032 5860 patebit

2134 4606 2273 4676 πρὸς
2296 4605 2557 4660 σύστασιν
2593 4607 2993 4671 ὲπιστοιϐἁζειν
3014 4609 3194 4662 αὐτῶν
3221 4613 3518 4678 ἀναγκαῖον
3551 4610 3685 4678 ἡγού-

2135 4696 2296 4767 μεθα.
2325 4697 2435 4751 Καὶ
2463 4696 2577 4760 πῶς
2599 4697 2665 4750 ἄν
2693 4713 2773 4758 τις
2796 4699 2906 4750 τῶν
2933 4698 3145 4760 τούτοις
3167 4702 3598 4770 ἐντυγχανόκιτων
3621 4699 3684 4750 δίο

2134 4804 2291 4852 καιος
2310 4789 2396 4860 εῐη
2423 4789 2736 4858 γράψασθαι
2763 4789 3154 4860 ἀπειροκαλίας
3177 4793 3310 4854 τοὺς
3345 4792 3503 4844 παντὶ
3532 4793 3678 4842 σθένει

2144 4879 2474 4944 σπεύδοντας
2503 4880 2757 4951 βεϐαιοῦν
2785 4883 2993 4948 ἐκεῖνα,
3026 4877 3102 4934 ὧν
3133 4883 3166 4952 ἠ
3225 4883 3538 4952 ἑγχείρησις
3561 4879 3680 4943 ἅπαξ

2134 4972 2377 5041 ἐγεγόνει
2453 4975 2670 5040 καλῶς;
2719 4973 2865 5040 Πλὴν
2917 4975 2977 5027 τὸ
3029 4976 3144 5036 τοῖς
3211 4975 3581 5044 ὲγχειρηθεῖσι
3627 4974 3681 5022 τὰ

2135 5062 2328 5132 πρῶτα
2360 5062 2539 5124 καλῶς
2567 5062 2798 5134 δεύτερα
2827 5063 3239 5134 προσεπάγειν,
3269 5069 3367 5117 καὶ
3397 5065 3550 5134 τρίτα
3570 5060 3681 5130 πρὸς

2132 5150 2481 5222 βεϐαιοτέραν
2511 5151 2608 5223 τὴν
2641 5152 2922 5214 σύστασιν,
2945 5152 3120 5216 οὕτως
3145 5153 3214 5206 ἂν
3246 5154 3309 5205 τὺ
3359 5153 3455 5222 τῆς
3486 5153 3683 5218 ἀπειρο-

2133 5245 2325 5308 καλίας
2356 5246 2605 5316 ἔγκλημα
2632 5245 2910 5315 διαφύγοι,
2944 5249 2992 5298 ει
3028 5247 3207 5299 πάντα
3237 5247 3416 5299 ταῦτα
3468 5246 3560 5314 τὴν
3587 5241 3676 5295 ἀπὸ

2130 5336 2238 5388 τῶν
2271 5335 2430 5388 Θειων
2455 5335 2691 5406 Γραφῶν
2729 5336 3048 5389 πλουτοῦσιν
3081 5337 3258 5405 ἰσχύν.
3281 5338 3418 5407 Περὶ
3472 5336 3573 5404 γὰρ
3609 5336 3683 5384 ἐκ·

2133 5425 2522 5494 κλησιαστικῆς
2557 5424 2686 5476 ὄντα
2715 5425 2965 5494 εἰρήνης,
3012 5425 3121 5478 ἀπὸ
3157 5425 3346 5493 μόνων
3398 5422 3681 5492 συγκροτεῖ-

2135 5517 2260 5570 σθαι
2291 5517 2543 5586 χρήσεων
2572 5516 2972 5584 ἀναγκάζονται
3000 5517 3300 5585 γραφικῶν
3350 5517 3473 5586 δίχα
3517 5527 3680 5581 coetu-

2134 5609 2319 5679 μάτων
2341 5609 2433 5660 καὶ
2455 5607 2902 5678 παραλογισμῶν,
2921 5608 3057 5677 ὅπερ
3082 5608 3143 5676 δὴ
3175 5609 3273 5659 καὶ
3305 5608 3682 5675 ἀναφανήσεται

2131 5699 2225 5754 τοῦ
2274 5699 2434 5768 λόγου
2496 5700 2777 5769 προϊόντος
2827 5701 2976 5770 ἡμῖν.
3023 5700 3138 5766 Ἐφ’
3175 5692 3262 5763 οἷς
3296 5699 3408 5769 γὰρ
3448 5696 3680 5766 περὶτῆς

2131 5792 2590 5866 ἐκχλησιαστικῆς
2609 5791 2830 5861 εἰρήνης
2856 5792 2911 5843 ἐν
2942 5791 3120 5854 ἄλλοις
3150 5786 3548 5860 ἠγωνισάμεθα
3574 5799 3676 5851 συγ·
