3800 6576
390 330 495 397 399

1420 334 1632 396 JOAN.
1676 333 1890 396 VECCI
1931 333 2040 398 (ΣΡ.
2081 335 2614 397 ΡΑΤΒΙΛΗΟΗίΕ.

3505 352 3593 421 4ῧο

391 442 795 506 ηοειιὶκῖιηυε
862 448 930 504 ad
1007 447 1358 506 refellendam
1418 448 1633 503 facilius
1681 448 1964 503 falsitatem

2072 450 2539 520 συγκροτουμένη.
2594 451 2722 521 ῥᾷον
2772 450 2831 501 τὸ
2895 450 2991 520 τῆς
3047 451 3377 522 διαγνώσεως
3408 462 3601 536 ἀκριϐὲς

392 540 708 597 methodum
763 540 1085 604 invenisse,
1147 540 1233 594 cui
1294 548 1503 593 tantum
1564 547 1644 593 est
1704 538 1962 592 adversus

390 622 736 688 mendacium
766 632 998 699 roboris,
1035 641 1094 687 ut
1123 648 1222 687 nos
1262 634 1462 687 excitet
1514 647 1618 683 non
1653 632 1827 684 solum
1857 630 1962 684 Ca-

389 726 583 780 ntateri
625 725 917 779 voluminis
946 723 1331 779 refutationem
1379 724 1619 793 aggredi,
1669 721 1765 777 sed
1819 722 1963 776 etin

388 821 495 875 alia
530 834 746 890 quoque
775 818 1172 875 commentaria
1201 817 1545 884 continuare,
1575 830 1697 885 quae
1735 813 1827 869 alii
1855 814 1964 868 alio

392 923 556 981 atque
612 912 721 967 alio
756 920 999 981 tempore
1046 911 1112 965 ad
1176 908 1414 966 schisma
1453 905 1917 963 corroborandum
1945 942 1963 967 ,

389 1019 730 1076 quaecunque
761 1004 852 1059 illa
887 1004 1112 1066 fuerint,
1152 1002 1616 1071 conscripserunt.
1640 999 1775 1054 Cum
1819 999 1964 1053 enim

388 1108 642 1152 auctores
692 1095 1009 1153 schismatis
1068 1097 1381 1166 dogmatum
1446 1092 1663 1164 propria
1700 1089 1965 1162 principia

386 1187 706 1253 commenti,
757 1202 820 1244 ea
860 1201 892 1243 ο
952 1187 1304 1257 diviniloquis
1362 1184 1616 1241 Ecclesiae
1654 1182 1953 1237 luminibus

387 1279 597 1349 absque
626 1276 737 1333 ulla
777 1277 1121 1333 haesitatione
1166 1282 1376 1330 asserta
1423 1273 1833 1343 supposueriut,
1871 1268 1964 1339 qui

385 1385 481 1426 eos
510 1368 790 1424 subsecuti
849 1376 999 1432 sunt,
1059 1382 1166 1421 non
1213 1381 1377 1435 super
1434 1364 1575 1428 aliis,
1647 1361 1740 1418 sed
1805 1375 1966 1430 super

384 1461 579 1518 iisdem
608 1477 730 1531 qua:
759 1458 1024 1514 adversus
1075 1457 1376 1512 Romanam
1429 1452 1725 1509 Ecelesiam
1764 1453 1969 1520 scripto

387 1552 750 1617 tradiderunt,
775 1549 1090 1613 fundarunt,
1149 1545 1484 1603 contentiosa
1532 1543 1781 1598 simultas
1801 1549 1967 1611 atque

386 1644 751 1712 inopportuna
790 1640 945 1695 nobis
978 1639 1091 1693 visa
1127 1645 1230 1701 est,
1270 1636 1536 1691 adversus
1587 1633 1793 1690 similes
1840 1648 1969 1686 sen-

2062 540 2357 607 ὲμποιήσει
2392 544 2501 603 τοῖς
2550 541 2965 611 ἐντυγχάνουσι.
2998 543 3106 596 Καὶ
3163 544 3315 600 τοῦτο
3364 552 3518 621 ἔστιν,
3545 562 3600 632 ἦν

2066 632 2374 702 εἰρήκαμεν
2421 632 2816 701 ὲπινοήσασθαι
2846 632 3069 703 μέθοδον
3119 635 3255 705 πρὸς
3300 640 3356 692 τδ
3388 644 3473 697 τοῦ
3494 648 3602 717 qm}-

2061 718 2184 783 δους
2213 720 2557 789 εὐέλεγκτον,
2586 721 2802 793 ἦτιςδὴ
2836 721 3056 790 μέθοδος
3093 724 3338 779 τοσοῦτον
3362 731 3453 800 τὴν
3486 741 3605 796 κατὰ

2063 808 2156 862 τοῦ
2192 810 2423 879 ψεύδους
2453 812 2607 882 ἰσχὺν
2639 811 3033 879 ἀναζώννυται,
3075 814 3151 878 ὡς
3209 817 3465 886 ἐρεθίζειν
3488 828 3611 898 ἡμᾶς

2067 900 2143 972 μὴ
2175 901 2336 971 μέχρι
2384 903 2484 972 τῆς
2514 903 2607 956 τοῦ
2634 905 2974 976 Καματηροῦ
3010 907 3192 976 βίϐλου
3221 908 3375 979 τῆσδε
3419 915 3503 986 τὴν
3531 922 3613 974 ἀν-

2063 993 2317 1065 τίῤῥησιν
2353 995 2702 1064 περιστῆσαι,
2725 995 2860 1049 ἀλλὰ
2887 998 2978 1050 καὶ
2995 997 3086 1050 ἐπὶ
3110 1000 3221 1062 τοῖς
3246 1001 3417 1067 ἄλλοις
3440 1007 3611 1066 ἅπασιν

2063 1085 2373 1139 ἐπεκτεῖναι
2408 1087 2614 1157 ταύτην
2665 1089 3123 1160 συγγράμμασιν,
3145 1091 3286 1163 άπερ
3325 1094 3503 1151 ἄλλοτε
3539 1102 3615 1156 ἆλ-

2065 1177 2149 1231 λοι
2180 1177 2273 1232 ἐπὶ
2306 1182 2669 1250 συγκροτήσει
2697 1180 2788 1233 τοῦ
2848 1183 3148 1252 σχίσματος
3209 1189 3609 1259 συνεγράψαντο,

2074 1268 2175 1321 ὅσα
2215 1269 2348 1341 δῆτα
2388 1269 2481 1322 καὶ
2517 1272 2944 1343 συνεγράψαντο.
2970 1273 3094 1328 Ὅτι
3121 1274 3252 1345 γὰρ,
3282 1276 3388 1330 τῶν
3412 1280 3617 1351 πρώτως

2071 1358 2485 1429 ἀπαρξαμένων
2519 1360 2612 1413 τοῦ
2646 1362 2965 1432 σχίσματος,
3010 1364 3147 1428 ἰδίας
3192 1365 3468 1438 δογμάτων
3498 1371 3616 1426 πλα-

2074 1451 2328 1520 σαμένων
2361 1451 2557 1523 ἀρχὰς,
2583 1453 2675 1506 καὶ
2704 1453 2910 1517 ταύτας
2942 1455 3018 1517 ὠς
3052 1455 3486 1527 ὁμολογουμένως
3531 1481 3612 1518 πα-

2082 1543 2150 1608 ρὰ
2179 1542 2288 1595 τῶν
2324 1544 2604 1615 Θεηγόρων
2625 1545 2722 1615 τῆς
2764 1544 3097 1615 Ἐκκλησίας
3124 1549 3424 1620 φωστήρων
3462 1553 3619 1622 ῥηθεί-

2074 1650 2171 1696 σας
2202 1633 2642 1704 ὑποθεμένων,οἱ
2668 1634 2869 1706 ἐφεξῆς
2917 1637 3017 1690 ούκ
3052 1638 3138 1690 ἐπ’
3165 1637 3372 1702 ἄλλαις,
3395 1642 3503 1694 ἀλλ’
3544 1643 3616 1698 ἐπ’

387 1736 587 1791 tentias
633 1734 799 1789 variis
882 1732 1239 1800 scriptionum
1304 1727 1591 1799 generibus
1660 1726 1964 1781 decertare.

2076 1726 2268 1790 αὐταῖς
2294 1728 2517 1791 ταύταις
2549 1728 2618 1781 τὰ
2645 1728 2787 1781 κατὰ
2824 1730 2922 1801 τῆς
2964 1730 3281 1802 Ῥωμαῖκῆς
3319 1732 3619 1805 Ἐκκλησίας

390 1826 531 1883 Sunt
581 1841 711 1883 vero
755 1824 987 1881 conﬁcta
1041 1823 1354 1893 dogmatttm
1408 1819 1692 1891 principia,
1737 1818 1968 1888 primum

2079 1817 2562 1889 ἐλογογράφησαν’
2595 1820 2879 1892 φιλοτιμία
2927 1838 3011 1886 τις
3062 1823 3292 1893 ἄκαιρος
3339 1826 3466 1895 ἡμῖν
3497 1802 3621 1893 ἔδοξε

386 1933 687 1976 asserens:
726 1935 745 1968 ι
787 1915 1074 1985 Proprium
1105 1912 1285 1967 Patris
1303 1926 1427 1967 esse
1467 1909 1731 1980 Spiritum
1774 1908 1973 1979 produ-

393 2027 540 2068 cere.
576 2031 595 2062 ι
633 2007 943 2065 Secundum
977 2023 990 2061 :
1031 2023 1049 2058 ι
1089 2003 1366 2074 Quidquid
1410 2002 1477 2058 de
1516 2000 1784 2057 Trinitate
1830 2014 1976 2056 asse-

391 2104 549 2168 ritur,
584 2111 676 2156 aut
704 2109 789 2156 est
814 2100 997 2163 unius,
1024 2106 1118 2152 aut
1155 2096 1343 2151 trium.
1384 2113 1402 2147 ι
1430 2094 1712 2150 Tertium:
1760 2111 1777 2145 ι
1804 2091 1974 2160 Quid-

388 2196 518 2268 quid
549 2198 616 2250 de
645 2192 843 2249 divinis
873 2189 1124 2263 personis
1145 2187 1412 2243 asseritur
1437 2195 1530 2240 aut
1555 2192 1637 2241 est
1660 2186 1969 2255 personale,

388 2301 483 2345 aut
512 2287 779 2342 naturale.
825 2303 843 2335 ι
873 2282 1141 2348 Quartum
1168 2279 1310 2349 quod
1345 2278 1585 2333 insinuat
1615 2295 1628 2330 :
1668 2295 1687 2327 ι
1728 2274 1969 2343 Patrem,

386 2395 509 2453 quae
535 2395 598 2433 ex
621 2393 681 2433 se
709 2374 870 2429 veluti
900 2388 1066 2428 causa
1100 2369 1588 2442 producit,ratione
1609 2381 1671 2422 ea
1700 2381 1969 2437 personae,

390 2490 500 2530 non
534 2479 716 2526 autem
746 2480 954 2522 natura:
986 2464 1306 2533 producere.
1348 2481 1367 2515 ι
1406 2460 1667 2529 Quintum
1710 2459 1968 2529 denique,

391 2563 536 2637 quod
561 2561 807 2617 decernit
840 2576 852 2612 :
886 2576 905 2609 ‹
944 2555 1208 2628 Spiritum
1244 2569 1311 2609 ex
1342 2551 1506 2607 Patre
1555 2567 1676 2608 esse
1716 2552 1971 2622 contigue

389 2663 443 2709 et
491 2649 826 2708 immediate.
890 2664 911 2699 ι
969 2644 1171 2699 ﬂorum
1231 2641 1461 2707 nullum,
1518 2641 1646 2697 licet
1698 2642 1968 2712 quispiam

388 2745 698 2800 divinorum
732 2741 955 2794 Patrum
1001 2735 1394 2794 commentaria
1435 2732 1735 2789 evolvendo
1792 2732 1970 2788 delas-

389 2848 563 2897 setur,
600 2849 629 2889 a
655 2844 933 2903 quoquam
970 2842 1198 2898 usquam
1235 2834 1504 2881 assertum
1540 2824 1794 2894 reperiet.
1841 2822 1970 2880 Haec

385 2942 552 3000 porro
583 2925 991 2986 confinxerunt,
1020 2919 1117 2990 qui
1174 2917 1415 2975 scbisma
1453 2921 1863 2985 promoverunt,
1916 2923 1972 2970 et

388 3020 484 3089 qui
534 3016 820 3089 superficie
875 3027 1032 3069 tenus
1098 3020 1153 3067 et
1203 3025 1299 3081 per
1347 3018 1699 3064 transennam
1753 3007 1969 3062 divinas

389 3114 701 3184 Scripturas
765 3112 1127 3180 percurrunt,
1179 3102 1449 3158 similibus
1512 3099 1591 3155 uti
1668 3100 1967 3154 verissimis

385 3204 750 3268 attendentes,
784 3199 990 3256 nullum
1045 3210 1282 3266 unquam
1336 3192 1636 3249 absurdum
1690 3191 1970 3261 consequi,

387 3298 651 3353 adversus
682 3309 799 3361 eos,
831 3293 923 3363 qui
962 3289 1226 3361 Spiritum
1273 3304 1339 3342 ex
1389 3284 1552 3341 Patre
1582 3294 1636 3341 et
1677 3283 1815 3338 Filio
1851 3299 1973 3339 esse

389 3384 726 3452 aSsc'verant,
762 3385 866 3439 nisi
892 3399 999 3438 uno
1031 3398 1096 3437 ex
1143 3381 1227 3437 his
1262 3389 1519 3449 tanquam
1565 3376 1786 3431 Patrum
1819 3376 1974 3430 theo-

389 3484 570 3554 logico
623 3482 769 3535 dicto
820 3473 1173 3548 syllogisticis
1217 3472 1331 3527 suis
1397 3468 1605 3540 laqueis
1656 3467 1967 3538 supposito,

389 3577 639 3631 elatione
666 3569 1047 3627 demonstrare
1074 3575 1387 3637 potuerunt.
1444 3561 1512 3616 Et
1566 3561 1804 3616 rationes
1850 3559 1970 3630 qui-

389 3670 534 3731 dem,
573 3666 773 3737 quibus
812 3661 896 3716 hae
934 3658 1344 3731 propositiones
1377 3653 1528 3709 falsa:
1558 3668 1679 3709 esse
1718 3667 1782 3707 ac
1823 3666 1973 3705 com-

388 3760 653 3814 mentitiae
727 3750 1246 3823 deprchendemur,
1313 3762 1499 3803 rerum
1550 3745 1746 3799 harum
1799 3743 1973 3798 lector

389 3851 646 3909 curiosus
667 3845 954 3916 intelliget,
986 3858 1108 3898 cum
1136 3840 1464 3911 procedente
1516 3837 1762 3890 oratione
1792 3835 1858 3888 de
1891 3832 1975 3887 his

388 3943 655 3998 l'usiorem
691 3950 999 3992 sermonem
1034 3931 1412 3985 instituemus.
1463 3925 1622 3981 Nunc
1656 3926 1723 3980 ad
1776 3916 1976 3979 Cama-

389 4030 488 4085 teri
519 4025 814 4083 voluminis
852 4021 1208 4076 refutationes
1235 4032 1431 4073 manus
1456 4015 1806 4070 admovenda:
1823 4021 1971 4069 sunt.

388 4120 522 4178 Cum
555 4135 684 4174 vero
724 4125 848 4171 ante
881 4115 1085 4183 scripto
1133 4112 1454 4167 traditorum
1494 4109 1768 4163 dictorum
1806 4119 1974 4175 expo-

385 4194 639 4276 isitiones,
677 4220 727 4264 et
777 4209 843 4263 de
875 4205 1068 4260 iisdem
1129 4202 1633 4258 animadversiones
1683 4196 1973 4254 voluminis

384 4286 596 4376 parcns
628 4299 979 4360 Camaterus,
1014 4291 1357 4363 imperatoris
1393 4303 1680 4360 personam
1718 4287 1971 4351 induens,

392 4393 723 4464 colloquium
781 4390 922 4442 inter
975 4383 1249 4448 eumdem,
1315 4393 1369 4436 et
1416 4380 1487 4437 ob
1545 4380 1971 4464 ecclesiasticam

2081 1910 2222 1962 κατὰ
2242 1910 2350 1964 τῶν
2373 1910 2552 1964 αὐτῶν
2575 1912 2794 1965 ἐννοιῶν
2817 1913 3097 1984 διαφόροις
3122 1914 3480 1986 λογογραφίας
3507 1918 3626 1971 εῖδε-

2078 2017 2161 2053 σιν
2196 2001 2583 2070 ἀγωνίζεσθαι.
2611 1999 2734 2057 Εἶεν
2761 2005 2807 2058 δ’
2837 2006 2903 2059 ἂν
2948 2003 3338 2077 πεπλασμέναι
3366 2008 3623 2080 δογμάτων

2073 2091 2315 2163 ἀρχαὶ,ή
2345 2091 2581 2162 λέγουσα
2605 2095 2890 2167 πρότασις,
2924 2115 2942 2149 ι
2972 2097 3133 2151 Ἵδιον
3155 2098 3251 2152 τοῦ
3276 2100 3482 2169 Πατρος
3508 2098 3628 2156 εἶναι

2071 2178 2132 2233 τὸ
2163 2181 2485 2252 προϐάλλειν
2512 2184 2571 2237 τὸ
2602 2183 2845 2255 Πνεῦμα.
2884 2205 2903 2238 ι
2949 2186 3190 2259 Ἐτέραή
3220 2189 3468 2258 λέγουσα,
3491 2194 3628 2245 (Ili-1

2070 2269 2131 2323 τὸ
2170 2272 2261 2325 ἐπὶ
2289 2274 2391 2344 τῆς
2422 2275 2658 2345 Τριάδος
2716 2276 3032 2348 λεγόμενον,
3067 2278 3100 2349 ἢ
3135 2279 3257 2343 ἑνός
3298 2282 3463 2347 ἐστιν,
3487 2282 3517 2355 ἠ
3540 2284 3631 2337 τῶν

2068 2364 2256 2434 τριῶν.
2295 2383 2313 2416 ι
2363 2366 2533 2437 Τρίτη
2577 2368 2664 2420 ἐπ’
2691 2369 2881 2432 αὑταῖς
2913 2370 2946 2440 ή
2976 2368 3230 2437 λέγουσα,
3279 2390 3299 2423 ι
3337 2374 3447 2426 Πᾶν
3473 2376 3527 2426 τὸ
3553 2376 3632 2427 ἐπὶ

2067 2455 2177 2508 τῶν
2207 2456 2514 2528 θεαρχικῶν
2563 2460 2856 2531 λεγόμενον
2906 2461 3324 2534 ὑποστάσεωνῆ
3371 2468 3633 2519 ύποττατι-

2069 2548 2164 2602 κόν
2186 2550 2353 2615 ἐστιν,
2378 2550 2413 2622 ἢ
2443 2553 2693 2620 φυσικόν.
2735 2571 2753 2604 ι
2783 2553 2891 2607 Καὶ
2923 2555 3216 2627 τετάρτη,ή
3257 2574 3277 2608 ι
3316 2557 3404 2610 τὸν
3442 2558 3633 2628 Πατέρα

2068 2640 2241 2694 αἴτιον
2279 2635 2549 2696 εἶναιτῶν
2599 2643 2656 2711 ἐξ
2710 2645 2876 2699 αὐτοῦ
2915 2665 2933 2699 ι
2984 2649 3293 2716 φάσκουσα,
3330 2667 3348 2701 t
3384 2650 3458 2718 τῷ
3509 2652 3633 2722 λόγῳ

2067 2732 2166 2802 τῆς
2226 2732 2596 2800 ὑποστάσεως,
2657 2736 2777 2807 οὐχὶ
2841 2738 2923 2808 τῷ
2986 2738 3127 2809 λόγῳ
3214 2740 3317 2809 τῆς
3375 2741 3632 2808 φύσεως..

2071 2821 2194 2875 Ἔτι
2228 2822 2285 2875 δὲ
2311 2823 2539 2896 πέμπτη
2570 2827 2603 2896 ὴ
2642 2845 2662 2878 ι
2705 2828 2989 2900 προσεχῶς
3030 2831 3121 2883 καὶ
3175 2832 3402 2901 ἀμέσως
3456 2829 3584 2886 εἶναι
3617 2853 3631 2885 ι

2067 2913 2302 2983 λέγουσα
2347 2934 2367 2967 r
2398 2917 2460 2971 τὸ
2488 2917 2714 2997 Πνεῦμα
2740 2921 2805 2972 ὲκ
2827 2920 2923 2972 τοῦ
2955 2922 3165 2992 Πατρός
3192 2936 3207 2952 ·
3245 2942 3264 2974 ι
3299 2925 3500 2978 τούτων
3541 2926 3634 2995 γάρ

2066 3004 2342 3077 οὐδεμίαν,
2361 3007 2466 3062 κᾶν
2494 3012 2542 3062 εί
2585 3010 2759 3082 μυρία
2792 3011 2945 3083 κάμῃ
2978 3030 3061 3077 τις
3109 3017 3210 3078 τὰς
3243 3017 3355 3069 τῶν
3380 3019 3637 3089 θεηγὸρων

2073 3096 2335 3168 Πατέρων
2392 3097 2608 3166 βίϐλους
2669 3101 3001 3172 ἀνερευνῶν,
3039 3105 3267 3177 εὑρήσει
3308 3107 3459 3177 παρά
3509 3126 3639 3170 τινος

2073 3191 2278 3245 τούτων
2297 3192 2553 3264 ρηθεῖσάν
2580 3211 2733 3253 ποτε.
2782 3198 2844 3250 Οἱ
2864 3197 2922 3251 δὲ
2948 3198 3040 3252 τοῦ
3066 3201 3370 3273 σχίσματος
3398 3203 3639 3274 ζηλωταὶ,

2073 3281 2279 3345 ταύτας
2355 3283 2693 3338 ὲπλάσαντο⁶
2739 3287 2834 3340 καὶ
2887 3288 2934 3341 oi
2987 3289 3308 3362 παροδικῶς
3356 3294 3457 3355 τὰς
3506 3293 3642 3356 θείας

2071 3372 2318 3437 ἐπιόντες
2345 3375 2594 3447 Γραφὰς,
2617 3377 2694 3441 ὡς
2736 3377 2964 3448 ἀληθέσι
3001 3379 3236 3443 ταύταις
3270 3383 3639 3448 πιστεύοντες,

2071 3465 2194 3519 οὐδέ
2225 3468 2358 3521 ποτέ
2388 3483 2441 3521 τι
2472 3467 2629 3539 ἔσχον
2657 3469 2859 3524 ἄτοπον
2885 3471 3167 3537 ἀποδεῖξαι
3203 3473 3285 3544 τῷ
3328 3475 3477 3546 λόγῳ
3525 3476 3642 3528 ἑπό-

2074 3574 2240 3628 μενον
2272 3559 2382 3612 τῶν
2416 3561 2481 3613 ὲκ
2516 3560 2728 3630 Πατρδς
2758 3561 2854 3614 καὶ
2905 3561 3039 3616 Υἱοῦ
3105 3564 3384 3633 λεγόντων
3418 3561 3554 3621 εἶναι
3595 3565 3647 3619 τὸ

2073 3649 2319 3720 Πνεῦμα,
2354 3652 2403 3704 εἰ
2436 3650 2512 3721 μὴ
2544 3651 2677 3722 μίαν
2704 3651 2829 3706 τινὰ
2877 3653 3084 3709 τούτων
3109 3655 3188 3719 ὡς
3219 3658 3504 3728 πατρικὴν
3534 3658 3644 3711 θεο-

2071 3742 2256 3812 λογίαν
2286 3744 2405 3807 ταϊς
2426 3743 2857 3813 συλλογιστικαῖς
2911 3746 3122 3801 ἑαυτῶν
3185 3748 3519 3814 πλεκτάναις
3556 3750 3646 3803 ὑπ-

2076 3834 2278 3891 έθεντο.
2308 3836 2419 3890 Καὶ
2460 3837 2585 3900 τοὺς
2623 3837 2721 3907 μὲν
2760 3836 2972 3907 λόγους,
2990 3837 3113 3892 καθ’
3151 3838 3249 3904 οὓς
3284 3845 3342 3895 αἱ
3377 3842 3652 3913 προτάσεις

2071 3922 2231 3984 αὗται
2262 3929 2646 4000 πεπλασμέναι
2682 3932 2778 3984 καὶ
2807 3929 3024 4001 ψευδεῖς
3049 3932 3484 4005 ἀπελέγχονται,
3522 3936 3653 3988 εἰσε-

2070 4038 2157 4074 ται
2181 4022 2208 4073 ὁ
2233 4022 2522 4092 ζητητικὸς
2541 4024 2598 4077 ὲν
2621 4019 2704 4087 οἷς
2727 4024 3008 4093 προϊόντες
3032 4025 3269 4096 ἐροῦμεν
3300 4026 3371 4079 τὰ
3395 4044 3459 4079 πε
3468 4028 3522 4096 pi
3542 4027 3654 4079 τού-

2071 4131 2179 4167 των
2204 4114 2536 4183 πλατύτερον
2552 4116 2642 4167 ·τὺ
2658 4115 2715 4169 δέ
2737 4133 2800 4184 γε
2824 4116 2917 4169 νῦν
2953 4117 3072 4186 ἔχον
3093 4118 3383 4171 ἐπιϐαλεῖν
3410 4121 3554 4189 ἡμᾶς
3583 4118 3653 4171 δεῖ

2072 4206 2193 4268 ταῖς
2227 4204 2330 4275 τῆς
2353 4205 2538 4276 βίϐλου
2574 4204 2668 4259 τοῦ
2698 4207 3038 4277 Καματηροῦ
3076 4209 3656 4280 ἀντιρῤήσεσιν.Ἐπεὶ

2071 4291 2128 4345 δὲ
2152 4292 2259 4363 πρὸ
2292 4294 2401 4347 τῶν
2429 4294 2536 4346 τῶν
2560 4294 2847 4365 γραφικῶν
2868 4294 3136 4348 ἐκθέσεων
3161 4298 3409 4365 ῥήσεων,
3434 4297 3526 4349 καὶ
3557 4294 3656 4348 τῶν

2074 4383 2160 4436 ἐπ’
2186 4384 2378 4446 αὐταῖς
2417 4384 2748 4437 ἐπιστασιῶν
2780 4384 2809 4437 ὁ
2846 4385 2947 4454 τῆς
2971 4383 3159 4455 βίϐλου
3212 4387 3432 4457 πατὴρ,
3487 4387 3546 4439 τὸ
3572 4385 3655 4439 τοῦ

394 4502 582 4557 pacem
622 4495 735 4535 tum
771 4474 1244 4545 Constantinopoli
1278 4479 1683 4528 commorantes
1727 4469 1968 4526 cardina-

2078 4474 2484 4546 αὐτοκράτορος
2524 4475 2937 4546 ὑποδυσάμενος
2971 4477 3296 4549 πρόσωπον,
3330 4478 3567 4544 διάλεξιν
3590 4477 3656 4539 ὡς

394 4583 472 4632 les
525 4573 811 4638 conﬁnxit,
871 4566 1256 4639 negligendum
1300 4575 1383 4620 est
1445 4573 1498 4618 et
1550 4563 1681 4617 illud
1717 4578 1746 4616 a
1800 4561 1976 4637 nobis,

393 4665 747 4723 snﬂtcieutetn
810 4658 1077 4714 mendacii
1133 4655 1512 4710 refutationem
1565 4668 1684 4707 esse
1746 4652 1867 4718 rati,
1932 4646 1978 4705 si

393 4760 638 4832 ejusdem
673 4756 737 4811 ad
770 4754 974 4822 scripto
1010 4750 1209 4806 tradita
1266 4747 1580 4803 testimonia
1631 4746 1980 4799 animadver-

396 4855 601 4913 siones,
636 4848 767 4902 t.ihil
805 4853 1175 4915 opportunum
1232 4843 1284 4894 in
1318 4855 1376 4895 se
1409 4839 1694 4893 continere
1752 4835 1977 4890 demoti-

399 4941 720 4995 Strabimus.
760 4936 909 4989 Licet
942 4933 1086 4986 enim
1121 4940 1173 4985 et
1207 4931 1258 4983 in
1288 4929 1412 4984 aliis
1447 4927 1649 4981 nostris
1685 4926 1975 4980 volumini--

402 5037 525 5098 bus,
553 5046 738 5084 eorum
765 5029 949 5090 etiam,
981 5041 1101 5093 qua:
1120 5027 1171 5076 in
1193 5023 1294 5077 hoc
1318 5020 1586 5087 Colloquio
1613 5020 1974 5084 continentur,

403 5122 789 5177 refutationem
831 5134 936 5171 non
977 5116 1338 5185 negleximus,
1386 5120 1438 5163 ct
1489 5110 1833 5179 potissimum
1886 5110 1977 5163 ttbi

403 5219 458 5272 in
500 5232 565 5270 co
592 5230 705 5268 suae
735 5210 1020 5281 sapientiae
1072 5206 1347 5274 Spt-cimco
1385 5218 1447 5256 ac
1514 5202 1655 5254 vires
1716 5200 1975 5266 ostendit,

403 5307 693 5374 inquibus
745 5316 937 5371 nempe
997 5293 1368 5351 voluminibus
1407 5307 1581 5361 neque
1626 5294 1767 5359 quod
1835 5308 1978 5345 nunc

398 5401 605 5469 scripto
636 5396 960 5449 traditurum
1002 5389 1274 5443 dictorum
1331 5384 1705 5452 compendium
1766 5399 1977 5453 praepo-

400 5494 606 5549 nitnns.
635 5502 773 5554 Opus
806 5483 927 5537 fuit.
958 5478 1349 5533 Verumtamen
1390 5491 1515 5530 cum
1566 5476 1655 5528 alii
1705 5491 1851 5530 nunc
1894 5492 1979 5530 re-

401 5600 530 5639 ccus
563 5579 810 5636 veritatis
849 5578 1033 5628 hostes
1086 5569 1386 5639 eruperint,
1428 5577 1481 5621 ct
1534 5569 1882 5637 dogmatibus
1915 5570 1979 5624 de

406 5691 549 5732 novo
588 5670 912 5740 compositis
951 5667 1004 5721 itt
1040 5674 1279 5735 apertam
1315 5672 1367 5716 ct
1409 5661 1764 5715 indubitatam
1812 5662 1981 5716 Incre-

404 5769 505 5825 εἰη]
552 5763 784 5831 prolapsi
813 5763 938 5828 sint,
966 5769 1263 5819 certamen,
1290 5756 1431 5826 quod
1464 5755 1724 5832 adversus
1748 5755 1973 5829 etisdem

2084 4568 2249 4636 μέσον
2282 4568 2444 4637 δῆθεν
2478 4568 2763 4638 προϐἄσαν
2793 4567 2962 4621 αὑτοῦ
2992 4587 3053 4622 τε
3098 4571 3336 4638 ἐκείνου,
3369 4572 3469 4625 τοῦ
3506 4572 3659 4624 αύτο-

2081 4656 2345 4728 κρτὶτορος
2376 4658 2470 4710 καὶ
2522 4659 2628 4711 τῶν
2663 4659 2792 4727 περὶ
2811 4658 2907 4727 τῆς
2932 4660 3417 4732 ὲκκλησιαστικῆς
3446 4661 3658 4733 είρήνης

2081 4746 2491 4817 ἐπιδημούντων
2551 4749 2672 4803 τότε
2718 4752 2783 4820 τῇ
2817 4751 3240 4806 Κωνσταντίνου
3282 4755 3661 4824 καρδηναλίων

2079 4838 2372 4903 ἐπλάσατο,
2431 4844 2813 4909 παραιτητέον,
2834 4844 2926 4895 καὶ
2949 4842 3156 4913 ταύτην
3183 4848 3345 4915 ἡμᾶς
3388 4847 3662 4917 ἀρκοῦντά

2078 4928 2126 4980 oi
2158 4929 2252 4982 τοῦ
2285 4929 2517 5000 ψεύδους
2560 4933 2842 5003 κρίνοντας
2892 4932 3135 5004 ἔλεγχον,
3177 4937 3243 4988 τὸ
3300 4940 3406 5001 τὰς
3431 4939 3528 4992 ἐπὶ
3556 4941 3665 5000 ταῖς

2080 5025 2375 5092 γραφικαῖς
2435 5024 2654 5093 ρήσεσιν
2684 5025 3011 5086 ἐπιστασίας
3062 5028 3231 5080 αὐτοῦ
3303 5030 3452 5099 πρὸς
3508 5029 3664 5100 μηδὲν

2080 5116 2555 5184 προενηνεγμένας
2604 5117 2819 5188 καίριον
2865 5119 3170 5183 ἀποδεῖξαι.
3198 5120 3272 5173 Εἰ
3323 5122 3441 5192 γὰρ
3474 5124 3570 5175 καὶ
3613 5125 3666 5173 ὲν

2080 5204 2266 5267 ἄλλαις
2292 5206 2450 5291 ἡμῶν
2486 5205 2712 5275 βίϐλοις,
2736 5209 2830 5261 καὶ
2854 5209 2961 5263 τῶν
2992 5211 3087 5263 ἐπὶ
3123 5213 3188 5281 τῇ
3216 5209 3471 5276 διαλέξει
3502 5213 3667 5281 ταύτῃ

2080 5299 2346 5368 ἐμέλησεν
2391 5298 2521 5368 ἡμῖν
2580 5300 2980 5372 άντιρρήσεων,
3033 5303 3129 5355 καὶ
3183 5302 3426 5373 μάλισθ’
3488 5307 3569 5358 ὅτι
3615 5308 3667 5355 ἐν

2078 5391 2252 5462 ταύτῃ
2299 5393 2397 5462 τῆς
2455 5392 2653 5447 ἑαυτοῦ
2705 5395 2951 5462 σοφίαςὸ
2989 5394 3232 5459 τοιοῦτος
3275 5396 3385 5464 τὴν
3448 5397 3670 5467 δύναμιν

2080 5480 2428 5544 ἐπεδείξατοο
2458 5483 2516 5534 ὲν
2550 5478 2638 5544 αἷς
2664 5482 2728 5549 δὴ
2758 5483 2959 5553 βίϐλοις
2986 5485 3111 5538 οὐδὲ
3136 5484 3241 5555 τῆς
3278 5487 3353 5556 ἣν
3383 5485 3515 5557 ἄρτι
3549 5502 3673 5554 πρικ-

2080 5575 2649 5645 κρίνῖμεν,ὲπιτομῆς
2684 5576 2792 5629 τῶν
2831 5577 3121 5648 γραφικῶν
3156 5581 3300 5648 ἡμῖν
3339 5580 3539 5649 ἐδέησε
3587 5580 3674 5645 ῥή-

2080 5682 2237 5718 σεων.
2274 5664 2412 5718 Ἀλλ’
2442 5668 2584 5730 ἐπεὶ,
2611 5666 2786 5721 ἄλλων
2826 5671 2889 5721 ὲκ
2921 5668 3041 5719 νέου
3090 5669 3388 5738 πολεμίων
3426 5674 3529 5738 τῆς
3558 5668 3653 5735 atq

2082 5757 2229 5820 θεὲας
2262 5757 2667 5827 ἀναφανέντων,
2692 5761 2784 5815 καὶ
2813 5760 3150 5830 καινοτέροις
3178 5758 3266 5811 ἔτι
3303 5761 3586 5832 δόγμασιν
3604 5760 3676 5820 εἰς
