3870 6598
203 431 294 496 605

758 549 816 603 Ἀ
825 547 1152 618 ντίρῤησις.

255 641 338 711 Μὴ
373 637 525 694 τοῦτο
553 640 759 704 σκόπει,
789 640 867 694 ὅτι
901 640 1062 704 αὐτὸς
1104 641 1205 711 μὲν
1239 642 1474 712 πέμψειν
1505 644 1595 696 τὸν
1624 645 1734 699 na.

197 733 439 807 ράκλητον
471 734 498 786 6
529 731 841 798 Μονογενὴς
890 732 1256 802 ὑπισχνεῖται,
1297 736 1447 806 παρὰ
1487 734 1582 788 τοῦ
1614 737 1732 791 Πα-

195 826 306 894 τρδς
334 824 405 883 δὲ,
435 823 547 875 ἀλλ’
577 824 658 876 ὅτι
685 823 745 874 16
775 822 832 888 ἐξ
867 825 1069 892 ἀμφοῖν
1118 823 1258 878 εἶναι
1307 826 1398 878 16v
1440 827 1736 897 Παρὰκλη-

195 934 271 969 τον
323 916 564 968 ἐντεῦθεν
619 915 971 984 ἐμφαίνεται.
1006 916 1080 968 Τὸ
1113 918 1224 986 γὰρ
1277 919 1429 986 παρά
1495 917 1590 971 τοῦ
1627 921 1734 972 Πα-

193 1012 306 1076 τρὸς
360 1006 708 1075 πεμπόμενον
765 1009 857 1060 καὶ
925 1007 1079 1072 Υίοῦ,
1148 1010 1270 1062 ἐπεὶ
1338 1009 1469 1080 παρ’
1523 1010 1737 1074 οὐδενὸς

194 1099 518 1162 διακονικῶς,
573 1100 794 1160 πάντως
845 1101 1113 1167 φυσικῶς,
1146 1102 1222 1163 ὡς
1282 1103 1346 1155 ἐκ
1395 1102 1496 1171 τῆς
1547 1102 1736 1165 οὐσίας

195 1191 418 1258 ὑπάρχον
453 1193 681 1256 ἀμφοῖν.
717 1192 790 1244 T6
818 1192 872 1244 δὲ
903 1193 1084 1260 λέγειν
1134 1210 1193 1245 σε
1228 1192 1304 1256 ὡς
1341 1192 1440 1263 τὴν
1472 1194 1738 1263 ἐκπορευ-

196 1298 285 1341 σιν,
330 1280 567 1346 δηλονότι
623 1283 710 1335 τὸν
743 1285 942 1350 τρόπον
980 1285 1076 1353 τῆς
1126 1285 1365 1354 φυσικῆς
1414 1285 1724 1352 ὑπάρξεως,

193 1370 269 1422 τοῦ
297 1371 607 1439 Πνεύμστος
644 1376 708 1425 ὲκ
751 1374 843 1428 τοῦ
896 1376 1108 1444 Πατρὸς
1140 1377 1326 1442 σαφῶς
1374 1377 1682 1428 ἐκδιδάσκει
1712 1377 1741 1428 6

195 1462 395 1530 Κύρος,
431 1465 613 1526 καλῶς
645 1483 728 1520 σοι
777 1469 1067 1537 εἰρημένον
1109 1468 1276 1520 ἐστίν.
1315 1468 1462 1521 Ἔδει
1505 1468 1560 1520 δέ
1591 1486 1651 1521 σε
1681 1469 1742 1521 τὸ

194 1552 390 1619 σύμπαν
439 1556 538 1621 τῆς
580 1558 790 1617 ἐννοίας
835 1558 944 1609 τῶν
989 1558 1366 1625 εὐαγγελικῶν
1408 1561 1740 1628 κατανοῆσαι

192 1642 386 1708 φωνῶν,
423 1647 514 1696 καὶ⁵
561 1647 765 1713 γνῶναι
815 1648 912 1713 ὡς,
959 1649 1210 1720 καθάπερ
1263 1651 1326 1702 ἐκ
1377 1650 1473 1703 τοῦ
1528 1653 1743 1721 Πατρδς

192 1736 216 1800 ἡ
245 1735 438 1802 φυσικὴ
473 1736 728 1805 δηλοῦται
759 1740 853 1792 τοῦ
889 1740 1209 1808 Πνεύματος
1242 1739 1479 1810 ὕπαρξις
1513 1743 1620 1796 ἀπὸ
1643 1742 1744 1813 τῆς

192 1825 270 1876 τοῦ
295 1826 494 1894 Κυρίου
534 1829 721 1898 φωνῆς
755 1833 873 1900 τῆς,
911 1851 927 1882 ι
966 1832 994 1885 ὃ
1019 1834 1170 1902 παρά
1203 1832 1298 1885 τοῦ
1325 1833 1538 1902 Πατρὺς
1573 1836 1740 1886 ὲκπο-

193 1914 412 1983 ρεύεται,
445 1935 464 1968 ι
511 1919 578 1988 ἢν
607 1921 635 1970 6
671 1920 873 1990 Κύριος
903 1920 1006 1990 ἔφη
1043 1922 1220 1974 πάντα
1250 1922 1318 1974 τὰ
1347 1922 1512 1976 αὑτοῦ
1547 1925 1625 1986 είς
1649 1923 1740 1977 τὸν

192 2007 390 2074 Πατέρα
422 2009 498 2070 ὡς
526 2011 608 2071 είς
647 2012 883 2081 ἄναρχον
911 2013 1436 2084 ἁναφέρωναίτίαν,
1471 2013 1616 2071 οὕτω
1646 2017 1740 2086 δη-

137 2113 142 2119 ⁴
189 2096 354 2152 λοῦται
387 2101 480 2152 καὶ
512 2102 624 2154 ἀπο
658 2103 756 2171 τῆς
796 2103 962 2173 ἄλλης
1001 2105 1093 2158 τοῦ
1131 2105 1338 2168 Κυρίου
1392 2107 1576 2176 φωνῆς
1619 2107 1741 2178 τῆς,

191 2188 392 2256 Πνεῦμα
421 2189 682 2259 ἀληθείας
712 2194 980 2265 λεγούσης
1011 2197 1070 2250 16
1103 2198 1328 2267 Πνεῦμα
1358 2201 1417 2253 16
1449 2200 1625 2268 ἅγιον,
1655 2200 1744 2254 διὰ

192 2279 268 2333 τοῦ
303 2281 426 2334 Υίοῦ
466 2284 573 2353 τὴν
622 2285 876 2356 τοιαύτην
915 2287 1150 2358 φυσικὴν
1182 2285 1324 2341 εἶναι
1357 2289 1451 2342 τοῦ
1490 2291 1744 2361 Πνεῦμα-

189 2389 266 2434 τος
288 2373 544 2444 ὓπαρξιν.
606 2377 844 2445 Εῦδηλον
871 2380 979 2449 γάρ
1007 2379 1082 2442 ὡς
1133 2381 1166 2451 ή
1215 2382 1545 2453 εύαγγελικὴ
1585 2384 1746 2454 ῥῆσις

191 2464 216 2532 ἡ
269 2463 494 2531 λέγουσα
561 2466 784 2536 Πνεῦμα
830 2469 930 2537 τῆς
989 2468 1243 2538 ἀληθείας
1298 2471 1357 2524 16
1419 2472 1643 2541 Πνεῦμα
1688 2475 1747 2526 τὸ

189 2553 344 2618 ἄτιον.
377 2558 564 2609 ἐκεῖνο
616 2558 857 2619 δύναται,
917 2561 1054 2628 ὅπερ
1085 2562 1116 2629 ἡ
1151 2561 1385 2628 λέγουσα
1443 2563 1595 2632 παρά
1652 2563 1746 2617 τοῦ

188 2647 382 2714 Πατρος
440 2650 582 2702 αὐτὸ
636 2651 1050 2720 ἐκπορεύεσθαι.
1095 2654 1202 2705 Καὶ
1250 2655 1589 2723 μαρτυρήσει
1655 2674 1747 2724 μοι

189 2739 266 2789 τὸν
299 2738 454 2804 λόγον
487 2743 526 2809 ἡ
553 2742 652 2812 τῆς
681 2743 938 2813 ἀληθείας
991 2743 1228 2814 στάθμη,
1262 2745 1289 2797 6
1322 2743 1488 2808 πολὺς
1535 2745 1604 2798 1i
1632 2745 1750 2798 θεῖα

188 2828 455 2893 Βλσίλειος
482 2835 550 2884 ὲν
573 2837 683 2895 τοῖς
715 2834 839 2886 κατ’
886 2834 1148 2903 Εὑνομίου
1195 2836 1286 2888 καὶ
1325 2835 1534 2906 Ἀρείου
1570 2836 1750 2904 λόγοις

189 2921 394 2987 φάσκων
421 2923 577 2975 οὕτω
609 2925 842 2994 ρητιῖιςη
881 2925 989 2996 Τὴν
1022 2926 1118 2994 μὲν
1147 2919 1278 2995 τὲρδς
1307 2928 1526 2998 Πατέρα
1553 2929 1751 2982 οἰκειό-

189 3027 308 3084 τητα
336 3014 458 3073 νοῶ.
490 3017 686 3082 ἐπειδὴ
713 3017 860 3086 παρά
881 3017 972 3070 τοῦ
1002 3017 1212 3087 Πατρδς
1245 3019 1622 3088 ἐκπορεύεται,
1653 3021 1750 3084 τὴν

192 3106 309 3173 πρὸς
339 3106 462 3159 Υίὸν
491 3106 578 3167 δὲ,
605 3107 789 3175 ἐπειδὴ
814 3106 1014 3170 ἀκούω,
1041 3107 1104 3157 Εἴ
1123 3125 1206 3171 τις
1240 3110 1454 3176 πνεῦμα
1507 3109 1748 3178 Χριστοῦ

1121 415 1636 494 {ﬁnitum
1655 420 1775 494 “AN
1788 423 2428 497 IMADVERSIONESL

1764 554 1812 610 A

1774 1883 1813 1935 Β

3306 439 3409 502 406

2473 548 2762 619 Refutatio.

1907 643 1984 698 Ne
2010 642 2064 698 id
2097 641 2432 708 consideres,
2459 641 2634 712 ipsum
2663 626 3007 711 Unigenitum
3032 656 3092 698 se
3117 643 3409 701 missurum

1835 736 2178 792 Paracletum
2230 736 2582 806 promittere,
2636 750 2824 789 verum
2883 749 2911 787 a
2961 733 3167 790 Patre:
3202 735 3296 790 sed
3345 750 3412 789 ex

1839 836 2067 896 utroque
2092 827 2433 880 Paracletum
2465 840 2613 890 esse,
2645 824 2987 895 apertissime
3028 825 3154 878 inde
3192 825 3398 892 demon-

1838 920 2020 976 strari.
2049 918 2202 984 Quod
2232 919 2376 972 enim
2407 932 2438 972 a
2469 917 2628 972 Patre
2663 925 2715 971 et
2740 915 2879 970 Filio
2914 916 3170 980 mittitur,
3217 932 3340 971 cum
3375 931 3411 991 ,a

1839 1019 2034 1064 neutro
2064 1010 2128 1063 ad
2159 1011 2375 1063 modum
2411 1010 2577 1072 servi,
2612 1023 2836 1077 prorsus
2871 1008 3214 1069 naturaliter,
3252 1008 3415 1062 veluti

1838 1118 1902 1158 ex
1927 1100 2162 1156 essen-tia
2191 1101 2478 1170 utriusque
2499 1099 2735 1155 exsistit.
2767 1098 2924 1166 Quod
2960 1114 3086 1153 vero
3117 1099 3253 1154 dicis
3286 1113 3416 1168 pro-

1840 1197 2168 1262 cessionem,
2216 1196 2440 1249 modum
2483 1207 2677 1260 nempe
2758 1191 3022 1247 naturalis
3087 1193 3418 1248 exsistentite

1842 1290 2078 1359 Spiritus
2105 1302 2168 1342 ex
2197 1285 2382 1348 Patre,
2415 1285 2589 1354 palam
2615 1299 2643 1336 a
2683 1283 2911 1337 Domino
2939 1282 3143 1346 doceri,
3173 1283 3419 1350 apposite

1843 1383 2118 1450 probeque
2145 1378 2305 1432 dicis.
2339 1375 2724 1430 Verumtamen
2767 1373 3037 1430 sententia
3085 1382 3200 1428 tota
3229 1375 3422 1430 dictio-

1841 1488 1972 1528 num
2041 1469 2482 1540 evangelicarum
2537 1465 2800 1535 capienda
2859 1474 2996 1529 erat,
3029 1475 3143 1519 tum
3199 1467 3418 1519 domum

1845 1561 2271 1630 intelligendum,
2325 1557 2782 1629 quemadmodum
2837 1571 2903 1609 ex
2939 1552 3120 1618 Patre,
3156 1555 3422 1609 naturalis

1847 1652 2084 1722 Spiritus
2129 1651 2456 1706 exsistentia
2511 1646 2929 1712 manifestatur,
2987 1660 3120 1700 voce
3181 1645 3419 1711 Domini,

1844 1761 1950 1814 qua
1983 1745 2269 1806 asseritur,
2307 1760 2326 1794 ι
2360 1741 2450 1812 qui
2483 1756 2511 1794 a
2535 1740 2691 1796 Patre
2722 1739 2988 1810 procedit,
3027 1758 3045 1791 ι
3079 1747 3132 1794 et
3162 1738 3423 1793 Dominus

1847 1835 2090 1904 protulit,
2148 1834 2332 1888 omnia
2363 1848 2461 1888 sua
2525 1828 2593 1885 ad
2632 1828 2872 1894 Patrem,
2899 1828 3066 1883 veluti
3101 1828 3166 1882 ad
3201 1841 3421 1881 causam

1843 1927 2048 1994 absque
2083 1925 2351 1994 principio
2387 1923 2651 1988 referens,
2673 1923 2748 1978 ita
2778 1928 2832 1976 et
2854 1918 3192 1975 manifestari
3227 1918 3294 1971 ab
3318 1917 3424 1971 alio

1844 2018 2059 2071 Domini
2099 2017 2272 2079 dicto,
2321 2033 2428 2086 quo
2469 2015 2706 2086 Spiritus
2736 2013 2988 2068 veritatis
3025 2009 3266 2079 Spiritus
3294 2023 3424 2063 san-

1843 2118 1962 2164 ctus
2018 2109 2239 2174 dicitur,
2278 2125 2374 2179 per
2403 2107 2598 2162 Filium
2643 2105 2874 2161 similem
2933 2102 3235 2158 naturalem
3280 2101 3426 2155 exsi-

1845 2201 2095 2256 stentiam
2144 2201 2379 2270 Spiritus
2417 2215 2557 2255 esse.
2588 2197 2878 2253 Manifesto
2909 2210 3142 2266 namque
3177 2203 3424 2264 apparet,

1846 2291 2219 2360 evangelicum
2251 2291 2455 2344 dictum
2489 2303 2836 2351 asseverans,
2867 2286 3136 2356 Spiritum
3176 2283 3426 2339 veritatis

1849 2380 2109 2449 Spiritum
2147 2390 2420 2445 sanctum,
2475 2381 2608 2435 illud
2673 2381 2852 2449 ipsum
2901 2379 3152 2445 innuere,
3197 2377 3339 2446 quod
3373 2385 3430 2431 et

1852 2474 1998 2528 aliud
2026 2474 2242 2534 asserit,
2275 2489 2397 2528 eum
2423 2488 2452 2526 a
2483 2472 2640 2526 Patre
2667 2470 2983 2542 procedere.
3019 2469 3237 2538 Suoque
3267 2468 3428 2524 testi-

1850 2567 2036 2619 monio
2096 2566 2310 2634 pondus
2362 2565 2524 2619 addet
2573 2564 2721 2618 dicto
2769 2577 2888 2616 meo
2946 2561 3194 2617 veritatis
3240 2560 3422 2629 regula

1849 2657 2222 2712 divinissimus
2250 2655 2481 2710 Basilius
2508 2655 2561 2708 in
2591 2655 2679 2717 iis,
2712 2667 2833 2722 quae
2857 2661 3045 2708 contra
3071 2649 3424 2713 Eunomium,

1851 2748 2149 2816 Ariumque
2177 2745 2414 2814 scripsit,
2448 2744 2604 2812 cujus
2628 2745 2742 2798 haec
2769 2751 2898 2797 sunt
2931 2739 3208 2812 ipsissima
3227 2738 3387 2791 verba
3411 2753 3423 2788 :

1857 2857 1876 2890 ι
1920 2839 2054 2906 Erga
2089 2839 2301 2892 Patrem
2351 2836 2667 2891 aﬂinitatem
2726 2833 2994 2903 intelligo,
3030 2845 3154 2888 cum
3203 2846 3232 2884 a
3264 2828 3424 2883 Patre

1853 2932 2116 3003 procedit,
2176 2947 2305 3002 erga
2365 2929 2563 2986 Filium
2615 2945 2740 2984 cum
2793 2929 2974 2990 audio,
3006 2926 3111 2994 Qui
3153 2924 3420 2994 Spiritum

1852 3023 2055 3080 Christi
2085 3039 2190 3077 non
2217 3024 2399 3090 habet,
2429 3023 2518 3078 hic
2551 3022 2697 3076 illius
2755 3035 2862 3074 non
2908 3029 3013 3075 est.
3057 3036 3074 3069 ι
3117 3016 3348 3071 Videsne
3374 3023 3428 3069 ct

1855 3117 2109 3187 intelligis
2142 3115 2406 3186 Spiritum
2435 3115 2581 3170 Patri
2627 3129 2754 3169 esse
2796 3112 3030 3174 afﬁnem,
3060 3109 3204 3180 quod
3237 3121 3431 3176 proce-

190 3196 278 3248 οὐκ
300 3195 427 3266 ἔχει,
454 3191 620 3260 οὗτος
645 3197 743 3249 οὐκ
759 3197 906 3249 ἐστιν
930 3197 1146 3258 minoia,»
1175 3199 1333 3267 Ὁρᾷς
1349 3199 1440 3250 καὶ
1459 3199 1662 3265 συνίης,
1681 3199 1745 3262 ὡς

1859 3209 1935 3261 dit
1985 3223 2049 3262 ex
2097 3207 2276 3269 Patre,
2323 3205 2534 3261 alliuem
2583 3220 2712 3260 vero
2746 3204 2904 3270 Filio,
2930 3202 3074 3272 quod
3097 3199 3268 3268 ipsius
3303 3197 3428 3266 Spi-

189 3290 367 3340 οίιιεῖον
403 3289 509 3358 μὲν
559 3289 728 3358 Πατρὶ
773 3288 832 3340 16
871 3289 1114 3356 Πνεῦμα,
1163 3290 1242 3340 ὅτι
1290 3293 1352 3341 ὲκ
1392 3289 1482 3342 τοῦ
1537 3291 1748 3358 Πατρὺς

191 3378 563 3448 ἐκπορεύεται,
599 3381 794 3431 οἰκεῖον
831 3379 885 3432 δὲ
912 3379 986 3450 τῷ
1027 3378 1161 3449 Υἰῴ,
1192 3380 1273 3432 ὅτι
1327 3380 1549 3446 Πνεῦμα
1602 3383 1748 3433 ἐστιν

191 3468 373 3532 ait-toﬁ;
408 3470 562 3537 ’Ὅρα
594 3471 685 3522 καὶ
722 3469 903 3530 σύνεε,
934 3470 1006 3520 ὡ;
1040 3469 1067 3520 6
1105 3470 1204 3532 τὰς
1233 3467 1402 3531 λέξεις
1436 3468 1640 3529 ταύτας
1674 3469 1750 3520 εί-

195 3560 355 3628 prati);
389 3563 626 3631 Κύριος,
663 3562 821 3624 αὐτὸς
860 3563 1065 3622 ἐκεῖνος
1096 3563 1154 3624 ἐξ
1186 3561 1363 3612 αὐτῶν
1404 3559 1609 3612 τούτων
1638 3561 1749 3613 τῶν

191 3650 376 3715 λέξεων
403 3637 762 3723 παρέστησεν
819 3654 877 3719 ἐξ
921 3654 1125 3722 ἀμφοῖν
1155 3650 1294 3705 εἶναι
1328 3652 1388 3704 τὸ
1411 3651 1504 3704 τοῦ
1537 3652 1750 3720 ﬂat-p6;

192 3747 273 3792 καὶ
306 3743 429 3794 Υξοῦ
465 3743 717 3812 Πνεῦμα.
765 3744 822 3795 Εἰ
848 3744 902 3796 δὲ
932 3745 1026 3797 καὶ
1059 3747 1140 3796 ἔτι
1175 3744 1394 3814 χρῄζεις
1427 3741 1519 3794 τοῦ
1552 3760 1750 3812 προσε-

193 3834 650 3898 πι6-6αιὼσοντος
679 3837 770 3888 καὶ
823 3834 1509 3905 προσεπιμαρτυρήσοντός
1541 3851 1620 3885 σοι
1652 3831 1751 3901 τὴν

193 3923 390 3977 ἔννοιαν
416 3927 652 3996 ταύτην,
695 3926 803 3980 ἴσθι
841 3928 934 3979 καὶ
975 3928 1062 3980 τὸν
1093 3925 1247 3992 ἅγιον
1278 3924 1542 3993 Κύριλλον
1596 3926 1654 3976 ἐν
1684 3925 1751 3992 τῇ

191 4016 438 4090 ἑρμηνείᾳ
465 4018 566 4070 τοῦ
596 4020 734 4072 κατὰ
776 4019 1028 4086 Ἰωάννην
1059 4022 1138 4080 εἰς
1163 4019 1241 4082 16,
1272 4037 1290 4069 ι
1321 4015 1595 4070 Ὄτανοῦν
1623 4015 1754 4088 ἔλθῃ
1796 4003 1799 4006 ’

189 4111 214 4162 6
251 4110 627 4180 Παράκλητος,
675 4131 692 4163 ι
757 4114 1033 4181 φάσκοντα
1089 4111 1258 4174 οὕτως
1293 4126 1308 4142 ⁸
1352 4129 1370 4163 ι
1431 4109 1561 4163 Ἰδοὺ
1622 4109 1750 4179 γὰρ,

194 4200 290 4256 ἰδοὺ
319 4206 547 4274 Πνεῦμα
575 4205 673 4270 τῆς
703 4205 980 4275 ἀληθείας,
1007 4206 1278 4258 τουτέστιν
1309 4202 1502 4256 ἑαυτοῦ
1529 4203 1619 4255 τὶν
1645 4203 1754 4255 Πα-

193 4297 448 4364 ράκλητον
483 4301 677 4360 εἰπὼν,
710 4301 858 4368 παρὰ
886 4299 978 4351 τοῦ
1009 4300 1221 4367 Πατρδς
1263 4297 1422 4350 αὐτὸν
1457 4295 1753 4365 ἐκπορεύε-

191 4385 302 4438 oliui
330 4405 522 4457 φησιν.
554 4389 762 4458 Ὠσπερ
787 4390 894 4458 γάρ
919 4389 1030 4442 ἐστι
1063 4381 1287 4456 Πνεῦμα
1343 4387 1473 4438 ἴδιον
1505 4383 1596 4437 τοῦ
1625 4383 1756 4436 Υίοῦ

191 4494 288 4545 φνσ
312 4481 422 4541 ad»;
456 4483 520 4531 ὲν
553 4480 701 4547 αὐτῷ
733 4496 790 4531 τε
825 4479 1090 4549 ὑπάρχον,
1117 4479 1209 4531 καὶ
1241 4476 1308 4530 δι’
1341 4475 1507 4528 αὐτοῦ
1546 4475 1755 4546 προϊὸν,

1854 3301 1991 3353 ritus
2026 3299 2143 3353 cst?
2167 3298 2300 3353 Vide
2333 3313 2524 3353 rursus
2553 3307 2606 3350 et
2640 3295 2948 3365 intelligito,
2981 3294 3073 3363 qui
3109 3295 3220 3346 tuaac
3251 3291 3427 3344 dicta-

1852 3392 1928 3445 vit
1950 3389 2234 3455 Dominus,
2260 3389 2511 3444 eumdem
2543 3389 2717 3458 ipsum
2756 3387 2843 3442 liis
2874 3386 3066 3441 iisdem
3097 3382 3427 3437 dictionibus

1851 3478 2261 3548 comprobasse,
2305 3491 2368 3530 ex
2406 3484 2640 3544 utroque
2666 3490 2787 3530 esse
2818 3473 2994 3528 Patris
3025 3483 3075 3527 et
3099 3469 3222 3524 Filii
3257 3465 3431 3536 Spiri-

1854 3577 1985 3623 tum.
2010 3568 2165 3636 Quod
2187 3568 2229 3622 si
2256 3569 2421 3623 alium
2452 3581 2665 3637 quoque
2689 3575 2952 3635 postulas,
2985 3563 3078 3632 qui
3097 3563 3212 3616 haec
3241 3557 3429 3614 eadem

1851 3660 2125 3723 aﬂirmet,’
2159 3669 2214 3713 et
2271 3675 2372 3713 suo
2415 3657 2731 3714 testimonio
2767 3655 3090 3723 sententiam
3131 3654 3274 3708 hanc
3299 3665 3436 3707 con-

1853 3751 2115 3813 stabiliat,
2148 3750 2275 3804 audi
2308 3759 2360 3804 et
2391 3758 2641 3804 sanctum
2697 3747 2954 3819 Cyrillum
3005 3744 3059 3798 in
3111 3745 3434 3813 interpreta-

1854 3845 2004 3898 tione
2061 3841 2288 3896 Joannis
2315 3845 2380 3894 ad
2419 3841 2508 3896 illa
2538 3841 2724 3904 verba,
2756 3857 2776 3890 ι
2811 3837 2947 3893 Cum
2993 3837 3174 3906 itaque
3226 3835 3435 3890 venerit

1853 3932 2188 3996 Paracletus,
2225 3950 2242 3983 ο
2277 3931 2684 3985 enuntiantem:
2725 3949 2743 3980 ι
2782 3929 2922 3984 Ecce
2949 3927 3116 3990 cnim,
3145 3942 3271 3982 ecce
3305 3925 3433 3995 Spi-

1855 4025 2018 4078 ritum
2073 4023 2339 4087 veritatis,
2385 4023 2486 4076 hoc
2540 4031 2622 4075 est
2661 4020 2860 4076 suimet
2887 4018 3060 4090 ipsius
3089 4017 3430 4072 Paracletum

1857 4113 2156 4182 appellans,
2198 4127 2263 4165 ex
2299 4109 2461 4164 Patre
2487 4125 2610 4164 cum
2643 4108 2938 4178 procedere
2963 4108 3056 4160 ait.
3108 4103 3243 4158 Nam
3290 4101 3434 4157 sicut
3514 4144 3521 4151 .

1857 4206 1977 4262 Filii
2013 4205 2250 4276 Spiritus
2273 4212 2378 4269 est,
2405 4202 2723 4258 naturaliter
2749 4203 2800 4255 in
2831 4202 2949 4270 ipso
2977 4214 3223 4256 manens.
3250 4206 3302 4251 et
3333 4209 3428 4264 per

1859 4299 2037 4368 ipsum
2080 4297 2454 4367 progrediens,
2493 4294 2572 4348 sic
2605 4292 2782 4347 Patris
2812 4305 3032 4361 quoque
3061 4289 3297 4358 Spiritus
3325 4295 3432 4340 est.

1859 4387 2071 4454 Quibus
2119 4393 2298 4437 autem
2350 4381 2587 4451 Spiritus
2639 4379 2944 4435 communis
2984 4377 3160 4441 est,,ii
3193 4373 3435 4444 profecto

1860 4477 2156 4534 secundum
2191 4473 2550 4528 substantiam
2606 4470 2936 4539 disseparari
2977 4483 3084 4521 non
3115 4474 3362 4535 possunt.

189 4567 320 4620 οὕτω
346 4573 436 4624 καὶ
462 4571 561 4623 τοῦ
589 4570 819 4639 Πατρός.
848 4567 944 4631 Οἷς
965 4570 1020 4620 δὲ
1053 4570 1112 4620 16
1155 4567 1376 4637 Πνεῦμα
1402 4567 1600 4630 κοινὸν,
1629 4567 1745 4619 τού-

1852 4568 1931 4622 En
1962 4577 2209 4622 sanctum
2252 4566 2381 4622 item
2422 4565 2682 4637 Cyrillum
2735 4570 3092 4623 asserentem,
3145 4557 3432 4629 proprium

111 4665 114 4670 ’
190 4677 289 4721 τοις
323 4665 404 4728 εἴη
438 4663 615 4729 δήπου
647 4663 861 4724 πάντως
900 4661 966 4714 ἂν
1020 4661 1115 4713 καὶ
1169 4659 1240 4712 τὰ
1299 4660 1396 4728 τῆς
1457 4658 1645 4722 οὐσίας
1695 4659 1753 4711 οὐ

189 4749 534 4820 διωρισμένα.
568 4771 586 4803 ι
617 4752 748 4803 Ἰδο)
796 4751 889 4804 καὶ
932 4753 960 4804 6
1004 4751 1058 4802 ὲν
1097 4751 1280 4816 ἁγίοις
1304 4749 1592 4819 Κύριλλος,
1624 4749 1755 4802 ἴδιον

191 4841 309 4894 Υἱοῦ
335 4847 427 4900 καὶ
451 4843 685 4914 Πατρος,
711 4845 805 4896 καὶ
820 4842 995 4895 κοινὸν
1012 4842 1185 4911 Πατρὶ
1207 4841 1426 4910 κα¹ιΥἱῴ
1445 4841 1504 4892 16
1527 4839 1750 4910 Πνεῦμα

192 4932 244 4982 τδ
272 4933 424 5001 ἅγιον
463 4937 557 4985 καὶ
588 4934 695 4986 τῶν
741 4933 1116 5001 ιῦαγγελτκῶν
1153 4931 1359 4984 τούτων
1390 4932 1602 5000 ῥήσεων
1638 4931 1751 4982 ίσο-

190 5022 434 5093 δύκαμον.
473 5025 579 5078 Καὶ
613 5025 696 5077 δεῖ
720 5025 918 5078 εἰδέναι
971 5025 1060 5077 τὸν
1091 5025 1187 5093 τῆς
1245 5023 1498 5091 ἀληθείας
1533 5023 1758 5092 ἐφιέμε-

195 5130 274 5163 νον
301 5117 370 5166 ὼε
409 5117 563 5167 οὐδέν
611 5131 665 5166 τι
700 5116 1109 5184 παραχαράττει
1138 5114 1199 5166 16
1251 5113 1588 5180 Εὑαγγέλιον
1622 5112 1649 5163 6
1689 5114 1754 5165 ὲκ

190 5207 276 5257 τοῦ
315 5208 526 5277 Πατρὸς
562 5208 656 5260 καὶ
685 5207 817 5260 Υἱοῦ
848 5205 988 5260 εἶναι
1022 5207 1196 5271 λέγων
1231 5206 1292 5259 16
1323 5205 1570 5274 Πνεῦμα,
1601 5205 1675 5268 ὡς
1704 5207 1752 5258 οἱ

1857 4658 1979 4712 Filii
2012 4669 2065 4712 et
2096 4658 2292 4722 Patris,
2323 4668 2375 4712 et
2393 4670 2737 4713 communem
2763 4653 2911 4708 Patri
2940 4649 3148 4708 etFilio
3167 4647 3432 4711 Spiritum

1857 4759 2128 4814 sanctum,
2166 4759 2219 4803 ct
2241 4749 2458 4804 easdem
2496 4749 2689 4802 horum
2711 4747 2982 4802 dictorum
3011 4743 3155 4797 vires
3177 4739 3436 4808 colligen—

1859 4849 1989 4896 tem.
2026 4840 2090 4894 Et
2136 4841 2382 4895 veritatis
2425 4840 2656 4894 amatori
2724 4836 3006 4894 sciendum
3069 4843 3171 4898 est,
3225 4831 3430 4886 nullam

1857 4933 1964 4986 vim
1997 4931 2198 4986 inferre
2231 4931 2540 5001 Evangelia,
2576 4931 2672 5000 qui
2697 4946 2761 4984 ex
2794 4929 2974 4992 Patre,
3011 4937 3064 4982 et
3091 4927 3228 4981 Filio
3259 4922 3434 4993 Spiri-

1857 5034 1968 5079 tum
2005 5023 2218 5088 astruit,
2259 5033 2315 5076 ut
2347 5024 2438 5092 qui
2467 5023 2744 5076 veritatem
2784 5022 3167 5081 criminantur,
3197 5025 3426 5070 conten-

1856 5116 2011 5177 dunt,
2067 5130 2189 5170 cum
2238 5131 2301 5167 ex
2350 5113 2539 5168 iisdem
2569 5111 2784 5167 Domini
2820 5113 3048 5168 vocibus
3075 5111 3233 5180 plane
3258 5123 3423 5177 appa-

1856 5216 1991 5271 reat,
2019 5221 2081 5259 ex
2124 5205 2312 5260 eodem
2342 5213 2394 5260 et
2425 5203 2584 5259 Patre
2615 5204 2876 5275 Spiritum
2907 5214 3154 5259 sanctum
3179 5214 3317 5257 esse.

191 5297 562 5364 διαϐάλλοντες
620 5306 718 5372 τὴν
768 5303 1028 5371 ἀλήθειαν
1078 5302 1318 5370 λέγουσι,
1389 5301 1476 5352 διὰ
1506 5301 1566 5352 16
1594 5299 1653 5365 ἐξ
1693 5300 1873 5352 αὐτῶν
1940 5299 2033 5352 τοῦ
2071 5303 2272 5371 Κυρίου
2317 5300 2510 5370 φωνῶν
2573 5297 2968 5368 ἀναφαίνεσθαι
3035 5298 3097 5352 16
3154 5295 3213 5362 ἒξ
3263 5289 3433 5349 αὐτοῦ

191 5406 244 5444 τε
270 5393 484 5446 καὶτοῦ
512 5394 724 5464 Πατρος
758 5389 898 5447 εἶναι
929 5395 990 5447 16
1021 5392 1245 5463 Πνεῦμα
1277 5393 1337 5446 16
1368 5393 1545 5460 ἆγιον.

1396 5530 1502 5588 nn
1521 5530 1638 5589 ΤΑ
1681 5530 1726 5588 Α
1740 5528 1885 5590 ρος
1898 5479 2219 5590 rauca.

197 5671 302 5730 Τοῦ
342 5673 518 5742 ἁγίου
572 5675 792 5742 Πέτρου
840 5675 907 5728 ἐκ
932 5674 1073 5797 dat?”
1123 5674 1397 5742 Πιίάξεων
1450 5670 1564 5725 τῶν
1608 5672 1753 5725 ἀπο--

853 5759 927 5796 στ
1008 5761 1110 5796 ων.

853 5759 1110 5796 στολων.

262 5850 337 5909 Εἰ.
381 5872 399 5907 t
451 5855 645 5909 Τοῦτον
690 5857 778 5908 τὸν
820 5856 1025 5926 Ἰησοῦν
1059 5857 1351 5929 ἀνέστησεν
1406 5861 1430 5914 6
1485 5859 1637 5926 Θεὲις,
1693 5853 1750 5913 οὗ

1913 5670 1970 5725 S.
2013 5671 2154 5726 Petri
2181 5689 2242 5726 ea:
2269 5665 2427 5729 Actis
2456 5686 2837 5742 apostatarum.
2865 5672 2994 5741 Cap.
3023 5689 3079 5740 ll,
3102 5690 3234 5730 vers.
3267 5676 3355 5730 52.

1933 5859 1982 5913 5.
2023 5877 2038 5909 ι
2090 5857 2238 5914 lluuc
2272 5857 2452 5915 Jcsum
2485 5857 2821 5914 rcsuscitavu
2860 5853 3017 5912 Dcus.
3056 5852 3207 5906 (πιών
3237 5869 3421 5910 omne:
