3800 6580
434 437 539 501 413

1450 436 1661 498 JOAN.
1706 438 1917 498 VECCl
1964 439 2004 497 C

2120 437 2623 498 ΡΑΤΠΙΑΠΟΙΙΕ
3070 398 3077 403 ι
3526 451 3607 518 416

432 574 537 629 quc
571 572 692 611 esse
720 556 983 622 insinuat,
1012 567 1064 611 et
1109 573 1173 611 ex
1219 552 1327 608 Deo
1351 597 1365 620 ,
1398 566 1449 608 et
1478 572 1541 608 ex
1579 555 1737 608 Patre
1767 571 1907 609 esse.
1945 556 2004 609 Et

2111 555 2393 624 πόρευσιν,
2434 556 2527 608 καὶ
2560 555 2617 608 ἓν
2660 555 2855 610 ταυτὸν
2889 551 3026 609 εἶναι
3061 554 3295 610 διδάσκει
3344 561 3399 613 τὸ
3443 565 3497 618 ἐκ
3538 572 3612 625 τοῦ

435 667 547 705 rem
585 651 657 705 ita
690 664 747 705 se
789 651 1008 715 habere,
1044 666 1202 703 nemo
1236 649 1481 718 atnbigit.
1522 646 1597 699 Ex
1632 646 1742 700 Deo
1767 648 2003 711 enim,et

431 752 496 790 ex
531 724 689 792 Patre
720 737 859 791 idem
897 738 998 790 boc
1045 738 1095 790 in
1133 739 1250 791 loco
1289 747 1391 790 est.
1430 737 1508 790 Tu
1566 753 1727 804 porro
1756 738 1999 790 animum

436 828 607 898 ﬁgens
656 827 762 883 illis
794 868 807 890 .
862 843 981 896 quin
1032 837 1258 883 sanctus
1289 827 1615 889 enuntiavit,
1668 827 2001 897 signiﬁcans.

436 922 704 973 undenam
768 919 1005 989 Spiritus
1037 931 1258 973 sanctus
1291 921 1375 973 sui
1409 919 1676 988 principia
1718 917 2003 987 fontesque

437 1012 650 1075 habent,
695 1027 800 1079 qua
847 1013 1053 1066 ratione
1102 1012 1233 1065 illud
1271 1013 1479 1080 absque
1531 1010 2004 1066 animadversione

435 1104 760 1173 pimtt-riisti,
788 1121 851 1158 ex
882 1122 989 1174 qtto
1011 1116 1253 1175 apparet,
1278 1104 1543 1174 Spiritum
1572 1104 1733 1158 etiam
1764 1120 1829 1158 ex
1856 1103 1996 1159 Filio

435 1197 594 1251 esse?
629 1197 815 1266 Neque
858 1198 1001 1250 enim
1034 1242 1047 1258 ,
1074 1198 1199 1251 licet
1233 1198 1380 1250 radix
1415 1206 1465 1249 et
1498 1197 1705 1264 absque
1735 1195 2003 1265 principio

434 1305 597 1343 causa
629 1290 849 1358 spiritus
883 1288 1041 1343 Pater
1072 1300 1173 1352 est,
1212 1288 1465 1357 idcojam
1492 1302 1545 1342 et
1580 1286 1753 1342 Filius
1788 1288 1838 1340 in
1876 1302 2001 1356 pro-

433 1382 681 1436 cessione
717 1380 952 1450 Spiritus
984 1398 1013 1435 a
1058 1381 1217 1436 Patre
1259 1380 1592 1449 seiungitur.
1630 1378 1832 1434 Verum
1875 1393 2000 1431 cum

431 1488 527 1541 per
562 1471 752 1525 Filium
803 1489 868 1526 ex
915 1472 1070 1526 Patre
1125 1473 1239 1541 ipse
1285 1473 1580 1542 procedat,
1636 1479 1719 1524 est
1767 1468 2003 1538 Spiritus

432 1566 595 1617 etiam
624 1580 687 1617 ex
712 1563 873 1622 Filio.
905 1579 1009 1618 non
1036 1574 1291 1634 tanquam
1332 1579 1398 1617 ex
1427 1564 1531 1617 alia
1564 1573 1760 1633 praeter
1789 1563 2000 1618 Patrem

434 1668 594 1706 eausa
636 1664 688 1706 et
717 1653 983 1722 principio
1009 1694 1023 1716 ,
1062 1652 1157 1707 sed
1210 1662 1466 1721 tauquam
1498 1653 1589 1721 qui
1623 1667 1686 1705 ex
1721 1650 1878 1704 Patre
1910 1665 2006 1719 per
2046 1674 2053 1683 ο

437 1745 632 1799 Filium
684 1747 958 1815 procedat.
1001 1744 1280 1813 Quodnam
1332 1759 1462 1797 vero
1512 1753 1614 1808 est,
1662 1742 1807 1811 quod
1850 1741 2001 1795 illum

433 1840 597 1891 etiam
630 1855 693 1891 cx
732 1837 867 1891 Fiiio
902 1853 1022 1891 esse
1074 1835 1674 1890 tnauifestat?Attende
1706 1842 1758 1887 ct
1804 1831 2003 1886 intelli-

2104 646 2239 699 Θεοῦ
2269 648 2365 700 καὶ
2394 647 2454 698 τὸ
2488 648 2641 717 παρά
2669 647 2763 700 τοῦ
2793 648 3024 716 Πατρός.
3056 647 3164 700 Καὶ
3219 646 3328 720 ἔχει
3377 670 3434 721 γε
3477 657 3610 715 οὕτω,

2105 739 2177 791 Τδ
2202 739 2310 806 γὰρ
2338 741 2399 791 ἐκ
2424 739 2555 791 Θεοῦ
2593 742 2685 791 καὶ
2712 740 2775 791 ἐκ
2797 739 2888 793 τοῦ
2924 739 3133 811 Πατρός
3193 742 3378 796 ταυτδν
3413 746 3611 807 ἐνταῦθά

2106 830 2242 882 ἐστι.
2276 830 2348 881 Σὺ
2376 829 2431 882 δὲ
2474 829 2684 892 τούτοις
2732 830 3056 899 ἐπιστήσας,
3091 830 3233 900 ἆπερ
3270 832 3296 883 6
3345 833 3483 901 ἅγιος
3535 839 3617 912 si“

2104 919 2301 990 δηλῶν,
2334 921 2456 974 ὅθεν
2488 920 2549 975 τὸ
2575 921 2798 992 Πνεῦμα
2822 922 2882 974 τὸ
2913 921 3069 987 ἅγιον
3086 923 3183 984 τὰς
3213 921 3305 976 τοῦ
3331 921 3458 984 εἶναι
3480 929 3621 999 ἀρχὰς

2105 1011 2199 1063 καὶ
2229 1012 2409 1082 πηγὰς
2439 1011 2569 1081 ἔχει,
2604 1013 2719 1076 πῶς
2751 1015 2928 1066 ἐκεῖνο
2959 1015 3279 1076 ἐπιστασίας
3318 1017 3620 1089 παρέδραμες

2104 1101 2352 1171 ἄμοιρον,
2387 1100 2448 1165 ἐξ
2478 1097 2654 1172 οὗπερ
2688 1104 3015 1172 ἐμφαίνεται
3047 1100 3272 1157 εἶναιτὸ
3310 1105 3517 1177 Πνεῦμα
3546 1113 3621 1164 κσὶ

2107 1194 2171 1246 ἐκ
2201 1193 2292 1246 τοῦ
2326 1193 2455 1246 Υίοῦ
2481 1210 2496 1260 ;
2535 1193 2670 1247 Οὐδὲ
2701 1196 2810 1265 γὰρ
2841 1196 2936 1248 ἐὰν
2958 1195 3083 1266 ῥίζα
3114 1195 3209 1247 καὶ
3248 1195 3468 1268 ἄναρχος
3506 1200 3623 1254 αίτῐα

2072 1284 2200 1337 ¹’τοῦ
2237 1284 2553 1355 Πνεύματος
2580 1286 2608 1337 6
2632 1285 2843 1355 Πατὴρ,
2903 1284 3002 1355 ἥδη
3047 1284 3075 1337 6
3116 1284 3247 1348 Υίὸς
3290 1285 3521 1356 διῄρηται
3551 1291 3623 1341 τοῦ

2106 1378 2321 1446 Πατρδς
2355 1381 2414 1430 ἐν
2443 1381 2505 1448 τῇ
2552 1377 2763 1448 προόδῳ
2816 1376 2909 1430 τοῦ
2959 1376 3301 1446 Πνεῦμα-τος.
3372 1378 3501 1431 Ἀλλ’
3528 1379 3627 1431 ἐπεὶ

2104 1467 2191 1521 διὰ
2218 1468 2309 1519 τοῦ
2343 1467 2476 1520 Υίοῦ
2506 1469 2570 1520 ἐκ
2598 1468 2690 1520 τοῦ
2724 1466 2939 1536 Πατρὸς
2975 1465 3104 1519 αὐτὸ
3139 1464 3505 1535 ἐκπορεύεται,
3535 1468 3628 1519 ἐστι

2104 1559 2164 1610 τὺ
2193 1558 2416 1629 Πνεῦμα
2445 1561 2539 1612 καὶ
2571 1561 2635 1612 ἐκ
2670 1559 2765 1613 τοῦ
2805 1558 2960 1625 Υίοῦ,
3012 1555 3281 1626 οῦμενουν
3318 1558 3391 1618 ὡς
3414 1555 3469 1621 ἐξ
3488 1556 3625 1625 ἄλλης

2107 1649 2258 1719 παρὰ
2299 1650 2387 1701 τὸν
2414 1649 2630 1718 Πατέρα
2661 1648 2840 1711 αἰτίας
2872 1648 2965 1703 καὶ
2989 1649 3191 1718 ἀρχῆς,
3229 1646 3343 1699 ἀλλ’
3374 1644 3444 1707 ὡς
3472 1643 3629 1699 6x11:-

2104 1740 2233 1809 τρός
2283 1740 2720 1808 ἐκπορευόμενον
2763 1740 2850 1793 διὰ
2905 1741 3054 1793 Υίςιῦ.
3094 1737 3160 1792 Τί
3216 1736 3271 1791 δὲ
3298 1738 3357 1789 τὸ
3403 1738 3629 1807 ἐμφαῖνον

2110 1832 2199 1883 καὶ
2224 1834 2285 1883 ἐκ
2311 1830 2403 1884 τοῦ
2427 1831 2556 1883 Υίοῦ
2578 1826 2717 1884 εἷναι
2740 1832 2869 1884 αὑτό
2893 1847 2907 1897 ;
2933 1831 3210 1902 Πρόσσχες
3227 1829 3433 1901 ἧδηζκαὶ
3458 1830 3631 1900 γνώσῃ.

434 1946 553 1999 ges.
588 1929 821 1984 Sanctus
857 1930 942 1982 bie.
988 1929 1250 1999 Spiritum
1304 1928 1397 1981 Dei
1433 1936 1589 1981 vorat
1619 1925 1904 1995 Spiritum,
1948 1933 2001 1977 et

2107 1922 2323 1993 Πνεῦμα
2354 1922 2487 1975 Θεοῦ
2515 1923 2660 1991 λέγει
2690 1925 2748 1976 τ’)
2773 1900 2998 1993 Πνεῦμα
3036 1925 3063 1977 6
3103 1900 3261 1991 ἅγιος
3280 1937 3295 1952 ·
3322 1921 3411 1974 καὶ
3430 1922 3515 1974 τον
3543 1922 3633 1974 Σω-

436 2024 766 2077 Salvator-eiu
821 2030 1011 2075 testem
1073 2019 1315 2083 adducit,
1385 2019 1536 2072 illum
1573 2016 1681 2070 dici
1736 2015 1999 2081 Spiritum

434 2115 549 2177 Dei,
584 2124 693 2168 tum
722 2115 929 2167 subdit:
967 2133 983 2164 ι
1012 2112 1090 2166 Ne
1121 2111 1240 2179 quis
1273 2110 1499 2165 audiens
1546 2108 1795 2178 spiritum
1827 2147 1841 2171 ,
1872 2120 2001 2175 pro-

436 2206 717 2276 prii-tatem
744 2205 1037 2272 signiﬁcari
1068 2203 1362 2264 existimet,
1388 2209 1441 2253 et
1481 2214 1585 2253 non
1621 2206 1828 2251 natura:
1854 2211 2005 2250 com-

435 2296 769 2357 muuionent,
795 2293 993 2348 Paulus
1026 2292 1196 2346 dicit:
1228 2288 1393 2344 Nobis
1438 2305 1564 2343 vero
1597 2304 1702 2342 non
1739 2297 1821 2342 est
1844 2287 2004 2340 datus

434 2388 658 2455 spiritus
710 2383 915 2449 mundi,
971 2383 1061 2436 sed
1111 2379 1344 2450 Spiritus
1396 2380 1490 2449 qui
1539 2394 1605 2433 ex
1675 2377 1785 2433 Deo
1826 2385 1931 2433 est.
1976 2394 1997 2427 ι

434 2482 657 2533 Attentu
707 2478 783 2532 sis
843 2477 1045 2537 animo,
1096 2489 1301 2543 qttmso.
1360 2472 1825 2543 Chrysostomus,
1859 2471 2002 2539 quod

433 2570 575 2624 idcm
602 2577 685 2624 est
716 2568 917 2630 dicere,
950 2582 1014 2620 ex
1042 2583 1175 2619 auro
1198 2568 1357 2618 ducta
1395 2562 1630 2631 Spiritus
1668 2558 1999 2622 tuba,dicit:

440 2684 458 2714 ι
500 2664 789 2730 Propterea
830 2659 1062 2714 Paulum
1100 2672 1165 2711 ex
1201 2657 1313 2711 Deo
1366 2655 1569 2710 dixisse
1617 2652 1901 2722 Spiritum,
1934 2665 2003 2705 ne

434 2753 560 2822 quis
593 2750 822 2805 audiens
858 2748 1002 2818 quod
1036 2747 1289 2801 Salvator
1337 2745 1390 2798 in
1421 2742 1713 2812 Evangelio
1759 2740 2000 2805 dixerat,

436 2843 663 2911 spiritus
691 2838 808 2900 Dei.
842 2839 1115 2893 existimet
1159 2834 1541 2905 proprietatem
1584 2831 1879 2902 signiﬁcari
1905 2871 1921 2897 ,
1947 2838 2001 2885 et

435 2949 541 2986 non
570 2942 775 2986 natura:
805 2926 1267 2983 communionem.
1302 2944 1320 2976 ι
1361 2924 1542 2990 Quare
1577 2938 1697 2992 quze
1730 2924 1871 2975 inter
1898 2918 2002 2973 Pa-

436 3033 573 3077 trem
619 3032 671 3073 et
707 3018 972 3088 Spiritum
1020 3015 1334 3071 communio
1365 3026 1569 3068 natura:
1609 3020 1711 3074 est,
1743 3011 1868 3065 inde
1896 3019 2002 3075 est,

436 3114 584 3180 quod
615 3113 731 3181 ipse
761 3127 826 3165 ex
862 3110 967 3163 Deo
995 3117 1098 3172 est,
1143 3115 1195 3160 et
1218 3105 1401 3159 Patre.
1439 3102 1515 3156 Ex
1565 3104 1666 3157 hoc
1690 3101 1833 3155 enim
1863 3100 1999 3167 solo,

435 3205 579 3271 quod
611 3205 699 3256 ille
724 3202 923 3256 dicitur
954 3199 1189 3269 Spiritus
1219 3196 1332 3261 Dei,
1367 3195 1504 3249 forte
1525 3194 1688 3247 etiam
1724 3193 2004 3247 existima-
2031 3228 2074 3285 ο

436 3296 600 3358 bitur,
653 3292 1033 3364 proprietatem
1094 3289 1245 3342 innui
1301 3303 1329 3341 a
1362 3286 1753 3342 communione
1798 3291 2005 3337 naturae

434 3387 703 3441 diversam
733 3424 748 3450 .
784 3394 839 3439 et
907 3383 1233 3454 procedente
1285 3381 1532 3436 oratione
1580 3377 2007 3448 Cbrysostomus

436 3479 629 3547 repetit
662 3493 676 3530 :
717 3498 735 3528 ι
772 3475 863 3530 Sic
894 3490 1088 3529 rursus
1121 3474 1317 3526 dicitur
1342 3472 1579 3542 Spiritus
1627 3470 1822 3532 Patris,
1852 3479 1904 3522 et
1941 3486 2007 3522 ne

433 3569 712 3629 στίειίιηιξπ
747 3566 795 3619 id
830 3565 1131 3619 secundum
1180 3563 1564 3633 proprietatem
1602 3562 1729 3624 dici,
1756 3560 2008 3615 Salvator

437 3660 743 3713 continuat.
775 3656 909 3710 Cum
963 3656 1172 3707 venerit
1211 3652 1523 3706 l'araclrtus
1545 3697 1557 3716 ,
1599 3650 1833 3719 Spiritus
1863 3650 2008 3702 veri-

438 3752 769 3820 tatis,quiex
794 3751 950 3802 Patre
981 3748 1241 3817 procedit.
1281 3765 1299 3796 ι
1328 3743 1383 3798 Si
1415 3745 1597 3813 itaque
1624 3760 1684 3795 ex
1724 3743 1836 3796 Beo
1861 3756 2005 3805 esse,

438 3854 491 3899 et
516 3860 579 3896 ex
619 3843 776 3895 l’atre
806 3840 1065 3910 Spiritum
1118 3848 1367 3891 sanctum
1410 3836 1722 3902 pret-edere,
1764 3847 2009 3885 commu-

442 3937 659 3990 nionem
694 3943 901 3986 natura:
943 3947 1068 3985 cum
1116 3929 1272 3982 Patre
1310 3926 1600 3980 manifesto
1643 3924 1909 3985 indicant,
1941 3937 2008 3977 ne

440 4046 504 4082 ex
542 4043 608 4082 νο
633 4028 776 4097 quod
824 4024 1144 4094 simpliciter
1178 4006 1392 4075 dicatur
1433 4018 1520 4070 ille
1554 4018 1793 4085 Spiritus
1828 4014 1921 4069 Dei
1952 4023 2005 4068 et

442 4119 675 4187 Spiritus
714 4115 885 4169 Patris
935 4114 1038 4167 alia
1071 4110 1376 4182 proprietas
1426 4108 1495 4161 ab
1518 4121 1579 4159 ca
1604 4146 1618 4169 ,
1651 4120 1772 4174 qua:
1803 4114 1886 4159 est
1913 4120 2007 4158 ua-

441 4219 574 4262 tutte
630 4206 945 4261 communio
1000 4203 1407 4263 itttrotlucatur,
1471 4217 1577 4270 qua
1646 4199 1853 4252 ratione
1912 4199 2004 4267 qui

441 4307 697 4353 asserunt
723 4299 870 4351 illum
903 4296 1165 4365 Spiritum
1221 4292 1343 4346 Filii
1376 4301 1428 4346 ct
1468 4291 1729 4361 Spiritum
1761 4289 2006 4344 veritatis

428 4393 734 4445 sedandum
769 4391 931 4443 aliam
998 4387 1320 4456 simpliciter
1366 4386 1774 4454 proprietatem,
1813 4392 2007 4451 printer

410 4468 446 4491 κ

439 4481 581 4547 "eam,
611 4499 731 4553 quze
760 4490 841 4535 est
899 4492 1107 4533 natnrte
1172 4478 1488 4532 communio
1515 4517 1529 4542 ,
1563 4493 1669 4530 non
1718 4473 2008 4530 manifeste

2104 2013 2244 2084 τῆρα
2274 2015 2528 2085 μάρτυρα
2569 2017 2808 2086 παράγει
2844 2016 2936 2069 τοῦ
2966 2014 3224 2085 λέγεσθαι
3276 2014 3408 2067 αὐτὸ
3446 2013 3634 2082 Πνεῦμα

2103 2100 2259 2157 Θεοῦ.
2299 2099 2430 2156 Εἶτα
2460 2103 2694 2171 ἐπάγει·
2730 2122 2749 2155 ι
2794 2105 2911 2159 Ἶνα
2941 2106 3125 2175 μήτις
3159 2104 3399 2167 ἀκούσας
3448 2103 3633 2173 Πνεῦμα

2103 2194 2414 2262 οἰκειότητα
2450 2194 2646 2267 νομίσῃ
2688 2195 3052 2265 σημαίνεσθαι
3084 2194 3179 2247 καὶ
3210 2195 3287 2264 μὴ
3316 2193 3514 2263 φύσεως
3540 2210 3632 2246 κοι-

2104 2284 2323 2351 νωνίαν,
2356 2286 2383 2337 6
2412 2284 2625 2348 Παῦλος
2678 2286 2867 2353 λέγει·
2904 2304 2923 2337 ι
2970 2284 3133 2356 ’Υμῖν
3190 2284 3248 2338 δέ
3290 2286 3389 2338 οὐκ
3431 2284 3566 2355 ἐδόθη
3589 2285 3635 2337 τὸ

2107 2375 2322 2445 πνεῦμα
2350 2376 2441 2428 τοῦ
2491 2376 2723 2448 κόσμου,
2760 2376 2897 2431 ἀλλὰ
2945 2377 3006 2430 τὸ
3056 2377 3285 2447 Πνεῦμα
3348 2374 3407 2429 τδ
3453 2376 3513 2429 ἐκ
3560 2375 3636 2428 τοῦ

2103 2464 2263 2517 Θεοῦ.
2323 2484 2341 2517 ι
2405 2457 2673 2537 Πρόσεχε,
2744 2467 3069 2539 παρακαλῶ.
3115 2470 3176 2522 Ὀ
3241 2468 3637 2539 Χρυσοῤῥήμων,

2105 2556 2298 2609 ταύτὸν
2325 2558 2371 2609 δ’
2396 2558 2594 2623 είπείν,
2628 2560 2660 2630 ἡ
2694 2560 3039 2631 χρυσήλατος
3069 2560 3314 2627 σάλπιγξ
3356 2557 3447 2612 τοῦ
3491 2558 3635 2611 Πνεῦ-

2109 2666 2297 2719 ματος,
2322 2649 2493 2717 λέγει,
2526 2667 2545 2701 ι
2576 2651 2673 2703 Διά
2696 2651 2854 2704 τοῦτο
2883 2652 2911 2703 6
2933 2651 3146 2715 Παῦλος
3181 2653 3244 2704 ἐκ
3269 2649 3366 2703 τοῦ
3387 2649 3512 2705 Θεοῦ
3542 2646 3637 2702 εἷπε

2104 2742 2164 2793 τι
2192 2742 2432 2812 Πνεῦμα,
2463 2742 2550 2794 ἵνα
2580 2744 2660 2813 μή
2681 2760 2767 2807 τις
2798 2744 3037 2807 ἀκούσας
3067 2742 3159 2796 τοῦ
3211 2742 3459 2813 Σωτῆρος
3487 2740 3637 2793 είπόν-

2118 2850 2207 2897 τος
2237 2834 2366 2887 αὐτὸ
2399 2837 2456 2887 ἐν
2491 2833 2843 2902 Εὐαγγελίοις
2885 2834 3108 2905 Πνεῦμα
3142 2834 3307 2897 Θεοῦ,
3356 2832 3539 2904 νομίσῃ
3581 2832 3641 2884 oi-

2106 2927 2361 2993 κειότητα
2397 2927 2758 2995 σημαίνεσθαι
2805 2928 2899 2980 καὶ
2937 2926 3011 2998 μὴ
3055 2926 3273 2994 φύσεως
3305 2926 3585 2978 κοινωνίαν.
3622 2942 3637 2975 ι

2108 3015 2320 3088 Ὦστεή
2350 3018 2515 3085 μέσον
2541 3018 2753 3089 Πατρὶς
2786 3020 2879 3071 καὶ
2931 3018 3255 3088 Πνεῦματος
3291 3016 3532 3070 κοινωνία
3558 3019 3639 3086 τῆς

2105 3106 2323 3175 φύσεως
2385 3107 2634 3161 ἐντεῦθέν
2681 3110 2829 3162 ἐστιν
2884 3110 2949 3162 ἐκ
2992 3107 3088 3161 τοῦ
3123 3103 3268 3162 εἶναι
3320 3106 3450 3161 αὐτὸ
3485 3108 3541 3159 ἐκ
3566 3105 3641 3158 τοῦ

2105 3196 2242 3249 Θεοῦ
2267 3199 2361 3249 καὶ
2391 3197 2624 3269 Πατρός.
2664 3200 2759 3252 Ἕκ
2795 3200 2902 3269 γὰρ
2938 3200 3102 3269 μόνου
3130 3198 3224 3252 τοῦ
3256 3198 3503 3267 λέγεσθαι
3532 3196 3642 3250 αὐτὸ

2119 3287 2343 3358 Πνεῦμα
2380 3288 2513 3342 Θεοῦ
2552 3290 2757 3360 τάχ’ἇν
2806 3307 2889 3354 τις
2940 3292 3034 3343 καὶ
3064 3290 3357 3359 νομισθείη
3403 3292 3642 3355 οἰκειότης

2110 3377 2493 3447 σημαίνεσθαι,
2536 3379 2671 3449 ἄλλη
2753 3379 2905 3449 παρά
2956 3380 3054 3450 τὴν
3102 3381 3394 3434 κοινωνίαν
3418 3380 3512 3450 τῆς
3562 3379 3645 3449 φύε

2110 3485 2265 3532 σεως.
2314 3488 2335 3521 ι
2406 3471 2515 3523 Καὶ
2563 3471 2727 3523 πάλιν
2781 3470 3140 3539 παρακατιὼν
3185 3473 3214 3524 6
3265 3471 3647 3542 Χρυσορρήμων

2108 3562 2273 3631 φησίν
2296 3577 2312 3592 ·
2341 3582 2360 3613 ι
2402 3560 2559 3615 Οὕτω
2590 3562 2753 3614 πᾶλιν
2786 3563 3003 3633 είρηται
3033 3561 3265 3632 Πνεῦμα
3295 3564 3501 3631 Πατρός
3527 3577 3539 3591 ·
3572 3561 3650 3613 καὶ

2109 3654 2195 3706 ῐνα
2229 3654 2303 3724 μὴ
2360 3656 2588 3725 νομίσῃς
2621 3655 2778 3708 τοῦτο
2837 3656 2961 3710 κατ’
3017 3657 3299 3710 οίκείωσιν
3338 3656 3646 3722 λέγεσθαι,ὁ

2109 3746 2299 3816 Σωτὴρ
2359 3746 2571 3817 βεϐαιοῖ
2604 3762 2619 3777 ⁸
2667 3749 2833 3800 Ὅταν
2871 3749 2926 3801 δὲ
2982 3746 3113 3819 ἔλθῃ
3152 3749 3181 3802 6
3224 3750 3561 3819 Παράκλητο,
3600 3746 3649 3801 τὸ

2108 3840 2332 3909 Πνεῦμα
2372 3841 2474 3911 τῆς
2501 3842 2779 3912 ἀληθείας,
2832 3843 2860 3895 6
2897 3844 3043 3913 παρά
3098 3843 3191 3895 τοῦ
3242 3843 3453 3914 Πατρδς
3504 3846 3648 3894 ἐκπο-

2112 3933 2345 4003 ρεύεται.
2381 3953 2398 3985 ι
2431 3936 2491 3987 Εἰ
2518 3935 2648 4004 γοῦν
2676 3938 2767 3990 καὶ
2800 3937 2861 3990 τὸ
2886 3939 2949 3991 ὲκ
2974 3935 3110 3989 Θεοῦ
3142 3933 3285 3991 εἶναι
3310 3940 3402 3990 καὶ
3434 3939 3493 3991 τί)
3521 3935 3651 4006 παρὰ

2107 4024 2202 4077 τοῦ
2242 4025 2460 4095 Πατρὸς
2489 4027 2550 4081 τὸ
2584 4028 2808 4098 Πνεῦμα
2843 4029 2903 4081 τὸ
2934 4029 3088 4097 ἅγιον
3139 4029 3534 4102 ἐκπορεύεσθαι
3570 4027 3653 4095 τὴν

2108 4115 2243 4181 πρὸς
2262 4116 2356 4167 τὸν
2376 4116 2594 4186 Πατέρα
2625 4117 2910 4170 κοινωνίαν
2940 4118 3040 4187 τῆς
3075 4119 3291 4188 φύσεως
3329 4117 3489 4171 αὑτοῦ
3524 4130 3647 4184 παρ-

2112 4205 2367 4269 ιστῶσιν,
2410 4207 2498 4261 ἵνα
2542 4207 2617 4279 μὴ
2674 4207 2784 4261 ἀπὸ
2832 4208 2927 4261 τοῦ
2979 4194 3239 4277 λέγεσθαι
3307 4209 3490 4271 ἁπλῶς
3543 4205 3654 4258 αὐτὸ

2108 4296 2333 4366 Πνεῦμα
2360 4297 2493 4350 Θεοῦ
2522 4300 2617 4351 καὶ
2652 4298 2875 4368 Πνεῦμα
2900 4302 3116 4373 Πατρὸς
3168 4302 3307 4370 ἄλλη
3373 4319 3455 4361 τις
3508 4301 3654 4353 οἰκει-

2108 4390 2236 4458 ότης
2256 4389 2539 4459 νομισθείη
2559 4390 2667 4442 τινλ⁵
2698 4392 2848 4461 παρὰ
2872 4393 2972 4462 τὴν
2993 4393 3285 4445 κοινωνίαν
3308 4396 3407 4462 τῆς
3440 4391 3653 4460 φύσεως⁶

2109 4482 2225 4543 πῶς
2260 4482 2310 4533 oi
2366 4482 2615 4549 λέγοντες
2669 4484 2800 4535 αὐτο
2862 4484 3079 4554 Πνεῦμα
3140 4483 3273 4536 Υίοῦ
3332 4486 3425 4537 καὶ
3453 4482 3654 4549 Πνεῦμα

438 4571 911 4628 dividuntaFtlio
982 4570 1244 4639 Spiritum
1316 4570 1614 4624 secundum
1687 4568 1858 4637 ipsam
1917 4582 1999 4621 es-

2110 4573 2367 4644 ἀληθείας
2394 4577 2533 4629 κατά
2570 4594 2691 4630 τινα
2724 4577 2888 4649 ἄλλην
2936 4579 3125 4642 ἀπλῶς
3163 4580 3478 4651 οίκειότηῖα
3518 4577 3649 4647 mp?

440 4666 717 4720 seutialcm
779 4663 1190 4732 naturalemque
1231 4662 1401 4728 ipsius
1459 4659 1868 4714 exiStentiam?
1922 4659 2004 4712 vel

438 4757 581 4811 enim
616 4768 668 4809 et
706 4771 768 4808 ex
804 4753 943 4808 Filio
975 4755 1081 4808 erit
1107 4791 1122 4816 ν
1154 4753 1321 4807 veluti
1375 4750 1613 4820 Spiritus
1667 4749 1812 4813 Filii,
1846 4750 2005 4804 sicuti

438 4858 603 4902 estex
639 4847 765 4911 Uth,
792 4847 865 4899 uti
889 4846 1125 4915 Spiritus
1144 4845 1255 4899 Dei.
1292 4845 1355 4897 Et
1402 4844 1448 4897 si
1508 4859 1573 4896 ex
1612 4842 1838 4895 veritate
1885 4840 2007 4895 fue-

441 4943 544 5003 rit,
587 4942 661 4994 uti
697 4941 932 5007 Spiritus
977 4940 1221 4994 veritatis
1256 4975 1272 5005 ,
1318 4936 1776 5007 quemadmodum
1815 4944 1898 4990 est
1939 4951 2006 4990 ex

442 5033 596 5087 Patre
654 5034 728 5084 uti
776 5031 1012 5101 Spiritus
1067 5030 1267 5083 Patris.
1306 5031 1371 5083 Et
1403 5030 1505 5082 bac
1549 5028 1757 5081 ratione
1789 5028 2009 5082 habebit

440 5110 565 5189 erg'a
598 5122 791 5177 Filium
830 5134 1036 5178 natura:
1066 5123 1506 5177 communionem
1540 5161 1553 5178 .
1585 5122 1631 5174 si
1672 5122 2011 5175 communio-

441 5235 563 5273 llt‘ttl
597 5232 801 5273 natura:
831 5233 957 5288 erga
991 5220 1203 5273 Patrem
1242 5216 1483 5277 habebit,
1524 5215 1689 5268 veluti
1718 5232 1783 5268 ex
1822 5213 1929 5267 Deo
1956 5223 2011 5268 et

443 5329 508 5366 ex
546 5312 701 5365 Patre
732 5313 1036 5374 exsistens;
1064 5325 1190 5379 erga
1225 5324 1350 5362 vero
1373 5304 1572 5361 Filium
1609 5308 1753 5360 illam
1790 5306 2011 5360 habebit

442 5384 849 5473 proprietatem,
880 5402 956 5455 uti
990 5402 1311 5468 simpliciter
1361 5399 1599 5467 Spiritus
1634 5396 1777 5460 Filii,
1803 5406 1854 5450 et
1887 5395 2011 5465 Spi-

442 5494 582 5546 ritus
616 5490 860 5546 veritatis
881 5529 896 5553 ,
927 5506 1048 5559 qua:
1078 5491 1253 5559 ipsum
1294 5491 1495 5542 nudum
1545 5490 1613 5541 ab
1646 5503 1709 5541 ea
1757 5502 1879 5555 qua:
1911 5496 1997 5541 est

441 5596 568 5652 erga
601 5580 794 5634 Filium
838 5580 1099 5634 naturalis
1140 5579 1475 5642 commilitio,
1505 5581 1739 5634 deserat.
1773 5576 1928 5643 Quod
1962 5578 2006 5632 si

448 5676 572 5727 novi
599 5674 685 5727 isti
720 5674 949 5742 theologi
1001 5672 1178 5740 magni
1219 5671 1399 5725 Basilii
1433 5674 1778 5725 enuntiatum
1818 5687 2010 5740 repro-

447 5763 671 5820 bautes.
723 5764 865 5832 quod
916 5767 1132 5827 asserit,
1198 5782 1214 5812 ι
1253 5763 1510 5833 Spiritum
1564 5761 1784 5831 quidem
1833 5762 2010 5817 Patris

449 5851 730 5921 Sputum,
759 5856 989 5923 quodex
1016 5853 1173 5909 Patre
1209 5874 1217 5907 :
1247 5854 1506 5923 Spiritum
1545 5868 1669 5906 Vero
1692 5850 1829 5917 Filii,
1867 5854 2010 5921 quod

2107 4667 2206 4736 τὴν
2237 4669 2519 4721 κοινωνίαν
2551 4670 2648 4739 τῆς
2686 4670 2901 4737 φύσεως
2959 4672 3021 4724 οὑ
3058 4671 3346 4742 προδήλως
3377 4669 3629 4739 διαιροῦσι

2108 4756 2217 4809 ἀπὸ
2241 4755 2334 4807 τοῦ
2367 4757 2496 4810 Υίοῦ
2527 4758 2586 4809 τὸ
2640 4759 2862 4829 Πνεῦμα
2912 4762 3032 4814 κατ’
3069 4760 3238 4829 αὐτὴν
3297 4762 3402 4829 τὴν
3447 4758 3642 4813 οὑσιώδτ

2108 4849 2203 4901 καὶ
2245 4847 2480 4916 φυσικὴν
2513 4849 2678 4903 αὑτοῦ
2711 4850 2980 4919 ῦπαρξινς
3007 4852 3039 4923 ἢ
3067 4854 3174 4921 γὰρ
3209 4853 3305 4906 καὶ
3333 4854 3398 4905 ἐκ
3419 4850 3511 4905 τοῦ
3545 4846 3654 4902 rimi

2112 4938 2262 4992 ἔσται
2293 4941 2607 5011 ὡςΠνεῦμα
2635 4942 2787 5007 Υίοῦ,
2822 4944 3074 5015 καθάπερ
3108 4948 3258 4997 ἐστὶν
3295 4947 3360 4998 ἐκ
3396 4944 3487 4997 τοῦ
3518 4939 3654 5003 Θεοῦ,

2109 5030 2186 5094 ὡς
2217 5031 2436 5101 Πνεῦμα
2463 5032 2597 5086 Θεοῦ
2619 5051 2633 5065 ·
2665 5035 2698 5104 ἢ
2732 5037 2827 5088 καὶ
2862 5038 2924 5089 ἐκ
2956 5038 3054 5107 τῆς
3098 5037 3362 5106 ἀληθείας
3419 5036 3562 5088 ἔσται
3596 5032 3660 5093 ὡς

2110 5124 2334 5191 Πνεῦμα
2367 5125 2642 5194 ἀληθείας,
2680 5127 2933 5199 καθάπερ
2984 5130 3131 5182 ἐστὶν
3182 5131 3246 5181 ἐκ
3289 5132 3386 5182 τοῦ
3448 5125 3659 5195 Πατρδς,

2110 5212 2183 5273 ὡς
2214 5214 2439 5285 Πνεῦμα
2471 5216 2721 5285 Πατρός·
2772 5218 2866 5270 καὶ
2896 5217 3066 5279 οὕτως
3097 5217 3209 5284 ἕξει
3264 5218 3364 5271 καὶ
3416 5216 3514 5283 τὴν
3543 5213 3660 5282 πρὸς

2109 5304 2200 5357 τὸν
2228 5306 2351 5358 Υίὸν
2377 5307 2665 5361 κοινωνίαν
2686 5307 2787 5378 τῆς
2820 5309 3037 5377 φύσεως
3056 5324 3071 5340 ⁸
3105 5312 3135 5380 ἢ
3161 5310 3258 5380 τὴν
3291 5312 3395 5381 μὲν
3427 5309 3559 5377 πρὸς
3584 5307 3662 5355 τὸν

2112 5397 2334 5468 Πατέρα
2354 5399 2639 5452 κοινωνίαν
2659 5399 2759 5467 τῆς
2796 5400 3013 5468 φύσεως
3034 5396 3173 5467 ἕξει,
3195 5402 3272 5464 ὡς
3310 5403 3375 5452 ἐκ
3411 5398 3505 5451 τοῦ
3541 5393 3659 5448 Θεοῦ

2112 5492 2207 5541 καὶ
2245 5490 2395 5559 παρά
2421 5488 2515 5541 τοῦ
2548 5490 2760 5560 Πατρὸς
2783 5488 2865 5557 ὃν,
2892 5492 3028 5562 πρὸς
3060 5492 3117 5544 δέ
3160 5491 3251 5543 τὸν
3301 5489 3434 5543 Υίὸν
3467 5487 3665 5554 ἐκείνην

2111 5579 2338 5650 εξειτὴν
2367 5580 2671 5650 οἰκειότητα
2706 5582 2785 5645 ὡς
2843 5584 3030 5646 ἁπλῶς
3082 5581 3309 5652 Πνεῦμα
3368 5580 3523 5641 Υίοῦ,
3573 5577 3657 5629 καὶ

2112 5672 2336 5741 Πνεῦμα
2395 5673 2674 5743 ἀληθείας,
2732 5675 2856 5745 ἥτις
2916 5676 3198 5745 ἀλλότριον
3254 5674 3357 5743 τῆς
3407 5672 3540 5742 πρὸς
3583 5669 3663 5720 τὶν

2115 5765 2242 5817 Υίθιν
2267 5766 2501 5834 φυσικῆς
2533 5768 2819 5829 κοινωνίας
2868 5767 3014 5819 ἐάσει
3044 5768 3193 5819 αὐτό.
3231 5767 3292 5817 Εἰ
3326 5766 3384 5816 δὲ
3435 5767 3662 5816 θέλουσιν

2114 5859 2159 5907 οξ
2187 5855 2292 5908 νέοι
2328 5854 2563 5923 θεολόγοι
2590 5859 2682 5926 καλ
2723 5858 2819 5926 τὴν
2851 5856 3130 5925 θεολογίαν
3160 5854 3251 5907 τοῦ
3295 5855 3537 5924 μεγάλου
3567 5849 3665 5902 Ba—
