3870 6566
187 364 277 434 ιιι
1118 350 1201 416 ΙΝ
1240 348 1629 414 CAMATERI
1671 344 2426 414 ANIMADVERSIONES.
3314 338 3421 402 49.2

193 495 213 529 ι
253 473 321 543 μὴ
346 465 586 538 παρόντα
615 462 670 518 ὲν
696 461 772 534 τῷ
808 463 1040 534 mea);
1078 463 1201 527 Πῶς
1241 458 1337 515 οῦν
1391 460 1646 530 Ἰωάννης
1697 460 1725 512 ὁ

1846 479 1854 512 l
1916 460 2205 526 Quomodo
2231 459 2395 529 igitur
2424 458 2660 513 Joannes
2700 454 3031 525 evangelista
3061 454 3231 509 dicit:
3265 451 3424 507 tOm-

190 584 209 617 ι
242 556 615 629 εὐαγγελιστὴς
656 554 844 623 λέγει’
888 570 907 604 t
964 554 1051 605 Ἐν
1080 551 1157 622 τῷ
1191 552 1383 623 κόσμῳ
1433 547 1524 623 ἦν,
1579 554 1673 605 καὶ
1702 552 1729 604 6

1846 574 1865 607 ι
1904 556 1994 608 nia
2049 569 2145 622 per
2211 554 2388 620 ipsum
2427 553 2567 608 facta
2618 562 2765 606 sunt.
2821 551 2879 605 ιη
2914 549 3117 604 mundo
3168 558 3305 610 erat,
3366 559 3422 602 et

191 676 205 708 ι
242 652 426 722 κόσμος
454 649 523 702 δι’
548 645 712 702 αὐτοῦ
735 645 983 715 ἐγένετό.
1020 662 1040 697 ι
1067 644 1188 708 Πῶς
1210 643 1304 699 οῦν
1332 644 1613 714 ἀπεστάλη
1648 643 1730 707 εἰς

1846 662 1863 695 ι
1903 646 2138 699 mundus
2190 659 2285 713 per
2351 646 2529 714 ipsum
2579 644 2755 699 factus
2795 652 2879 698 est
2913 641 3010 695 "'I
3045 661 3063 692 ι
3135 639 3421 706 Quomodo

188 765 203 796 ι
240 742 320 796 τὸν
371 738 608 807 κόσμον;
649 736 811 791 πάλιν
861 736 1142 807 ἀπεστάλη
1194 738 1222 789 6
1251 735 1600 799 ἀποσταλεὶς,
1637 736 1732 789 καὶ

1846 753 1861 786 ι
1904 734 2070 806 igitur
2103 739 2298 791 iterum
2338 738 2391 791 in
2427 738 2689 792 mundum
2725 738 2926 790 missus
2971 743 3055 790 est
3082 734 3105 788 ?
3135 733 3270 786 Num
3322 732 3420 786 ite-

186 853 202 884 ι
235 829 477 901 ἔμεινενςό
490 827 819 891 ἀποστείλας
839 827 955 882 ἄνω
985 826 1080 880 καὶ
1111 827 1139 878 6
1162 826 1496 889 ἀποσταλεὶς
1526 827 1680 879 κάτω
1705 841 1721 891 ;

186 944 201 977 t
240 921 353 986 Πῶς
375 920 547 990 ἔλεγε,
586 939 604 972 ι
641 921 754 974 Καὶ
788 921 816 974 6
846 919 1070 990 πέμψας
1106 937 1175 991 με
1210 921 1328 990 μετ’
1364 920 1495 987 ἐμοῦ
1527 922 1677 984 ἐστις
1706 937 1724 971 ι

184 1037 202 1069 ι
250 1013 559 1084 Ἀσφάλισαι
592 1012 882 1081 τὸνλόγον.
911 1012 1145 1067 Δύναται
1173 1012 1283 1085 γὰρ
1320 1015 1495 1066 εἰπεῖν
1519 1014 1545 1066 ὁ
1577 1014 1730 1083 αἱρε-

183 1130 197 1161 ι
238 1106 396 1173 τικὺς,
420 1106 556 1160 Μετ’
599 1105 733 1177 ἐμοῦ
755 1106 871 1160 ἐστι
893 1108 960 1177 τῇ
984 1104 1207 1176 βοηθείᾳ
1232 1122 1245 1135 ·
1280 1103 1355 1167 ῶς
1388 1105 1532 1174 λέγω
1573 1105 1730 1174 κάγὼ

184 1220 200 1252 ι
251 1201 303 1254 ’0
330 1200 458 1264 θεὸς
491 1199 615 1269 μετ’
636 1199 774 1269 ἐμοῦ
805 1201 977 1254 ἐστιν.
1011 1199 1127 1253 Οὐκ
1153 1195 1309 1254 εἶπεν
1328 1199 1549 1263 ἀπλῶς’
1592 1199 1731 1254 ἀλλὰ

183 1313 198 1346 t
229 1293 303 1358 si;
337 1308 356 1344 ι
402 1291 460 1346 ὐ
492 1291 685 1363 Πατὴρ
710 1295 739 1345 6
779 1292 837 1345 ἐν
874 1293 1003 1362 ἐμοὶ
1048 1292 1251 1363 μένων.
1310 1310 1327 1343 ι
1371 1292 1435 1346 Ei
1466 1294 1581 1362 μετ’
1634 1292 1732 1345 αὐ-

182 1405 196 1436 t
225 1383 309 1438 τοῦ
334 1380 401 1455 ἦν
430 1385 525 1436 καὶ
554 1385 617 1455 ὲν,
652 1384 803 1454 αὐτῷ
826 1383 1006 1454 ἔμενε,
1054 1383 1172 1447 πῶς
1213 1384 1421 1447 ἐκεῖνος
1474 1385 1731 1437 ἀπέστει-

187 1495 202 1528 ι
240 1476 357 1542 λενς
388 1474 421 1545 ἢ
456 1474 579 1539 πῶς
629 1468 790 1537 οὗτος
818 1474 1137 1546 ἀπεστάλης
1197 1475 1322 1528 Ehe
1352 1475 1497 1546 ,γὰρ
1542 1471 1728 1546 ἦλθον,

184 1587 199 1620 ι
231 1570 274 1622 cl
307 1566 398 1620 δύο
432 1562 622 1639 ἦλθον,
658 1570 755 1623 καὶ
787 1568 964 1631 οὐδεὶς
1009 1566 1291 1638 ἀπεστάλη
1319 1583 1333 1600 ο
1366 1568 1476 1621 είτε
1515 1568 1732 1638 ἔμεινεν

182 1678 199 1713 ι
228 1658 452 1731 ὀΠατὴρ
478 1660 617 1724 ἄνω,
650 1659 772 1724 πῶς
813 1661 964 1728 λέγει
986 1663 1015 1716 6
1045 1662 1194 1727 Υἱὸς,
1226 1680 1246 1714 ι
1298 1659 1358 1715 ’0
1387 1660 1572 1730 πατὴρ
1611 1660 1729 1731 μετ’
1763 1692 1775 1701 -

182 1772 199 1807 ι
236 1750 360 1823 ἐμοῦ
395 1753 563 1819 ἐστιν,
604 1770 624 1804 ι
661 1754 712 1805 τί
742 1752 859 1807 ἄνω
892 1753 1111 1823 ἔμεινεν
1139 1755 1169 1808 6
1208 1754 1570 1821 ἀποστείλαςς
1607 1753 1730 1818 Πῶς

1846 845 1865 879 ι
1897 844 2015 881 rum
2052 829 2254 883 missus
2276 837 2379 889 est,
2412 828 2504 898 qui
2563 829 2698 882 alias
2736 831 2941 882 missus
2964 837 3070 888 est.
3133 838 3185 880 et
3220 830 3425 881 ttiuns't

1845 940 1863 973 t
1904 922 1995 990 qui
2030 921 2200 985 misit,
2235 937 2424 990 Supra,
2456 931 2512 975 et
2539 924 2631 989 qui
2667 922 2867 975 missus
2896 931 3000 985 est,
3041 920 3182 974 inira
3210 922 3231 969 Ῥ
3264 919 3385 986 ρει..

1845 1033 1863 1068 ι
1912 1014 2075 1068 modo
2116 1013 2334 1068 dieebat
2364 1031 2378 1065 :
2404 1034 2421 1066 ι
2454 1016 2515 1067 lit
2548 1016 2638 1084 qui
2674 1015 2817 1067 misit
2848 1032 2933 1068 tne
2968 1031 3179 1067 mecum
3202 1014 3331 1065 ea“
3354 1011 3379 1065 ?
3402 1034 3417 1060 ι

1845 1127 1863 1160 ι
1900 1105 2164 1171 Obsecro,
2196 1107 2484 1177 diligenter
2519 1107 2797 1171 attendas,
2859 1123 3055 1162 secure
3086 1124 3243 1160 sena
3302 1122 3418 1159 scr-

1844 1217 1863 1250 ι
1903 1214 2142 1253 mortem.
2183 1199 2370 1253 Potest
2411 1202 2557 1253 enim
2602 1201 2783 1254 dicere
2832 1199 3177 1254 llaet'cticos:
3214 1200 3421 1252 illm-udi

1846 1308 1865 1342 ι
1904 1299 1987 1344 est
2020 1306 2121 1343 suo
2144 1290 2378 1349 auxilio.
2406 1291 2549 1344 sicut
2588 1301 2641 1342 et
2686 1306 2787 1356 ego
2818 1290 2989 1343 dico:
3029 1290 3171 1343 licus
3209 1305 3421 1340 lllt't‘ttll!

1843 1401 1863 1435 ι
1903 1393 2007 1439 est.
2057 1382 2174 1437 Non
2202 1384 2338 1437 dixit
2374 1384 2701 1453 simpliciter
2758 1399 2774 1438 :
2828 1385 2922 1437 sed
2954 1384 3087 1451 quid
3128 1382 3337 1436 ?Patcr
3369 1381 3422 1433 in

1845 1492 1863 1526 ι
1900 1490 1985 1528 me
2018 1490 2268 1537 manens.
2315 1476 2361 1529 si
2396 1492 2611 1531 mecum
2666 1487 2804 1540 erat,
2834 1485 2886 1530 et
2931 1493 3143 1529 mecum
3203 1478 3422 1536 mansit.

1844 1584 1865 1618 ι
1902 1568 2179 1637 quomodo
2204 1569 2294 1621 ille
2329 1570 2497 1627 tni~it.
2534 1569 2617 1621 Vel
2652 1569 2930 1638 quomodo
2955 1568 3043 1621 bic
3072 1568 3272 1621 missus
3297 1567 3426 1621 est?

1844 1675 1863 1710 ι
1903 1658 1958 1712 Si
1986 1659 2133 1715 enim
2157 1671 2443 1724 venerunt,
2475 1662 2582 1714 duo
2606 1670 2897 1725 venerunt,
2923 1669 2975 1713 et
2999 1671 3192 1714 neuter
3223 1662 3426 1714 missus

1845 1770 1864 1803 ι
1894 1760 1997 1807 est.
2045 1750 2113 1805 Et
2148 1753 2195 1806 si
2244 1754 2445 1807 mansit
2502 1769 2666 1821 supra
2731 1754 2911 1815 Pater.
2944 1754 3223 1822 quomodo
3280 1754 3418 1807 dicit

183 1865 199 1899 t
231 1846 334 1915 εχει
374 1846 504 1915 μετ’
527 1844 700 1899 αὐτοῦ
732 1846 762 1898 6
793 1847 1127 1912 ἀποσταλεὶς
1161 1848 1253 1902 τὸν
1294 1848 1729 1914 ἀποστείλαντας

1846 1862 1862 1895 ι
1898 1842 2091 1907 Filius,
2154 1864 2173 1897 ι
2207 1844 2367 1900 Pater
2420 1862 2574 1901 meus
2612 1863 2823 1899 mecum
2858 1858 2941 1901 est
2976 1846 3019 1878 ³⁸
3052 1846 3116 1898 ⁸2»
3170 1848 3214 1901 si
3255 1863 3423 1916 snpza

180 1957 199 1994 t
246 1938 376 2008 Ἐγὼ
402 1939 512 2009 γὰρ
552 1957 600 2003 ι,
627 1934 806 2002 εἶπεν,
844 1957 863 1991 ι
920 1940 978 1992 ἐν
1008 1939 1088 2009 τῷ
1142 1940 1317 2012 Πατρὶ
1347 1942 1443 1994 καὶ
1482 1941 1511 1993 6
1545 1939 1729 2010 Πατὴρ

180 2050 199 2086 t
229 2033 336 2105 μετ’
368 2030 502 2101 ἐμοῦ
530 2032 673 2085 ἐστι.
705 2049 723 2083 ι
762 2031 885 2096 Πῶς
914 2027 1009 2087 οὖν
1030 2033 1056 2084 6
1086 2032 1415 2096 ἀποσταλεὶς
1433 2033 1605 2101 λέγει,
1634 2052 1652 2085 ι
1675 2033 1733 2086 '0

183 2143 200 2178 t
232 2124 395 2194 πατὴρ
433 2124 493 2177 ἐν
548 2123 711 2194 ἐμοί;
752 2141 771 2177 ι
835 2123 961 2187 Πῶς
1030 2123 1088 2177 δὲ
1142 2124 1307 2178 πάλιν
1376 2124 1733 2193 ἁπέστειλεν;

104 2210 114 2221 ”
182 2218 392 2272 «Ὅταν
444 2215 539 2271 οῦν
609 2217 747 2290 λέγῃ
775 2216 1040 2289 ‹,Πέμψω
1096 2218 1226 2288 ὑμῖν
1281 2216 1345 2272 τὸ
1396 2217 1621 2288 Πνεῦμα
1675 2220 1735 2271 τὸ

186 2329 202 2364 ι
233 2313 398 2379 ἅγιον,
434 2329 456 2363 ι
512 2311 617 2381 τὴν
643 2310 859 2381 δωρεὰν
886 2309 1041 2379 λέγει
1103 2308 1195 2362 τοῦ
1257 2308 1598 2381 Πνεύματος,
1641 2310 1735 2364 καὶ

185 2423 201 2456 ι
232 2404 309 2456 ἵνα
335 2402 541 2474 μάθητε
595 2403 683 2458 ὅτι
709 2404 741 2472 ἡ
771 2402 954 2473 δωρεὰ
980 2402 1285 2473 πέμπεται,
1325 2403 1387 2456 τδ
1413 2403 1470 2457 δέ
1501 2402 1731 2471 Πνεῦμα

186 2497 323 2550 «οὐκ
368 2495 787 2560 ἀποστέλλεται,
840 2496 870 2549 6
934 2494 1127 2566 Σωτὴρ
1178 2494 1329 2565 λέγει
1358 2496 1471 2559 τοῖς
1504 2497 1738 2550 ἁποστὸο

184 2607 199 2641 ι
240 2589 362 2652 λοιςο
391 2607 411 2641 ι
450 2589 693 2643 Μείνατε
722 2590 781 2643 ἐν
813 2588 1190 2661 Ἰερουσαλὴμ,
1221 2588 1328 2652 ἓως
1352 2588 1418 2643 ἂν
1441 2589 1736 2659 ἐνδύσησθε

184 2699 201 2732 ι
232 2680 442 2752 δύναμιν
492 2679 556 2742 ἐξ
595 2678 787 2751 ὕψους.
845 2678 1098 2751 Λήψεσθε
1152 2680 1261 2750 γὰρ
1288 2664 1522 2749 δύναμιν
1568 2678 1734 2734 ἐπελι

185 2775 406 2839 ιθόντος
456 2775 556 2830 τοῦ
612 2775 772 2846 ἁγίου
838 2776 1157 2845 Πνεύματος
1190 2773 1275 2842 ἐφ’
1342 2773 1507 2843 ὑμᾶς.
1545 2791 1566 2826 ι
1620 2773 1736 2827 Κᾶν

189 2888 206 2923 ι
241 2870 512 2942 ἡδύναμις
539 2866 612 2943 ἦν
661 2869 1073 2942 χορηγουμένη,
1121 2866 1258 2923 ἀλλὰ
1286 2868 1347 2921 τὸ
1381 2867 1611 2937 Πνεῦμα
1666 2868 1733 2922 τὸ

186 2982 203 3016 ι
234 2962 511 3036 χορηγοῦν.
548 2964 780 3027 Πάντως
833 2963 943 3035 γὰρ
978 2963 1195 3033 ἐνεργεῖ
1216 2960 1279 3015 τὺ
1299 2961 1358 3016 ἓν
1380 2961 1557 3015 καὶτὸ
1606 2962 1737 3016 αὐτὸ

190 3073 206 3107 ‹
243 3053 472 3125 Πνεῦμα,
514 3052 763 3121 διαιροῦν
815 3054 923 3123 ἰδίᾳ
963 3054 1180 3125 ἑκάστῳ
1225 3053 1407 3118 καθὼς
1463 3052 1732 3123 βούλεται.

186 3164 202 3195 ι
236 3145 300 3198 Σὺ
331 3147 422 3215 μέν
449 3145 543 3200 οὖν
584 3147 645 3201 ού
669 3146 801 3217 δύνῃ
826 3144 1000 3210 δεῖξαι
1035 3146 1391 3216 πεμπόμενον
1415 3146 1478 3199 τὸ
1511 3146 1735 3217 Πνεῦμα

1851 1954 1870 1987 ι
1910 1939 2112 1993 mansit
2152 1938 2244 2008 qui
2285 1939 2477 1993 misit:
2516 1940 2793 2009 quomodo
2844 1955 3029 1995 secum
3072 1940 3234 1993 habet
3294 1940 3428 1994 tuis-

1847 2047 1865 2081 ι
1904 2044 1999 2083 sus
2060 2030 2416 2085 mittentem?
2462 2051 2480 2082 ι
2527 2033 2638 2101 Ego
2668 2032 2835 2096 enim,
2864 2033 3000 2086 dixit
3024 2072 3038 2090 .
3074 2033 3126 2085 in
3159 2032 3338 2088 Patre.
3370 2042 3426 2088 et

1844 2140 1862 2174 t
1907 2120 2068 2175 Pater
2102 2138 2314 2177 mecum
2347 2131 2430 2178 est
2470 2122 2535 2178 ".
2576 2142 2596 2174 ι
2641 2122 2930 2189 Quomodo
2996 2123 3163 2191 igitur
3221 2128 3426 2177 missos

1845 2233 1863 2266 ι
1905 2214 2036 2269 dicit
2074 2232 2088 2268 :
2126 2214 2289 2270 Pater
2321 2217 2375 2269 in
2414 2232 2499 2269 tne
2531 2225 2613 2270 est
2644 2217 2666 2268 Υ
2701 2218 2760 2269 Et
2793 2218 3068 2283 quomodo
3096 2218 3293 2271 ili'rttttt
3324 2222 3425 2272 mi-

1844 2326 1861 2357 ι
1905 2306 2028 2361 sit?
2059 2306 2233 2377 igitur
2273 2323 2397 2363 cum
2432 2308 2587 2373 dicit,
2617 2326 2636 2358 ‹
2674 2306 2880 2362 Mittam
2943 2309 3100 2362 vobis
3158 2310 3422 2378 Spiritum

1843 2416 1861 2450 ι
1897 2408 2174 2462 sanctum,
2214 2419 2233 2451 ι
2282 2401 2488 2454 donum
2519 2400 2651 2453 dicit
2681 2400 2944 2469 Spiritus.
2978 2412 3033 2455 et
3078 2412 3134 2454 ut
3186 2404 3421 2459 dist-alis

1844 2508 1862 2542 ι
1906 2491 2108 2545 donum
2144 2492 2303 2554 mitti,
2343 2492 2606 2560 Spititutn
2642 2502 2825 2546 autem
2862 2509 2966 2546 non
3033 2493 3200 2559 mitti,
3233 2492 3424 2548 Salva-

1846 2601 1863 2633 ι
1903 2590 1987 2636 ιοι·
2019 2580 2152 2636 dicit
2181 2583 2445 2652 apostolis
2474 2599 2486 2634 :
2536 2599 2555 2633 ι
2586 2581 2799 2637 Manete
2840 2584 2892 2636 in
2928 2582 3292 2646 Hierusalem,
3326 2588 3428 2640 do—

1844 2692 1862 2724 ι
1907 2688 2008 2727 nec
2029 2674 2337 2728 induamini
2371 2677 2573 2729 virtute
2606 2691 2673 2729 ex
2714 2676 2847 2735 alto.
2880 2684 2935 2729 et
2967 2678 3200 2732 sumatis
3247 2679 3426 2733 viriu-

1843 2780 1863 2814 t
1902 2772 2009 2818 tem
2064 2765 2503 2835 supervenientis
2557 2763 2794 2834 Spit-itus
2852 2767 3031 2820 sancti
3087 2768 3140 2820 in
3174 2784 3268 2823 vos
3294 2769 3361 2825 η.
3401 2790 3419 2816 ο

1841 2878 1868 2905 ι
1900 2855 2050 2910 Licet
2080 2856 2251 2912 virtus
2278 2857 2753 2927 suppeditabatur,
2789 2856 3031 2929 Spiritus
3066 2871 3246 2916 tamen
3282 2872 3423 2926 erat,

1847 2968 1865 3003 t
1902 2952 1997 3022 qui
2031 2952 2407 3023 suppeditabat
2432 2950 2626 3007 Omnia
2680 2953 2827 3007 enim
2887 2966 3147 3023 operatur
3182 2971 3344 3017 unus,
3373 2965 3428 3009 et

1844 3061 1863 3096 ι
1902 3043 2042 3099 idem
2074 3044 2331 3114 Spiritus,
2396 3045 2646 3100 dividens
2704 3045 3021 3115 unicuique,
3082 3058 3142 3101 ut.
3174 3049 3305 3101 vult.
3344 3049 3424 3103 Tu
3470 3093 3476 3098 .

1845 3156 1863 3190 ι
1910 3149 2041 3209 ergo
2075 3154 2181 3194 non
2209 3150 2361 3207 potes
2394 3140 2681 3194 ostendere
2712 3139 2849 3194 mitti
2893 3141 3157 3209 Spiritum
3176 3154 3426 3198 sanctum

190 3256 207 3288 ι
237 3239 291 3290 τὸ
313 3238 465 3306 ᾶγιον
490 3235 602 3291 ἀπὸ
657 3236 877 3309 γυμνῆς
913 3237 1010 3307 τῆς
1059 3237 1332 3307 Θεότητος.
1365 3238 1493 3292 Ἐὰν
1545 3239 1602 3292 δέ
1652 3256 1734 3294 σοι

1846 3248 1863 3282 ι
1904 3245 1934 3285 a
1975 3245 2111 3299 pura
2184 3229 2395 3285 Deitate
2438 3249 2451 3285 :
2488 3246 2588 3301 ego
2650 3240 2829 3286 autem
2872 3234 2916 3286 si
2972 3233 3269 3287 ostendero
3327 3236 3426 3289 tibi

188 3345 204 3379 t
231 3328 376 3396 δείξω
409 3329 500 3382 τὸν
526 3330 761 3402 ποιητὴν
789 3327 1019 3399 ούρανοῦ
1053 3328 1149 3382 καὶ
1177 3329 1290 3399 γῆς
1334 3329 1738 3401 ἀποστελλόμε-

194 3440 323 3477 ινον
348 3422 572 3477 ἀπὸτοῦ
619 3421 945 3491 Πνεύματος
990 3419 1086 3473 τοῦ
1141 3420 1326 3486 ἁγίου,
1376 3422 1737 3491 τίποιήσεις;

192 3531 209 3564 ι
246 3513 523 3583 ἣᾶρνησιι
540 3513 636 3566 τὸν
664 3512 900 3581 Χριστὸν
926 3510 1021 3564 καὶ
1042 3509 1346 3579 ἀπάλειψον
1374 3509 1470 3573 τὰς
1494 3510 1737 3579 Γραφὰς,

190 3621 205 3655 ι
239 3603 459 3674 ᾕδοῦλος
478 3604 556 3656 ῶν
583 3602 681 3655 τοῦ
716 3600 977 3673 Χριστοῦ,
1000 3601 1301 3654 ὑποτάττου
1325 3603 1443 3664 ταῖς
1475 3601 1739 3671 Γραφαῖς.

193 3711 208 3744 ι
246 3696 343 3749 Καὶ
366 3694 491 3762 ποῦ,
519 3693 711 3766 φησιν,
731 3694 947 3764 εἴρηται
991 3690 1149 3744 τοῦτο
1177 3692 1433 3761 nmmos
1462 3692 1557 3744 τοῦ
1604 3689 1739 3745 Θεοῦ

191 3804 208 3838 ι
237 3785 466 3857 λέγοντος
477 3788 565 3842 διὰ
584 3788 678 3839 τοῦ
698 3787 980 3856 προφήτου
1010 3784 1236 3838 Ἡσαΐου
1254 3783 1349 3838 τοῦ
1384 3785 1620 3855 κήρυκος
1638 3783 1739 3854 τῆς

196 3897 211 3929 ι
243 3879 511 3943 εὐσεϐείας
538 3895 554 3912 ·
593 3897 610 3929 ι
648 3878 844 3931 Ἀκουὲ
893 3894 1018 3947 μου,
1052 3894 1072 3929 ι
1126 3879 1311 3946 φησιν,
1345 3894 1364 3929 t
1406 3874 1598 3931 Ἰακὼϐ
1644 3877 1738 3927 καὶ

192 3987 209 4021 ι
256 3971 477 4044 Ἰσραὴλ,
511 3971 571 4026 ὃν
593 3969 899 4039 ἐγὼηκαλῶ.
938 3969 1079 4038 Ἐγὼ
1093 3969 1227 4033 Θεὸς
1250 3970 1466 4040 πρῶτος
1489 3969 1585 4022 καὶ
1625 3966 1736 4037 ἐγὼ

194 4066 371 4132 σμετὰ
408 4065 611 4129 ταῦτα,
669 4062 763 4115 καὶ
814 4062 955 4132 πλὴν
991 4061 1128 4132 ἐμοῦ
1187 4061 1307 4125 θεὸς
1372 4061 1472 4114 οὐκ
1536 4059 1673 4115 ἔστι.
1710 4078 1728 4112 ι

193 4168 208 4201 ι
252 4151 566 4224 Προσέχετε,
591 4151 781 4204 λοιπὸν
824 4152 935 4222 γὰρ
979 4150 1216 4204 ἐνταῦθα
1266 4150 1330 4202 τὸ
1378 4149 1733 4220 ζητούμενον.

195 4258 211 4293 ι
248 4243 338 4306 Τίς
362 4245 389 4297 6
411 4241 585 4297 εἰπὼν
610 4241 805 4306 ταῦτα,
831 4244 859 4296 6
904 4239 1095 4312 Πατὴρ
1122 4240 1204 4312 ἢὸ
1237 4240 1364 4303 Υἱός
1394 4256 1410 4305 ;
1447 4240 1591 4312 Ὀρα
1619 4238 1735 4304 πῶς

194 4353 210 4387 ι
244 4336 294 4388 ἐν
319 4338 615 4408 μοναρχίας
641 4334 798 4403 τύπῳ
828 4334 926 4406 τὴν
974 4334 1182 4405 Τριάδα
1220 4332 1482 4404 κηρύττει
1539 4349 1739 4401 συγκε-

195 4446 211 4479 t
244 4429 620 4500 καλυμμένως,
655 4446 673 4479 ι
718 4426 862 4493 Ἐγὼ
891 4427 1025 4490 Θεὸς
1065 4424 1305 4493 πρῶτος,
1335 4424 1434 4478 καὶ
1456 4424 1569 4493 ἐγὼ
1597 4425 1739 4494 μετὰ

194 4538 211 4571 ι
242 4521 419 4587 ταῦτα,
456 4521 553 4576 καὶ
584 4519 721 4591 πλὴν
748 4518 882 4588 ἐμοῦ
900 4519 1018 4583 θεὸς
1057 4519 1160 4571 οὐκ
1180 4517 1318 4572 ἐστι.
1344 4535 1363 4569 ι
1389 4517 1486 4579 Τίς
1512 4519 1541 4570 6
1566 4517 1738 4571 ταῦτα

197 4633 211 4665 ι
249 4614 410 4683 λέγων
437 4613 888 4685 ;ὁΔημιουργός.
924 4612 1193 4683 Ἐπάργει
1240 4611 1346 4680 γάρ
1368 4626 1384 4641 ο
1441 4628 1461 4662 ι
1508 4610 1648 4679 Ἐγὼ
1667 4613 1735 4682 τῇ

196 4708 372 4778 «χειρί
429 4725 530 4779 μου
574 4705 918 4776 ἐθεμελίωσα
949 4704 1045 4775 τὴν
1110 4704 1236 4772 γῆν.
1281 4720 1301 4755 ι
1342 4702 1517 4757 Βλέπε
1552 4702 1671 4767 πῶς
1708 4706 1737 4756 6

196 4815 213 4848 ι
243 4799 567 4870 Δημιουργὸς
618 4795 829 4850 λαλεί.‹
881 4797 992 4849 Καὶ
1041 4794 1103 4850 τὸ
1154 4793 1379 4865 Πνεῦμα
1427 4812 1531 4867 μου
1583 4796 1740 4848 ἐστε-

198 4904 214 4938 ι
254 4889 409 4957 ριωσε
436 4888 526 4943 τὸν
555 4885 807 4956 οὐρανόν.
849 4882 992 4954 Ἐγὼ
1012 4886 1271 4948 πᾶσιτοτς
1296 4884 1515 4956 ἄστροις
1538 4885 1739 4937 ἐνετειο

198 4997 212 5028 ι
245 4977 437 5050 λάμην.
470 4977 617 5048 Ἐγὼ
645 4978 845 5050 ἧγειρα
904 4976 1044 5047 μετὰ
1092 4975 1445 5043 δικαιοσύνης
1482 4976 1728 5046 βασιλέα,

200 5088 216 5120 ι
254 5072 338 5125 καὶ
360 5073 528 5127 πᾶσαι
556 5072 614 5125 αί
630 5072 739 5124 ὁδοί
768 5087 871 5141 μου
899 5069 1155 5122 sedatam
1189 5069 1375 5122 Είπὼν
1420 5070 1615 5123 ἐαυτὸν
1644 5070 1737 5139 6n-

202 5180 218 5212 ι
255 5163 505 5234 μιουργδν
558 5163 653 5217 καὶ
691 5162 922 5233 ποιητὴν
970 5160 1203 5225 οὐρανοῦ
1259 5160 1355 5214 καὶ
1400 5161 1528 5232 γῆς,
1587 5162 1734 5229 λ-γει

202 5271 218 5303 ι
247 5254 417 5309 λοιπὸν
437 5257 611 5311 ταῦτα
629 5272 643 5285 ·
678 5273 695 5307 ι
716 5254 831 5308 Ούκ
852 5253 961 5307 ἀπ’
987 5254 1161 5325 ἀρχῆς
1192 5253 1249 5307 ἐν
1277 5255 1462 5325 κρυφῇ
1494 5253 1733 5323 ἐλάλησα

202 5364 219 5397 ι
249 5346 367 5418 ύμῖν
398 5349 589 5416 ταῦτα,
627 5348 750 5402 οὐδὲ
782 5350 840 5401 ἐν
882 5348 1032 5418 τόπῳ
1063 5346 1347 5417 σκοτεινῷ.
1397 5364 1416 5399 ι
1455 5346 1638 5400 Είπῶν
1656 5348 1737 5399 ὅτι

204 5455 220 5488 ι
238 5439 590 5512 Ἐθεμελίωσα
618 5444 720 5514 τὴν
747 5440 872 5512 γῆν,
900 5442 993 5494 καὶ
1008 5441 1243 5506 ἐποίησα
1262 5439 1355 5494 τὸν
1378 5438 1623 5511 οὐρανόν⁹
1650 5438 1738 5492 ὅτε

204 5546 220 5581 ι
251 5533 500 5600 ἐγένοντο,
528 5537 641 5588 ἐκεί
666 5532 835 5605 ἥμην·
869 5550 888 5584 ι
934 5535 1025 5588 καὶ
1045 5532 1160 5599 νῦν,
1190 5551 1210 5586 t
1249 5532 1452 5604 Κύριος
1481 5532 1747 5603 ἀπέστει-ι

278 5712 317 5744 ³⁸
338 5710 494 5769 Juan.
526 5732 563 5782 I,
590 5714 646 5779 3.
678 5715 764 5771 10.
878 5716 920 5747 ⁸⁷
944 5715 1074 5774 ibid.
1109 5732 1227 5779 VIII.
1251 5715 1340 5769 29.

1449 5716 1490 5747 "
1517 5716 1646 5771 ibid.
1684 5731 1772 5769 ut
1794 5758 1808 5782 ,
1835 5716 1923 5771 52.

1848 3339 1867 3374 ι
1919 3323 2178 3377 factorem
2244 3322 2368 3377 caeli
2431 3332 2484 3378 et
2529 3333 2687 3378 terrae
2735 3325 2872 3378 mitti
2907 3339 2936 3377 a
2974 3324 3181 3395 Spiritu
3208 3338 3422 3391 sancto,

1846 3431 1866 3465 ι
1918 3414 2050 3483 quid
2102 3413 2325 3470 facies?
2374 3416 2457 3468 vel
2510 3431 2641 3485 nega
2680 3415 2983 3482 Christum,
3042 3418 3125 3471 vel
3177 3433 3428 3489 eXpttnge

1847 3523 1866 3557 ι
1922 3504 2258 3575 Scripturas,
2311 3507 2395 3560 vel
2431 3522 2554 3560 cum
2610 3507 2688 3561 sis
2738 3523 2934 3562 servus
2985 3506 3423 3578 Scripturarttttt,

1812 3634 1819 3639 -
1847 3616 1865 3650 ι
1916 3598 2074 3651 obedi
2109 3597 2430 3667 Scripturis.
2462 3596 2657 3662 Etubi,
2698 3599 2897 3668 inquit.
2930 3600 3132 3657 dictum
3168 3613 3253 3655 est
3275 3602 3425 3656 boc?

1848 3706 1865 3740 ι
1900 3688 2040 3741 Audi
2103 3688 2266 3743 Deum
2316 3689 2587 3743 dicentem
2649 3704 2742 3756 per
2792 3691 3115 3758 prOpbetatn
3175 3691 3422 3759 Esaiam,

1849 3800 1868 3833 ι
1902 3782 2121 3851 pietatis
2155 3798 2462 3852 praeconem
2499 3798 2513 3835 :
2552 3801 2571 3834 ι
2611 3784 2750 3835 Audi
2783 3800 2888 3848 tne,
2953 3784 3106 3848 dicit,
3147 3782 3338 3851 Jacob,
3370 3795 3426 3840 et

1849 3893 1867 3925 ι
1909 3873 2099 3937 israel,
2128 3890 2292 3945 quem
2320 3891 2420 3945 ego
2443 3890 2669 3930 accerso
2704 3892 2717 3929 :
2765 3874 2874 3943 Ego
2909 3875 3054 3931 Deus
3095 3878 3328 3947 primus,
3372 3888 3428 3933 et

1850 3985 1868 4019 ι
1901 3967 2045 4021 Deus
2077 3968 2333 4037 posthac,
2390 3976 2446 4020 et
2478 3978 2675 4036 praeter
2719 3983 2805 4020 tne
2840 3964 2983 4022 Deus
3029 3984 3135 4022 non
3173 3979 3253 4023 est
3293 3970 3358 4023 δι.
3401 3989 3420 4023 ι

1851 4080 1869 4113 ι
1912 4060 2188 4116 Attendite
2215 4076 2381 4126 0r0,:
2419 4071 2592 4116 restat
2622 4063 2766 4116 enim
2816 4064 2904 4117 ltic
2938 4064 3084 4132 quod
3136 4064 3422 4132 quaeritur.

1851 4169 1870 4204 ι
1909 4151 2044 4217 Quis
2077 4153 2191 4209 bazc
2226 4154 2383 4219 dicit,
2444 4152 2677 4207 Paterne
2729 4169 2797 4207 an
2843 4152 3067 4210 Filius?
3105 4152 3238 4209 Vide
3288 4172 3428 4223 quo-

1849 4263 1868 4297 ι
1907 4246 2144 4300 inodoin
2202 4246 2374 4317 ﬁgura
2440 4249 2774 4302 mouarcbim
2807 4247 3131 4302 Trinitatem
3164 4249 3425 4327 .obscure

1850 4354 1871 4390 t
1903 4338 2180 4408 praedicat.
2217 4358 2236 4391 ι
2267 4339 2388 4409 Ego‘
2409 4340 2545 4395 deus
2590 4341 2801 4410 primus
2830 4378 2845 4400 ,
2879 4351 2933 4393 et
2989 4356 3090 4410 ego
3119 4345 3347 4410 posthac
3369 4354 3424 4396 et

1851 4448 1870 4482 ι
1906 4441 2104 4502 printer
2129 4448 2214 4487 me
2236 4449 2341 4487 non
2370 4444 2453 4486 est
2481 4433 2641 4487 Deus.
2684 4452 2703 4485 ι
2737 4430 2872 4499 Quis
2901 4444 3005 4496 est,
3039 4435 3132 4503 qui
3179 4436 3292 4489 haec
3336 4436 3424 4488 di-

1848 4541 1869 4577 ι
1902 4525 1978 4579 cit
2006 4524 2030 4577 ?
2071 4526 2255 4578 tnuudi
2300 4525 2583 4588 Conditor,
2617 4526 2801 4579 subdit
2833 4526 2978 4579 enim
3010 4542 3025 4579 :
3061 4545 3079 4577 ι
3118 4524 3229 4595 Ego
3257 4542 3420 4581 manu

1848 4634 1867 4668 ι
1910 4631 2027 4670 mea
2080 4616 2303 4671 fundavi
2340 4630 2537 4672 terram
2568 4620 2632 4671 η.
2669 4635 2687 4669 ι
2728 4615 2891 4671 Vides
2921 4617 3169 4687 Opiﬁcem
3221 4619 3366 4688 loqui
3399 4618 3423 4673 2

1848 4726 1868 4760 ι
1907 4708 1974 4763 Et
2006 4709 2245 4780 Spiritus
2270 4726 2425 4764 meus
2460 4709 2698 4764 ﬁrmavit
2727 4710 2950 4765 (celum.
3003 4709 3115 4780 Ego
3165 4712 3423 4766 omnibus

1849 4819 1867 4855 ι
1908 4803 2083 4858 stellis
2114 4804 2387 4858 mandavi.
2421 4802 2532 4874 Ego
2555 4804 2787 4857 excitavi
2824 4803 3181 4871 cutnju~titia
3215 4818 3422 4870 regem,

1848 4911 1866 4946 ι
1901 4904 1954 4948 et
1971 4910 2163 4951 omnes
2190 4896 2291 4950 vite
2317 4910 2450 4951 mete
2485 4905 2667 4949 rectae.
2706 4893 2882 4950 tCum
2915 4896 3157 4956 seipsutu
3194 4895 3426 4948 dixisset

1852 5001 1870 5035 ι
1908 4985 2168 5039 faetorem
2194 4988 2320 5041 coeli
2352 4997 2407 5041 et
2435 4982 2617 5048 terrae,
2656 4988 2928 5041 subnectit
2957 5000 2974 5038 :
3011 5003 3030 5036 ι
3072 4984 3188 5040 Non
3213 4990 3280 5038 ab
3313 4986 3420 5038 iui-

1853 5093 1873 5128 ι
1912 5076 1987 5131 tio
2022 5077 2074 5131 in
2107 5078 2325 5132 occulto
2350 5078 2565 5132 locutus
2594 5095 2714 5131 sum
2750 5078 2906 5132 vobis
2962 5080 3099 5144 luce,
3156 5093 3334 5146 neque
3368 5080 3421 5131 in

1851 5188 1871 5222 ι
1906 5170 2027 5225 loco
2054 5172 2344 5226 tenebroso
2372 5170 2439 5224 “.
2487 5189 2506 5222 ι
2550 5170 2745 5225 Diceus
2780 5188 2798 5227 :
2843 5195 2861 5223 ι
2893 5169 3136 5225 Fundavi
3196 5183 3417 5229 teriam.

1846 5281 1865 5313 ι
1906 5272 1960 5316 et
2012 5264 2193 5317 t-reavi
2255 5263 2453 5317 cadum
2521 5263 2613 5329 l"‘;
2670 5267 2890 5334 quando
2963 5262 3088 5317 iacti
3138 5274 3266 5317 sunt
3319 5264 3416 5323 illi,

1844 5370 1863 5402 ι
1904 5354 2177 5416 aderam,»
2202 5365 2256 5408 et
2282 5370 2474 5420 uuur,i
2508 5354 2766 5410 Dominus
2797 5355 2943 5411 misit
2971 5371 3075 5420 tne,
3106 5363 3161 5409 et
3189 5354 3424 5422 Spiritus

1843 5460 1863 5493 ι
1901 5443 2100 5498 illius.»
2137 5442 2212 5499 Te
2238 5444 2470 5509 scilicet,
2497 5446 2590 5516 qui
2647 5444 2822 5500 fecisti
2884 5448 3082 5500 caelum
3133 5452 3189 5499 ct
3222 5454 3419 5497 terram

1846 5552 1863 5584 ι
1900 5533 2162 5592 Dominus
2193 5536 2342 5590 misit
2372 5538 2670 5592 secundum
2700 5550 2937 5592 carnem.
2964 5535 3158 5591 Fattor
3180 5535 3303 5590 coeli
3334 5535 3420 5586 iu—

3238 5715 3281 5747 “
3310 5714 3415 5769 isu.

2038 5717 2082 5747 "
2107 5718 2237 5771 ibid.
2271 5734 2379 5779 xw,
2407 5717 2493 5770 ll.
2604 5717 2649 5747 ⁵ο
2673 5714 2802 5769 Luc.
2860 5733 3003 5782 ςιιν,
3039 5716 3106 5770 49

209 5795 296 5834 nv
329 5798 407 5852 ιιι,
437 5785 518 5841 12.
592 5788 635 5819 δ’
660 5786 792 5842 ibid.
824 5786 909 5854 i5,
984 5786 1193 5854 “,Psal.
1224 5803 1397 5855 xxx",
1429 5786 1482 5841 ϐ.
1557 5784 1735 5841 “Joai

1846 5786 2084 5863 Vlll,20.
2161 5789 2205 5820 "
2227 5787 2427 5843 Jete‘tn.
2459 5803 2642 5852 xu'ttt,
2679 5788 2761 5840 i3.
