3870 6570
62 373 173 438 (i9

1025 388 1105 449 IN
1145 387 1532 451 CAMATERI
1571 390 2351 461 ANIMADVERSIONES.‘

3206 411 3312 474 4ξεῦ

69 502 175 553 ιιι»
223 486 400 551 Αἷτεος
440 491 540 559 μὲν
582 495 674 547 καὶ
719 497 967 569 ἀρχηγὸς
1013 500 1195 555 αὐτῶν
1229 500 1331 555 οὐκ
1384 503 1449 555 ἂν
1488 502 1573 573 εἴη

1707 538 1716 565 ι
1745 517 1961 569 servus,
2001 507 2143 577 quod
2171 509 2330 580 plane
2376 526 2621 568 asserere
2681 514 2904 588 impium
2934 526 3020 574 est
3075 528 3128 575 et
3161 520 3313 576 hlas-

72 573 218 638 Υἱὸς,
263 577 549 651 ὑπηρέτης
589 582 644 636 δὲ
686 582 817 650 ι’σως
861 587 954 641 καὶ
1007 587 1275 658 διάκονος,
1329 591 1466 663 ὅπερ
1520 590 1636 647 ἐστὶ

67 666 327 730 δυσσεϐὲς
356 687 419 725 τε
449 674 542 727 καὶ
583 674 903 750 βλάσφημον
929 700 945 747 ;

459 765 573 819 Τοῦ
600 769 787 822 αὐτοῦ
812 771 881 824 ἐκ
906 771 1016 842 τῆς
1044 774 1255 845 αὐτῆς.

141 863 166 901 ι
209 849 316 914 κζ’.
362 852 504 907 Ἀλλ’
536 858 565 911 6
598 858 690 911 τὸν
721 859 940 930 Πατέρα
984 866 1185 936 νοήσας
1239 867 1401 922 αὐτόν
1448 885 1509 922 τε
1548 868 1633 939 ἐφ’

70 955 90 990 ι
127 939 326 994 ἑαυτοῦ
363 943 573 1017 ἐνόησε,
596 948 691 1001 καὶ
718 951 810 1005 τὸν
853 952 980 1006 Υίὸν
1021 960 1090 1027 τῇ
1116 957 1326 1030 διανοίᾳ
1368 976 1628 1033 συμπαρ-

64 1048 94 1082 .t
125 1030 363 1122 ιδὲξατο.
415 1035 476 1090 Ὅ
516 1037 574 1092 δὲ
594 1037 784 1095 τοῦτον
826 1041 1006 1100 λαϐὼν
1029 1047 1122 1101 τοῦ
1167 1049 1296 1104 Υίοῦ
1327 1051 1387 1105 τὸ
1410 1030 1631 1122 Πνεῦμα

56 1138 90 1170 ,ε
130 1120 232 1175 οὒκ
286 1122 665 1195 ἁπεμέρισενο
697 1129 813 1184 ἀλλ’
862 1133 1173 1203 ἀκολούθως
1228 1140 1330 1211 μὲν
1358 1143 1499 1195 κατὰ

68 1229 87 1261 ι
130 1211 305 1277 τάξιν,
330 1217 687 1288 συνημμένως
713 1222 771 1276 δὲ
807 1227 949 1282 κατὰ
993 1228 1093 1299 τὴν
1134 1231 1294 1299 φύσιν
1332 1233 1439 1287 τῶν
1464 1211 1630 1306 τριιῦν

73 1320 91 1352 ι
134 1307 275 1359 κατὰ
305 1308 506 1363 ταύτὸν
540 1319 1039 1390 συγκεκραμμὲνην
1068 1324 1126 1375 ὲν
1167 1323 1346 1396 ἑαυτῷ
1383 1326 1482 1398 τὴν
1534 1330 1629 1382 πί-

58 1410 87 1444 Δι
128 1410 247 1451 στιν
283 1400 691 1461 ἀνετυπώσατο.
720 1407 830 1461 Καὶ
862 1411 891 1462 6
914 1411 977 1463 τὸ
1009 1414 1234 1484 Πνεῦμα
1256 1419 1420 1487 μόνον
1454 1421 1626 1476 είπὼν

54 1502 83 1533 γι
130 1489 541 1578 σύμ-περιέλαϐε
564 1499 644 1567 τῇ
668 1499 928 1576 ὁμολογίᾳ
943 1504 1137 1578 ταύτῃ,
1164 1510 1256 1562 καὶ
1274 1510 1386 1573 τὸν,
1418 1507 1479 1566 οὗ
1509 1516 1626 1569 ἐστι

64 1591 81 1624 t
123 1576 184 1675 Σο
228 1578 480 1653 Πνεῦμα.
529 1587 637 1641 Καὶ
701 1592 892 1663 ἐπειδὴ
936 1595 1032 1648 τοῦ
1092 1576 1331 1668 Χριστοῦ
1383 1604 1502 1675 iga-tt
1563 1606 1623 1660 τὸ

63 1686 77 1717 ι
119 1667 378 1764 Πνεῦμα,
402 1678 497 1729 καὶ
522 1678 588 1732 ἑκ
613 1681 706 1734 τοῦ
733 1683 889 1747 Θεοῦ.
920 1687 1102 1752 καθώς
1131 1667 1297 1761 φησιν
1330 1695 1358 1747 6
1388 1667 1619 1764 Παῦλος,

55 1778 73 1809 ι
107 1759 300 1833 ὥσπερ
336 1765 400 1831 ἐξ
436 1768 680 1835 ἁλύσεως
713 1774 742 1826 6
791 1776 886 1829 τοῦ
945 1778 1067 1842 ἑνὸς
1102 1759 1274 1853 ἄκρου
1315 1759 1618 1856 ἁψάμενος,

1745 593 2024 664 phemum.

2222 783 2478 854 Ejusdem
2512 805 2577 842 ex
2611 791 2813 846 eadem.

1805 869 1898 951 27.
1933 889 1952 923 ι
1983 869 2089 928 Sed
2121 875 2214 945 qui
2243 891 2338 945 per
2385 876 2601 933 Patrem
2634 882 2921 947 intellexit,
2957 895 3009 939 et
3042 886 3217 954 ipsum
3252 888 3308 943 in

1739 978 1759 1013 ι
1795 964 1977 1032 scipso
2026 965 2322 1033 intellexit,
2359 980 2410 1023 et
2439 970 2637 1026 Filium
2669 974 2833 1028 simul
2863 990 2924 1029 ea
2952 977 3307 1045 inti-liigvntia

1735 1069 1756 1105 ι
1790 1055 2107 1123 complexus
2136 1066 2237 1112 est.
2271 1058 2372 1125 Qui
2402 1077 2530 1116 vero
2554 1064 2697 1120 hunc
2724 1070 3015 1136 acceperit,
3043 1069 3305 1140 Spititntlt

1736 1164 1756 1198 ι
1794 1138 1825 1199 a
1855 1145 1994 1202 Filio
2034 1163 2149 1227 non.
2181 1150 2364 1207 divisit
2405 1169 2420 1207 :
2453 1158 2546 1208 sed
2578 1156 2733 1226 juxta
2786 1160 3033 1215 ordinem
3081 1138 3303 1232 quidem

1735 1253 1756 1289 1
1795 1252 2156 1307 personarum
2211 1248 2816 1316 consequenter,juxta
2879 1266 3010 1305 vero
3050 1262 3303 1308 naturam

1735 1344 1754 1378 ι
1789 1330 2150 1398 conjunctim,
2196 1331 2361 1386 trium
2399 1350 2754 1404 personarum
2802 1339 2958 1394 {idem
2992 1344 3180 1397 eadem
3213 1358 3303 1396 ra~

1735 1435 1755 1467 ι
1793 1417 1941 1472 tione
1974 1431 2438 1490 contemperatam
2469 1424 2523 1477 in
2561 1426 2743 1495 seipso
2771 1431 3058 1495 expressit.
3098 1417 3166 1484 Et
3207 1434 3299 1501 qui

1731 1521 1752 1557 ι
1791 1503 1861 1559 de
1885 1505 2091 1576 Spiritu
2153 1510 2271 1565 solo
2311 1511 2574 1582 loquitur,
2611 1515 2776 1570 simul
2819 1519 2919 1573 ista
2955 1521 3301 1578 confessione

1731 1611 1750 1645 ι
1784 1604 1839 1650 et
1887 1612 2006 1651 eam
2040 1614 2161 1668 qua:
2200 1600 2353 1655 illum
2392 1606 2690 1672 concernit,
2725 1608 2881 1677 cujus
2909 1609 3145 1679 Spiritus
3177 1624 3287 1678 est,

1731 1703 1751 1737 ι
1791 1688 2096 1757 conjunxit.
2133 1691 2199 1745 Et
2228 1695 2488 1761 quoniam
2522 1695 2726 1752 Christi
2767 1699 3005 1769 Spiritus
3035 1703 3196 1757 etiam
3227 1722 3296 1758 ex

1732 1793 1751 1825 ι
1792 1774 1900 1830 Deo
1930 1787 2035 1844 est,
2068 1789 2203 1837 teste
2234 1780 2426 1848 Paulo,
2462 1786 2519 1838 lit
2549 1795 2607 1841 ut
2629 1791 3092 1857 quemadmodum
3126 1795 3178 1847 in
3203 1811 3299 1849 ca-

54 1869 72 1901 ι
115 1856 212 1908 καὶ
251 1857 315 1909 τὸ
348 1858 540 1932 ἓτερον
562 1863 734 1933 ἄκρον
773 1873 1226 1927 συνεπεσπάσατο
1260 1891 1274 1906 ·
1303 1876 1477 1943 οὕτως
1505 1879 1532 1932 ὁ
1558 1882 1597 1933 τὲ

1726 1882 1747 1918 ι
1787 1876 1932 1933 lena,
1965 1872 2056 1939 qui
2094 1859 2255 1927 nn'ius
2284 1877 2471 1931 annuli
2510 1852 2878 1935 summitatem
2913 1884 3295 1952 apprehendit,

51 1959 69 1991 ι
114 1940 349 2016 Πνεῦμα
386 1947 644 2017 ἑλκύσας,
692 1956 873 2019 καθώς
915 1976 1082 2030 φησιν
1131 1965 1159 2015 6
1202 1940 1515 2039 Προφήτης,
1549 1969 1618 2022 δι’

47 2050 65 2083 ι
110 2034 286 2090 αὑτοῦ
314 2039 530 2096 καὶτὸν
561 2044 779 2117 Πατέρα
823 2051 920 2102 καὶ
957 2053 1051 2105 τὸν
1097 2053 1225 2108 Υίὸν
1262 2034 1617 2128 συνεφελκύ-

48 2142 66 2173 t
109 2140 270 2218 σατο.
311 2130 429 2185 Καὶ
475 2134 526 2187 εί
550 2135 645 2189 τὸν
680 2137 810 2192 Itin;
844 2141 1116 2211 ἀληθινῶς
1148 2164 1235 2210 τις
1285 2147 1462 2216 λάϐοι,
1503 2152 1615 2218 ἕξει

48 2233 64 2264 ι
103 2217 276 2313 αῦτδν
321 2221 687 2313 ἑκατέρωθεν,
734 2229 811 2300 πῆ
868 2231 968 2301 μὲν
1012 2234 1104 2288 τὸν
1134 2236 1329 2292 ἑαυτοῦ
1369 2240 1611 2313 Πατέρα,

46 2325 64 2357 ι
105 2307 269 2405 τιηᾶ
304 2313 370 2365 τὸ
391 2312 550 2382 ἅγιον
573 2318 795 2391 Πνεῦμα
842 2328 1297 2398 συνεπαγόμενον.
1328 2329 1468 2384 Οὔτε

44 2416 63 2447 ο
100 2400 199 2454 τοῦ
228 2401 450 2475 Πατρδς
485 2409 515 2460 ι
542 2411 628 2464 ἀει
673 2411 750 2466 ὢν
787 2414 847 2467 εν
881 2416 959 2485 τῷ
992 2419 1175 2488 Πατρὶ
1223 2400 1613 2497 ἀποτμηθῆναι

45 2509 61 2540 ι
99 2491 355 2561 δύναται,
399 2496 525 2554 οὔτε
579 2503 679 2557 τοῦ
736 2506 1053 2579 Πνεύματός
1102 2528 1237 2566 ποτε
1280 2491 1607 2587 summ.
1648 2506 1657 2511 ⁷

43 2601 61 2633 ι
104 2600 260 2640 σεται
283 2588 383 2642 τοῦ
417 2591 550 2645 ίδίου
579 2597 610 2648 6
635 2597 815 2651 πάντα
843 2602 902 2653 ὲν
935 2601 1088 2674 αὐτῷ
1107 2606 1368 2677 ἐνεργῶν.
1415 2609 1608 2663 Ὥσαύ-

41 2692 58 2723 ι
100 2692 207 2739 τως
238 2679 336 2730 καὶ
385 2681 415 2733 6
454 2682 550 2736 τὸν
587 2685 807 2758 Πατέρα
839 2689 1146 2761 δεξάμενος,
1206 2696 1420 2751 καὶτὸν
1454 2699 1602 2765 Υίὸν,

43 2782 60 2813 ι
103 2768 199 2819 καὶ
228 2769 293 2821 τὸ
314 2770 540 2844 Πνεῦμα
564 2779 1007 2850 συμπρεδέξατο
1026 2787 1092 2856 τῇ
1117 2786 1365 2859 δυνάμει.
1390 2791 1463 2844 Ού
1494 2796 1603 2861 γὰρ

26 2877 59 2907 ιι
99 2859 220 2914 ἐστι
252 2865 425 2936 τομὴν
456 2869 740 2943 ἐπινοῆσαι
766 2874 798 2945 ἢ
824 2875 1090 2948 διαίρεσιν
1121 2883 1239 2935 κατ’
1261 2883 1455 2940 οὐδένα

43 2969 59 2998 ι
103 2968 241 3049 πονἶ
259 2955 338 3019 ὡς
379 2958 413 3030 ἢ
452 2958 590 3049 ΫΥίδν
616 2965 783 3035 χωρὶς
809 2967 1132 3039 Πνεύματος
1159 2973 1442 3047 νοηθῆναι,
1472 2955 1598 3049 ἦντὸ

40 3058 62 3090 ι
103 3041 329 3114 Πνεῦμα
376 3048 474 3102 τοῦ
525 3050 656 3105 Υίοῦ
702 3055 1115 3131 διαζευχθῆναι⁰
1165 3041 1327 3120 ἀλλά⁷
1356 3041 1442 3131 τις
1491 3041 1598 3142 ἆῤ.

1724 1975 1744 2011 ι
1783 1960 1889 2016 hoc
1917 1962 2036 2032 ipso
2060 1965 2227 2020 simul
2256 1976 2311 2021 et
2343 1969 2574 2023 alterum
2606 1972 2872 2026 insertum
2913 1976 3137 2029 attrahit
3164 1992 3178 2028 :
3220 1976 3295 2032 ita

1722 2067 1743 2101 ι
1780 2062 1833 2107 et
1861 2054 1971 2118 hic,
2018 2054 2115 2123 qui
2147 2056 2414 2126 Spiritum
2463 2060 2649 2128 trahit,
2692 2072 2751 2116 ut
2790 2062 3289 2143 i’r‘opheta_inquit.

1720 2159 1740 2195 ι
1782 2157 1879 2212 per
1906 2147 2082 2215 ipsum
2104 2148 2373 2203 etFilium
2398 2161 2452 2204 et
2484 2151 2698 2207 Patrem
2728 2170 2834 2208 una
2860 2155 3025 2209 simul
3051 2168 3294 2212 attraxe-

1721 2250 1739 2283 ι
1779 2235 1867 2287 rit.
1903 2234 1970 2288 Et
2006 2235 2051 2290 si
2085 2237 2210 2305 quis
2240 2253 2366 2292 vere
2414 2237 2608 2293 Filium
2647 2243 3083 2311 apprehenderit,
3118 2246 3291 2303 habe-

1719 2343 1737 2375 ι
1781 2324 1859 2379 bit
1885 2314 1941 2379 et
1970 2326 2148 2395 ipsum
2192 2330 2470 2409 utrinque,
2508 2334 2636 2390 hinc
2668 2333 2887 2390 Patrem
2923 2337 3090 2405 illius,
3137 2340 3290 2397 illinc

1716 2435 1734 2468 ι
1773 2415 2037 2485 Spiritum
2069 2430 2320 2475 sanctum
2380 2439 2485 2477 una
2519 2425 2894 2494 conjunctum.
2924 2429 3112 2501 Neque
3139 2435 3287 2488 enim

1715 2526 1735 2561 ι
1768 2523 1798 2563 a
1834 2510 1997 2565 Patre
2028 2512 2275 2567 ahscindi
2306 2519 2527 2583 poterit,
2558 2519 2649 2587 qui
2676 2534 2892 2589 semper
2913 2532 2996 2576 est
3025 2524 3079 2576 in
3106 2523 3285 2589 Patre.

1711 2617 1732 2652 ι
1772 2615 1949 2670 neque
1980 2618 2010 2657 a
2039 2603 2261 2673 proprio
2294 2604 2504 2676 Spiritu
2537 2608 2859 2679 sejungetur
2894 2627 3162 2684 unquam,
3188 2618 3283 2685 qui

1711 2710 1730 2744 ι
1771 2693 1825 2747 in
1854 2694 1975 2764 ipso
2006 2706 2265 2766 operatur
2300 2698 2506 2756 omnia.
2542 2699 2912 2759 Consimiliter
2955 2715 3009 2760 et
3050 2708 3140 2776 qui
3175 2707 3286 2762 Pa-

1709 2804 1729 2838 ι
1775 2796 1913 2841 trem
1943 2798 2234 2844 assecutus
2259 2788 2449 2858 fuerit,
2480 2801 2537 2847 et
2561 2793 2759 2849 Filium
2796 2812 2904 2851 una
2938 2813 3063 2854 cum
3089 2800 3200 2868 illo,
3229 2812 3285 2856 et

1706 2897 1726 2931 ι
1772 2878 2031 2949 Spiritum
2080 2889 2332 2937 sanctum
2379 2883 2570 2940 eadem
2609 2887 2807 2944 virtute
2830 2892 3130 2959 {assecutus
3176 2905 3282 2951 est.

1704 2986 1727 3022 ι
1764 2968 1885 3025 Non
1917 2971 2061 3026 enim
2097 2981 2275 3042 potest
2312 2974 2494 3046 aliqua
2523 2976 2633 3032 ullo
2660 2989 2820 3049 pacto
2844 2983 3165 3054 excogitari,
3194 2984 3281 3040 vel

1707 3082 1726 3117 ι
1763 3065 1954 3133 sectio,
1983 3066 2068 3121 vel
2098 3065 2321 3132 divisio,
2359 3075 2416 3121 ut
2442 3068 2558 3124 sive
2580 3069 2754 3126 Filius
2781 3086 2813 3126 a
2832 3072 2991 3129 Patre
3027 3076 3279 3152 cogitari,

49 3149 66 3181 ι
104 3136 267 3205 ρητος
289 3141 383 3191 καὶ⁵
406 3140 778 3216 ἀκατανόητος
801 3149 860 3201 ὲν
884 3150 1094 3216 τούτοις
1113 3136 1595 3228 καταλαμϐάνεται

49 3240 61 3253 .
104 3227 191 3253 ..-ι
245 3229 278 3253 ,ι
640 3251 669 3253 μ
711 3237 724 3253 .
774 3240 786 3253 .
858 3240 881 3253 .
920 3241 933 3253 .
1226 3244 1248 3253 _
1382 3249 1403 3253 -

1707 3174 1724 3209 ι
1764 3157 1879 3212 sive
1912 3157 2152 3229 Spiritus
2179 3173 2212 3215 a
2237 3157 2379 3227 Filio
2408 3162 2621 3232 sejungi
2672 3172 2859 3234 queat,
2892 3166 2989 3221 sed
3024 3136 3277 3225 ineffabi:

43 3240 61 3274 ι
103 3227 197 3279 καὶ
245 3229 281 3299 η
336 3234 589 3286 κοινωνία
639 3237 733 3290 καὶ
763 3240 797 3310 η
851 3240 1147 3313 διάκρισις,
1192 3244 1317 3302 οὔτε
1335 3227 1447 3318 τῆς
1489 3253 1597 3308 τῶν

1707 3267 1723 3302 ι
1766 3250 1834 3305 lis
1864 3227 2110 3321 quaedam
2138 3253 2196 3306 in
2224 3252 2364 3320 istis,
2397 3261 2452 3308 et
2465 3227 2598 3325 quae
2621 3227 2767 3309 nulla
2793 3227 3119 3326 cogitatione
3178 3275 3278 3331 ap-

28 3335 56 3366 -I
98 3319 453 3405 61:03:6qu
501 3324 767 3398 διαφορᾶς
821 3331 883 3384 τὸ
935 3334 1034 3405 τῆς
1093 3334 1311 3404 φύσεως
1374 3349 1597 3415 συνεχὲς

40 3425 55 3454 ι
88 3407 431 3484 διασπὼσης,
456 3412 580 3468 οὔτε
613 3418 709 3488 τῆς
744 3422 886 3474 κατὰ
911 3420 1011 3495 την
1035 3425 1224 3481 οὐσίαν
1257 3407 1592 3503 κοινότητος,

37 3514 54 3545 ι
98 3501 158 3550 τὸ
185 3499 387 3568 ίδιάζον
418 3505 527 3559 τῶν
558 3510 958 3580 γνωρισμάτων
986 3515 1374 3591 ἁναχεούσης.»

625 3798 1004 3858 Ἔπιστασνα.

96 3905 115 3937 ι
160 3886 306 3957 ὀρα
332 3887 607 3943 κάνταῦοα
625 3898 707 3959 τὸ,
732 3895 796 3946 εκ
820 3892 915 3948 τοῦ
939 3884 1096 3963 Θεοῦ,
1112 3896 1243 3950 ’ἀντὶ
1264 3897 1378 3967 τοῦ,
1397 3900 1460 3955 ὲκ
1484 3904 1584 3960 τοῦ
1608 3912 1615 3921 ‘

24 3997 53 4030 Α
92 3979 329 4050 Πατρὺς,
369 3981 448 4051 τῷ
483 3982 627 4052 ἁγίῳ
669 3985 1184 4058 ὺιλαμὸανόμενον·
1226 3992 1323 4051 καὶ
1364 3993 1579 4066 θαύμα-

24 4090 49 4119 4
87 4087 179 4124 σον
217 4072 320 4143 τὴν
362 4072 457 4126 τοῦ
495 4075 776 4144 πανσόφου
825 4078 1020 4134 τούτου
1059 4079 1380 4138 διδασκάλου
1429 4089 1585 4161 ἀκρί-

32 4180 51 4209 ι
88 4160 261 4227 δειαν,
310 4162 427 4226 πῶς
454 4164 548 4218 ἐπὶ
586 4168 682 4237 μὲν
716 4165 819 4221 ,τοῦ
843 4169 977 4222 Θεοῦ
1009 4171 1105 4224 καὶ
1154 4172 1253 4243 τὴν
1289 4175 1361 4230 ἐκ
1411 4194 1581 4249 προσ-

34 4267 50 4298 ι
93 4251 240 4304 tam
265 4251 544 4322 πρόθεσιν,
572 4256 666 4307 επὶ
704 4256 769 4341 δὲ.
802 4258 898 4312 τοῦ
918 4259 1157 4330 Χριστοῦ
1191 4263 1397 4335 ταύτην
1429 4284 1574 4341 παρ-

33 4363 51 4393 ι
88 4344 283 4415 mitia,
309 4346 565 4418 φανερῶς
594 4348 812 4413 πάντως
859 4350 1202 4420 δογματίζων
1225 4353 1477 4411 ιντεῦθεν
1514 4361 1578 4414 ἐκ

34 4458 53 4485 ι
84 4436 173 4490 τοῦ
244 4438 458 4510 Πατρὸς
510 4435 647 4495 εἷναι
713 4444 875 4512 μόνον
935 4442 1038 4515 τὴν
1085 4443 1184 4499 τοῦ
1259 4447 1577 4521 Πνεύματος

34 4543 51 4577 ι
84 4527 341 4599 ὓπαρξιν.-
735 4578 739 4581 .

587 4623 977 4696 Ἄντιρῤησις.

92 4709 235 4765 Πάνυ
259 4730 341 4767 τοι
375 4713 692 4785 συνίστησιν
715 4716 1015 4788 ἑναργῶςή
1038 4717 1271 4789 ρηθετσα
1294 4723 1568 4795 περικοπῇ

28 4801 116 4870 τὴν
138 4804 402 4874 δηλοῦσαν
439 4805 532 4859 διὰ
563 4805 660 4860 τοῦ
692 4805 822 4860 Υίοῦ
861 4804 1003 4862 εἶναι
1047 4810 1109 4864 τὸ
1135 4810 1361 4882 Πνεῦμα
1389 4812 1571 4868 θεολο-

28 4896 162 4961 γίαν,
188 4900 281 4949 καὶ
320 4897 392 4949 δι’
414 4896 596 4952 ἄλλων
632 4898 732 4969 μὲν
755 4899 868 4955 τῶν
901 4902 961 4955 ἐν
990 4900 1126 4973 αὐτῇ
1160 4903 1398 4973 ῥήσεων,
1433 4904 1576 4961 κατὰ

22 4987 77 5037 δὲ
102 4987 370 5059 ἐξαίρετον
402 4989 495 5044 διὰ
537 4989 637 5059 τῇς
677 4991 942 5064 λεγούσης
977 4993 1207 5064 ρήσεως,
1239 4995 1288 5049 ει
1319 4995 1411 5050 τὸν
1442 4996 1572 5050 Υἱὸν

25 5078 280 5150 ἀληθινῶς
311 5098 395 5145 τις
416 5080 594 5150 λάϐοι,
632 5083 745 5149 ἕξει
777 5083 939 5139 αὐτὸν
972 5085 1337 5159 ἑκατέρωθεν,
1368 5088 1445 5158 πῆ
1471 5090 1571 5162 μὲν

25 5174 105 5227 τὸν
131 5175 317 5230 ἑαυτοῦ
341 5177 581 5247 Πατέρα,
612 5177 691 5249 πῆ
733 5177 790 5232 δὲ
816 5178 878 5231 τὸ
918 5175 1049 5233 ῐδιον
1076 5178 1302 5248 Πνεῦμα
1334 5196 1569 5237 συνεπα-

26 5268 259 5339 γόμενον.
289 5272 363 5324 Σὺ
391 5271 473 5336 δὲ,
500 5272 599 5342 τὴν
636 5272 816 5325 πᾶσαν
844 5272 945 5342 τῆς
991 5276 1300 5344 περικοπῆς
1337 5274 1569 5345 δύναμιν

26 5363 271 5431 παριδὼν,
318 5362 605 5435 θαύματος
645 5362 842 5431 ἀξιοῖς,
886 5364 1003 5429 πῶς
1050 5366 1145 5419 ἐπὶ
1179 5365 1280 5437 μὲν
1309 5369 1403 5420 τοῦ
1433 5368 1568 5424 Θεοῦ

27 5458 113 5507 καὶ
132 5455 220 5528 τὴν
245 5458 314 5511 ἐκ
343 5456 645 5529 προσέθετο
675 5458 954 5529 πρόθεσιν,
986 5458 1082 5512 ἐπὶ
1109 5458 1165 5510 δὲ
1203 5458 1296 5512 τοῦ
1326 5459 1567 5530 Χριστοῦ

28 5547 208 5617 ταύτην
257 5548 595 5622 παρέλειψεσ
671 5548 967 5604 κάντεῦθεν
1022 5550 1281 5619 συνάγεις
1334 5553 1397 5604 ὲκ
1467 5550 1564 5606 τοῦ

26 5638 217 5711 Πατρδς
254 5638 399 5696 εῐναι
443 5643 606 5713 μόνον
655 5640 756 5713 τὴν
806 5640 901 5696 τοῦ
942 5643 1257 5712 Πνεύματος
1303 5642 1563 5716 ὓπαρξιν.

38 5729 181 5786 ’Λλλά
200 5733 260 5786 ού
288 5732 470 5798 καλῶς
497 5732 608 5787 οὐδ’
628 5732 798 5801 ἀξίως
819 5736 917 5804 τῆς
940 5733 1041 5803 σῆς
1074 5734 1355 5806 ἀγχινοίας
1381 5736 1565 5789 ἐντεῦ-

20 5820 108 5875 θεν
159 5824 405 5894 συνάγεις
463 5825 523 5879 τὸ
579 5828 643 5879 ὲκ
684 5826 858 5898 ,μόνου
886 5827 979 5881 τοῦ
1035 5827 1247 5899 Πατρὸς
1300 5824 1439 5880 εἶναι
1499 5828 1562 5882 τὸ

1612 4534 1659 4591 D

1705 3359 1724 3393 ι
1762 3343 2027 3413 prehendi
2058 3345 2260 3414 poterit
2291 3356 2398 3400 tam
2436 3349 2777 3414 communio,
2820 3366 2983 3420 quam
3013 3354 3276 3409 discretio

1701 3446 1721 3480 ι
1760 3431 2212 3499 deprehenditur,
2245 3449 2353 3504 qua
2384 3449 2562 3505 neque
2590 3451 2688 3507 per
2716 3437 3076 3495 dili'erentiam
3106 3444 3276 3513 hypo-

1698 3540 1717 3574 ι
1760 3530 1979 3577 staseon
2037 3525 2390 3581 continuatio
2438 3536 2649 3583 natura;
2701 3530 3043 3601 dissipatur:
3097 3548 3273 3603 neque

1698 3632 1716 3665 ι
1754 3629 1856 3684 per
1915 3629 2034 3669 eam
2081 3619 2381 3672 secundum
2460 3621 2753 3676 essentiam
2830 3626 3268 3682 communionem

1697 3724 1716 3757 ι
1752 3708 2061 3777 proprietas
2088 3710 2370 3763 notionum
2404 3710 2777 3770 confunditur.
2812 3734 2832 3766 ι

2251 3801 2675 3863 Animadversio.

1767 3910 1786 3944 ι
1829 3891 1963 3949 Vide
2007 3894 2172 3949 etiam
2221 3895 2311 3949 hic
2341 3897 2494 3965 illud,
2528 3912 2595 3953 ex
2631 3899 2763 3967 Deo,
2814 3899 2936 3957 loco
2967 3903 3138 3971 illius,
3196 3922 3263 3961 ex

1694 4002 1714 4037 ι
1751 3981 1934 4050 Patre,
1975 4000 2003 4039 a
2049 3996 2239 4042 sancto
2284 3987 2541 4046 desumi:
2591 3999 2644 4046 et
2678 3992 2953 4049 admirare
2980 3997 3265 4067 sapientis-

1691 4093 1709 4128 ι
1750 4077 1876 4131 simi
1931 4077 2175 4135 doctoris
2234 4079 2468 4151 hujusce
2516 4083 2848 4153 exquisitam
2899 4087 3260 4157 diligentiam,

1687 4185 1709 4221 ι
1747 4168 1843 4239 qui
1878 4169 1946 4224 de
1998 4167 2110 4225 Deo
2160 4172 2600 4241 prapositionem
2640 4189 2703 4228 ex
2757 4179 3083 4248 usurpavit;
3133 4195 3259 4235 cum

1686 4277 1706 4311 ι
1743 4274 1873 4315 vero
1899 4271 2046 4316 esset
2078 4276 2257 4315 sermo
2283 4264 2352 4318 de
2379 4263 2620 4329 Christo,
2654 4282 2918 4337 prorsum
2940 4284 3059 4325 eam
3086 4273 3259 4328 silen-

1682 4371 1713 4403 ιι
1746 4351 1821 4407 tio
1846 4352 2131 4423 prateriit,
2172 4353 2300 4410 hinc
2331 4354 2622 4413 manifeste
2649 4357 2971 4427 decernens,
3003 4376 3069 4417 ex
3097 4361 3260 4420 Patre

1684 4459 1704 4496 ι
1740 4442 2115 4499 tantummodo
2142 4458 2264 4500 esse
2289 4444 2525 4516 Spiritus
2565 4450 2962 4506 exsistentiam.
3005 4470 3025 4505 ι

2298 4628 2591 4701 Refutatio.

1748 4724 2048 4781 Conﬁrmat
2096 4725 2284 4795 utique
2327 4734 2383 4780 et
2427 4726 2773 4795 apertissime
2825 4744 3065 4799 praesens
3106 4746 3255 4802 pert-

1678 4831 1812 4888 cope
1841 4818 2164 4873 sententiam
2208 4826 2567 4883 asserentem,
2618 4834 2715 4889 per
2735 4818 2933 4875 Filium
2987 4821 3249 4893 Spiritum

1676 4925 1820 4979 esse,
1850 4919 1905 4966 et
1930 4911 2050 4965 aliis
2079 4911 2198 4967 suis
2230 4911 2414 4977 dictis,
2449 4921 2504 4966 et
2534 4911 2626 4966 illo
2656 4913 3037 4981 potissimum:
3068 4914 3125 4971 Si
3159 4915 3253 4972 Fi-

1674 5002 1812 5060 lium
1855 5005 1982 5074 quis
2031 5017 2156 5057 vere
2205 5003 2647 5073 apprchenderit,
2702 5005 2924 5061 habebit
2972 5016 3027 5063 et
3073 5009 3251 5081 ipsum

1674 5097 1931 5167 utrinque
1973 5097 2101 5149 hinc
2151 5095 2365 5149 Patrem
2416 5095 2583 5171 illius,
2633 5095 2784 5153 illinc
2815 5098 3078 5169 Spiritum
3121 5119 3252 5157 san-

1673 5195 1818 5240 ctum
1877 5185 1980 5240 sibi
2058 5185 2431 5255 conjunctum.
2480 5188 2550 5241 At
2597 5196 2674 5255 tn,
2729 5190 2981 5246 universa
3044 5193 3253 5260 perico-

1673 5292 1768 5348 pes
1821 5275 1868 5331 vi
1933 5279 2217 5347 neglecta,
2280 5288 2538 5349 tanquam
2607 5281 2968 5339 admiratione
3023 5285 3247 5356 dignum

1670 5368 1951 5439 praponis,
2000 5370 2153 5422 illum
2203 5369 2271 5425 de
2329 5370 2437 5425 Deo
2485 5371 2798 5442 loquentem
2872 5391 2938 5429 ea:
2988 5381 3250 5447 υνξερυεί-

1668 5462 1869 5519 tionem
1909 5476 2224 5532 usurpasse,
2259 5462 2327 5517 de
2363 5462 2583 5520 Christo
2620 5479 2750 5520 vero
2793 5480 3096 5523 sermonem
3153 5470 3238 5523 ha-

1668 5554 1883 5610 bentem
1944 5554 2090 5610 illam
2145 5555 2360 5611 silentio
2396 5557 2705 5615 involvisse.
2741 5557 2979 5630 indeque
3032 5562 3246 5633 colligzs

1666 5664 1733 5704 ex
1760 5648 1919 5704 Patre
1942 5664 2064 5705 esse
2091 5659 2298 5705 tantum
2322 5648 2561 5722 Spiritus
2582 5652 2980 5709 exsistcntiam.
3010 5650 3245 5708 Verum-

1666 5751 1845 5798 tamen
1878 5756 2056 5811 neque
2083 5741 2242 5808 bene,
2282 5758 2454 5809 neque
2489 5758 2586 5814 pro
2618 5753 2709 5798 tua
2758 5759 2920 5812 quam
2971 5744 3248 5818 proﬁteris

1666 5829 1906 5894 solertia,
1955 5838 2008 5887 et
2057 5830 2505 5900 perspicacitatc,
2571 5831 2693 5888 inde
2752 5831 2962 5908 colligis
3007 5849 3073 5891 ex
3126 5850 3243 5895 80m
