3800 6572
659 329 687 350 ρ

503 397 608 464 μδ

1567 391 1774 452 JOAN.
1813 389 2028 452 VECCI

2174 434 2179 448 .
2219 385 2724 450 PATRIARCII/E
3195 458 3206 463 ,
3587 402 3664 468 456

509 518 600 556 ιυδ
640 499 1014 556 exsistentiam
1049 537 1064 564 ,
1103 511 1208 552 non
1260 507 1437 554 autem
1498 515 1563 553 ex
1619 497 1905 569 Unigenito
1943 497 2060 552 edo-

2177 494 2289 548 τῶν
2327 493 2587 548 τοιούτων
2612 497 2640 548 ὁ
2678 495 2833 562 ἅγιος
2864 493 2962 566 τὴν
2994 493 3058 547 ἐκ
3089 492 3181 547 τοῦ
3246 494 3439 564 Πατρὶς
3477 502 3668 579 ὓπαρξιν

503 607 648 647 cere.

765 796 888 851 DIC
902 798 977 848 ΤΑ
1022 792 1400 850 τΗΕοιοσι
1435 789 1811 849 CREGORH.

499 888 558 945 S.
593 887 829 960 Gregorii
857 887 1102 956 Theologi
1136 903 1199 940 cx
1242 885 1472 942 secunda
1507 884 1760 941 Oratione
1801 884 1864 939 de
1903 881 2063 938 Pace.

563 1071 652 1127 50.
694 1089 712 1122 ι
755 1069 962 1124 Etenim
1019 1069 1064 1123 si
1103 1067 1247 1140 Filii,
1266 1076 1319 1123 et
1353 1067 1589 1136 Spiritus
1633 1067 1805 1122 sancti
1835 1066 2068 1138 dignita-

501 1182 521 1218 ι
563 1174 666 1218 tem
698 1166 1038 1224 conlitentes,
1094 1176 1188 1216 eos
1231 1163 1314 1215 vel
1375 1161 1624 1231 principii
1679 1167 1927 1229 expertes
1984 1161 2067 1214 in-

499 1275 518 1308 ι
561 1259 906 1318 duceremus,
937 1256 1022 1309 vel
1051 1255 1118 1307 ad
1172 1253 1404 1307 alterum
1458 1254 1786 1325 principium
1838 1252 2067 1308 referre-

498 1367 518 1400 ι
557 1364 701 1411 mus,
735 1347 1034 1400 timendum
1065 1360 1248 1399 revera
1281 1355 1444 1412 esset,
1477 1362 1543 1402 ue
1577 1347 1718 1401 Deus
1748 1355 2061 1414 contemptu

501 1458 519 1491 ι
557 1439 879 1501 adiceretur,
912 1447 1006 1491 aut
1035 1435 1144 1490 Deo
1170 1438 1502 1492 contrarium
1544 1438 1749 1508 aliquid
1779 1437 2065 1492 invehere-

499 1548 519 1583 ι
563 1539 672 1583 tur.
706 1531 842 1583 Cum
875 1540 1086 1592 autem,
1119 1528 1516 1597 quantumlibet
1547 1524 1743 1580 Filium
1771 1537 1864 1580 aut
1890 1527 2065 1597 Spiri-

499 1642 518 1676 ι
564 1635 677 1678 tum
709 1622 996 1688 extuleris,
1030 1636 1308 1688 nunquam
1333 1630 1512 1674 tamen
1533 1635 1628 1674 eos
1659 1635 1822 1690 supra
1848 1619 2062 1675 Patrem

499 1735 519 1768 ι
563 1730 756 1786 ponas,
795 1729 894 1769 nec
924 1729 954 1767 a
982 1729 1144 1767 causa
1179 1727 1459 1766 removeas
1490 1733 1503 1766 :
1540 1727 1728 1766 verum
1764 1712 1893 1767 illuc
1922 1728 2066 1782 pra:-

502 1825 520 1858 ι
562 1809 758 1859 claram
795 1804 1201 1874 generationem
1232 1811 1286 1857 et
1329 1802 1705 1856 admirabilem
1743 1802 2064 1871 processio-

502 1917 520 1948 ι
561 1913 682 1950 nem
736 1896 962 1960 referas,
1003 1882 1366 1964 percontabor
1421 1910 1486 1948 ex
1537 1902 1610 1956 te.
1650 1895 1743 1962 qui
1793 1891 2065 1963 Unigeniti

499 2007 517 2037 ι
555 1999 608 2042 et
633 1988 880 2056 principii
899 1987 1134 2054 expertis
1153 2000 1394 2039 amorem
1426 1993 1704 2054 tantopere
1729 2000 1835 2054 prte
1857 1993 1908 2038 te
1932 1983 2062 2050 fers,

501 2100 518 2130 ι
557 2091 677 2134 uter
727 2081 941 2132 tandem
986 2077 1153 2131 Deum
1211 2079 1382 2147 magis
1443 2088 1774 2144 contemnat,
1811 2079 1926 2147 ipse
1971 2078 2064 2148 qui

501 2190 517 2222 ι
556 2172 733 2241 ipsum
800 2171 1011 2232 talium,
1072 2168 1260 2238 quales
1314 2178 1369 2222 tu
1429 2169 1666 2235 inducis,
1729 2170 2062 2239 principium

501 2285 520 2316 ι
559 2265 877 2330 constituat,
937 2281 1003 2319 an
1053 2266 1144 2336 qui
1198 2281 1302 2318 non
1369 2266 1581 2330 talium,
1619 2265 1714 2320 sed
1768 2274 1962 2320 natura
2010 2273 2064 2321 et

499 2377 517 2408 ι
555 2359 723 2427 gloria
757 2359 1070 2428 :equalium,
1104 2368 1156 2412 et
1184 2359 1372 2426 quales
1406 2359 1652 2412 doctrina
1682 2368 1868 2414 nostra
1895 2358 2063 2430 proli-

501 2469 518 2500 ι
559 2448 735 2503 tetur?
766 2453 845 2504 Au
885 2465 1014 2504 vero
1049 2450 1142 2503 tibi
1193 2452 1260 2504 ad
1298 2450 1560 2504 honorem
1611 2451 1873 2520 amplum,
1899 2461 2064 2521 atque

500 2561 517 2593 ι
556 2543 691 2596 adeo
781 2542 1178 2612 amplissimum
1225 2543 1371 2609 erit,
1417 2546 1558 2613 quod
1619 2544 1786 2598 [ilium
1837 2545 2074 2610 habeas,

499 2654 517 2686 ι
561 2635 721 2703 idque
776 2650 842 2687 eo
921 2634 1098 2702 magis
1171 2634 1217 2688 si
1275 2645 1480 2704 patrem
1541 2634 1594 2688 in
1657 2635 1914 2691 omnibus
1972 2651 2062 2691 re-

499 2745 515 2777 ι
558 2727 658 2780 lius
714 2724 952 2789 refernt,
1021 2740 1320 2795 verumque
1374 2726 1638 2795 genitoris
1686 2727 1770 2780 sui
1828 2727 2058 2781 simula-

498 2841 515 2870 t
555 2836 708 2874 crum
764 2827 941 2889 gerat.
993 2819 1203 2888 tibique
1245 2819 1518 2874 sexcentis
1563 2824 1740 2874 servis
1791 2821 2062 2890 imperare

499 2932 515 2962 ι
559 2913 740 2968 minus
803 2911 1107 2981 jucundum
1165 2911 1406 2965 futurum
1460 2921 1582 2978 est,
1653 2928 1820 2982 quam
1892 2913 2059 2968 unius

500 3023 518 3054 ι
565 3004 657 3056 ﬂlii
717 3012 994 3073 parentem
1050 3018 1213 3057 esse:
1251 3001 1358 3056 Deo
1407 3013 1589 3057 autem
1626 3005 1906 3074 quidpiam
1944 3020 2061 3058 ma-

500 3116 516 3143 ι
551 3093 637 3162 jus
668 3107 732 3147 ac
763 3093 1127 3162 praestabilius
1165 3093 1300 3158 erit,
1324 3108 1486 3162 quam
1513 3092 1634 3147 Filii
1668 3094 1876 3150 Patrem
1915 3111 2056 3162 esse,

2171 588 2264 640 τοῦ
2318 586 2663 658 Πνεύματος,
2720 587 2780 639 οὐ
2843 587 2949 658 μὴν
2989 589 3053 640 ἐκ
3075 586 3171 640 τοῦ
3228 589 3534 660 Μονογενοῦς
3563 601 3668 660 διδά.

2175 695 2322 734 σκει.

2244 793 2505 846 ΡΗΣΕΙΣ
2589 793 2728 845 ΤΟΥ
2803 791 3086 844 ΘΕΟΛΟΓ
3093 791 3179 842 ΟΥ
3238 791 3624 856 ΓΡΗΓΟΡΙΟΥ.

2175 883 2287 936 ποῦ
2314 883 2490 952 ἁγίου
2523 884 2859 951 Γρηγορίου
2891 883 3000 936 τοῦ
3028 883 3339 950 Θεολόγου,
3366 885 3429 938 ἐκ
3451 890 3542 944 τοῦ
3567 893 3672 949 θευο

2549 955 2725 1021 τέρου
2768 953 3074 1022 εἰρηνικοῦ
3122 953 3326 1021 λόγου.

2241 1067 2320 1120 Λ’.
2347 1067 2409 1120 Ei
2435 1066 2534 1136 μὲν
2563 1067 2670 1136 γὰρ
2696 1066 2996 1135 ἐμέλλομεν
3019 1065 3148 1119 Υἱοῦ
3175 1066 3267 1120 καὶ
3289 1069 3570 1140 Πνεύματος
3598 1079 3673 1148 τὴν

2174 1175 2194 1209 ι
2241 1159 2399 1223 ἀξίαν
2424 1157 2895 1229 ὁμολογοῦντες,ἧ
2935 1159 3144 1228 άναρχα
3193 1157 3366 1215 ταῦτα
3418 1164 3674 1240 είσάγειν,ἧ

2179 1268 2197 1301 ι
2238 1251 2318 1312 είς
2371 1249 2568 1318 ἑτέραν
2597 1249 2771 1320 ἀρχὴν
2798 1251 3044 1318 ἀνάγειν,
3071 1250 3192 1310 δέος
3217 1248 3285 1303 ἂν
3313 1246 3378 1321 ἦν
3423 1253 3569 1319 ὅντως
3613 1262 3673 1329 μὴ

2177 1361 2195 1394 ι
2234 1341 2512 1412 ἀτιμασθῇ
2551 1343 2706 1406 Θεὸς,
2738 1343 3122 1414 ἢκινδυνεύσῃ
3182 1343 3311 1412 παρ’
3341 1345 3488 1414 ἡμῶν
3509 1349 3560 1400 τὸ
3603 1353 3676 1403 ἀν.

2183 1451 2201 1484 ι
2243 1433 2455 1486 τίθεονο
2512 1437 2560 1488 εἰ
2599 1435 2654 1487 δὲ
2709 1435 2832 1489 ὅσον
2899 1434 2964 1488 ἂν
3029 1435 3230 1505 ὲξάρῃς
3260 1435 3348 1486 τὸν
3405 1436 3584 1510 Υἱὸνῆ
3634 1443 3679 1494 τὸ

2177 1543 2195 1576 ι
2240 1528 2489 1597 Πνευμα,
2531 1527 2629 1597 οὐχ
2664 1527 2805 1598 ὑπὲρ
2843 1527 2933 1580 τὸν
2978 1526 3202 1595 Πατέρα
3233 1525 3428 1596 θήσεις,
3481 1528 3583 1580 οὐδὲ
3606 1531 3678 1600 τῆς

2177 1638 2196 1672 ι
2239 1619 2417 1682 αἰτίας
2441 1619 2836 1686 ἁποξενώσεις,
2865 1618 2979 1672 ἀλλ’
3013 1621 3202 1671 ἐκεῖσε
3233 1618 3459 1680 ἀνοίσεις
3482 1619 3533 1671 τὸ
3559 1621 3681 1676 καλὸν

2175 1729 2194 1764 ι
2233 1713 2483 1782 γέννημα
2510 1713 2604 1766 καὶ
2618 1711 2716 1783 τὴν
2734 1711 3044 1782 Θαυμασίαν
3064 1711 3308 1782 πρόοδον,
3328 1715 3682 1783 προσερήσομαί

2179 1826 2198 1860 ι
2249 1824 2331 1872 σε,
2359 1801 2405 1861 ὦ
2433 1807 2553 1861 λίαν
2593 1807 2953 1877 φιλαγέννητε
2981 1808 3044 1860 σὺ
3083 1811 3177 1859 καὶ
3212 1805 3528 1874 φιλάναρχε,
3553 1807 3676 1858 πότε-

2175 1917 2196 1952 (
2241 1917 2335 1970 ρος
2360 1901 2616 1970 ἀτιμάζει
2652 1898 2786 1953 Θεὸν
2827 1899 3053 1969 μᾶλλον,
3084 1898 3112 1950 ό
3151 1896 3406 1950 τοιούτων
3431 1896 3582 1959 τιθεὶς
3608 1899 3683 1965 ἀρ.

2175 2009 2194 2044 ι
2235 1992 2336 2062 χὴν
2363 2031 2380 2058 ,
2401 1977 2555 2045 *οἵων
2585 1990 2748 2054 αὐτὸς
2785 1991 3050 2058 εἰσάγεις,
3085 1988 3119 2058 ἢ
3149 1991 3176 2042 ὁ
3209 1987 3286 2059 μὴ
3313 1987 3572 2050 τοιούτων,
3597 1990 3684 2041 ἀλλ’

2174 2101 2193 2136 ι
2232 2083 2435 2153 ὁμοίων
2458 2084 2554 2153 τὴν
2575 2082 2737 2152 φύσιν
2767 2085 2862 2136 καὶ
2888 2081 3179 2152 ὁμοδόξων,
3207 2080 3306 2132 καὶ
3326 2079 3448 2132 οἴων
3471 2082 3495 2131 ὁ
3519 2080 3682 2148 ἡμέτε-

2175 2195 2195 2230 t
2239 2193 2327 2248 ρος
2348 2176 2599 2248 βούλεται
2623 2175 2814 2244 λόγος;
2857 2173 3020 2228 Ἀλλὰ
3042 2175 3124 2227 σοι
3151 2173 3251 2244 μὲν
3280 2173 3358 2234 εἰς
3386 2173 3538 2240 τιμὴν
3552 2173 3686 2240 μέγα,

2174 2291 2191 2324 ι
2241 2273 2337 2326 καὶ
2389 2272 2646 2342 μέγιστον
2693 2273 2720 2323 ὁ
2754 2269 2845 2330 σὸς
2895 2268 3030 2335 υίὸς,
3082 2269 3177 2320 καὶ
3229 2266 3466 2333 τοσούτῳ
3509 2265 3688 2333 μᾶλλον,

2174 2383 2192 2418 ι
2229 2365 2446 2436 ὅσῳπερ
2491 2363 2557 2418 ἂν
2584 2363 2653 2417 τὰ
2704 2364 2884 2416 πάντα
2900 2357 3188 2433 πατρώζῃ,
3225 2359 3323 2411 καὶ
3377 2357 3630 2428 χαρακτὴρ

2175 2476 2192 2510 ι
2229 2458 2452 2528 γνήσιος
2501 2455 2592 2510 τοῦ
2633 2456 3018 2526 γεννήσαντος,
3078 2453 3174 2505 καὶ
3203 2453 3311 2504 οὐκ
3336 2450 3400 2504 ἂν
3432 2451 3592 2514 δέξαιο
3613 2469 3692 2519 μνο

2173 2565 2192 2600 ι
2237 2547 2367 2618 ρίων
2399 2546 2747 2618 ἀνδραπόδων
2780 2541 2921 2597 εἶναι
2957 2541 3160 2612 μᾶλλον
3211 2538 3478 2606 δεσπότης
3527 2538 3557 2608 ἢ
3603 2537 3693 2600 ἑνὸς

2173 2658 2194 2694 ι
2237 2640 2520 2710 γεννήτωρ
2551 2638 2738 2700 παιδός
2753 2652 2768 2668 ⁶
2794 2637 2872 2707 τῷ
2887 2636 3005 2704 Θεῷ
3028 2635 3083 2688 δὲ
3115 2633 3248 2688 ἄλλο
3271 2650 3325 2684 τι
3345 2630 3572 2702 μεῖζονλῆ
3594 2629 3692 2682 Υἱοῦ

2178 2748 2198 2782 ι
2237 2731 2532 2801 τυγχάνειν
2557 2727 2834 2799 Πατέρα,δ
2870 2727 3164 2798 προσθήκη
3224 2720 3388 2792 δόξης
3438 2722 3594 2784 ἐστὶν,
3620 2721 3694 2787 οὐχ

2171 2839 2189 2873 ι
2233 2821 2540 2892 ὑφαίρεσις,
2573 2819 2729 2883 ὡςδὲ
2782 2819 2878 2872 καὶ
2937 2815 3204 2888 προϐολέα
3259 2813 3598 2882 Πνεὺματος;
3643 2812 3698 2862 Ἦ

2171 2929 2190 2963 ι
2227 2911 2443 2978 ἀγνοεῖς
2498 2911 2584 2964 ὅτι
2621 2911 2686 2961 σὺ
2727 2907 2826 2979 μὶν
2855 2905 3174 2974 κτισμάτων
3224 2903 3400 2964 τιθεὶς
3431 2899 3591 2972 ἀρχὴν
3610 2899 3689 2965 τὴν

2171 3019 2188 3054 ι
2235 3001 2433 3073 ἀρχὴν,
2468 2999 2614 3069 λέγω
2646 2999 2702 3052 δὲ
2731 2997 2859 3052 Tim?
2883 2997 2978 3052 καὶ
3005 2995 3352 3065 Πνεύματος,
3372 2990 3490 3045 οὔτε
3515 2989 3600 3060 τὴν
3620 2991 3696 3057 ἁρ-

2172 3113 2190 3146 ι
2228 3095 2330 3166 χὴν
2368 3095 2558 3164 τιμᾷς,
2591 3092 2687 3146 καὶ
2715 3089 3003 3160 ἀτιμάζεις
3033 3090 3103 3140 τὰ
3130 3085 3188 3151 ἐξ
3218 3086 3416 3154 αὐτῆς,
3473 3083 3564 3152 τὴν
3605 3081 3698 3149 μὲν»

496 3202 515 3234 ι
553 3185 696 3254 quod
734 3185 951 3254 quidem
982 3186 1165 3256 gloriae
1197 3187 1443 3242 accessio
1479 3194 1582 3252 est,
1635 3202 1744 3241 non
1782 3187 2052 3254 decessio,

2174 3206 2191 3240 ι
2231 3189 2314 3242 ὅτι
2348 3185 2562 3258 μικρῶν
2591 3185 2835 3253 εἰσάγεις
2861 3182 3040 3253 ἀρχὴν
3064 3181 3157 3233 καὶ
3188 3177 3430 3241 ἀναξίων
3463 3175 3700 3242 θεότητος,

501 3294 518 3325 ι
555 3277 1015 3344 quemadmodum
1065 3288 1119 3331 et
1173 3276 1410 3347 Spiritus
1462 3277 1844 3348 productorem
1901 3280 2061 3334 esse?

497 3387 514 3416 ε
553 3369 632 3420 An
669 3377 719 3421 te
753 3370 881 3422 illud
924 3369 1079 3440 fugit,
1123 3386 1247 3424 cum
1285 3371 1477 3437 Deum,
1522 3369 1668 3436 Filii,
1701 3385 1764 3427 ac
1796 3370 2056 3441 Spiritus,

497 3481 514 3510 ‹
556 3462 703 3514 velut
727 3471 1102 3516 creaturarum
1127 3462 1454 3532 principium
1487 3463 1706 3530 statuis,
1731 3479 1829 3519 nec
1854 3462 2072 3533 princio'

497 3568 514 3599 ι
554 3551 701 3620 piutn
761 3552 859 3606 abs
912 3561 962 3605 te
1005 3553 1284 3615 honorari,
1334 3564 1533 3623 etquae
1579 3569 1644 3608 ex
1692 3570 1758 3608 eo
1808 3564 2054 3620 manant,

496 3662 514 3692 ι
558 3645 852 3713 ignominia
883 3645 1044 3708 allici,
1077 3644 1213 3698 illud
1244 3645 1371 3714 quia
1399 3646 1585 3699 vilium
1616 3659 1670 3702 et
1706 3650 2051 3718 exiguorum,

497 3757 514 3787 ε
555 3753 617 3792 ac
680 3738 880 3791 deitate
938 3738 1289 3808 indignorum
1337 3739 1665 3808 principium
1725 3741 2056 3807 constituis,

496 3849 511 3879 ι
555 3831 669 3882 ltmc
697 3831 827 3898 quia
860 3844 1050 3899 parva,
1090 3846 1190 3883 nec
1221 3840 1402 3884 creata
1437 3841 1670 3896 tantum,
1701 3831 1790 3885 sed
1816 3832 2056 3885 omnium

494 3941 511 3972 ι
551 3924 712 3975 etiam
746 3938 865 3991 qua:
895 3933 1078 3975 creata
1129 3933 1279 3985 sunt,
1318 3923 1788 3992 contemptissima
1825 3933 1880 3978 et
1911 3925 2060 3994 abje-

494 4035 511 4065 σ
555 4015 800 4068 ctissima
855 4012 1336 4083 faciszsiquidem
1392 4015 1587 4089 horum
1637 4030 1823 4080 causa,
1869 4027 1922 4071 et
1962 4019 2058 4070 ali-

495 4124 512 4156 ι
552 4105 776 4175 quando
806 4107 1021 4160 condita
1053 4114 1204 4169 sunt,
1239 4122 1346 4160 non
1395 4121 1555 4162 secus
1596 4122 1660 4161 ac
1697 4108 2058 4163 insu'umenta

495 4215 511 4245 ι
551 4195 620 4249 ab
672 4194 904 4257 artiﬁce,
955 4209 1077 4259 quae
1126 4203 1254 4249 ante
1305 4194 1544 4250 artiﬁces
1589 4211 1698 4250 non
1749 4205 1927 4262 erant,
1963 4215 2062 4253 nec

497 4304 514 4335 ι
555 4285 692 4340 alias
741 4285 1104 4352 exstitissent,
1156 4287 1262 4342 nisi
1303 4286 1432 4356 quid
1484 4301 1672 4340 eorum
1720 4302 1883 4357 Opera
1924 4288 2062 4343 Deus

499 4395 518 4428 ι
557 4393 747 4434 creare
799 4379 1086 4444 voluisset,
1131 4379 1359 4449 perinde
1402 4378 1653 4434 videlicet
1701 4396 1765 4435 ae
1809 4381 2059 4436 voluntas

499 4489 518 4522 ι
555 4471 671 4540 ipsa
707 4487 1051 4542 nequaquam
1085 4471 1392 4526 suﬂiceret?
1446 4471 1722 4542 Quidquid
1768 4475 1913 4527 enim
1961 4475 2061 4527 ali-

2173 3300 2190 3332 ι
2228 3282 2294 3332 τὰ
2324 3279 2409 3343 δὲ,
2440 3280 2521 3332 ὃτι
2559 3276 2736 3348 μικρὰ
2765 3276 2862 3329 καὶ
2916 3275 2993 3344 μὴ
3033 3273 3316 3342 κτίσματα
3361 3268 3538 3340 μόνον,
3591 3263 3700 3318 ἀλλὰ

2171 3392 2189 3425 ι
2233 3373 2328 3427 καὶ
2379 3373 2597 3427 πάντων
2649 3369 2966 3440 κτισμάτων
3025 3367 3197 3428 ποιεῖς
3251 3363 3564 3432 ἀτιμότερα,
3609 3357 3699 3423 εἴγε

2169 3484 2186 3518 ι
2220 3463 2425 3518 τούτων
2453 3463 2640 3516 ἕνεκεν
2690 3461 2900 3528 ὑπέστη
2965 3457 3061 3511 καί
3102 3471 3233 3509 ποτε
3293 3453 3483 3522 ὥσπερ
3532 3450 3702 3518 ὄργανα

2170 3576 2188 3610 ι
2227 3561 2450 3627 τεχνίτῃ
2485 3555 2591 3626 πρὸ
2613 3553 2724 3607 τῶν
2787 3549 3063 3620 τεχνητῶν
3116 3545 3393 3616 πρότερον
3429 3545 3523 3594 οὐκ
3577 3539 3702 3598 ὄντα,

2169 3669 2188 3704 ‹
2227 3651 2335 3703 οὐδ’
2364 3649 2428 3702 ἂν
2448 3649 2618 3711 άλλως
2641 3645 2930 3715 γενόμενα,
2967 3647 3014 3694 εξ
3055 3642 3131 3710 μή
3161 3639 3426 3708 τιζκτίσαι
3455 3635 3520 3686 δι’
3550 3631 3701 3684 αὐτῶν

2170 3762 2188 3794 ι
2226 3741 2507 3813 ἠϐουλήθη
2565 3739 2718 3802 Θεὸς,
2748 3738 2821 3799 ὼς
2845 3736 2942 3788 οὐκ
2967 3733 3266 3802 ἀρκοῦντος
3298 3729 3393 3781 τοῦ
3423 3721 3704 3795 βού).εσθαι;

2169 3853 2186 3886 ι
2231 3835 2343 3888 Πᾶν
2371 3833 2499 3902 γὰρ,
2523 3829 2552 3883 ὃ
2579 3829 2722 3892 τινὸς
2777 3829 2990 3891 ἕνεκεν,
3012 3827 3350 3893 ἀτιμότερον
3394 3819 3462 3873 δι’
3521 3816 3547 3867 δ
3577 3813 3709 3882 γεγέ·

2132 3965 2134 3968 μ
2170 3947 2187 3976 ι
2236 3942 2417 3996 νηται.
2454 3921 2599 3990 Ἐγὼ
2628 3923 2684 3976 δὲ
2712 3921 2988 3991 θεότητος,
3015 3917 3190 3988 ἀρχὴν
3221 3914 3466 3981 εἰσάγων
3489 3913 3704 3978 ἄχρονον,

2172 4037 2188 4068 ι
2228 4018 2322 4070 καὶ
2363 4014 2684 4086 ἀχώριστον,
2721 4013 2814 4063 καὶ
2854 4011 3132 4082 ἀόριστον,
3160 4009 3267 4079 τήν
3291 4025 3354 4060 τε
3379 4005 3552 4077 ἀρχὴν
3569 4000 3706 4070 τιμῶ,

2170 4129 2188 4160 ο
2230 4109 2324 4162 καὶ
2346 4107 2415 4161 τὰ
2441 4110 2504 4158 ὲκ
2533 4107 2633 4176 τῆς
2669 4105 2847 4176 ἀρχῆς
2879 4107 3106 4174 ἐπίσης·
3161 4104 3266 4174 τὴν
3295 4104 3423 4171 μὲν,
3458 4100 3535 4153 ὅτι
3560 4096 3683 4150 τοιού

2171 4217 2188 4250 ι
2226 4214 2335 4250 των
2369 4195 2568 4268 ἀρχὴν,
2604 4197 2671 4248 τὰ
2698 4194 2776 4258 δὲ,
2810 4196 2894 4247 ὅτι
2957 4193 3100 4246 οὕτω
3138 4194 3233 4246 καὶ
3288 4191 3521 4245 τοιαῦτα
3551 4193 3608 4242 ὲκ
3631 4185 3707 4238 τοῦ

2169 4306 2188 4339 ι
2228 4288 2494 4349 τοιούτου,
2523 4289 2655 4356 μήτε
2686 4285 2763 4354 τῷ
2822 4286 2974 4348 ποτὲ,
3039 4282 3180 4355 μήτέ
3229 4286 3301 4354 τῇ
3357 4281 3540 4350 φύσει,
3598 4278 3708 4349 μήτε

2169 4399 2186 4433 ι
2231 4381 2307 4450 τῷ
2345 4380 2526 4449 eam];
2552 4378 2928 4448 διειργόμενα,
2959 4376 3015 4428 ἓν
3043 4377 3171 4429 ὄντα
3208 4374 3590 4447 διῃρημένως,
3642 4373 3715 4421 καὶ

2169 4493 2187 4525 ι
2228 4471 2581 4542 διαιρούμενα
2608 4469 2988 4539 συνημμένως,
3031 4470 3080 4520 εἰ
3119 4468 3214 4521 καὶ⁸
3239 4465 3552 4538 παράδοξον
3580 4461 3714 4515 τοῦτο

496 4579 514 4612 σ
553 4562 714 4633 cujus
760 4565 837 4616 rei
885 4563 1057 4632 gratia
1106 4563 1306 4616 factum
1357 4572 1462 4626 est,
1514 4564 1782 4634 abjertius
1831 4575 1914 4619 est
1969 4580 2055 4631 eo,

2174 4584 2188 4616 t
2226 4567 2399 4618 εἰπεῖν
2445 4564 2543 4631 οὐχ
2575 4557 2736 4632 ἦττον
2769 4561 3030 4614 ἐπαινετὰ
3081 4560 3182 4629 τῆς
3212 4559 3360 4630 πρὸς
3388 4557 3588 4628 ἄλληλα
3612 4555 3716 4623 σχέ-

499 4673 516 4706 ι
561 4663 781 4723 propter
812 4652 956 4722 quod
991 4653 1193 4706 factum
1227 4664 1334 4708 est.
1366 4657 1434 4706 At
1467 4669 1568 4723 ego
1599 4655 1819 4708 deitatis
1852 4655 2053 4724 princi-

498 4763 515 4796 t
555 4749 702 4815 pium
741 4745 1004 4812 temporis
1049 4759 1267 4813 expers,
1314 4746 1673 4814 inseparabile
1739 4758 1902 4814 atque
1934 4748 2055 4800 inli-

498 4855 516 4888 ι
559 4837 733 4890 nitum
788 4845 1067 4900 statuens,
1122 4845 1176 4890 et
1226 4837 1552 4906 principium
1601 4847 1655 4890 et
1701 4851 1802 4902 ea,
1860 4853 1981 4908 qua:
2025 4853 2054 4891 a

495 4949 513 4981 ι
553 4928 818 4998 principio
864 4936 1110 4991 manant,
1139 4927 1255 4996 pari
1286 4928 1496 4982 honore
1538 4944 1876 4998 prosequor:
1918 4930 2049 4984 illud

495 5039 512 5072 t
554 5020 680 5090 quia
715 5021 900 5073 talium
934 5028 1018 5073 est
1041 5018 1392 5088 principium,
1424 5021 1538 5073 haec
1571 5020 1697 5089 quia
1742 5021 1833 5074 tali
1869 5022 2051 5088 modo,

495 5133 514 5164 ι
553 5123 606 5167 et
639 5113 789 5178 talia,
826 5121 880 5166 et
932 5126 996 5165 ex
1050 5111 1165 5174 tal-i,
1224 5126 1323 5164 nec
1384 5120 1651 5180 tempore,
1689 5128 1790 5167 nec
1835 5123 2052 5179 natura,
2107 5111 2113 5118 ’

2169 4675 2186 4707 ι
2229 4672 2387 4719 σεως,
2443 4655 2476 4724 ἢ
2529 4653 2650 4707 καθ’
2696 4653 2854 4704 ἑαυτὸ
2907 4652 3136 4706 ἕκαστον
3186 4650 3492 4720 νοούμινόν
3539 4664 3594 4700 τε
3636 4649 3712 4696 καὶ

2171 4770 2188 4798 σ
2229 4747 2662 4816 λαμϐανόμενον,
2699 4744 2907 4813 Τριάδα
2963 4743 3174 4797 τελείαν
3205 4747 3274 4796 ὲκ
3299 4743 3531 4796 τελείων
3577 4739 3716 4808 τριῶν

2171 4860 2189 4890 ι
2231 4840 2452 4909 μονάδος
2491 4839 2586 4907 μὲν
2615 4837 2925 4906 κινηθείσης
2955 4836 3043 4889 διὰ
3077 4835 3138 4888 τὸ
3203 4836 3494 4899 πλούσιον,
3553 4833 3717 4890 δυάδος

2166 4951 2182 4983 ι
2223 4933 2278 4984 δὲ
2307 4929 2734 4999 ὑπερΰαθείσης.
2779 4927 2948 4996 ’Υπὲρ
2972 4927 3080 4996 γὰρ
3112 4926 3212 4996 τὴν
3244 4925 3389 4998 ὕλην
3412 4927 3508 4979 καὶ
3529 4928 3584 4978 τὸ
3605 4921 3719 4981 εἶδος

2167 5039 2184 5072 ι
2226 5020 2283 5084 ἐξ
2339 5015 2411 5072 ὧν
2435 5019 2502 5071 τὰ
2549 5017 2796 5088 σώματα,
2847 5016 3071 5088 Τριάδος
3119 5016 3174 5069 δὲ
3203 5015 3540 5087 ὁρισθείσης,
3561 5013 3638 5066 διὰ
3671 5011 3717 5061 τὸ

2167 5133 2184 5164 ι
2223 5113 2446 5166 τέλειον.
2483 5128 2500 5161 ι

495 5228 512 5258 ι
553 5225 650 5262 nec
687 5208 862 5271 cultu,
893 5216 946 5260 et
976 5206 1330 5259 veneratione
1403 5205 1683 5271 distincta,
1727 5223 1896 5262 unum
1970 5187 2186 5264 divisitn
2248 5205 2590 5266 exsistenlia,
2657 5213 2710 5256 et
2777 5202 3110 5270 cuitjunctim
3175 5204 3390 5266 divisa,
3450 5201 3717 5258 dirtulicrl

495 5319 513 5351 ι
558 5302 776 5364 mirum,
824 5316 930 5353 non
969 5299 1149 5352 minus
1203 5297 1273 5351 ob
1353 5298 1667 5352 relationem
1701 5339 1714 5362 ,
1765 5317 1928 5369 quam
2006 5305 2145 5360 inter
2214 5321 2271 5358 se
2328 5301 2545 5363 habent,
2598 5298 2888 5360 laudanda,
2964 5313 3126 5364 quam
3172 5299 3613 5368 unumquodque
3647 5303 3720 5358 per

497 5413 512 5444 ι
558 5411 614 5446 se
640 5404 949 5460 acceptum,
977 5398 1028 5443 et
1057 5389 1412 5456 intellectum,
1447 5392 1741 5459 perlectam
1774 5407 1839 5446 ex
1873 5396 2049 5452 tribus
2131 5394 2386 5466 perfectis
2448 5391 2789 5454 Trinitatem,
2853 5391 3060 5444 unitate
3095 5389 3366 5444 nimirum
3436 5392 3506 5443 oli
3531 5387 3718 5440 divitias

491 5507 508 5539 ι
551 5501 716 5550 mata,
771 5485 984 5540 biuario
1033 5494 1212 5538 autem
1255 5495 1531 5554 superato,
1587 5497 1870 5557 propterea
1928 5491 2072 5560 quod
2137 5492 2311 5546 deitas
2352 5503 2512 5558 supra
2579 5490 2862 5542 materiam
2930 5497 2982 5542 et
3017 5488 3252 5541 formam
3316 5488 3418 5553 sit,
3451 5502 3514 5541 ex
3548 5484 3722 5554 quibus

492 5600 510 5631 ο
554 5595 785 5649 corpora
830 5588 1080 5633 constant
1121 5595 1135 5632 :
1171 5575 1437 5632 Trinitaze
1491 5597 1618 5635 vero
1667 5591 1890 5652 propter
1985 5585 2372 5655 perfectionem
2407 5583 2649 5636 deliuita.
2689 5600 2708 5632 ι

1057 5669 1485 5723 Animadversio.

2749 5673 3105 5726 Ἐπιστασία

2223 5786 2241 5818 ι
2293 5767 2455 5837 Ὁρᾷς
2486 5768 2583 5820 καὶ
2613 5767 2706 5820 τὸν
2732 5768 2797 5821 τὰ
2833 5767 2971 5841 βάθη
3015 5769 3109 5822 τοῦ
3160 5751 3500 5842 Πνεύματος
3529 5769 3725 5843 ἐρευνή-

2169 5879 2186 5910 ι
2235 5876 2419 5926 σαντα,
2456 5861 2553 5916 καὶ
2601 5861 2740 5932 μετὰ
2766 5861 2858 5915 τὸν
2889 5862 3206 5936 ὲπιστήθιον
3244 5867 3349 5922 καὶ
3388 5864 3726 5937 ἠγαπημένον

561 5782 579 5813 ι
617 5761 848 5817 Videsne
877 5761 1057 5823 etiam,
1088 5765 1180 5831 qui
1219 5763 1483 5832 profunda
1545 5763 1688 5833 Spiri
1719 5782 1783 5819 us
1818 5768 2046 5819 investi-

489 5871 508 5904 t
545 5851 711 5924 gavit,
756 5861 808 5907 et
835 5861 960 5924 post
998 5851 1254 5907 dilectum
1304 5853 1474 5919 illum,
1530 5865 1582 5908 et
1619 5858 1709 5926 qui
1770 5858 1820 5910 in
1855 5867 2054 5928 pectus
