3870 6570
193 453 296 518 461

780 565 1162 622 ἐπιστασία.

277 680 295 712 ι
345 659 592 731 Πρὸσχες
662 657 947 714 κάνταῦθα
1001 656 1080 727 τῷ
1136 657 1298 726 ἁγίῳ,
1353 658 1527 711 αίτιον
1579 656 1673 709 τοῦ
1729 673 1786 708 τε

199 772 219 805 ι
264 751 402 806 Υίοῦ
436 752 527 805 καὶ
556 751 652 806 τοῦ
693 750 1010 820 Πνεῦματος
1042 749 1134 802 τὸν
1162 749 1387 820 Πατέρα
1418 748 1784 803 διδάσκοντι.»

824 842 1226 912 Ἀντίρῤησις.

281 937 444 991 Ἀλλὰ
475 937 710 1008 πρόσχες
747 935 839 988 καὶ
869 935 946 1006 τῷ
973 951 989 967 ο
1022 953 1041 986 ι
1088 934 1224 989 Οὐδὲ
1268 935 1378 1006 γάρ
1428 932 1668 1006 ἔπρεπεν
1711 933 1797 987 ἐλ-

193 1029 418 1083 λείπειν
492 1029 621 1082 ποτὲ
671 1028 705 1099 ἢ
766 1028 894 1080 Υἱὸν
947 1025 1166 1098 Πατρὶ,
1218 1027 1251 1098 ἦ
1310 1025 1532 1096 Πνεῦμα
1579 1025 1718 1094 Υίῷ.
1772 1044 1791 1078 ι

193 1122 303 1174 Διὰ
359 1119 453 1173 τοῦ
518 1118 649 1172 Υίοῦ
688 1118 797 1189 γὰρ
817 1117 1125 1186 ὀΘεολόγος
1149 1117 1435 1172 συνάπτων
1458 1117 1519 1171 τὸ
1549 1117 1795 1188 Πνεῦμα,

191 1212 331 1274 τοὺς
387 1209 455 1264 δι’
511 1209 642 1263 Υἰοῦ
699 1209 1086 1278 θεολογοῦντας
1150 1212 1216 1262 ἐκ
1274 1209 1488 1280 Πατρδς
1539 1204 1679 1262 εἶναι
1742 1209 1800 1262 τὸ

197 1304 438 1374 Πνεῦμα
479 1303 810 1374 συνίστησιν.

205 1417 324 1471 Τοῦ
368 1415 557 1471 αὑτοῦ
585 1414 656 1472 ἐκ
699 1415 806 1470 τοῦ
836 1417 971 1485 περὶ
1020 1418 1132 1486 τῆς
1160 1417 1230 1472 ἐν
1277 1416 1409 1483 ταῖς
1450 1415 1802 1481 διαλέξεσιν

849 1489 1158 1556 εὐταξίας.

277 1603 411 1658 Al“.
453 1621 471 1655 ι
511 1603 639 1656 Δέον
667 1603 762 1657 ἕνα
790 1603 923 1657 Θεὸν
962 1603 1182 1676 Πατέρα
1223 1601 1537 1673 γινώσκειν,
1566 1603 1804 1674 ἄναρχον

207 1711 230 1743 ε
269 1695 369 1746 καὶ
397 1693 718 1764 ἀγέννητον,
750 1694 846 1766 καὶ
879 1693 974 1748 ἕνα
1005 1692 1136 1746 Υἱὸν
1184 1692 1587 1763 γεγεννημένον
1612 1693 1677 1744 ὲκ
1709 1689 1803 1745 τοῦ

208 1805 231 1836 ι
272 1787 515 1858 Πατρδς,
545 1789 641 1840 καὶ
671 1787 894 1857 Πνεῦμα
919 1786 997 1853 ἓν,
1030 1789 1095 1841 ὲκ
1113 1787 1250 1840 Θεοῦ
1279 1787 1380 1858 τὴν
1399 1786 1636 1856 ὓπαρξιν
1657 1785 1802 1856 ἔχον,

206 1896 230 1928 ι
270 1877 647 1947 παραχωροῦν
674 1876 849 1948 Πατρὶ
881 1877 980 1946 μὲν
1009 1878 1360 1950 άγεννησίας,
1382 1878 1498 1947 Υίῷ
1521 1877 1578 1929 δὲ
1607 1876 1801 1946 γεννή-

208 1987 231 2020 ι
269 1984 454 2030 σεως·
491 1971 560 2023 τά
610 1971 655 2022 δ’
695 1972 829 2024 ἄλλα
873 1973 969 2023 καὶ
1020 1970 1290 2041 συμφυὲς,
1348 1969 1443 2026 καὶ
1494 1969 1801 2040 σύνθρονον,

207 2078 231 2112 ε
274 2064 375 2116 καὶ
405 2062 682 2133 ὁμόδοξον,
713 2065 808 2116 καὶ
840 2063 1127 2134 ὁμότιμον,
1171 2081 1190 2114 ι

819 2349 1203 2406 Ἐπιστασία.

285 2459 309 2493 τ
367 2438 608 2494 Ἀκούων
647 2440 924 2493 κάνταῦθα
974 2443 1105 2513 περὶ
1141 2438 1235 2494 τοῦ
1271 2439 1593 2512 Πνεῦματος
1622 2443 1706 2495 ὅτι
1745 2443 1810 2496 ὲκ

205 2549 227 2584 ι
274 2532 424 2586 Θεοῦ
469 2533 566 2601 τὴν
617 2531 849 2604 ὕπαρξιν
897 2534 1031 2603 ἔχει,
1063 2533 1148 2598 τὸ,
1199 2534 1264 2586 ὲκ
1313 2532 1473 2600 Θεοῦ,
1535 2535 1672 2604 πρὸς
1710 2534 1812 2598 τὰς

209 2643 230 2676 ι
281 2625 676 2694 προλαὸούοας
732 2629 958 2696 χρήσεις
999 2624 1108 2678 τῶν
1154 2625 1358 2679 λοιπῶν
1403 2627 1577 2696 ἁγίων
1616 2627 1812 2700 συμϐί-

209 2737 233 2770 ι
283 2717 450 2782 σαζε,
479 2717 661 2780 καθὼς
693 2720 750 2770 ὲν
781 2718 1002 2782 πολλαῖς
1031 2718 1270 2790 ίὲχείνων
1323 2720 1660 2792 σαφέστερον
1711 2721 1814 2773 έπ-

209 2829 233 2863 ε
285 2811 773 2883 εσημειωσάμεθα.
816 2829 836 2863 ι

832 2905 1223 2973 Ἀντίρῤησις.

292 3013 495 3077 Οὐδεὶς
544 3014 759 3067 ἀκούων
795 3017 922 3086 περὶ
969 3016 1062 3070 τοῦ
1097 3017 1410 3089 Πνεῦματος
1460 3018 1543 3073 ὅτι
1587 3021 1653 3074 ὲκ
1679 3018 1814 3074 Θεοῦ

204 3107 326 3178 τὴν
370 3105 604 3176 ὓπαρξιν
632 3106 767 3177 ἔχει,
799 3108 921 3179 οὐχὶ
949 3110 1014 3162 ἐκ
1047 3110 1259 3179 [ἰατρὸς
1285 3113 1416 3176 νοεῖ,
1448 3113 1532 3177 τὸ,
1568 3114 1632 3166 ὲκ
1654 3111 1813 3168 Θεοῦ.

221 3198 390 3252 Ἀλλ’
413 3199 586 3262 οὐδεὶς
620 3199 784 3253 πάλιν
831 3202 930 3271 τὴν
965 3201 1226 3271 ἀλήθειαν
1261 3203 1463 3269 παντὸς
1493 3203 1818 3277 προτιθέμε-

1160 455 1242 517 IN
1281 455 1663 515 CAMATERI
1705 451 2457 516 ANIMADVERSIONES.

1813 566 1860 626 Α

3360 449 3466 514 462

2478 558 2906 612 Animadversio.

1977 674 1995 706 ι
2035 654 2174 707 Nota
2211 671 2274 708 ex
2310 653 2394 707 his
2437 667 2682 722 quoque,
2715 660 2966 706 sanctum
2999 647 3119 704 Filii
3145 659 3197 704 et
3235 649 3473 721 Spiritus

1899 765 1918 796 ‹
1961 761 2182 802 causam
2218 745 2432 801 Patrem
2465 745 2734 816 proﬁteri.
2777 763 2794 795 ι

2543 839 2842 910 Refulatio.

1973 935 2172 992 Verum
2205 945 2333 990 nota
2373 944 2429 988 tu
2464 933 2554 988 illa
2590 950 2603 985 :
2642 953 2660 984 ι
2695 930 2804 986 Ν‹-ο
2829 930 2976 984 enim
3000 929 3389 995 conveniebat,
3418 939 3478 984 ut

1902 1029 1985 1084 vcl
2016 1027 2175 1083 Pater
2205 1012 2374 1091 Filio,
2407 1027 2491 1081 vel
2520 1024 2690 1078 Filius
2721 1022 2930 1093 Spiritu
2959 1030 3152 1076 sancto
3183 1029 3420 1075 careret.
3450 1039 3468 1072 ι

1899 1119 2003 1175 Per
2038 1119 2423 1206 Filinmcenitn
2472 1117 2786 1187 'I‘hcologns
2837 1115 2980 1169 I‘atri
3034 1113 3301 1180 Spiritum
3346 1127 3481 1167 con-

1895 1213 2154 1284 iungens,
2181 1228 2276 1267 eos
2302 1213 2394 1283 qui
2430 1227 2524 1281 per
2547 1209 2746 1264 ιαἰιιιιιιι
2777 1224 2842 1262 ex
2873 1207 3035 1262 Patre
3063 1206 3332 1277 Spiritum
3357 1219 3483 1261 esse

1902 1307 2224 1371 decernunt,
2256 1303 2569 1360 conlirmat.

1904 1417 2156 1489 Ejusdem
2191 1436 2258 1474 ea:
2287 1429 2430 1477 orat.
2463 1420 2526 1473 de
2563 1416 2924 1470 moderatione
2956 1414 3008 1468 in
3033 1412 3484 1483 disputationibus

2550 1492 2836 1542 servanda.

1976 1602 2214 1659 XXXIII.
2260 1621 2280 1655 ι
2314 1604 2384 1656 At
2413 1601 2506 1674 qui
2537 1617 2706 1656 unum
2729 1600 2894 1655 Deum
2929 1600 3149 1656 Patrem
3189 1615 3486 1670 agnoscere

1915 1715 1934 1747 ι
1971 1705 2210 1764 oportet,
2264 1695 2521 1765 principii
2583 1703 2886 1764 expertem,
2939 1701 2994 1747 et
3045 1693 3371 1762 ingenitum,
3433 1701 3489 1746 et

1914 1805 1932 1836 ι
1973 1802 2142 1841 unum
2172 1785 2373 1840 Filium
2405 1802 2468 1840 ex
2500 1784 2661 1839 Patre
2705 1784 2972 1854 genitum,
3005 1792 3058 1837 et
3099 1799 3266 1837 unum
3313 1781 3490 1851 Spiri-

1914 1897 1932 1927 ι
1977 1887 2089 1931 ιιιω
2119 1894 2184 1932 ex
2211 1877 2321 1934 Deo
2347 1878 2714 1932 substantiam
2745 1878 3056 1937 habentem,
3094 1875 3200 1930 hoc
3239 1871 3360 1930 solo
3387 1888 3491 1927 no-

1921 1992 1936 2020 ο
1977 1971 2126 2025 mine
2171 1969 2318 2026 Patri
2370 1972 2677 2032 cedentem,
2715 1969 2860 2039 quod
2912 1983 3020 2022 non
3069 1967 3346 2039 ingenitus
3393 1968 3488 2026 sit.

1915 2082 1935 2113 ι
1976 2065 2077 2118 hoc
2118 2064 2248 2118 item
2283 2063 2442 2128 Filio,
2473 2064 2620 2134 quod
2660 2079 2768 2118 non
2796 2063 3012 2132 genitus
3041 2063 3132 2125 sit,
3161 2075 3358 2116 uetera
3391 2051 3493 2114 au-

1919 2175 1936 2205 ι
1977 2163 2085 2209 tem
2123 2155 2370 2226 ejusdem
2420 2155 2651 2210 omnino
2687 2167 2918 2220 natura,
2969 2154 3270 2226 dignitatis,
3325 2155 3496 2207 hono-

1917 2267 1933 2298 ι
1974 2249 2068 2314 ris,
2093 2248 2298 2320 gloriae.
2329 2267 2346 2298 ι

2492 2342 2920 2396 Animadversio.

1992 2449 2009 2484 ι
2043 2430 2144 2490 Hic
2192 2434 2364 2490 etiam
2421 2436 2650 2491 audiens
2703 2435 2769 2490 de
2812 2435 3042 2505 Spiritu,
3092 2447 3216 2487 eum
3263 2447 3330 2488 ex
3381 2430 3496 2486 Deo

1921 2545 1938 2574 ι
1979 2525 2342 2581 substantiam
2397 2522 2620 2592 habere,
2668 2528 2797 2584 illud
2851 2544 2914 2583 ex
2957 2527 3066 2583 Deo
3109 2543 3234 2581 cum
3291 2539 3497 2597 prace-

1921 2634 1939 2668 ι
1975 2616 2237 2675 dentibus
2280 2620 2616 2691 reliquorum
2661 2632 2981 2676 sanctorum
3010 2619 3192 2674 verbis
3225 2615 3492 2682 conferto,

1919 2727 1941 2760 ι
1981 2717 2040 2765 ut
2077 2711 2132 2766 in
2165 2714 2355 2769 multis
2393 2713 2735 2784 explanatius
2775 2713 3179 2768 adnotavimus.
3220 2731 3238 2764 ι

2559 2900 2856 2972 Refutatio.

1992 3013 2169 3068 Nemo
2201 3013 2268 3069 de
2319 3013 2527 3085 Spiritu
2578 3015 2810 3070 audiens
2862 3030 2926 3071 ex
2959 3015 3072 3070 Deo
3128 3014 3493 3070 substantiam

1923 3105 2151 3169 habere.
2185 3107 2318 3161 illud
2373 3122 2438 3161 ex
2479 3106 2590 3162 Deo
2625 3107 2692 3162 de
2728 3107 2891 3162 Patre
2926 3123 3033 3163 non
3067 3107 3354 3178 intelligat.
3392 3106 3495 3174 Sed

1921 3215 2084 3256 nemo
2118 3216 2336 3269 rursus,
2387 3201 2480 3272 qui
2511 3203 2792 3258 veritatem
2846 3202 3010 3258 rebus
3051 3201 3174 3258 aliis
3211 3202 3497 3272 praeponit,

207 3309 319 3355 νος
349 3295 459 3354 τοῖς
482 3292 723 3360 ὶέγουσι,
751 3291 816 3345 δι’
849 3292 980 3346 Υίοῦ
1017 3295 1081 3347 ὲκ
1109 3295 1322 3366 Πατρδς
1352 3296 1485 3351 αὐτὸ
1513 3299 1610 3368 τὴν
1636 3298 1817 3350 τοιαύ-

1938 3299 2340 3362 isserentibus,
2388 3311 2485 3366 per
2517 3294 2716 3350 Filium
2751 3312 2815 3350 ex
2865 3295 3025 3350 Patre
3082 3311 3207 3351 eum
3265 3296 3500 3350 similem

208 3400 331 3453 την
361 3381 594 3453 ὕπαρξιν
616 3385 782 3454 ἔχειν,
811 3385 1136 3452 ἀντιλέξειεν
1163 3385 1250 3440 ἄν.
1275 3388 1411 3442 Οὐδὲ
1439 3389 1548 3457 γάρ
1595 3389 1816 3442 ἐναντία

209 3473 412 3527 ταῦτα
466 3479 557 3528 καὶ
585 3475 835 3545 ἀλλήλοις
894 3477 1203 3546 μαχόμενα,
1239 3477 1327 3531 διὰ
1376 3479 1439 3533 τὸ
1482 3479 1591 3532 πᾶν
1643 3479 1703 3533 τὸ
1751 3479 1817 3534 δι’

217 3563 374 3617 Υίεῦ
403 3566 496 3618 καὶ
522 3566 671 3634 παρὰ
701 3564 856 3628 Υίοῦ,
881 3567 976 3619 καὶ
1003 3567 1060 3634 ἐξ
1094 3566 1224 3620 Υίοῦ
1251 3568 1545 3638 λεγόμενον
1577 3566 1716 3623 εἶναι
1739 3571 1820 3635 είς

213 3659 335 3722 τὴν
369 3657 590 3728 πρώτην
623 3659 805 3712 αἰτίαν
835 3660 927 3714 τὸν
959 3659 1180 3732 Πατέρα
1208 3661 1308 3733 τὴν
1342 3663 1620 3735 ἀναφορὰν
1650 3662 1817 3734 ἔχειν.

308 3771 428 3826 Τοῦ
462 3772 648 3827 αὐτοῦ
680 3774 749 3828 ἐκ
778 3774 885 3831 τοῦ
915 3773 1048 3845 περί
1083 3775 1221 3830 Υἱοῦ
1256 3776 1492 3844 πρώτου
1534 3779 1746 3848 λόγου.

305 3887 435 3940 ΛΔ⁹.
473 3907 490 3939 ι
543 3886 704 3957 Ἡμῖν
733 3888 789 3941 δὲ
827 3890 1095 3958 μοναρχία
1122 3890 1180 3942 τὸ
1227 3889 1562 3959 τιμώμενον.
1607 3892 1823 3964 Μοναρ-

224 3999 248 4031 ι
295 3978 394 4048 χία
426 3979 504 4043 δὲ,
533 3981 629 4050 οὐχ
667 3980 732 4050 ῆν
756 3978 814 4032 ἓν
841 3983 1172 4052 περιγράφει
1205 3983 1684 4052 πρόσωπον.Ἐστι
1713 3988 1822 4056 γὰρ

229 4094 249 4123 ι
301 4070 489 4124 καὶτὸ
517 4072 594 4137 ἓν,
632 4070 924 4135 στασιάζον
965 4075 1101 4142 πρὸς
1134 4074 1318 4136 ἑαυτὸ,
1351 4073 1524 4127 πολλὰ
1566 4074 1824 4130 καθίστα-

230 4184 250 4214 ι
305 4162 457 4222 σθαι.
519 4161 633 4215 ἀλλ’
666 4163 732 4234 ἢν
792 4163 1006 4232 φύσεως
1063 4164 1326 4234 ὁμοτιμία
1370 4165 1676 4236 συνίστησι,
1730 4167 1826 4220 καὶ

230 4276 248 4308 ε
299 4258 533 4325 γνώμης
588 4255 884 4326 σύμπνοια,
926 4256 1020 4309 καὶ
1069 4259 1336 4328 ταυτότης
1387 4259 1676 4330 κινήσεως,
1729 4259 1827 4314 καὶ

229 4368 251 4398 ι
301 4349 444 4417 πρὸς
473 4348 532 4400 τὸ
585 4345 646 4400 ἓν
695 4347 805 4400 τῶν
843 4347 902 4415 ἐξ
939 4346 1103 4401 αὑτοῦ
1153 4348 1453 4414 σύννευσις,
1497 4351 1637 4422 ὅπερ
1678 4353 1824 4423 ἀμή-

233 4459 253 4490 σ
304 4454 472 4507 χανον
501 4439 592 4490 ἐπὶ
627 4439 722 4508 τῆς
747 4441 1011 4510 γεννητῆς
1040 4437 1274 4508 φύσεως,
1303 4437 1444 4492 ὥστε
1475 4439 1575 4494 κᾶν
1606 4441 1827 4513 ἀριθμῷ

234 4551 253 4581 ε
303 4531 566 4601 διαφέρῃ,
613 4532 679 4601 τῇ
729 4546 792 4598 γε
836 4531 995 4602 οὐσίᾳ
1051 4531 1128 4601 μὴ
1166 4530 1484 4600 τέμνεσθαι.
1527 4534 1626 4586 Διά
1669 4534 1828 4596 τοῦτο

1921 3390 2291 3448 substantiam
2325 3390 2548 3454 habere,
2581 3388 2926 3444 contradicet
2961 3405 2974 3442 :
3004 3403 3180 3459 neque
3213 3389 3358 3442 enim
3388 3388 3506 3442 ha-e

1922 3484 2198 3538 contraria
2254 3491 2404 3559 sunt,
2441 3499 2542 3540 nec
2591 3482 2699 3538 sibi
2750 3482 2981 3537 invicem
3015 3491 3280 3552 pugnant.
3327 3485 3501 3554 quod,

1921 3575 2014 3643 qui
2045 3589 2138 3644 per
2168 3572 2390 3639 Filium,
2421 3584 2476 3629 et
2503 3592 2528 3626 a
2555 3572 2720 3638 Filio,
2753 3582 2808 3629 et
2859 3589 2923 3628 ex
2956 3572 3097 3629 Filio
3127 3574 3330 3628 dicitur
3357 3589 3504 3638 esse,

1923 3666 1978 3720 in
2012 3666 2241 3736 primam
2277 3682 2500 3722 causam
2537 3665 2755 3723 Patrem
2787 3667 3106 3723 relationem
3143 3669 3333 3724 habet.

2153 3781 2411 3850 Ejusdem
2443 3796 2508 3836 ea:
2541 3781 2782 3836 oratione
2803 3781 2980 3851 prima
3015 3784 3078 3838 de
3105 3781 3272 3840 Filio.

1998 3896 2241 3954 XXXIV.
2306 3916 2325 3951 ι
2361 3898 2430 3954 At
2465 3913 2568 3955 nos
2617 3898 2779 3954 unius
2810 3898 2904 3954 Dei
2955 3901 3318 3971 principatum
3369 3905 3506 3960 coli-

1931 4009 1950 4043 ι
1989 4007 2138 4047 mus.
2188 3988 2368 4046 Unius
2409 3999 2594 4046 autem
2627 3992 2993 4063 ptincipatum
3023 3993 3171 4060 dico,
3203 4011 3310 4049 non
3341 4011 3506 4065 quem

1932 4101 1950 4135 ι
1991 4099 2223 4154 persona
2255 4099 2364 4138 una
2404 4084 2834 4151 circumscribit,
2865 4086 2985 4141 ﬁeri
3033 4088 3178 4141 enim
3206 4098 3405 4158 potest,
3451 4104 3512 4144 ut

1936 4195 1954 4228 ι
1993 4175 2142 4245 quod
2174 4191 2344 4231 unum
2369 4186 2475 4243 est,
2518 4177 2562 4232 si
2605 4192 2637 4232 a
2668 4179 2852 4247 seipso
2892 4178 3180 4246 dissideat,
3209 4197 3511 4254 secumque

1939 4287 1958 4320 ι
1994 4269 2292 4331 discordet.
2332 4271 2502 4324 multa
2534 4269 2652 4334 ﬁat,
2699 4270 2794 4325 sed
2826 4287 2988 4341 quem
3025 4275 3254 4342 aequalis
3302 4285 3513 4331 natura:

1937 4379 1954 4411 ι
1991 4361 2237 4431 dignitas
2307 4361 2630 4427 constituit,
2689 4371 2743 4417 et.
2807 4364 3108 4419 voluntatis
3175 4369 3508 4430 consensio.

1939 4472 1956 4498 ε
2003 4463 2297 4523 motusque
2329 4454 2609 4520 identitas,
2641 4465 2805 4524 atque
2837 4457 2907 4510 ad
2950 4472 3140 4524 unum,
3180 4469 3235 4514 et
3260 4461 3509 4517 eamdem

1939 4563 1960 4598 ι
2001 4561 2140 4610 rem,
2177 4561 2368 4627 eorum
2426 4562 2550 4616 qua:
2587 4561 2654 4602 ex
2699 4549 2817 4618 ipso
2865 4560 2996 4604 sunt
3042 4554 3336 4617 conjuncta
3381 4570 3512 4626 pro-

239 4641 258 4674 ι
306 4629 478 4690 μονάς
511 4623 606 4677 ἀπ’
637 4623 810 4694 ἀρχῆς
850 4624 929 4687 είς
957 4624 1126 4679 δυάδα
1164 4624 1449 4695 κινηθεῖσα
1481 4629 1645 4698 μέχρι
1671 4631 1817 4698 τριά-

1942 4655 1960 4687 ι
1999 4637 2214 4708 pensio,
2253 4624 2306 4692 id
2337 4639 2486 4708 quod
2523 4640 2575 4694 in
2609 4617 2775 4697 rebus
2811 4645 3118 4710 procreatis
3145 4643 3265 4698 lit-ri
3299 4617 3513 4717 nequit,

240 4738 261 4770 ε
302 4719 394 4780 δος
421 4718 573 4787 ἔστη.
607 4719 714 4771 Καὶ
757 4717 914 4772 τοῦτό
950 4719 1097 4772 ἐστιν
1124 4720 1277 4790 ἡμῖν,
1309 4719 1338 4772 ὁ
1382 4719 1592 4794 Πατὴρ,
1620 4722 1648 4774 ὁ
1677 4721 1823 4786 Υἱὸς,

243 4830 261 4862 ι
304 4810 479 4864 καὶτὸ
501 4811 652 4878 άγιον
673 4809 918 4880 Πνεῦμα,
938 4811 966 4863 ὁ
984 4811 1081 4881 μὲν
1097 4812 1376 4882 γεννήτωρ
1395 4813 1490 4866 καὶ
1511 4812 1825 4883 προδολεὺς,

242 4922 262 4954 ι
305 4900 455 4969 λέγω
477 4900 535 4954 δὲ
569 4902 796 4965 ἀπαθῶς
829 4901 925 4955 καὶ
959 4903 1204 4971 ἁχρόνως
1237 4904 1334 4957 καὶ
1366 4904 1698 4974 άσωμάτως,
1720 4903 1828 4958 τῶν

245 5015 266 5048 ι
303 4995 362 5048 δὲ
384 4995 449 5048 τὸ
466 4995 568 5064 μὲν
591 4993 860 5065 γέννημα,
882 4994 942 5048 τὸ
961 4994 1016 5047 δὲ
1043 4995 1354 5067 πρόϐλημα,
1378 4995 1412 5067 ἢ
1438 4996 1538 5050 οὐκ
1562 4993 1658 5052 οἷδ’
1681 4999 1830 5063 ὅπως

248 5107 268 5141 ι
306 5089 373 5144 ἄν
405 5105 491 5153 τις
534 5086 711 5142 ταῦτα
753 5087 1057 5155 καλέσειεν,
1086 5087 1303 5157 ἀφελὼν
1334 5089 1509 5162 πάντη
1557 5089 1665 5144 τῶν
1691 5091 1832 5162 ὁρωο

245 5199 267 5232 ι
310 5183 517 5252 μένων.
548 5181 624 5234 Οὐ
673 5181 780 5252 γάρ
812 5182 878 5252 δὴ
899 5182 1240 5252 ὑπάρχουσιν
1267 5181 1604 5254 άγαθότητος
1655 5183 1831 5235 είπεῖν

250 5294 272 5326 ι
309 5275 688 5348 θαρρήσομεν,
719 5273 748 5327 ὃ
782 5273 889 5328 τῶν
923 5273 1053 5343 παρ’
1093 5273 1320 5345 Ἕλλησι
1351 5273 1831 5345 φιλοσοφησάντων

253 5389 272 5422 ι
317 5373 492 5424 εἰπεῖν
538 5388 621 5433 τις
669 5371 988 5442 ἐτόλμησεν,
1031 5367 1142 5425 οἷον
1189 5370 1405 5442 κρατήρ
1448 5387 1530 5436 τις
1581 5370 1832 5443 ὐπερῤύη

252 5485 274 5520 ι
320 5465 504 5534 σαφῶς
535 5463 733 5518 οὑτωσὶ
764 5465 959 5534 λέγων,
1004 5466 1062 5518 ἑν
1106 5459 1186 5526 οἷς
1219 5465 1348 5534 περὶ
1399 5461 1619 5535 πρώτου
1657 5464 1833 5518 αἰτίου

255 5581 277 5615 ο
321 5561 415 5616 καὶ
472 5557 729 5628 δευτέρου
775 5557 1077 5628 φιλοσοξεί.
1133 5557 1362 5628 Μήποτε
1423 5557 1680 5611 ἀκούσιον
1735 5554 1834 5627 τὴν

259 5673 279 5704 σ
324 5654 575 5719 γέννησιν
634 5650 1041 5720 εἰσαγάγωμεν,
1103 5649 1198 5705 καὶ
1255 5642 1364 5702 οἷον
1416 5646 1735 5720 περίττωμά
1781 5664 1835 5701 τι

258 5765 281 5797 σ
324 5745 551 5818 φυσικὸν
631 5745 730 5822 τεαὶ
773 5741 1180 5811 δυσκάθεκτον,
1247 5742 1448 5814 ἣκιστα
1498 5743 1627 5804 ,ταῖς
1705 5742 1837 5812 περὶ

259 5860 278 5890 ε
325 5840 575 5911 θεότητος
627 5837 908 5902 ὑπονοίαις
958 5837 1187 5910 πρέπον.
1237 5837 1338 5891 Διὰ
1387 5835 1548 5890 τοῦτο
1589 5835 1684 5889 ἐπὶ
1727 5835 1837 5889 τῶν

262 5953 282 5986 ι
331 5934 609 6006 ἡμετέρων
664 5934 808 6006 ὅρων
866 5931 1188 6004 ἱστάμενοι,
1246 5934 1305 5984 τὸ
1367 5929 1660 6001 ἀγέννητον
1725 5930 1833 5982 sla-

1946 4748 1963 4779 ι
2001 4731 2075 4784 ita
2110 4738 2168 4782 ut
2193 4733 2360 4784 etiam
2393 4732 2436 4785 si
2475 4747 2707 4787 numero
2740 4733 3019 4801 dim-rant,
3057 4739 3297 4807 potentia
3327 4746 3511 4794 tamen

1943 4837 1961 4870 ι
2001 4820 2229 4874 minime
2278 4820 2419 4875 inter
2461 4836 2522 4876 se
2575 4823 2901 4881 dissideant.
2955 4827 3079 4893 Quo
3131 4829 3278 4885 circa
3331 4832 3517 4886 unitas

1945 4931 1960 4960 ι
2003 4912 2272 4981 principio
2300 4914 2354 4969 in
2389 4915 2662 4970 binarium
2703 4925 2873 4979 mota,
2918 4918 2970 4972 itt
3007 4920 3257 4977 trinitate
3297 4927 3517 4980 consti-

1949 5021 1968 5056 ι
2008 5004 2092 5059 tit.
2128 5007 2306 5076 Atque
2337 5008 2440 5062 hoc
2464 5008 2636 5064 .nobis
2665 5019 2750 5065 est
2779 5011 2957 5076 Pater,
2994 5024 3046 5068 et
3076 5012 3277 5082 Filius,
3303 5026 3358 5073 et
3393 5017 3517 5089 Spi-

1947 5115 1966 5147 ι
2005 5097 2143 5151 ritus
2195 5107 2458 5164 sanctus;
2511 5099 2670 5155 Pater
2727 5103 2949 5171 quidem
2995 5107 3232 5175 genitor,
3281 5118 3336 5164 et
3391 5126 3518 5179 pro-

1949 5206 1968 5238 ι
2005 5189 2223 5255 ductor,
2260 5191 2396 5243 citra
2422 5201 2601 5245 tamen
2637 5192 2800 5246 ullam
2841 5194 3152 5262 passionem
3185 5211 3246 5250 ac
3277 5209 3517 5269 tempus,

1951 5299 1971 5334 ι
2007 5293 2173 5352 atque
2203 5285 2530 5354 incorporeo
2559 5286 2722 5338 modo
2755 5303 2768 5338 :
2801 5284 2997 5340 horum
3035 5295 3219 5342 autem
3252 5288 3390 5343 alter
3429 5304 3520 5344 so-

1947 5395 1966 5428 ι
2005 5378 2180 5442 holes,
2233 5377 2372 5430 alter
2421 5375 2734 5447 processio,
2787 5388 2882 5432 aut
2932 5379 3136 5449 quibus
3177 5382 3358 5436 verbis
3403 5382 3520 5436 Ita'c

1949 5488 1966 5520 ι
2005 5469 2278 5539 quispiam
2324 5483 2523 5523 vocare
2559 5477 2764 5538 queat.
2816 5471 3044 5533 nescio,
3107 5470 3177 5526 ab
3236 5471 3342 5539 iis,
3394 5488 3518 5543 quae

1949 5579 1967 5612 ι
2005 5562 2109 5617 sub
2135 5561 2426 5617 oculorum
2478 5575 2703 5617 sensum
2749 5561 2975 5618 cadunt.
3017 5578 3246 5633 prorsus
3301 5566 3519 5622 abstra-
3568 5566 3588 5594 θ

1949 5673 1967 5706 ι
2009 5663 2118 5710 cta.
2162 5651 2351 5725 Neque
2410 5655 2558 5708 cnim
2620 5654 2882 5710 bonitatis
2931 5655 3370 5724 superfusionem
3436 5661 3522 5715 di-

1952 5763 1970 5796 ι
2006 5759 2130 5799 cere
2187 5745 2539 5808 audebimus,
2587 5745 2804 5800 tametsi
2854 5747 3126 5817 quispiam
3176 5765 3393 5819 eorum,
3427 5757 3522 5824 qui

1953 5857 1970 5889 ι
2005 5839 2150 5908 apud
2179 5837 2433 5894 ethnicos
2465 5838 2828 5909 philosophiae
2863 5840 3022 5897 laude
3060 5841 3386 5913 ﬂoruerunt,
3421 5849 3526 5906 hoc

1954 5951 1970 5982 ι
2012 5929 2282 5992 wcahulo
2309 5929 2385 5985 ttti
2418 5945 2528 5988 non
2555 5931 2844 5996 dubitarit,
2874 5949 2996 5989 cum
3040 5935 3104 5991 de
3144 5937 3318 6008 prima
3345 5948 3398 5995 ct
3437 5955 3529 5998 son
