3800 6574
497 394 604 458 483

1558 394 1770 457 JOAN.
1811 395 2028 458 VECCI
2068 397 2104 457 C

2221 399 2733 462 PATR[:\RCH.E
3635 420 3713 506 ιη

504 527 524 559 ι
567 506 716 561 enim
765 509 927 562 modo
972 506 1171 562 Filium
1225 506 1468 561 datorem
1498 504 1736 574 Spiritus
1766 514 2098 570 rocat,tan-

2218 527 2228 560 I
2268 510 2474 574 ταύτας
2500 510 2826 581 συμδίὸαζσ.
2849 509 3008 566 Οῦτω
3034 512 3143 584 γὰρ
3164 513 3361 586 δοτῆρα
3398 519 3481 571 τοῦ
3514 504 3715 599 “vstitu.

503 617 524 650 ι
562 613 724 670 quam
757 602 850 671 qui
874 618 971 672 per
1003 602 1177 672 ipsum
1207 617 1233 655 a
1263 600 1768 672 Patre_exliibetur.
1791 619 1809 652 ι

1185 783 1491 853 ΒρῙιιῑαιίο.

593 896 628 935 ιι
689 877 914 949 digestis
970 891 1137 947 supra
1229 874 1802 931 animadversionibus
1857 874 2102 931 studiose

417 1039 424 1046 κ
501 974 806 1029 auditorem
859 969 1268 1033 atlliortabaris,
1297 977 1357 1022 ut
1410 968 1896 1034 animadverteret,
1965 983 2100 1037 quo.

504 1067 667 1119 modo
699 1068 928 1118 saueius
955 1061 1204 1116 datorem
1243 1059 1481 1131 Spiritus
1505 1059 1726 1124 Filium,
1759 1077 1866 1114 non
1899 1062 2102 1129 produ-

499 1170 709 1212 cwrem
735 1163 1097 1225 nuncuparet.
1120 1153 1224 1210 Ubi
1258 1169 1387 1216 vero
1418 1153 1827 1223 deprehendisti
1846 1161 2099 1208 sanctum

505 1250 684 1317 palam
743 1249 1033 1304 ostendere
1072 1261 1322 1308 causam,
1355 1247 1427 1300 ob
1458 1262 1624 1315 quam
1675 1246 1834 1300 dator
1861 1245 2101 1315 Spiritus

503 1340 678 1395 Filius
713 1351 820 1402 est,
864 1341 938 1394 ibi
970 1341 1112 1394 lianc
1145 1355 1257 1408 prae
1290 1352 1349 1392 se
1403 1337 1587 1394 ferens
1641 1339 1970 1392 sententiam
2015 1337 2101 1392 di-

503 1444 681 1498 ctum,
721 1434 871 1488 nulla
896 1431 1380 1488 animadversione
1399 1432 1625 1500 dignum
1649 1447 1776 1486 esse
1807 1432 2097 1500 reputasti.

502 1526 616 1598 Ego
642 1542 769 1582 vero
802 1527 966 1583 simili
1001 1529 1147 1583 dicto
1191 1538 1436 1582 mentem
1485 1525 1786 1594 applicans,
1817 1525 1926 1591 aio,
1988 1537 2105 1576 ma-

491 1623 720 1674 .xiuium
752 1621 1145 1686 Athanasium,
1187 1637 1310 1675 eum
1366 1620 1566 1674 asserit
1601 1617 1895 1672 Dominum
1933 1635 1951 1667 ι
1991 1631 2100 1671 non

505 1713 745 1782 amplius
773 1714 1130 1782 semetipsum
1161 1713 1431 1786 minorem
1453 1709 1685 1780 Spiritu,
1715 1709 1810 1763 sed
1839 1710 2101 1776 majorem

502 1811 556 1854 et
584 1801 981 1868 aqualemesse
1008 1801 1498 1865 demonstrantem,
1527 1801 1783 1854 exhibere
1807 1798 2094 1868 Spiritum,

2211 621 2228 654 ι
2271 619 2366 667 τος
2391 605 2482 659 τὸν
2514 605 2642 660 Υἱὺν
2669 605 2841 674 λέγει,
2882 607 2959 669 ὡς
2983 607 3053 660 δι’
3082 608 3246 661 αὐτοῦ
3271 610 3418 681 παρὰ
3442 614 3528 667 τοῦ
3553 620 3718 694 Harpe;

2210 715 2229 747 ι
2277 695 2560 766 διδομένου
2592 698 2685 752 τοῦ
2723 699 3063 769 Πνεῦματος.
3108 719 3127 752 υ

2807 790 3216 862 ’Δντίρῤησις.

2210 936 2216 942 ἢ
2288 883 2377 936 Ἑν
2421 883 2522 953 μὲν
2568 885 2690 948 ταῖς
2742 885 2843 956 ἤδη
2898 886 3387 958 προηγησαμένοις
3436 892 3720 968 ἐπιστασίαις

2203 974 2304 1026 οῦκ
2343 972 2550 1038 ῶκνεις
2580 976 2766 1040 ἀξιοῦν
2796 977 2885 1030 τὸν
2929 977 3206 1048 ἀκροατὴν
3235 987 3526 1047 κατανοεῖν,
3556 988 3674 1054 ὅπως
3702 998 3720 1046 ὁ

2204 1062 2360 1132 ἅγιος
2388 1065 2594 1136 δοτῆρα
2617 1066 2712 1118 τοῦ
2731 1065 2870 1118 Πνεύ
2881 1083 3073 1135 ματος,
3099 1067 3159 1119 οὐ
3199 1067 3304 1137 μὴν
3331 1069 3578 1138 προόσλέα
3599 1078 3717 1133 καλεῖ

2203 1157 2297 1210 τὸν
2330 1157 2460 1210 Υίόν
2487 1174 2501 1190 ο
2545 1158 2673 1210 ἔνθα
2703 1157 2761 1210 δὲ
2791 1159 3133 1226 κατενόησας
3175 1158 3460 1214 δεικνύντα
3501 1167 3581 1216 τὸν
3609 1166 3721 1234 ἅγιον

2206 1249 2506 1322 προφανῶς
2536 1251 2636 1322 τήν
2663 1251 2846 1304 αἰτίαν
2877 1251 3002 1305 καθ’
3042 1252 3110 1322 ἢν
3151 1250 3315 1322 δοτὴρ
3343 1252 3435 1305 τοῦ
3471 1255 3723 1328 Πνεῦματός

2205 1343 2359 1396 ἐστιν
2393 1345 2421 1395 ὁ
2451 1341 2599 1408 Υίός,
2639 1344 2819 1396 ἐκεῖσε
2853 1343 2916 1396 τὸ
2939 1344 3042 1414 τὴν
3077 1346 3338 1412 τοιαύτην
3367 1344 3545 1416 δηλοῦν
3568 1349 3722 1406 ἔννοιαν

2206 1437 2370 1505 ῥητὸν
2409 1435 2672 1505 οὐδεμιᾶς
2703 1436 2944 1505 ἠξίωσας
2967 1437 3066 1506 τῆς
3093 1437 3433 1499 ἐπιστασίας.
3453 1438 3580 1508 Ἐγὼ
3610 1442 3652 1495 δὲ

2203 1526 2429 1600 τοιαύτῃ
2463 1529 2619 1599 ῥήσει
2643 1531 2968 1600 ἐπιστήσας,
3001 1521 3160 1600 φημί
3183 1530 3261 1593 ὠς
3300 1533 3328 1582 ὁ
3369 1531 3724 1599 μέγιστοςᾊθι.

2204 1618 2391 1682 victo;
2408 1619 2603 1687 λέγων,
2633 1619 2715 1672 ὅτι
2743 1619 2771 1670 ὁ
2804 1619 3007 1690 Κύριος
3037 1641 3056 1670 ι
3082 1621 3269 1674 οὐκέτι
3292 1621 3536 1674 ἐλάττονα
3581 1624 3722 1680 ἑαυτὸν

2204 1709 2296 1762 τοῦ
2323 1708 2662 1779 Πνεῦματοε,
2687 1710 2824 1764 ἀλλὰ
2854 1712 3199 1780 μείζονα,κα“ι
3217 1713 3327 1764 ἴσον
3343 1713 3467 1765 ὄντα
3487 1732 3544 1785 οη
3553 1718 3723 1785 patrari,

2206 1801 2376 1856 ἐδίδου
2400 1802 2461 1855 τὸ
2488 1803 2712 1873 Πνεῦμα
2748 1805 2840 1858 καὶ
2864 1804 3072 1874 ἔλεγεν,
3104 1805 3216 1874 ἐγὼ
3249 1807 3378 1860 αὐτὸ
3407 1809 3720 1872 ἀποστέλλω.»

502 1906 557 1949 et
588 1896 792 1959 dicere,
823 1895 933 1966 Ego
963 1895 1134 1949 illum,
1155 1895 1331 1956 mitto,
1369 1893 1602 1969 i_palatn
1644 1901 2091 1945 commonstras-

2218 1893 2478 1966 δεδήλωκε
2497 1913 2535 1947 π
2545 1867 2816 1966 ροςρανῶς,
2848 1897 2922 1961 ὡς
2953 1867 3020 1952 δι’
3049 1867 3206 1952 eoat»
3223 1899 3352 1952 ἄλλο
3375 1902 3530 1971 δοτήρ
3551 1904 3644 1956 ἐστι
3662 1867 3725 1958 τοῦ

503 2003 562 2040 se
595 1988 664 2042 ob
697 1990 902 2041 nullam
960 1987 1123 2042 aliam
1156 2001 1380 2043 causam
1415 1987 1662 2040 datorem
1711 1999 1833 2038 esse
1859 1981 2099 2053 Spiritus

509 2077 878 2145 Servatorem,
902 2095 1064 2150 quam
1089 2081 1234 2150 quod
1255 2079 1344 2134 ille
1361 2078 1552 2148 exipso
1567 2077 1818 2132 exsistat.
1838 2076 1922 2130 οι)
1934 2092 2099 2146 quam

507 2171 655 2225 enim
687 2173 850 2226 aliam
894 2173 1162 2228 rationem
1200 2172 1467 2226 Dominus
1498 2172 1705 2241 Spiritu
1754 2171 2102 2238 majordice-

510 2275 619 2328 tur.
653 2267 756 2320 nisi
791 2267 921 2337 quia
946 2267 1035 2322 ille
1086 2281 1153 2322 ex
1200 2267 1320 2336 ipso
1374 2265 1642 2320 exsistit?
1688 2263 1865 2333 Prope
1923 2271 2008 2318 est
2036 2262 2103 2316 de

513 2358 618 2412 hoc
670 2361 875 2429 scripto
901 2358 1162 2413 traditum
1182 2357 1584 2412 testimonium.
1612 2355 1860 2425 Namque
1889 2368 2100 2410 sermo-

507 2466 633 2505 nem
673 2452 819 2506 hunc
867 2467 1051 2507 meum
1089 2449 1460 2516 conﬁrmabit,
1520 2450 1575 2504 in
1626 2443 1976 2518 dogmatibus
2008 2447 2105 2501 de-

511 2546 812 2600 cernendis
837 2560 1005 2614 quam
1041 2543 1302 2614 optimus,
1326 2553 1380 2597 et
1400 2544 1563 2597 rebus
1597 2541 1800 2595 divinis
1830 2555 2106 2610 exponen-

508 2636 594 2692 dis
622 2637 1161 2707 pracellcntissimus
1190 2636 1540 2699 Anastasius,
1577 2650 1699 2688 cum
1735 2633 1912 2689 dicit:
1948 2652 1966 2686 ι
2011 2633 2103 2687 Sic

510 2728 697 2799 itaque
769 2730 1035 2786 Dominus
1070 2729 1476 2799 exsemetipso
1522 2727 1788 2796 Spiritum
1836 2727 2104 2781 exsistere

509 2833 972 2888 commonstrans,
1002 2821 1291 2879 insuﬂlaus
1316 2821 1602 2892 discipulis
1619 2819 1868 2876 dicebat:
1903 2837 1922 2870 ι
1944 2817 2104 2873 Acci-

510 2918 622 2986 pite
657 2916 924 2988 Spiritum
961 2928 1215 2973 sanctum
1236 2918 1307 2973 ".
1343 2935 1363 2968 ›
1413 2915 1479 2970 Ει
1513 2913 1800 2970 considera
1829 2912 2105 2984 quomodo

514 3009 603 3064 hic
635 3021 862 3065 sanctus
905 3009 1200 3066 Athanasii
1252 3009 1458 3064 dictum
1494 3008 1908 3077 interpretatur.
1946 3002 2105 3070 Quod

511 3101 657 3153 enim
698 3108 966 3154 terrarum
999 3102 1150 3156 orbis
1176 3099 1360 3153 lumen
1387 3098 1725 3152 Athanasius
1751 3097 1986 3151 innuens
2018 3094 2106 3148 di-

510 3194 713 3246 cebat:
751 3209 770 3244 ι
832 3191 1101 3247 Dominus
1164 3191 1433 3262 majorem
1489 3190 1847 3259 semetipsum
1889 3187 2096 3257 Spiritu

510 3287 828 3350 ostendens,
859 3285 1023 3339 dabat
1048 3285 1224 3351 illum,
1253 3303 1273 3336 ι
1313 3284 1400 3339 liic
1427 3283 1671 3354 apertius
1691 3283 2101 3352 interpretatus.

514 3381 615 3431 hac
651 3378 1041 3445 explanatione
1095 3391 1195 3431 sua
1257 3376 1563 3432 orationem
1621 3376 1896 3447 digessit:
1943 3391 1961 3426 ι
2016 3372 2108 3428 Sic

512 3471 694 3539 itaque
735 3469 1002 3525 Dominus
1027 3486 1093 3524 ex
1153 3471 1450 3540 semetipso
1504 3469 1798 3524 osrendens
1842 3467 2105 3537 Spiritum

510 3562 800 3628 exsistere,
828 3546 1117 3616 insuI‘Ilans
1168 3560 1452 3631 discipulis
1488 3561 1737 3626 dicebat,
1785 3577 1806 3612 ι
1865 3549 2108 3626 Accipite

511 3653 776 3723 Spiritum
835 3664 1110 3708 sanctum.
1143 3671 1162 3706 ι

1018 3743 1104 3798 Ex
1130 3744 1311 3798 eadem
1343 3748 1606 3800 oratione.

584 3835 717 3892 LIII.
748 3857 766 3890 ι
801 3837 903 3892 Per
941 3853 1106 3910 quem
1167 3853 1296 3893 vero
1326 3846 1380 3892 et
1434 3853 1464 3890 a
1495 3853 1604 3908 quo
1637 3836 1842 3908 Spiritu
1892 3836 2106 3892 dandus

517 3947 533 3979 ι
580 3938 717 3996 erat,
778 3930 884 3985 nisi
939 3947 1034 4000 per
1089 3929 1313 3998 Filium,
1344 3930 1505 4000 cujus
1534 3939 1588 3985 et
1645 3928 1887 3999 Spiritus
1918 3929 2047 3983 eSt?
2084 3949 2101 3981 ι

1097 4119 1532 4174 Animadversio.

591 4231 609 4263 ι
653 4211 951 4284 Diligenter
975 4212 1417 4276 animadvertito,
1449 4211 1580 4281 quid
1615 4220 1768 4266 notet
1796 4213 1952 4279 illud,
1983 4215 2107 4284 Spi-

518 4325 536 4358 ι
588 4307 755 4360 rituut
789 4305 906 4358 dari
931 4321 1027 4376 per
1068 4305 1291 4370 Filium,
1327 4316 1382 4360 et
1420 4319 1454 4360 a
1484 4319 1595 4375 quo
1617 4305 1740 4360 dari
1794 4307 2105 4376 colligatur,

516 4418 536 4451 ι
579 4399 726 4468 quod
759 4414 787 4452 a
811 4396 949 4453 leio
980 4399 1162 4454 datur.
1194 4416 1212 4448 ι

1182 4506 1474 4576 Ιίιιιιιαιὶο.

584 4601 668 4656 Tu
703 4599 924 4671 quidem
959 4599 1012 4654 in
1061 4599 1164 4654 hac
1194 4598 1673 4654 animadversione
1720 4615 1814 4671 per
1847 4617 2010 4672 quem
2055 4612 2111 4658 et
2142 4587 2165 4626 ⁸

511 4711 539 4748 a
572 4711 684 4761 quo
708 4693 925 4748 diﬂ‘erre
951 4693 1222 4748 insinuas.
1276 4691 1382 4746 Sed
1413 4707 1515 4762 ego
1548 4693 1616 4746 de
1649 4691 1787 4747 Filio
1817 4705 2108 4765 utrumque

511 4787 618 4843 dici
650 4787 946 4851 contendo,
1003 4800 1126 4840 cnm
1163 4784 1454 4839 manifeste
1493 4795 1718 4840 sanctus
1752 4787 1984 4841 inculcet
2022 4787 2107 4842 ni-

513 4881 586 4934 liil
611 4880 852 4939 diiferre.
903 4879 1019 4933 sive
1047 4877 1250 4932 dixeris
1293 4893 1388 4948 per
1429 4876 1813 4943 Filium,‘sive
1865 4895 1930 4934 ex
1967 4879 2106 4935 Filio

513 4975 777 5045 Spiritum
813 4983 1086 5028 salictum.

654 5065 909 5134 Ejusdem
933 5083 997 5120 ea;
1027 5065 1268 5120 oratione
1293 5065 1453 5118 tertia
1486 5073 1676 5118 contra
1706 5063 1957 5121 Ariauos.

588 5158 959 5230 LlV.«Itaque
980 5174 1104 5213 eum
1129 5156 1380 5213 Salvator
1399 5157 1468 5210 de
1498 5156 1656 5212 nobis
1679 5157 1828 5214 dicat
1859 5175 1872 5212 :
1903 5157 2104 5224 Quem-

519 5268 537 5300 ι
578 5248 872 5302 admodum
913 5256 968 5300 tu
1020 5245 1183 5300 Pater
1211 5246 1264 5298 in
1299 5259 1408 5310 me,
1441 5244 1514 5298 ita
1549 5251 1604 5298 et
1633 5260 1732 5314 ego
1758 5244 1811 5298 in
1842 5255 1893 5299 te
1922 5247 1992 5312 “,
2045 5254 2105 5300 ut

519 5360 538 5392 ι
579 5348 634 5395 et
655 5340 758 5409 ipsi
787 5341 840 5392 in
876 5337 1036 5393 nobis
1077 5351 1251 5392 unum
1275 5336 1405 5400 sint,
1435 5351 1542 5390 non
1578 5337 1825 5390 eamdem
1854 5349 1980 5390 cum
2019 5337 2112 5392 illo

521 5453 541 5484 ι
590 5434 933 5488 identitatetn
971 5444 1073 5485 nos
1103 5429 1392 5484 habituros
1423 5427 1756 5498 signiﬁcatu
1785 5448 1799 5484 :
1833 5439 2112 5485 ostensum

518 5543 538 5579 ι
577 5537 659 5582 est
685 5526 832 5580 enim
863 5524 995 5580 illud
1025 5523 1161 5578 satis
1174 5522 1326 5576 claro
1381 5519 1532 5578 Jonas
1555 5523 1823 5593 exemplo,
1850 5523 1943 5577 sed
1968 5523 2114 5593 quod

515 5639 534 5671 σ
578 5623 882 5674 intercessu
917 5617 1104 5688 gratia:
1133 5623 1189 5670 et
1239 5613 1520 5687 dignitatis
1550 5627 1790 5685 accepta:
1812 5615 1959 5670 Patri
1986 5627 2116 5670 con-

518 5735 541 5765 .
584 5713 856 5780 iziliemur,
924 5710 1005 5765 sic
1059 5708 1305 5766 Joannes
1332 5709 1534 5780 inquit,
1609 5721 1667 5765 ut
1709 5709 1974 5779 Spiritum
2016 5725 2113 5780 per

588 5901 941 6010 "Joan.’n,
981 5897 1071 5954 22.
1151 5896 1375 5955 “Joan.
1401 5909 1515 5962 xw,
1547 5895 1632 5950 IO.

2208 1985 2522 2055 Πνεύμοιτος
2545 1989 2575 2040 ὁ
2604 1988 2818 2058 Σωτὴρ,
2847 1987 2964 2042 ἀλλ’
2991 1989 3024 2060 ἢ
3057 1992 3146 2043 διὰ
3173 1990 3237 2043 τὸ
3258 1989 3317 2055 ἐξ
3341 1991 3496 2044 αὑτοῦ
3519 1993 3726 2065 ὑπάρχειν

2205 2077 2361 2133 αὐτό.
2381 2078 2536 2133 Κατὰ
2558 2080 2611 2132 τί
2638 2082 2748 2152 γὰρ
2779 2080 2846 2135 ἂν
2875 2081 3004 2135 ἄλλο
3033 2083 3124 2135 καὶ
3147 2083 3341 2154 ῥηθείη
3371 2083 3461 2136 τοῦ
3478 2085 3726 2157 Πνεύματος

2209 2167 2458 2238 μείζωνὸ
2489 2170 2718 2240 Κύριος,
2776 2173 2826 2223 ει
2864 2173 2940 2242 μὴ
2972 2175 3113 2226 κατὰ
3161 2175 3220 2225 τὸ
3254 2171 3312 2237 ἐξ
3339 2172 3498 2226 αὑτοῦ
3524 2175 3726 2242 ὑπάρχειν

2205 2260 2375 2328 αὐτό;
2407 2262 2518 2314 Καὶ
2548 2264 2578 2332 ή
2608 2264 2856 2334 γραφική
2891 2281 2984 2333 μοι
3019 2264 3299 2335 μαρτυρία
3322 2267 3500 2333 ἐγγύς.
3523 2266 3726 2336 Συστήσει

2205 2349 2313 2420 γάρ
2347 2354 2548 2420 μοιτδν
2581 2351 2739 2421 λόγον
2759 2353 2788 2405 ὁ
2816 2353 2872 2406 ἐν
2897 2355 3076 2422 ἁγίοις
3093 2354 3560 2425 δογματικώτατος
3591 2356 3664 2406 καὶ
3684 2360 3728 2408 τὰ

2206 2441 2327 2496 θεῖα
2359 2445 2529 2506 πολὺς
2571 2445 2949 2512 ’Avao'ra'atog,
2975 2447 3151 2516 λέγων
3189 2449 3369 2502 οὕτω*
3415 2467 3433 2500 ι
3465 2448 3561 2502 Καὶ
3590 2449 3727 2518 γοῦνὸ

2206 2533 2412 2606 Κύριος
2440 2537 2497 2603 ἐξ
2533 2537 2726 2591 ἑαυτοῦ
2744 2539 2958 2603 δεικνὺς
2982 2540 3254 2612 ὑπάρχειν
3273 2543 3333 2593 τὸ
3353 2541 3580 2610 Πνεῦμα,
3599 2544 3727 2611 ἐμςυο

2209 2629 2320 2684 σῶν
2342 2633 2454 2695 τοῖς
2489 2631 2757 2703 μαθηταῖς
2785 2633 2961 2704 ἔλεγε,
2991 2653 3010 2687 ι
3045 2636 3261 2690 Λάϐετε
3294 2636 3509 2706 Πνεῦμα
3542 2636 3682 2704 ἅγιον.
3712 2657 3724 2688 ι

2211 2724 2354 2794 Ὅρα
2382 2723 2529 2786 ὅπως
2558 2727 2585 2778 ὁ
2616 2724 2770 2794 ἅγιος
2791 2720 2944 2791 οὗτος
2974 2729 3036 2781 τὸ
3065 2727 3155 2781 τοῦ
3189 2727 3431 2797 μεγάλου
3476 2728 3726 2781 ’Δθανασίου

2207 2811 2561 2884 διερμηνεῦει
2612 2818 2797 2887 ῥητόν.
2854 2817 3035 2888 Ὅπερ
3085 2823 3193 2891 γὰρ
3237 2823 3268 2872 ὁ
3319 2819 3414 2889 τῆς
3473 2820 3729 2888 οἰκουμένης

2212 2907 2442 2978 φωστὴρ
2500 2908 2820 2974 Ἀθανασιος
2865 2911 3056 2981 ἐδήλου
3110 2913 3331 2980 λεγων,
3375 2914 3453 2965 ὅτι
3498 2916 3522 2965 ὀ
3562 2913 3729 2980 Κύριος,

2212 2996 2435 3067 μείζονα
2459 2999 2670 3063 δεικνὺς
2701 3001 2893 3055 ἐαυτὸν
2917 3001 3011 3056 τοῦ
3030 3004 3375 3072 Πνεύματος,
3393 3003 3551 3056 ἐδίδου
3577 3003 3690 3055 αὐτὸ.
3715 3020 3727 3052 ι

2210 3092 2367 3144 τοῦτο
2397 3091 2787 3165 καθαρώτερον
2813 3096 3140 3167 διεσάφησεν
3163 3089 3344 3160 οὗτος,
3405 3100 3733 3167 ἐφερμηνευτι·

2131 3219 2173 3278 c
2211 3185 2323 3250 κῶς
2354 3187 2445 3241 τὸν
2471 3188 2627 3257 λόγον
2663 3190 3019 3261 προαγαγὼν,
3051 3195 3108 3246 ἐν
3139 3193 3219 3261 τῷ
3246 3195 3443 3260 εἰπεῖν,
3479 3211 3495 3243 ι
3534 3192 3733 3259 Καὶγιῦν

2208 3281 2236 3332 ὁ
2287 3279 2492 3349 Κύριος
2539 3279 2598 3345 ἐξ
2653 3283 2848 3336 ἐαυτοῦ
2904 3285 3116 3348 δεικνὺς
3149 3288 3214 3338 τὸ
3248 3287 3468 3354 Πνεῦμα
3508 3287 3731 3353 ὑπάρχειν.

2208 3373 2470 3442 ἐμφυσῶν
2519 3377 2631 3439 τοῖς
2677 3378 2950 3447 μαθηταῖς
3005 3379 3197 3449 ἔλεγε·
3237 3399 3257 3433 ι
3315 3379 3516 3435 Λάϐετε
3567 3379 3733 3448 Πνεῦμα

2210 3481 2389 3534 αγιον.
2459 3485 2478 3518 ι

2779 3753 2881 3809 Ἐκ
2914 3756 3020 3810 τοῦ
3053 3757 3269 3825 αὑτοῦ.

2284 3848 2414 3904 NI“.
2458 3865 2476 3900 ι
2513 3850 2611 3901 Διὰ
2639 3846 2782 3913 τίνος
2811 3848 2888 3914 δὲ,
2923 3851 3016 3902 καὶ
3041 3850 3195 3921 παρὰ
3223 3851 3370 3914 τίνος
3411 3851 3513 3902 ἔδει
3541 3848 3593 3901 τὸ
3618 3846 3734 3900 [Irti-

2217 3959 2234 3991 ι
2280 3958 2355 4010 μα
2401 3939 2638 3993 δίδοσθαι
2675 3939 2708 4010 ἢ
2759 3940 2847 3994 διὰ
2887 3941 2980 3994 τοῦ
3033 3941 3189 4007 Υίοῦ,
3241 3937 3304 3997 οὗ
3356 3941 3536 3995 καὶτὸ
3568 3938 3735 4007 [Ινεῦμὰ

2142 4028 2149 4036 ’
2215 4051 2234 4086 ι
2274 4034 2422 4087 ἐστιν
2457 4050 2471 4100 ;
2506 4051 2524 4085 ι

2823 4129 3206 4184 Ἐπιστασία.

2287 4239 2306 4273 ι
2367 4221 2698 4292 Ἐπίστησον
2727 4222 2974 4290 ἀκριϐῶς
3000 4223 3053 4274 τί
3081 4223 3238 4292 δηλοῖ
3278 4223 3362 4289 τὸ,
3407 4222 3492 4276 διὰ
3531 4221 3614 4274 τοῦ
3641 4218 3735 4272 Υἱοῦ

2220 4331 2236 4363 ι
2283 4312 2343 4366 τὸ
2373 4311 2600 4382 Πνεῦμα
2657 4312 2920 4367 δίδοσθαι.
2961 4313 3072 4366 Καὶ
3120 4317 3275 4384 παρὰ
3327 4314 3468 4378 τίνος
3508 4315 3737 4382 συνάγεται

2219 4421 2236 4455 ι
2277 4403 2517 4458 δίδοσθαι
2555 4407 2616 4457 τὸ
2638 4405 2727 4460 διὰ
2760 4405 2855 4458 τοῦ
2889 4405 3018 4458 Υίοῦ
3049 4407 3358 4478 διδόμενον.
3404 4427 3422 4460 ι

2828 4495 3230 4564 Ἀντιζρῤησις,

2289 4587 2362 4641 Σὺ
2401 4587 2500 4658 μὲν
2530 4587 2588 4639 ἐν
2614 4588 2680 4656 τῇ
2715 4589 2966 4658 παρούσῃ
3007 4589 3302 4661 ἐπιστασίᾳ
3349 4589 3648 4661 διαιρεῖσθαι
3669 4590 3738 4656 ἐμ-

2221 4681 2435 4748 φαίνεις
2465 4679 2525 4732 τὸ
2557 4678 2644 4732 διὰ
2671 4679 2835 4743 τίνος,
2876 4682 2969 4733 καὶ
3015 4683 3167 4752 παρὰ
3198 4682 3347 4746 τίνος
3379 4699 3394 4714 ο
3432 4682 3534 4751 ἐγὼ
3562 4684 3640 4736 καὶ
3661 4685 3735 4749 ἀμ·

2217 4772 2423 4844 φότερα
2454 4777 2532 4836 είς
2559 4775 2650 4828 τὸν
2677 4775 2804 4828 Υίόν
2834 4792 2978 4844 φημι
3008 4756 3474 4845 ἐκλαμϐάνεσθαι,
3513 4776 3594 4828 τοῦ
3623 4775 3736 4842 ἁγίου

2213 4863 2496 4936 δηλοῦντος
2548 4865 2715 4938 μηδὲν
2745 4885 2798 4920 τι
2830 4867 3112 4938 διαφέρειν
3130 4868 3221 4922 διὰ
3253 4869 3351 4923 τοῦ
3381 4869 3506 4923 Υίοῦ
3529 4869 3674 4936 λέγειν
3695 4866 3738 4917 τὸ

2213 4957 2438 5028 Πνεῦμα
2473 4959 2536 5012 τὸ
2575 4961 2751 5028 ἅγιον.

2253 5051 2365 5106 Τοῦ
2395 5053 2583 5106 αὐτοῦ
2612 5053 2681 5107 ἐκ
2713 5052 2820 5107 τοῦ
2857 5053 3077 5122 Τρία-ου
3107 5054 3228 5109 τῶν
3249 5057 3402 5110 κατὰ
3431 5043 3710 5125 Ἄρειανὼν.

2283 5142 2441 5197 ΝΔ’.ι
2472 5141 2682 5198 Οὐκοῦν
2708 5145 2736 5197 δ
2763 5145 3156 5217 Σωτὴρ.λέγων
3184 5153 3311 5218 περὶ
3343 5148 3499 5218 ήμῶν
3521 5146 3591 5212 τὸ,
3617 5164 3630 5196 ι
3655 5145 3737 5196 Κα-

2219 5254 2238 5290 ι
2279 5236 2386 5302 θὼς
2419 5239 2505 5306 σὺ,
2537 5238 2744 5309 Πάτερ.
2768 5241 2826 5292 ἐν
2853 5239 2997 5310 ἐμοὶ,
3028 5239 3186 5309 κάγὼ
3214 5242 3272 5294 ἐν
3326 5243 3428 5304 σοὶ,
3455 5241 3534 5294 ἵνα
3567 5246 3642 5291 καί
3664 5235 3734 5288 αὖ·

2222 5349 2239 5382 ι
2275 5331 2359 5384 τοὶ
2398 5331 2455 5384 ἐν
2508 5323 2650 5401 ἡμῖν
2692 5331 2751 5385 ἓν
2801 5327 2963 5397 ὦσιν,
2998 5351 3017 5385 ι
3063 5333 3126 5401 οῷ
3177 5335 3278 5406 τὴν
3317 5335 3601 5403 ταυτότητα
3626 5325 3734 5398 ἡμᾶς

2219 5443 2237 5474 ι
2278 5422 2576 5494 μέλλοντας
2608 5423 2760 5492 αὐτῷ
2788 5423 2934 5494 ἔχειν
2971 5424 3254 5496 σημαίνει.
3314 5424 3549 5496 Ἐδείχθη
3576 5423 3665 5490 γὰρ
3690 5419 3733 5467 ἐκ

2219 5539 2239 5570 ι
2283 5519 2378 5573 τοῦ
2409 5519 2554 5574 κατὰ
2596 5519 2780 5574 Ἰωνᾶν
2813 5520 3264 5592 παραδείγματος
3310 5519 3406 5573 καὶ
3455 5517 3614 5578 τοῦτο,
3650 5508 3731 5565 ἀλλ’

2222 5631 2238 5663 ι
2281 5611 2512 5680 ἀξίωσίς
2534 5612 2652 5665 ἐστι
2682 5613 2819 5683 πρὸς
2855 5611 2948 5665 τὸν
2992 5611 3236 5684 Πατέρα,
3294 5612 3390 5666 καὶ
3419 5611 3492 5674 ὡς
3530 5607 3730 5670 Ἰωάννης

2221 5731 2237 5760 ι
2286 5707 2546 5780 ἔγραψεν,
2581 5707 2668 5762 ἵνα
2701 5708 2760 5760 τὸ
2789 5707 3011 5778 Πνεῦμα
3050 5710 3345 5779 χαρίσητμι
3392 5706 3460 5760 δι’
3487 5701 3630 5758 αὐτοῦ
3650 5696 3730 5758 τοις
