3800 6590
394 402 486 467 511
536 395 540 399 ’

969 519 1391 583 Animadversio.

467 627 488 663 ι
533 613 833 669 considera
867 617 1169 673 mirabilem
1220 619 1413 676 borum
1449 625 1692 680 omnium
1737 604 1973 686 sancto-1

398 721 417 754 ι
452 717 568 756 rum
586 700 831 773 Patrum,
851 707 1014 763 veluti
1037 725 1140 764 una
1160 719 1384 778 tessera,
1399 717 1766 784 concordiam,
1790 730 1957 777 atten-

397 812 414 844 ι
446 795 668 865 ditoque
718 797 787 852 ab
833 799 1087 857 omnibus
1130 801 1262 858 illud
1307 820 1373 859 ex
1412 806 1519 863 Deo
1556 809 1622 864 de
1648 810 1821 883 Patre
1853 828 1944 869 as-

396 906 415 939 ι
452 888 638 954 sumi,
687 891 1146 958 quemadmodum
1195 906 1249 951 et
1302 896 1390 953 hic
1445 898 1499 953 in
1531 902 1693 958 rebus
1754 904 1955 961 divinis

396 1000 415 1031 ι
452 983 784 1050 exponendis
820 1000 984 1055 quam
1018 989 1291 1045 maximus
1321 990 1559 1062 Cyrillus
1591 995 1645 1050 in
1677 995 1781 1052 hac
1807 999 1954 1067 peri-

398 1089 415 1121 ι
453 1084 603 1139 cope,
634 1086 700 1125 ex
730 1070 845 1126 Deo‘
876 1078 1126 1145 progredi
1155 1078 1420 1147 Spiritum
1449 1083 1773 1152 decernens.
1806 1095 1860 1143 et
1886 1102 1953 1143 ex

396 1182 413 1212 ι
452 1177 538 1228 eo,
569 1171 622 1217 et
654 1163 707 1218 in
736 1179 802 1219 eo
830 1169 1150 1225 naturaliter
1177 1172 1461 1230 exsistere.
1503 1193 1522 1227 ι

952 1262 955 1267 ⁴
1028 1260 1320 1329 ΒεῙιιεαιίο.

462 1348 520 1403 In
578 1350 739 1407 rebus
784 1352 986 1409 divinis
1027 1357 1379 1426 exponendis,
1439 1374 1596 1429 quam
1655 1360 1952 1417 maximum

388 1441 650 1514 Cyrillum
689 1445 742 1499 in
776 1445 879 1501 hac
915 1448 1166 1516 pericope
1189 1449 1317 1504 illud
1355 1471 1372 1503 ι
1408 1467 1471 1506 ex
1507 1452 1613 1508 Deo
1649 1456 1770 1515 nde
1795 1453 1993 1510 Patre-

389 1547 691 1597 assnmere,
734 1535 1014 1603 sapienter
1045 1536 1335 1593 admodum
1368 1539 1821 1598 animadvertisti.
1854 1543 1957 1599 Ve-

387 1628 693 1673 runttamett
723 1619 916 1675 iisdem
967 1622 1146 1678 verbis
1187 1624 1387 1678 ibidem
1429 1642 1494 1681 ex
1530 1626 1638 1682 Deo
1688 1629 1952 1697 Spiritum

386 1725 509 1763 esse
555 1704 803 1765 eumdem
843 1711 1242 1787 manifestasse,
1285 1715 1487 1785 quibus
1542 1717 1678 1775 locis
1726 1720 1780 1775 in
1834 1720 1955 1777 aliis

387 1803 637 1858 eumdem
697 1819 761 1858 ex
814 1802 950 1859 Filio
971 1821 1093 1861 esse
1120 1810 1497 1864 enuntiavcrat
1521 1828 1625 1866 non
1655 1811 1950 1878 adnotasti,

1403 410 1609 481 tum.
1656 418 1871 485 vnccr
1912 422 2024 489 cr.
2066 424 2579 489 mmmam:
2712 412 2721 422 ’
3489 442 3578 512 512

2610 610 2615 615 _
2667 536 3047 594 Ἐπιστασία.

2133 651 2152 684 ι
2197 620 2338 703 Ὅρα
2360 630 2455 702 τὴν
2482 629 2804 701 Θαυμαστὴν
2828 630 2938 685 τῶν
2963 628 3238 701 θεοφόρων
3257 634 3451 692 τούτων
3466 641 3581 699 ὅλων
3596 672 3611 689 -.

2066 741 2084 773 ι
2129 721 2387 792 Ιίατέρων
2418 716 2530 775 οἷον
2556 721 2633 785 ὡς
2665 723 2730 775 ὲκ
2782 721 3127 792 συνθήματος
3158 727 3479 794 συμφωνίαν,
3505 739 3583 791 καὶ

2067 832 2085 865 ι
2132 814 2401 883 πρόσσχες
2433 812 2550 876 πῶς
2575 813 2773 876 πάντες
2796 811 2857 865 τὸ
2884 815 2947 867 ἐκ
2975 811 3108 867 Θεοῦ
3139 812 3233 867 ἐπὶ
3278 814 3373 869 τοῦ
3405 819 3587 891 [ἰατρὸς

2062 921 2080 955 ι
2128 901 2581 973 ἑκλαμδάνονται,
2615 903 2759 958 καθὰ
2792 903 2886 957 καὶ
2941 895 3098 966 οὗτος
3134 904 3162 955 δ
3195 903 3363 968 πολὺς
3395 908 3459 962 τὰ
3484 911 3585 969 θεῖα

2065 1012 2084 1045 ι
2132 994 2397 1065 Κύριλλος
2425 997 2483 1049 tv
2527 998 2592 1067 τῇ
2641 997 2916 1067 περικοπῇ
2945 993 3138 1065 ταύτῃ,
3169 995 3234 1048 ἐκ
3271 994 3399 1050 Θεοῦ
3429 1005 3588 1070 προϊὸν

2062 1105 2081 1139 ι
2127 1086 2465 1157 δογματίζων
2495 1087 2555 1141 τὸ
2592 1086 2834 1158 Πνεῦμα,
2869 1086 2962 1141 καὶ
2994 1085 3053 1154 ἐξ
3084 1085 3248 1140 αὐτοῦ
3273 1087 3362 1141 καὶΙ
3389 1090 3441 1143 tv
3464 1093 3588 1162 αὐτῷ

2063 1194 2083 1228 ι
2123 1177 2366 1245 φυσικῶς
2394 1174 2663 1248 ὑπάρχον.
2705 1194 2724 1231 ι

2295 1304 2305 1319 .
2654 1269 3041 1343 Ἀντίρῤησις.

2130 1350 2249 1410 Ὀτι
2283 1353 2381 1427 μὲν
2405 1359 2433 1411 ὁ
2470 1356 2636 1420 πολὺς
2663 1358 2733 1411 τὰ
2778 1358 2899 1412 θεῖα
2960 1356 3227 1428 Κύριλλος
3252 1357 3310 1413 tv
3360 1363 3422 1433 τῇ
3459 1378 3590 1435 περι.

2057 1450 2199 1518 κοπῇ
2222 1446 2394 1518 ταύτῃ
2424 1447 2487 1500 τὸ
2517 1465 2537 1500 ι
2580 1451 2645 1501 ἐκ
2668 1445 2804 1523 Θεοῦ
2852 1448 2945 1502 ἐπὶ
2971 1446 3068 1501 τοῦ
3116 1449 3325 1518 Πατρὸς
3349 1452 3593 1523 ὲκλαμδά-

2055 1516 2230 1603 νεται,
2272 1516 2657 1609 ἐπιστημόνως
2709 1516 3023 1611 ἐπέστησας
3043 1556 3058 1570 '
3112 1539 3195 1595 ὅτι
3225 1516 3281 1595 δὲ
3310 1540 3374 1595 δι’
3402 1516 3591 1599 ἐκείνων

2055 1629 2165 1684 τῶν
2189 1629 2406 1697 λέξεων,
2441 1630 2504 1683 ὲκ
2531 1629 2666 1683 Θεοῦ
2697 1626 2840 1683 εἶναι
2872 1631 2931 1684 τὸ
2963 1629 3188 1701 Πνεῦμα
3218 1632 3442 1689 ἐνταῦθα
3486 1636 3592 1707 t6!)-

2057 1720 2218 1784 λωσε,
2254 1720 2321 1774 δι’
2350 1716 2425 1774 ὦν
2455 1722 2514 1773 tv
2543 1719 2724 1785 ἄλλοις
2780 1720 3049 1794 δεδήλωκε
3097 1723 3184 1788 sb,
3237 1724 3295 1789 ἐξ
3326 1725 3449 1779 Υίοῦ
3479 1723 3596 1783 εἶναι

2057 1810 2208 1877 αὐτὸ,
2241 1811 2301 1864 οὒ
2350 1813 2699 1882 προσέσχεςθ
2723 1806 2844 1865 οὐδὲ
2891 1813 3221 1882 ἐπέστησας.
3254 1812 3317 1867 '0
3345 1814 3448 1886 γὰρ
3469 1816 3596 1883 ῖιγιος

388 1909 559 1964 neque
590 1894 1046 1952 animadvertisti.
1074 1898 1311 1956 Sanctus
1347 1902 1491 1956 enim
1532 1903 1585 1956 in
1625 1904 1725 1959 hac
1750 1919 1816 1960 ex
1850 1906 1946 1960 Dec

2063 1897 2298 1955 ἐνταῦθα
2327 1901 2393 1954 εκ
2425 1899 2562 1954 Θεοῦ
2596 1899 2782 1973 προϊὸν
2803 1901 3149 1971 δογματίζων
3178 1905 3240 1955 τὸ
3266 1903 3492 1974 Πνεῦμα,
3520 1907 3596 1959 καὶ

387 1980 638 2052 progredi
677 1983 941 2053 Spiritum
973 1987 1294 2055 decernens,
1318 1998 1369 2045 et
1400 2006 1467 2044 ex
1500 2005 1587 2057 eo,
1613 2001 1668 2046 et
1689 1993 1741 2046 in
1767 2007 1832 2047 eo
1857 2008 1924 2047 na
1942 2011 1956 2034 ι

389 2074 638 2128 turaliter
667 2090 806 2140 esse,
839 2075 973 2135 locis
1009 2077 1061 2132 in
1097 2078 1222 2135 aliis
1265 2093 1331 2133 ex
1362 2078 1501 2135 Filio
1536 2083 1787 2151 progredi
1814 2091 1866 2136 et
1883 2098 1947 2137 ex
1998 2130 2003 2137 .

388 2167 505 2235 ipso
540 2174 593 2220 et
625 2166 677 2220 in
713 2167 832 2234 ipso
876 2169 1202 2224 naturaliter
1239 2186 1361 2226 esse
1401 2171 1652 2235 aﬂirmat,
1683 2188 1791 2227 non
1823 2174 1958 2230 alias

383 2258 670 2326 dictiones,
698 2275 819 2313 cum
853 2260 919 2314 de
955 2261 1060 2340 Deo
1091 2277 1270 2317 sermo
1332 2262 1417 2328 lit,
1458 2272 1513 2317 et
1555 2264 1709 2330 alias,
1739 2280 1861 2319 cum
1891 2266 1959 2321 de

387 2349 544 2412 Filio,
570 2365 857 2417 usm-pans.
884 2351 1076 2405 Annon
1112 2352 1400 2408 manifeste
1424 2354 1661 2409 inculcat
1692 2370 1854 2409 unam
1891 2364 1949 2411 et

382 2441 626 2496 eamdem
647 2441 879 2512 Spiritus
898 2442 1272 2500 exsistentiatn
1296 2461 1417 2501 esse
1433 2461 1498 2501 ex
1520 2445 1681 2502 Patre
1706 2456 1759 2503 et
1782 2445 1960 2503 Filio?

1007 2537 1090 2592 Ex
1123 2536 1331 2596 iisdem.

454 2625 540 2680 LX
554 2627 735 2683 XXlll.
751 2627 853 2684 «Ex
878 2621 985 2685 Deo
1006 2630 1265 2701 Spiritum
1289 2644 1541 2690 sanctum
1559 2650 1677 2691 esse
1694 2635 1951 2706 dicimus,

388 2738 407 2771 ι
447 2732 499 2776 et
526 2722 598 2776 ita
650 2724 942 2779 credimus.
976 2721 1174 2779 Verum
1212 2726 1305 2795 qui
1358 2726 1425 2781 ad
1462 2727 1950 2798 blasphemamlum

390 2813 819 2879 σκιειιιιιιιιιιηοάο
866 2829 1102 2870 maxnue
1162 2818 1412 2886 propensi
1448 2829 1596 2882 sunt.
1644 2829 1698 2874 et
1730 2823 1939 2892 reliqua

387 2923 403 2955 ι
439 2905 619 2957 omnia
652 2921 717 2959 ex
755 2903 861 2959 Deo
897 2907 1156 2975 producta
1194 2923 1316 2965 esse
1359 2922 1636 2978 asserunt,
1669 2914 1941 2971 scribente

385 3012 403 3044 ι
443 2993 607 3048 Paulo
636 3013 652 3051 :
684 3015 703 3048 ι
741 2997 892 3053 Unus
928 2997 1070 3055 Deus
1124 3000 1306 3069 Pater,
1351 3018 1419 3059 ex
1450 3020 1560 3074 quo
1591 3007 1775 3062 omnia
1804 3007 1874 3063 ".
1915 3027 1936 3061 ι

384 3104 402 3135 α
448 3085 511 3141 Ει
537 3087 616 3141 sic
645 3089 960 3145 existimant
1009 3107 1068 3147 se
1114 3109 1274 3165 posse
1306 3095 1576 3165 refellere,
1609 3113 1675 3155 ex
1705 3102 1941 3155 essentia

2062 1991 2122 2056 ἐξ
2174 1991 2338 2045 αὐτοῦ
2377 1993 2471 2046 καὶ
2519 1993 2580 2047 tv
2626 1992 2776 2064 αὑτῷ
2833 1993 3078 2064 φυσικῶς
3126 1994 3389 2065 ὑπάρχον,
3437 1995 3598 2062 προϊὸν

2062 2082 2196 2135 αὐτὸ
2222 2081 2536 2150 δογματίζει
2562 2084 2620 2138 tv
2648 2083 2830 2147 ἄλλοις
2852 2085 2915 2138 ὲκ
2944 2083 3041 2138 τοῦ
3076 2084 3225 2149 Υἱοῦ,
3257 2086 3353 2139 καὶ⁵
3380 2084 3433 2151 ἐξ
3458 2085 3597 2139 αὐτοῦ

2066 2171 2159 2223 καὶ
2192 2172 2249 2223 tv
2276 2170 2429 2243 αὐτῷ
2456 2172 2702 2240 φυσικῶς
2727 2170 2993 2245 ὑπάρχον.
3025 2172 3140 2226 Οὐκ
3166 2172 3355 2237 ἄλλαις
3395 2175 3512 2241 γοῦν
3533 2176 3601 2236 είς

2062 2260 2123 2315 τὸ
2158 2264 2221 2315 ἐκ
2267 2260 2403 2315 Θεοῦ
2434 2260 2721 2333 χρώμενος
2772 2261 2974 2330 λέξεσι,
3029 2264 3121 2317 καὶ
3154 2263 3343 2327 ἄλλαις
3374 2265 3447 2327 είς
3473 2266 3525 2319 τὸ
3553 2256 3603 2327 ἐξ

2066 2349 2221 2417 Υίοῦ,
2240 2349 2359 2415 πῶς
2382 2350 2443 2405 οὐ
2460 2352 2743 2424 προδήλως
2763 2353 2891 2424 μίαν
2912 2352 3008 2408 καὶ
3039 2353 3137 2425 τὴν
3153 2353 3326 2425 αὐτὴν
3353 2355 3444 2407 τοῦ
3463 2355 3603 2409 Πνεύ·

2067 2462 2237 2516 ματος
2266 2444 2593 2516 παρίστησιν
2623 2446 2859 2516 ὓπαρξιν
2884 2449 2948 2501 tu
2978 2449 3188 2519 [ἰατρὸς
3219 2447 3320 2501 καὶ
3347 2446 3507 2513 Υίοῦς

2410 2539 2523 2594 Τοῦ
2561 2540 2752 2595 αὐτοῦ
2772 2541 2857 2594 ’ἐκ
2903 2540 3026 2595 τῶν
3055 2540 3283 2597 αὐτῶν.

2121 2631 2249 2687 ΠΓ.
2280 2651 2300 2685 ι
2353 2631 2449 2686 Ἐκ
2477 2632 2614 2686 Θεοῦ
2638 2631 2699 2686 τὸ
2726 2630 2952 2702 Πνεῦμα
2975 2631 3036 2685 τὸ
3065 2630 3225 2700 ἅγιον
3256 2627 3391 2686 εἷναί
3420 2648 3603 2702 φαμεν,

2053 2740 2074 2774 ι
2118 2722 2213 2779 καὶ
2244 2721 2387 2776 οὕτω
2419 2722 2772 2794 πιστεύομεν.
2819 2721 2964 2776 Ἀλλ’
2993 2722 3044 2775 οἱ
3066 2721 3202 2794 πρὸς
3238 2721 3399 2792 μόνον
3420 2722 3475 2775 τὸ
3497 2722 3604 2774 δυσ·

2053 2833 2073 2869 ι
2115 2815 2319 2885 φημεῖν
2345 2812 2706 2885 ἑτοιμότατοι,
2732 2811 2826 2867 καὶ
2851 2812 3022 2868 τᾶλλα
3067 2812 3255 2867 πάντα
3279 2812 3344 2865 ἑκ
3371 2810 3500 2865 Θεοῦ
3525 2829 3604 2880 γε·

2051 2924 2072 2959 ι
2116 2906 2299 2961 νέσθαι
2330 2908 2484 2976 φασὶ,
2512 2907 2607 2961 τοῦ
2637 2906 2851 2962 Παύλου
2880 2904 3184 2978 γράφοντος
3211 2917 3229 2936 ⁸
3267 2924 3286 2958 ι
3326 2898 3417 2970 Εἷς
3442 2905 3558 2970 Θεὸς
3579 2908 3604 2960 ὸ

2053 3014 2075 3050 ι
2117 2999 2330 3068 Πατὴρ,
2353 2999 2413 3066 ἐξ
2438 2992 2499 3056 οὗ
2523 3000 2592 3056 τὰ
2612 3000 2814 3056 πάντα.
2836 3017 2856 3053 ι
2890 2996 3028 3053 Εῐτα
3047 2999 3338 3070 νομίζουσι
3365 2998 3601 3053 δύνασθαι

2050 3108 2079 3143 ι
2119 3091 2451 3161 ἀνατρέπειν
2477 3091 2537 3145 τὸ
2563 3092 2631 3145 ὲκ
2658 3092 2758 3162 τῆς
2784 3084 2975 3155 οὐσίας
3003 3084 3147 3145 εῐναι
3188 3091 3289 3146 τοῦ
3321 3092 3523 3163 Πατρὸς
3549 3093 3602 3146 τὸ

381 3196 402 3228 ο
446 3178 623 3237 Patris
666 3179 932 3250 Spiritum
964 3199 1109 3250 esse,
1136 3187 1282 3256 quod
1312 3196 1366 3242 et
1405 3187 1473 3244 de
1503 3191 1772 3246 creaturis
1799 3191 1946 3249 dica-

2063 3198 2075 3234 t
2122 3180 2369 3250 Πνεῦμα,
2392 3182 2479 3237 διὰ
2504 3182 2566 3236 τὸ
2584 3182 2847 3255 φέρεσθαι
2873 3182 2969 3237 καὶ
2996 3181 3139 3238 κατὰ
3158 3182 3275 3238 τῶν
3305 3186 3602 3255 ποιημάτων

384 3289 402 3321 ι
441 3281 530 3326 tur
558 3272 684 3326 illud
720 3289 787 3329 ex
838 3288 971 3343 quo.
1001 3278 1144 3346 quod
1190 3278 1257 3333 de
1305 3277 1511 3349 Spiritu
1542 3291 1837 3351 assertum,
1880 3300 1945 3340 ex

382 3382 401 3414 ι
439 3366 677 3420 essentia
712 3366 865 3421 illum
908 3370 1228 3425 naturaliter
1269 3372 1532 3427 exsistere
1583 3373 1945 3433 demonstrat.

386 3477 404 3508 ι
441 3457 649 3524 Quibus
675 3457 833 3515 favile
864 3462 1183 3531 responderi
1229 3466 1445 3534 poterit.
1492 3467 1838 3535 οιίοιῐικινιιηι⁵
1877 3469 1947 3525 de
1988 3516 1993 3521 .

383 3567 400 3599 ι
443 3548 581 3605 Filio
629 3564 811 3606 sermo
853 3552 1108 3618 habetur,
1154 3554 1373 3625 proprie
1405 3550 1529 3612 Filii
1578 3572 1776 3615 nomen
1815 3559 1943 3627 diei,

386 3660 402 3692 ι
444 3643 592 3713 quod
633 3643 701 3699 de
739 3643 1054 3711 hominibus
1098 3646 1328 3704 abusive
1360 3659 1539 3704 tamen
1569 3651 1890 3707 enuntiatur
1924 3671 1941 3708 :

386 3755 405 3786 ι
442 3751 550 3791 non
600 3737 748 3792 enim
784 3740 929 3810 quod
976 3755 1072 3810 per
1102 3739 1462 3808 additionem,
1494 3750 1549 3796 et
1578 3758 1674 3813 per
1702 3745 1932 3813 gratiam

384 3846 402 3877 ι
442 3826 769 3896 applicatur,
819 3829 1100 3885 subvertet
1149 3845 1277 3886 eum
1321 3832 1412 3903 qui
1464 3831 1594 3891 illud
1625 3834 1947 3890 naturaliter

382 3937 400 3968 ι
444 3917 703 3986 possidet.
737 3917 862 3975 Pati
895 3922 1057 3977 modo
1088 3922 1220 3979 illud
1255 3937 1319 3978 ex
1354 3924 1485 3992 alio,
1526 3940 1653 3981 cum
1685 3927 1753 3983 de
1790 3942 1946 3983 crea-

381 4032 399 4064 ι
441 4014 580 4069 turis
629 4015 980 4083 praedicatur,
1008 4030 1116 4071 non
1147 4025 1225 4070 att
1244 4018 1397 4072 rabet
1430 4018 1497 4073 ad
1528 4019 1804 4089 propriam
1846 4020 1946 4074 liu-

383 4125 402 4158 ‹
443 4106 723 4163 utilitatem
775 4118 828 4165 et
865 4110 1509 4176 eonsubstantialitatem,
1550 4114 1943 4169 sublimitatem

381 4217 399 4249 ι
439 4212 504 4253 ac
532 4198 789 4254 deitatem
818 4201 1061 4270 Spiritus
1087 4220 1103 4257 :
1135 4204 1229 4258 sed
1248 4202 1489 4259 manebit
1520 4204 1743 4274 quidem
1768 4207 1821 4260 in
1851 4205 1945 4260 illo

382 4308 399 4340 ι
436 4292 654 4361 proprie
679 4291 812 4347 illud
840 4307 906 4348 ex
934 4293 1065 4357 alio,
1105 4294 1250 4364 quod
1284 4310 1350 4348 ex
1374 4298 1611 4355 essentia
1636 4295 1818 4354 Patris
1839 4309 1944 4362 est,

379 4401 396 4433 ι
434 4384 811 4454 progrediatur
833 4400 965 4441 vero
990 4384 1042 4440 in
1074 4385 1185 4448 illa.
1205 4386 1348 4456 quod
1375 4403 1438 4442 ex
1474 4387 1602 4452 Deo,
1637 4405 1759 4459 quae
1784 4399 1894 4445 ant:
1913 4407 1942 4446 a

2053 3289 2074 3325 ι
2110 3271 2194 3339 τὸ,
2223 3271 2283 3337 ἐξ
2309 3263 2393 3339 οῦ,
2449 3273 2587 3343 ὅπερ
2616 3274 2710 3328 ἐπὶ
2747 3273 2841 3327 τοῦ
2880 3272 3205 3346 Πνιύματος
3264 3276 3528 3345 κείμενον,
3550 3279 3606 3330 ἐκ

2052 3381 2072 3415 ι
2115 3364 2213 3434 τῆς
2255 3363 2446 3428 οὐσίας
2506 3364 2640 3419 αὐτὸ
2682 3365 2935 3433 φυσικῶς
2972 3365 3222 3437 ὑπάρχον
3270 3366 3607 3421 ἀποδεικνύει.

2053 3475 2073 3509 ι
2126 3455 2266 3510 Ἀλλ’
2290 3454 2405 3510 ἔστι
2433 3456 2572 3528 πρὸς
2591 3455 2752 3509 τοῦτο
2774 3456 2956 3525 λέγειν
3007 3456 3090 3510 ὃτι
3115 3458 3210 3512 καὶ
3238 3458 3328 3529 ἐφ’
3360 3458 3483 3511 Υίοῦ
3522 3475 3606 3512 κυ-

2059 3566 2078 3600 ι
2123 3546 2257 3619 ρίως
2287 3547 2387 3619 μὲν
2418 3549 2597 3604 κεῖται
2643 3548 2706 3603 τὸ
2735 3548 2863 3613 Υίὸς
2896 3548 3089 3621 ὄνομα,
3121 3552 3303 3605 κεῖται
3334 3549 3388 3603 δὲ
3422 3552 3511 3604 καὶ
3532 3548 3620 3609 ἐπ’,

2055 3657 2074 3691 ι
2115 3638 2422 3711 ἀνθρώπων
2446 3640 2927 3713 καταχρηστικῶς,
2966 3642 3061 3695 καὶ
3086 3643 3150 3695 οὐ
3185 3642 3252 3712 δή
3263 3659 3366 3695 που
3394 3641 3454 3695 τὸ
3480 3641 3608 3695 θέσει

2054 3749 2073 3782 ι
2116 3732 2225 3786 τινὶ
2257 3731 2355 3786 καὶ
2400 3731 2545 3786 κατὰ
2577 3732 2739 3804 χάριν
2767 3731 3169 3804 προσκείμενον
3212 3731 3506 3804 ἀνατρέψει
3530 3735 3611 3785 τὸν

2056 3841 2074 3875 ι
2120 3820 2316 3893 ἔχοντα
2340 3822 2610 3892 φυσικῶς.
2638 3822 2798 3878 Οὕτω
2832 3826 2931 3877 καὶ⁸
2954 3823 3017 3877 τὸ
3044 3821 3106 3888 ti
3150 3816 3215 3877 οὗ
3247 3824 3360 3879 τῶν
3388 3825 3607 3893 ποιημά-

2056 3934 2074 3968 ι
2121 3932 2228 3969 των
2251 3914 2729 3987 κατηγορούμενον
2777 3915 2841 3969 οὑ
2869 3915 3113 3969 κατοίσει
3142 3913 3282 3985 πρὸς
3304 3916 3405 3984 τὴν
3424 3913 3610 3967 οἰκείαν

2052 4025 2073 4059 ι
2112 4002 2448 4062 ταπείνωσιν
2469 4023 2531 4065 τε
2555 4008 2653 4062 καὶ
2680 4007 3080 4077 ὀμοουσιότητα
3105 4006 3168 4060 τὸ
3189 4005 3289 4060 τοῦ
3315 4004 3612 4077 Πνεῦματος

2051 4117 2071 4151 ι
2112 4099 2313 4171 ὑψηλόν
2354 4112 2416 4157 τι
2446 4100 2540 4156 καὶ
2568 4100 2750 4155 θεῐκόν
2769 4115 2784 4132 ·
2811 4098 2950 4155 ἀλλὰ
2981 4101 3133 4170 μενεῖ
3165 4098 3270 4170 μὲν
3317 4097 3465 4168 αὐτῷ
3519 4113 3608 4149 κυ-

2051 4210 2071 4243 ‹
2120 4191 2250 4263 ρίως
2273 4191 2335 4245 τὸ
2362 4190 2423 4258 ἐξ
2448 4186 2533 4259 οὗ,
2565 4193 2654 4247 διὰ
2681 4192 2744 4247 τὸ
2772 4193 2838 4246 tat
2861 4191 2962 4262 τῆς
2992 4192 3178 4255 οὐσίας
3210 4187 3359 4246 εἶναι
3383 4188 3474 4244 τοῦ
3513 4191 3611 4241 lia-

2052 4301 2069 4334 ί
2115 4284 2263 4353 τρὸς.
2289 4285 2536 4356 χωρήσει
2564 4285 2622 4339 δὲ
2676 4283 2771 4337 καὶ
2814 4283 2903 4337 ἐπ’
2940 4284 3144 4346 ὸκεϊνα,
3179 4282 3273 4335 διὰ
3298 4283 3361 4334 τὸ
3402 4284 3462 4334 ὲκ
3491 4275 3607 4331 Θεοῦ

2056 4392 2074 4425 ι
2119 4376 2253 4447 πρὸς
2305 4377 2364 4430 τὸ
2408 4373 2549 4431 εἶναι
2604 4376 2674 4432 τὰ
2703 4377 2805 4431 οὐκ
2837 4376 2963 4431 ὄντα
2996 4376 3254 4471 δραμεῖν,
3288 4375 3358 4429 δι’
3384 4373 3513 4437 Υἱοῆ
3529 4372 3612 4440 δη·

380 4494 400 4525 ι
436 4489 543 4528 non
580 4483 756 4543 erant,
813 4483 872 4531 ut
923 4477 1035 4534 sint
1085 4478 1345 4547 producta
1391 4489 1541 4545 sunt,
1599 4497 1693 4551 per
1747 4478 1942 4538 Filium
2054 4483 2073 4517 ⁴
2113 4467 2267 4537 λαδή·
2313 4487 2332 4519 ⁸

381 4584 401 4619 ι
435 4566 662 4623 scilicet.
699 4586 720 4619 ο

947 4660 988 4713 Α
999 4660 1367 4716 nt'madversio.

451 4766 469 4800 ι
512 4747 721 4804 llabeto
778 4749 872 4805 tibi
922 4760 1082 4806 antea
1139 4752 1360 4823 digesta:
1412 4754 1691 4824 pericopes
1732 4770 1797 4809 cx
1845 4753 1948 4811 ltac

378 4859 396 4892 ι
433 4842 876 4898 declarationem.
921 4841 1166 4899 Obscure
1191 4845 1337 4900 enim
1368 4845 1420 4899 in
1452 4846 1540 4900 illa
1578 4847 1937 4911 insinuatum,

375 4951 393 4985 ι
431 4946 499 4987 οι
533 4931 646 4988 Deo
693 4930 954 5002 Spiritum
1004 4934 1273 5003 progredi,
1327 4944 1381 4988 et
1432 4949 1496 4990 es
1557 4949 1623 4989 eo
1679 4946 1731 4990 et
1762 4936 1825 4989 .iu
1878 4951 1944 4991 eo

375 5042 393 5075 ι
430 5038 598 5089 esse.
651 5023 756 5081 ista
819 5024 1141 5089 declarans,
1194 5042 1262 5081 ex
1302 5027 1539 5082 essentia
1597 5026 1775 5085 Patris
1823 5042 1945 5085 esse

374 5134 393 5168 ι
430 5116 615 5172 docet.
655 5133 676 5168 ι

1019 5211 1310 5281 ΒεῙαιοιὶο.

443 5300 502 5355 Si
534 5300 859 5371 exquisitam
912 5319 1073 5372 supra
1109 5303 1334 5372 digestae
1365 5301 1647 5371 pericopes
1683 5301 1936 5358 declara-

368 5392 570 5447 tionem
618 5393 817 5450 habere
880 5394 977 5450 tibi
1010 5395 1064 5449 in
1126 5394 1311 5448 animo
1349 5402 1454 5457 est,
1492 5393 1766 5448 attendito
1809 5408 1940 5448 san-

370 5489 546 5548 ctum,
581 5495 706 5537 cum
755 5498 948 5541 rursus
989 5497 1052 5537 es
1083 5480 1246 5537 Patre
1277 5482 1515 5552 Spiritus
1554 5484 1934 5540 exsistentiam

372 5572 458 5629 hic
488 5570 825 5640 manifestat,
865 5588 933 5629 ex
966 5572 1204 5628 essentia
1228 5571 1405 5628 Patris
1427 5589 1552 5630 eum
1577 5588 1700 5630 esse
1724 5574 1937 5641 decere,

368 5664 675 5722 innumeris
695 5680 827 5720 vero
854 5678 1020 5736 prope
1059 5664 1111 5721 in
1145 5664 1279 5722 locis
1319 5680 1542 5723 suorum
1590 5665 1938 5723 Commenta-

444 5840 492 5875 "
521 5840 537 5894 l
565 5841 697 5899 Cor.
730 5857 850 5905 vm,
882 5840 933 5897 4.

2650 4654 3032 4709 Ἐπιστασία.

2126 4762 2146 4795 ι
2187 4744 2354 4815 Δέχου
2385 4744 2486 4815 τὴν
2537 4745 2636 4817 τῆς
2694 4744 3075 4816 προλασούσης
3104 4743 3420 4814 περικοπῆς
3452 4742 3610 4810 σαφή⁴

2052 4853 2071 4887 ι
2113 4851 2261 4890 νειαν
2286 4837 2397 4890 ἀπὸ
2422 4836 2647 4908 ταύτης.
2680 4838 2747 4891 '0
2768 4836 2877 4907 γὰρ
2903 4835 3127 4905 ἀσαφῶς
3147 4836 3334 4906 tum
3360 4834 3604 4898 ὲδὶδαξεν.

2051 4946 2069 4980 ι
2115 4929 2179 4983 ἐκ
2208 4928 2345 4980 Θεοῦ
2375 4930 2565 4998 προϊὸν
2593 4930 2655 4983 τὸ
2704 4929 2927 5000 Πνεῦμα
2961 4929 3217 4997 λέγουσα.
3246 4928 3351 4982 καὶ
3380 4927 3440 4995 ἐξ
3467 4923 3614 4980 αὐτοῦ

2053 5035 2074 5071 ι
2117 5020 2210 5073 καὶ
2241 5021 2301 5073 ὲν
2350 5020 2500 5091 αὐτῷ
2557 5020 2823 5092 ὑπάρχον,
2859 5019 3020 5075 τοῦτο
3061 5021 3439 5091 σαφηνίζουσα
3465 5017 3609 5087 αὕτη,

2054 5129 2072 5161 ι
2117 5112 2182 5164 ὲκ
2212 5111 2307 5181 τῆς
2338 5109 2525 5174 οὐσίας
2560 5106 2699 5165 εἶναι
2723 5109 2819 5164 τοῦ
2848 5111 3060 5182 [ἰατρὸς
3091 5110 3356 5165 διδάσκει.
3395 5128 3414 5162 ι

2657 5202 3047 5271 Ἀντίρῤησις.

2119 5295 2291 5366 Είπερ
2324 5291 2569 5362 ἀκριϐῶς
2622 5292 2805 5363 βούλει
2848 5293 2946 5362 τὴν
2984 5292 3085 5362 τῆς
3119 5290 3497 5361 προλαϐούσής
3525 5302 3612 5339 πε-

2049 5387 2285 5458 ρικοπῆς
2304 5387 2601 5455 σαφήνειαν
2622 5383 2899 5451 δέξασθαι,
2932 5384 3204 5454 πρόσσχες
3227 5384 3313 5438 ὅτι
3327 5382 3428 5452 τὴν
3447 5382 3506 5433 ἐκ
3530 5375 3612 5430 τοῦ

2047 5479 2262 5550 Πατρὸς
2313 5478 2409 5533 καὶ
2455 5477 2618 5532 πάλιν
2659 5476 2832 5547 δηλῶν
2867 5474 3096 5546 ὓπαρξιν
3147 5475 3243 5529 τοῦ
3308 5473 3611 5541 Πνεῦματος

2050 5570 2286 5625 ἐνταῦθα
2333 5572 2360 5625 ὁ
2413 5571 2591 5637 ἄξιος,
2627 5571 2691 5622 ὲκ
2722 5568 2819 5637 τῆς
2854 5567 3042 5630 οὐσίας
3074 5564 3212 5621 εἶναι
3270 5564 3365 5619 τοῦ
3418 5559 3612 5630 Πατρδς

2051 5664 2293 5719 διδάσκει
2325 5663 2455 5716 αὐτ.
2517 5659 2801 5733 Μιριαχοῦ
2837 5659 2893 5713 δὲ
2923 5658 3032 5713 τῶν
3061 5658 3240 5715 ἄλλων
3268 5649 3612 5727 ωγγραμμά·
