3870 6568
170 446 257 511 521
1081 450 1169 513 IN
1208 447 1601 512 CAMATER‘I
1635 447 1879 509 ΑΝῙΜΑ
1888 446 2386 512 DVERSIONES.

3271 439 3381 503 522

168 563 299 627 Ποῦ,
330 561 419 619 καὶ
435 561 494 629 ἐξ
521 564 743 637 ἀμφοῖν,
778 563 854 630 ὡς
868 564 935 619 ἐκ
961 567 1094 638 μιᾶς
1122 567 1306 637 πηγῆς
1330 563 1513 631 λέγειν
1541 562 1690 617 τοῦτ(

1807 560 1967 617 Patre
1997 577 2095 632 per
2122 559 2350 629 Filium,
2379 570 2433 617 et
2453 576 2519 618 ex
2548 568 2782 631 utroque
2806 557 2973 617 veluti
2998 573 3062 612 ex
3088 570 3201 613 uno
3225 556 3379 613 (ante

163 655 498 726 ητάζεσθαι.

172 771 255 826 Ἐκ
291 768 396 840 τῆς
426 770 576 840 πρὸς
608 770 1050 841 πρεσϐυτέρους
1068 772 1167 827 καί
1189 773 1490 841 μοναχούς
1530 787 1702 838 τινας

529 840 907 909 όρθοόόξους
940 840 1290 911 ἐπιστολῆς.
1352 840 1355 841 ⁷
1412 840 1421 857 ¹

219 934 283 998 Lf.
322 949 340 983 ι
379 933 810 1003 Διαπεράναντες
837 933 893 985 δὲ
918 933 1010 986 τὸν
1042 933 1169 1003 περὶ
1198 933 1436 1004 Χριστοῦ
1464 932 1623 1001 λόγον
1650 931 1701 985 oi

162 1041 179 1071 ι
211 1021 568 1092 τρισμάκαρες
620 1024 865 1094 Πατέρες
894 1024 990 1077 τοῦ
1020 1025 1178 1093 ἀγίου
1227 1025 1546 1094 Πνεύματος
1588 1025 1703 1078 δια-

163 1132 178 1163 ι
219 1113 628 1181 μνημονεύουσι.
684 1116 972 1169 Πιστεύειν
1021 1117 1132 1188 γὰρ
1176 1117 1385 1185 ἔφασαν
1424 1118 1507 1179 είς
1548 1117 1700 1182 αὐτὸ,

162 1222 177 1253 ι
217 1202 450 1274 καθάπερ
500 1205 698 1275 ἀμέλει
746 1208 828 1269 είς
875 1207 967 1259 τὸν
1005 1208 1225 1277 Πατέρα
1269 1208 1362 1259 καὶ
1417 1207 1511 1260 τὸν
1548 1206 1701 1259 Υίόν.

166 1313 180 1346 ι
219 1294 520 1364 Ὀμοούσιον
546 1298 658 1366 γάρ
691 1300 838 1351 ἐστιν
872 1299 1078 1362 αὐτοῖς,
1122 1299 1215 1353 καὶ
1248 1300 1532 1368 προχεῖται
1580 1298 1701 1367 μὲν,

163 1403 179 1433 ι
213 1387 367 1455 ἤγουν
404 1387 771 1457 ἐκπορεύεται
812 1390 1069 1460 καθάπερ
1099 1390 1207 1444 ἀπὸ
1234 1392 1418 1460 πηγῆς
1442 1388 1537 1442 τοῦ
1561 1389 1701 1442 Θεοῦ

162 1497 178 1529 ι
213 1480 296 1531 καὶ
353 1481 611 1550 Πατρόςο
664 1486 985 1552 χορηγεῖται
1041 1483 1097 1535 δὲ
1151 1484 1216 1553 τῇ
1269 1483 1445 1538 κτίσει
1480 1483 1569 1535 διὰ
1606 1479 1703 1534 τοῦ

163 1589 178 1620 ι
214 1571 351 1625 Υἱοῦ.
414 1572 755 1643 Ἐνεφύσησε
815 1575 945 1643 γοῦν
1001 1578 1114 1639 τοῖς
1170 1575 1321 1638 ἰδίοις
1376 1574 1700 1638 ἀποστόλοις

160 1678 177 1711 ι
211 1660 402 1729 λέγων·
459 1680 479 1714 ι
527 1664 743 1718 Λάϐετε
795 1665 1026 1736 Πνεῦμα
1079 1666 1256 1734 ἅγιον.
1306 1685 1324 1717 ι
1374 1665 1585 1720 Οὐκοῦν
1634 1668 1701 1720 ὲκ

160 1773 176 1806 ι
212 1754 354 1821 Θεοῦ,
381 1756 472 1810 καὶ
494 1757 630 1821 Θεὸς
660 1760 718 1812 τὸ
749 1759 972 1829 Πνεῦμά
997 1761 1146 1817 ἐστιν
1172 1760 1273 1813 οῦκ
1300 1759 1581 1828 ἀλλότριον
1596 1758 1699 1828 τῆς

159 1864 176 1899 ι
209 1846 449 1900 ἀνωτάτω
476 1850 670 1901 πασῶν
706 1850 915 1915 οὐσίας,
969 1851 1087 1905 ἀλλ’
1118 1851 1178 1916 ἐξ
1222 1852 1394 1920 αὐτῆς
1425 1868 1487 1905 τε
1519 1852 1613 1905 καὶ
1637 1854 1696 1904 ὲν

161 1958 177 1991 ι
210 1941 332 2009 αὐτῇ
363 1942 456 1993 καὶ
485 1940 622 1995 [διον
653 1944 845 2013 αὐτῆς.
895 1963 914 1996 ι

720 2034 1103 2089 Ἐπιστασία.

212 2140 229 2173 ι
269 2122 580 2191 Σημείωσαι
606 2125 689 2177 ὅτι
710 2129 805 2179 καὶ
831 2123 985 2192 οὗτος
1012 2131 1040 2182 ὁ
1068 2130 1223 2198 ἅγιος
1245 2128 1554 2194 ἀκολούθως
1580 2130 1694 2193 τοῖς

155 2232 172 2263 ι
207 2213 517 2283 προλαϐοῦσι
543 2218 733 2289 πηγὴν
755 2218 855 2285 μὲν
887 2220 982 2273 τοῦ
1012 2221 1329 2292 Πνεύματος
1355 2221 1445 2275 τὸν
1475 2222 1693 2291 Πατέρα

158 2322 173 2353 ι
207 2306 365 2369 καὶεί,
416 2308 475 2372 ἐξ
522 2310 694 2362 αὑτοῦ
732 2310 1080 2381 δογματίζων
1128 2313 1289 2367 τοῦτο
1340 2314 1688 2385 προχεῖσθαι,

155 2412 170 2443 ι
206 2396 387 2469 δηλαδὴ
420 2402 846 2469 ἐκπορεύεσθαι,
894 2404 1130 2474 χορηγὸν
1167 2406 1225 2459 δὲ
1253 2406 1345 2459 τὸν
1372 2406 1520 2459 Υἱόν.
1549 2405 1691 2476 Ὅροι

155 2506 168 2536 ι
207 2488 255 2541 δὲ
295 2492 529 2555 καὶπῶς
591 2495 690 2547 οὐκ
721 2496 1003 2566 ἀλλότριον
1053 2498 1215 2552 τοῦτο
1269 2498 1371 2566 τῆς
1425 2497 1689 2552 ἀνωτάτω

153 2597 170 2628 ‹
206 2582 373 2644 οὐσίας
410 2585 615 2651 εἰπὼν,
648 2589 791 2641 πάνυ
833 2588 1180 2660 θαυμασίως,
1221 2590 1295 2653 ὡς
1329 2590 1516 2660 ἔμοιγε
1552 2590 1690 2653 τέως

152 2689 169 2721 ι
202 2670 350 2738 δοκεῖ,
377 2678 504 2748 περὶ
535 2678 634 2730 τοῦ
664 2680 880 2749 Πατρὸς
913 2682 1126 2734 καὶτοῦ
1160 2680 1293 2733 Υίοῦ
1323 2681 1603 2748 διιστειλε,
1628 2682 1688 2736 τὸ

154 2778 169 2811 ι
202 2761 254 2824 ἐξ
274 2763 435 2833 αὐτῆς
468 2766 566 2819 καὶ
600 2768 656 2819 ἐν
689 2768 825 2837 αὐτῇ
858 2768 1248 2839 προσθέμενος,
1278 2770 1456 2823 καὶτὸ
1486 2770 1587 2840 μὲν
1617 2770 1687 2835 ἐξ

155 2869 169 2899 ι
201 2852 388 2921 αὐτῆς,
416 2855 491 2926 τῷ
522 2858 726 2928 Πατρὶ,
771 2861 831 2911 τὸ
867 2859 924 2912 δὲ
956 2860 1027 2913 ἐν
1059 2860 1217 2930 αὐτῇ
1236 2862 1312 2929 τῷ
1339 2860 1452 2931 Υίῷ
1478 2876 1687 2930 προσα-

155 2960 170 2991 ι
216 2949 444 3016 φορίσας,
482 2945 611 3002 εἶτα
657 2951 819 3004 πάλιν
863 2950 1068 3015 ἑνώσας
1096 2956 1192 3007 καὶ
1234 2955 1404 3023 ἄμφω
1457 2955 1548 3007 διὰ
1588 2954 1684 3008 τοῦ

153 3052 167 3082 ι
200 3035 498 3107 ἐπαγαγεῖν,
532 3043 670 3096 ίδιον
695 3044 891 3114 αὐτῆς.
930 3047 1213 3117 Πρόσσχες
1256 3047 1314 3100 δὲ
1353 3047 1473 3111 πῶς
1509 3048 1606 3102 καὶ
1648 3050 1680 3119 ἠ

155 3142 168 3173 t
201 3129 525 3194 προλαϐοῦσα
554 3135 715 3203 ⁴ἡμῶν
745 3136 1146 3206 ἑπισημείωσις
1200 3146 1330 3209 περὶ
1363 3138 1458 3193 τοῦ
1488 3141 1555 3194 ἐκ
1583 3139 1682 3209 τῆς

152 3234 165 3263 ι
201 3217 317 3281 ιδίας
358 3221 576 3290 φύσεως
619 3223 891 3294 πηγάζειν
931 3227 1063 3280 αὐτὸ
1112 3228 1206 3282 τὸν
1246 3229 1369 3283 Υίὸν
1423 3231 1531 3284 ἀπὸ
1580 3231 1682 3302 τῆς

1807 653 2066 723 Spiritum
2107 670 2384 710 emanare.

1808 764 2153 836 Ejusdemex
2202 767 2543 839 epistolarad
2609 770 2938 839 presbyteros
2968 778 3040 838 ,ει
3094 775 3376 822 monachos

2293 838 2548 907 quosdam
2586 838 2924 893 orthodozos.

1876 927 1988 983 XC.
2029 946 2048 980 ι
2080 927 2216 983 Cum
2243 944 2371 984 vero
2407 938 2487 984 ter
2515 931 2658 986 beati
2692 930 2878 986 Patres
2909 929 2977 985 de
3008 927 3230 984 Christo
3256 940 3375 983 ser-

1816 1038 1834 1070 ι
1873 1033 2089 1073 munem
2122 1021 2510 1085 absolvissent,
2561 1023 2629 1077 de
2666 1023 2874 1092 Spiritu
2910 1029 3099 1077 sancto
3135 1020 3374 1075 mentio-

1812 1129 1830 1160 ι
1879 1126 2002 1164 nem
2038 1111 2327 1177 inducunt,
2358 1112 2583 1166 credere
2605 1112 2877 1182 siquidem
2910 1113 2963 1165 in
3008 1112 3185 1181 ipsum
3215 1110 3371 1164 dixe-

1767 1248 1775 1257 .
1810 1219 1830 1252 ι
1874 1213 2003 1256 runt
2032 1203 2222 1257 eodem
2261 1203 2379 1272 ipso
2415 1203 2598 1266 modo,
2633 1219 2743 1273 quo
2778 1212 2832 1257 et
2868 1203 2923 1257 in
2970 1202 3186 1257 Patrem
3229 1209 3284 1255 et
3317 1200 3372 1255 in

1813 1310 1833 1343 ι
1873 1292 2092 1347 Filium.
2123 1293 2232 1349 Illis
2270 1296 2417 1349 enim
2460 1294 2940 1350 consubstantialis
2962 1303 3067 1356 est,
3114 1303 3168 1347 et
3194 1290 3372 1347 eﬂ'um

1811 1404 1830 1436 ι
1872 1387 2039 1450 ditur,
2067 1386 2311 1453 procedit
2337 1386 2567 1449 scilicet,
2604 1385 2678 1437 nti
2708 1399 2776 1440 ex
2806 1384 2956 1438 fonte
2981 1400 3010 1436 ιι
3042 1382 3152 1437 Deo
3188 1391 3246 1436 et.
3270 1380 3376 1435 Pa—

1810 1493 1829 1526 ι
1879 1484 2002 1537 tre,
2064 1476 2442 1545 suppeditatur
2489 1490 2619 1531 vero
2674 1487 2941 1531 creaturae
2995 1488 3091 1544 per
3149 1472 3370 1527 Filium.

1810 1583 1828 1615 ι
1864 1563 2165 1621 Insumavit
2194 1566 2377 1636 itaque
2394 1567 2634 1637 propriis
2659 1567 2944 1637 discipulis
2970 1565 3193 1621 dicens:
3221 1581 3242 1617 ι
3267 1565 3374 1619 Ac-

1813 1676 1831 1709 ι
1866 1659 2027 1727 cipite
2052 1657 2313 1729 Spiritum
2356 1668 2611 1715 sanctum
2630 1659 2698 1712 ⁸⁸.
2739 1678 2760 1711 ι
2785 1658 2882 1713 Est
2901 1672 3031 1726 ergo
3055 1672 3122 1711 ex
3152 1656 3285 1720 Deo,
3318 1659 3375 1709 et

1809 1768 1827 1799 ι
1865 1749 2005 1804 Deus
2035 1749 2294 1819 Spiritus,
2327 1766 2426 1806 nec
2462 1752 2673 1807 alienus
2705 1752 2774 1805 ab
2802 1751 3047 1805 omnium
3079 1750 3365 1805 sublimis-

1810 1856 1831 1890 ι
1865 1840 2002 1896 siina
2029 1844 2291 1909 essentia,
2338 1843 2434 1898 sed
2466 1844 2520 1897 in
2555 1844 2670 1914 ipsa
2703 1849 2759 1897 et
2790 1856 2858 1896 ex
2886 1841 3003 1912 ipsa
3029 1850 3084 1896 et
3114 1840 3370 1911 proprius

1726 1946 1770 2000 Β
1804 1950 1822 1983 ε
1860 1931 2024 1988 illius.
2072 1950 2093 1984 ι

2373 2027 2791 2083 Animadversio.

1870 2132 1890 2166 ι
1923 2112 2195 2171 Adnotato
2224 2116 2388 2171 etiam
2428 2121 2572 2174 hunc
2592 2127 2841 2174 sanctum
2872 2117 3150 2189 praedictis
3171 2126 3370 2173 conse-

1802 2223 1821 2257 ι
1853 2207 2076 2275 quentia
2108 2208 2321 2275 dicere,
2358 2224 2666 2281 vocareque
2711 2210 2915 2265 fontem
2969 2210 3207 2282 Spiritus
3259 2208 3367 2263 Pa-

1799 2317 1818 2349 ι
1856 2309 2017 2362 trem,
2050 2314 2118 2353 ex
2147 2314 2212 2354 eo
2239 2302 2624 2357 decernentem
2650 2302 2873 2368 eﬂundi,
2898 2302 3191 2372 procedere
3211 2299 3368 2357 scili-

1798 2409 1815 2442 ι
1855 2400 1963 2455 cet,
2014 2393 2348 2462 suppeditari
2399 2409 2527 2448 vero
2589 2411 2685 2464 per
2735 2394 2976 2450 Filium.’
3005 2394 3368 2450 Considerata

1798 2500 1815 2531 ι
1854 2492 2132 2548 praeterea,
2172 2500 2296 2538 cum
2348 2486 2499 2540 illum
2552 2486 2685 2540 dicit
2740 2501 2844 2541 non
2903 2486 3141 2539 alienum
3178 2500 3300 2541 esse
3334 2500 3367 2538 a

1797 2590 1818 2624 ι
1857 2574 2251 2630 sublimissima
2304 2578 2557 2642 essentia,
2593 2578 2773 2631 divine
2806 2578 3124 2641 admodum,
3174 2579 3221 2635 si
3274 2592 3363 2632 me

1796 2681 1817 2716 ι
1860 2680 1976 2719 mea
2013 2682 2119 2719 non
2155 2666 2291 2719 fallit
2322 2670 2618 2734 sententia,
2655 2669 2798 2723 inter
2831 2670 3041 2723 Patrem
3087 2678 3141 2723 et
3165 2669 3365 2724 Filium

1796 2773 1814 2807 ι
1853 2755 2146 2811 discrimen
2177 2760 2532 2827 apposuisse,
2587 2774 2710 2814 cum
2749 2760 3021 2816 addiderit
3061 2777 3125 2815 ea;
3170 2763 3285 2830 ipsa
3313 2772 3368 2818 et

1794 2863 1813 2896 ι
1854 2847 1909 2901 in
1944 2847 2079 2914 ipsa,
2134 2858 2187 2903 et
2224 2865 2290 2903 ea:
2331 2852 2449 2919 ipsa
2496 2852 2715 2920 quidem
2759 2850 2929 2915 Patri,
2987 2854 3041 2906 in
3083 2853 3199 2921 ipsa
3230 2868 3363 2909 vero

1795 2958 1814 2991 ι
1851 2938 1989 3021 Filio
2019 2942 2344 3008 attribuens,
2376 2952 2428 2998 et
2462 2959 2585 2998 cum
2623 2955 2883 3014 prazterea
2920 2956 3152 3015 utraque
3175 2949 3366 3003 unive-

1794 3051 1812 3084 ι
1850 3033 1941 3099 rit,
1966 3048 2091 3088 eum
2141 3037 2324 3090 subdit
2355 3036 2634 3107 proprium
2686 3040 2878 3107 ipsius.
2907 3038 3187 3095 Attendito
3235 3041 3364 3096 item

1793 3141 1812 3176 ι
1846 3127 2121 3194 quomodo
2156 3128 2504 3199 supraposita
2546 3130 2953 3187 animadversio
2987 3133 3063 3213 de;
3093 3148 3181 3201 eo,
3208 3133 3360 3203 quod

1791 3234 1811 3268 ι
1855 3234 1920 3272 ex
1972 3221 2189 3289 propria
2221 3229 2417 3278 natura
2466 3222 2635 3277 veluti
2684 3238 2751 3277 ex
2804 3222 2954 3279 fonte
2999 3225 3151 3280 illum
3188 3224 3360 3282 Filius

151 3325 165 3355 ι
202 3313 456 3383 παρούσης
484 3318 795 3387 περικοπῆς
823 3321 1058 3390 ἀκριϐὴς
1081 3322 1462 3391 ἀναφαίνεται,
1490 3325 1682 3396 λεγού-

1803 3326 1816 3359 ι
1863 3314 2145 3381 producat,
2189 3330 2218 3367 a
2245 3315 2497 3384 praesenti
2524 3318 2775 3386 pericope
2807 3317 2951 3373 clare
2981 3318 3358 3387 confirmatur,

152 3415 165 3447 ι
200 3415 282 3468 cm;
307 3406 629 3474 προχεῖσθαι
650 3409 902 3479 καθάπερ
934 3411 1042 3463 ἀπὸ
1070 3415 1256 3483 πηγῆς
1281 3415 1381 3468 τοῦ
1412 3416 1550 3470 Θεοῦ
1583 3419 1680 3474 καὶ

150 3505 164 3538 ι
198 3489 404 3562 Πατρὸς,
439 3498 798 3566 χορηγεῖσθαι
820 3498 877 3551 δὲ
909 3501 978 3571 τῇ
1011 3500 1187 3555 κτίσει
1220 3502 1308 3558 διὰ
1339 3504 1433 3559 τοῦ
1470 3506 1624 3562 Υίοῦ.
1660 3524 1679 3557 ι

700 3587 1097 3658 Ἀντίρῤησις.

198 3673 251 3727 Ei
272 3674 352 3729 διὰ
388 3677 448 3730 τὸ
478 3680 669 3749 πηγὴν
721 3682 823 3751 μιν
856 3683 951 3736 τοῦ
994 3684 1311 3751 Πνεύματος
1343 3688 1433 3743 τὸν
1464 3689 1686 3762 Πατέρα

143 3767 187 3817 ὲν
214 3772 270 3840 τῇ
299 3773 518 3847 ῥηθείσῃ
545 3775 783 3846 ῥηθῆναι
812 3781 1110 3851 περικοπῇ,
1146 3783 1206 3847 ἐξ
1236 3782 1401 3835 αὑτοῦ
1434 3779 1575 3837 εἶναι
1599 3784 1685 3837 δο-

155 3865 404 3930 γματίζεις
434 3868 495 3920 τὸ
545 3868 790 3938 Πνεῦμα,
828 3869 920 3923 διά
963 3870 1022 3924 δὲ
1071 3871 1130 3926 τὸ
1161 3874 1395 3945 χορηγὸν
1426 3875 1517 3928 τὸν
1557 3876 1687 3930 Υἱὺν

151 3950 345 4022 ῥηθῆναι
379 3958 478 4010 οὐκ
502 3957 568 4025 ἐξ
600 3958 789 4025 αὑτοῦ,
824 3960 942 4030 ὥρα
975 3978 1079 4028 σοι,
1106 3964 1234 4018 ὅταν
1260 3966 1361 4033 μὲν
1385 3965 1479 4019 τοῦ
1513 3967 1687 4037 μεγά-

156 4040 231 4096 λου
283 4048 477 4120 ἀκούῃς
525 4050 849 4105 Ἀθανασίου
898 4052 1146 4122 λέγοντος
1180 4075 1199 4108 ι
1236 4056 1365 4111 ὄντα
1404 4059 1558 4130 παρά
1608 4060 1686 4130 τῷ

142 4132 291 4204 Harp!
316 4140 402 4193 τὸν
427 4141 581 4208 Υἱδν,
607 4141 707 4212 τὴν
737 4142 920 4213 πηγὴν
950 4144 1043 4198 τοῦ
1076 4146 1236 4214 ἁγίου
1271 4148 1608 4219 Πνεύματος,
1660 4169 1678 4202 ι

143 4224 195 4276 ἐκ
218 4227 300 4280 τοῦ
319 4229 442 4284 Υἱοῦ
466 4232 800 4303 πρεσϐεύειν
828 4230 967 4288 εἶναι
991 4236 1291 4306 τὸᾘνεῦμα
1310 4255 1324 4269 ·
1358 4239 1485 4293 ὅταν
1500 4240 1556 4294 δὲ
1583 4242 1688 4295 πά-

141 4314 224 4379 λιν,
249 4315 347 4392 ὲνῇ
368 4324 393 4373 ὀ
411 4324 574 4387 αὐτὸς
600 4326 772 4395 μέγας
803 4325 1117 4390 ’Δθανάσιος
1146 4328 1421 4381 ἐκτίθεται
1455 4330 1685 4395 διαλέξει

150 4404 423 4474 Ὀρίιοδόξου
457 4415 555 4466 καὶ
597 4415 874 4486 ’Δνομοίου
904 4416 1107 4487 ἀκούῃς
1135 4416 1298 4469 αὑτοῦ
1326 4418 1577 4485 λέγοντος
1609 4422 1686 4483 ὡς

141 4513 158 4545 t
176 4496 393 4568 Χορηγός
409 4506 528 4559 ἐστι
552 4503 644 4559 τοῦ
666 4508 980 4577 Πνεύματος
1004 4512 1033 4561 ὁ
1058 4508 1209 4575 Θεὸς,
1242 4528 1263 4561 ι
1292 4512 1387 4564 καὶ
1408 4511 1498 4564 τὸν
1527 4512 1687 4565 Ἀπό-

140 4588 295 4644 στολον
341 4594 395 4647 δὲ
446 4599 807 4667 παράγοντος,
866 4602 1092 4670 λέγοντα
1125 4603 1253 4670 περ)⁵
1298 4603 1392 4656 τοῦ
1448 4604 1680 4675 Πατρδς,

1798 3420 1817 3452 ι
1848 3419 1970 3474 qua:
1999 3408 2217 3469 asserit,
2243 3406 2445 3463 effundi
2483 3410 2645 3463 veluti
2673 3425 2704 3465 a
2737 3410 2885 3465 fonte
2911 3425 2942 3464 a
2961 3409 3073 3466 Deo
3097 3420 3152 3466 et
3178 3410 3359 3478 Patre,

1796 3514 1814 3546 ι
1851 3498 2183 3567 suppeditari
2220 3513 2346 3554 vero
2370 3510 2633 3555 creaturae
2662 3517 2757 3570 per
2784 3500 3002 3558 Filium.
3051 3520 3071 3553 ι

2429 3589 2725 3661 Refutatio.

1860 3681 1917 3737 Si
1965 3683 2094 3753 quia
2153 3682 2358 3739 dictum
2413 3694 2499 3739 est
2544 3685 2597 3738 in
2646 3685 2760 3754 jam
2813 3683 3031 3739 laudata
3083 3684 3359 3757 pericope,

1790 3773 1992 3831 fontem
2022 3789 2146 3831 esse
2193 3776 2429 3847 Spiritus
2460 3774 2701 3841 Patrem,
2742 3793 2808 3832 ex
2845 3791 2912 3833 eo
2946 3777 3209 3848 Spiritum
3236 3791 3361 3833 esse

1789 3867 2057 3934 decernis,
2086 3868 2213 3938 quia
2244 3883 2371 3922 vero
2400 3883 2429 3922 a
2459 3867 2597 3923 Filio
2631 3869 2989 3938 suppeditari,
3026 3884 3136 3923 nor.
3165 3883 3233 3923 ex
3268 3883 3356 3933 eo,

1784 3956 1896 4025 jam
1931 3973 2057 4011 cum
2113 3958 2272 4013 audis
2329 3972 2585 4028 magnum
2636 3959 2996 4013 Athanasium
3041 3958 3353 4023 dicentem,

1793 4066 1813 4100 ι
1861 4048 2055 4104 Filium
2087 4051 2181 4120 qui
2211 4050 2351 4120 apud
2382 4052 2601 4105 Patrem
2636 4059 2741 4117 est,
2783 4048 2991 4105 fontem
3021 4064 3147 4105 esse
3179 4047 3358 4118 Spiri-

1789 4150 1878 4194 tus
1905 4144 2102 4207 sancti,
2139 4159 2160 4193 ›
2198 4157 2267 4196 ex
2321 4139 2461 4196 Filio
2511 4140 2776 4213 Spiritum
2812 4144 3125 4207 decernere,
3186 4140 3361 4195 faten-

1788 4233 1918 4285 dum
1945 4232 2169 4286 omnino
2198 4232 2294 4288 tibi
2322 4242 2424 4289 est.
2458 4232 2782 4305 Rursusque
2827 4247 2952 4288 cum
2989 4233 3042 4288 in
3079 4231 3358 4301 colloquio

1788 4339 1817 4377 a
1862 4325 2093 4378 seinter
2130 4323 2508 4380 Orthodoxum
2555 4334 2611 4378 et
2663 4325 2992 4379 Anomteum
3030 4324 3358 4379 concinnato

1788 4414 2057 4469 dicentem
2112 4416 2289 4481 audis,
2335 4434 2354 4467 ι
2396 4415 2567 4470 Deum
2626 4417 2973 4485 suppeditare
3005 4414 3288 4484 Spiritum,
3328 4433 3349 4466 ι

1786 4507 2255 4577 adduc-cutemque
2298 4507 2541 4578 Apostoli
2584 4507 2813 4572 dictum,
2854 4510 2921 4560 ad
2956 4522 3057 4561 sua
3087 4507 3354 4561 corrobo-

1788 4598 1975 4664 randa,
2009 4600 2074 4654 de
2105 4597 2264 4655 Patre
2291 4601 2559 4655 dicentem
2592 4615 2608 4654 :
2655 4617 2675 4651 ι
2706 4599 2809 4665 Qui
2841 4598 3148 4668 suppeditat
3194 4598 3353 4653 nobis

141 4695 156 4727 ι
185 4679 230 4733 ’0
245 4686 574 4757 ἐπιχορηγῶν
598 4694 655 4743 ὲν
678 4693 809 4761 ἡμῖν
843 4692 902 4745 τὸ
926 4693 1174 4764 Πνεῦμα,
1197 4695 1290 4748 καὶ
1332 4696 1568 4767 ινεργῶν
1616 4700 1672 4748 ὲν

1808 4693 2050 4761 piritum,
2082 4700 2135 4746 et
2159 4700 2417 4762 operatur
2446 4692 2500 4746 in
2539 4692 2699 4747 nobis
2726 4694 2955 4747 virtutes
2972 4690 3038 4757 “,
3081 4706 3253 4767 rwnon
3281 4706 3351 4745 ex

136 4770 246 4838 ἡμῖν
271 4775 539 4849 δυνάμεις,
566 4782 667 4835 οὐκ
713 4784 777 4836 ὲκ
802 4784 896 4837 τοῦ
928 4788 1141 4855 Πατρὸς
1171 4783 1312 4840 εἶναι
1341 4786 1665 4857 πρεσϐεύειν

1803 4787 1931 4839 'atre
1970 4785 2118 4838 illum
2151 4785 2464 4850 decernere,
2503 4788 2596 4839 sed
2643 4799 2708 4839 ex
2748 4783 2889 4839 Filio
2912 4800 3033 4841 esse
3087 4797 3343 4855 tanquam

136 4863 259 4930 αὑτὸ,
282 4870 387 4922 ἀλλ’
430 4876 494 4928 ὲκ
527 4876 627 4944 μὲν
683 4879 777 4930 τοῦ
821 4878 951 4931 Υίοῦ
984 4876 1125 4933 εἶναι
1156 4879 1232 4943 ὡς
1261 4881 1324 4933 ὲκ
1352 4879 1560 4949 πηγῆς,
1601 4881 1665 4932 ἐκ

1808 4894 1840 4931 x
1870 4877 2035 4943 ionte,
2068 4894 2134 4933 ex
2165 4877 2325 4933 Patre
2364 4893 2493 4934 vero
2531 4887 2791 4948 tanquam
2823 4895 2891 4934 ex
2931 4879 3343 4949 suppeditatore

135 4953 180 5005 δὲ
202 4958 281 5010 τοῦ
309 4962 509 5035 Πατρὸς
540 4967 891 5037 διανέμεσθαι
916 4972 1027 5032 τοῖς
1056 4971 1247 5036 ἀξίοις,
1294 4971 1368 5033 ὡς
1402 4972 1662 5041 χορηγοῦ,

1803 4972 2000 5025 .ttribni
2032 4972 2233 5041 dignis.
2267 4971 2312 5025 Ο
2348 4972 2421 5025 mi
2459 4972 2643 5036 homo,
2678 4970 2952 5042 Quidquid
2979 4983 3151 5025 estex
3183 4969 3344 5025 Patre

141 5044 377 5118 ἄνθρωπε,
409 5058 514 5110 πᾶν
562 5059 614 5111 εἴ
639 5076 691 5112 τι
729 5061 793 5112 ὲκ
824 5061 1034 5130 [lata-po;
1062 5063 1157 5114 καὶ
1205 5062 1267 5126 ἐξ
1292 5061 1445 5128 Υίοῦ,
1475 5066 1568 5115 καὶ
1594 5065 1659 5115 ἐκ

1807 5073 1824 5117 t
1861 5063 2018 5130 Filio,
2051 5072 2104 5116 ct
2136 5080 2202 5117 ex
2235 5064 2397 5119 Patre
2440 5080 2535 5130 per
2588 5063 2783 5119 Filium
2821 5067 3021 5119 dicitur
3048 5080 3192 5126 esse,
3220 5075 3342 5118 tan-

137 5132 315 5208 Πατρὸς
359 5145 421 5198 δι’
460 5149 590 5201 Υίοῦ
634 5149 852 5218 λέγεται
889 5148 1048 5218 εἷναι,
1099 5153 1175 5214 ὡς
1220 5153 1281 5217 ἐξ
1326 5154 1444 5217 ἐνὸς
1500 5154 1656 5220 Θεοῦ,

1810 5172 1934 5209 nam
1966 5172 2029 5208 ex
2059 5170 2170 5208 uno
2201 5154 2333 5222 Deo,
2364 5155 2469 5209 dici
2500 5157 2663 5211 scito.
2698 5157 3010 5211 lusuﬂlatur
3037 5159 3179 5211 enim
3216 5156 3341 5224 Spi-

137 5226 225 5281 [alit
252 5235 395 5290 τοῦτο
434 5241 750 5311 λεγόμενον.
795 5243 1142 5313 Ἐμφυσᾶται
1191 5244 1300 5315 γὰρ
1352 5244 1412 5311 ὲξ
1452 5246 1657 5315 ἀμφοῖν

1803 5248 1905 5301 itus
1947 5256 2168 5302 sanctus
2203 5247 2269 5300 ab
2298 5257 2531 5316 utroque
2564 5258 2615 5301 et
2648 5248 2717 5301 ab
2747 5256 2977 5318 utroque
3016 5247 3337 5305 eﬂunditur.

134 5318 183 5369 ἰδ
223 5324 424 5396 Πνεῦμα
446 5332 504 5384 τὸ
546 5333 720 5401 ἅγιον,
755 5338 847 5388 καὶ
876 5336 934 5400 ἐξ
975 5338 1178 5405 ἀμφοῖν
1219 5338 1527 5407 προχεῖται,
1563 5337 1657 5392 καὶ

1803 5350 1822 5393 ι
1853 5340 1920 5408 ab
1952 5349 2184 5407 utroque
2235 5341 2638 5409 suppeditatur,
2674 5351 2728 5394 et
2782 5342 2898 5394 haec
2943 5342 3124 5394 omnia
3154 5340 3232 5393 uti
3268 5353 3335 5393 ex

136 5410 182 5501 ἐξ
206 5416 384 5485 ἀμφοῖν
429 5429 764 5495 χορηγεῑται,
816 5430 910 5479 καὶ
967 5429 1188 5491 πάντως
1245 5428 1420 5482 ταῦτα
1471 5429 1546 5491 ὡς
1596 5427 1656 5493 ἐξ

1803 5440 1876 5485 leo
1909 5447 2017 5484 uno
2060 5441 2188 5486 sunt
2218 5449 2233 5485 :
2265 5434 2753 5501 comprobabitque
2803 5447 3107 5487 sermonem
3152 5445 3331 5485 meum

137 5498 230 5592 ξνός
271 5507 378 5561 ἐστι
413 5512 545 5565 Θεοῦ
571 5532 586 5545 ·
632 5516 730 5567 καὶ
782 5516 1043 5578 συστήσει
1110 5534 1202 5586 μοι
1256 5519 1350 5571 τὸν
1408 5517 1564 5585 λόγον
1625 5521 1654 5571 ὁ

1806 5523 2136 5583 ivinissimns
2164 5498 2406 5592 Cyrinus
2438 5522 2575 5575 labro
2606 5498 2762 5576 sexto
2815 5524 2881 5575 ad
2933 5521 3207 5576 liermiam
3248 5520 3333 5574 his

137 5588 368 5693 θειότατος
397 5605 658 5675 Κύριλλος
684 5609 741 5658 ὲν
782 5607 858 5676 τῷ
885 5607 1031 5678 ῑκτῳ
1057 5609 1165 5662 τῶν
1214 5610 1350 5681 πρὸς
1392 5610 1651 5682 Ἑρμείαν
1686 5672 1690 5685 ι

1803 5616 2055 5670 isissimis
2104 5588 2333 5669 verbis:
2381 5631 2398 5665 ι
2435 5611 2706 5683 Quidquid
2757 5630 2785 5666 a
2846 5614 3006 5667 Patre
3064 5613 3162 5678 ῆι,
3225 5606 3329 5665 hoc

134 5678 273 5751 λέγων
290 5690 476 5758 οὕτως’
509 5715 528 5749 ι
563 5699 626 5751 '0
644 5697 751 5768 γὰρ
780 5697 845 5751 ἂν
864 5698 1036 5770 δρῷτο
1059 5702 1209 5771 παρά
1231 5678 1467 5776 Πατρὸς,
1492 5678 1690 5759 τοῦτο

1803 5705 1940 5761 nodis
1984 5707 2240 5762 omnibus
2299 5706 2544 5774 operatio
2605 5717 2825 5773 quoque
2876 5704 2995 5759 Filii
3047 5703 3229 5768 fuerit,
3275 5714 3331 5757 υι

192 5840 231 5872 ⁸⁸
251 5841 397 5903 Joan.
438 5867 531 5919 xx,
563 5853 657 5907 22.
737 5854 925 5911 “Gal.
955 5870 1035 5919 tn,
1072 5857 1124 5911 ὃ.

310 6010 339 6033 .
410 5944 670 6011 ΡΔἸἮΟΙ..
722 5949 837 6011 Gn.
882 5948 1078 6011 CXLI.
2072 6041 2079 6047 '
2859 5959 2933 6019 1'1
