3870 6572
468 429 574 496 523

466 542 725 613 quidquid
784 541 983 596 dicitur
1039 556 1066 596 a
1128 539 1268 595 Filio
1321 539 1496 607 eﬂlci,
1556 541 1660 596 hoc
1689 541 1832 596 idem
1884 556 2040 611 pror-

467 653 565 692 sus
643 645 696 691 et
751 651 781 690 a
841 622 1001 690 Patre
1062 633 1255 689 conllci
1326 633 1561 700 dicitur,
1614 633 1799 688 omnia
1863 633 2038 704 siqui-

466 729 589 784 dem
641 729 710 782 ab
781 735 1012 796 utroque
1061 735 1115 780 et
1181 738 1335 794 aqua
1407 724 1586 780 lance.
1638 743 1656 777 ι
1743 723 2036 795 Itemque:

473 838 491 870 ι
526 817 808 884 Quomodo
844 831 955 872 non
985 831 1079 886 per
1110 825 1403 884 utrumque
1436 815 1491 871 in
1521 831 1620 870 nos
1653 815 1849 869 immiti
1881 831 2036 885 :equa

467 913 678 964 ratione
719 909 883 963 vitam
935 908 1300 962 concedemus
1328 947 1344 974 ,
1397 913 1452 961 et
1500 921 1607 961 non
1659 922 1727 960 ex
1775 907 2033 971 duobus,

465 1002 557 1055 sed
609 1009 864 1068 tanquam
919 1014 984 1053 ex
1040 1014 1150 1054 uno
1211 998 1395 1053 omnia
1441 996 1752 1053 vivillcante
1812 995 1970 1051 Deo?
2008 1013 2028 1047 ι

465 1091 818 1148 (lonﬁrmahit
863 1104 1024 1158 porro
1068 1089 1180 1144 hac
1229 1099 1285 1144 et
1335 1089 1608 1144 maximus
1655 1088 2033 1142 Athanasius:

471 1202 490 1233 ι
525 1181 714 1244 Dante,
748 1181 842 1244 ait,
881 1178 1042 1234 Patre
1078 1179 1308 1246 gratiam
1348 1187 1401 1232 et
1440 1192 1657 1247 pacem,
1694 1177 1940 1232 eamdem
1982 1183 2037 1230 et
2075 1234 2088 1247 ,

465 1271 634 1326 Filius
685 1271 967 1341 elargitur.
1025 1269 1142 1324 Una
1193 1267 1466 1337 siquidem
1519 1268 1818 1336 eademque
1862 1266 2036 1336 gratia

466 1373 548 1418 est
587 1379 619 1417 a
659 1363 818 1418 Patre
847 1363 900 1416 in
935 1359 1098 1424 Filio,
1143 1361 1602 1429 quemadmodum
1638 1373 1805 1412 unum
1837 1369 1920 1413 est
1953 1358 2038 1413 ln-

463 1471 588 1510 men
619 1455 753 1510 solis
798 1462 853 1509 et
897 1453 1060 1519 radii,
1111 1463 1166 1507 et
1199 1453 1459 1521 splendor
1495 1451 1629 1506 solis
1669 1466 1766 1521 per
1819 1450 2034 1504 radium

464 1547 545 1613 iit,
580 1565 606 1601 η»
642 1557 756 1601 tum
788 1545 975 1601 addit:
1007 1563 1026 1596 ι
1065 1543 1355 1613 Pr0pterea
1385 1553 1439 1596 et
1461 1541 1663 1599 Paulus
1699 1543 1764 1597 ad
1794 1540 2035 1599 Thessa-

464 1639 774 1696 lonicenses
810 1637 1043 1692 scribit:
1079 1654 1100 1688 ι
1139 1633 1260 1705 Ipse
1293 1649 1424 1689 vero
1475 1637 1620 1690 Deus
1669 1644 1726 1689 et
1772 1634 1928 1690 Pater
1978 1644 2036 1691 et

463 1731 728 1786 Dominus
755 1727 914 1785 Jesus
951 1728 1210 1786 Christus
1248 1728 1450 1798 dirigat
1496 1728 1639 1781 viam
1686 1737 1928 1783 nostram
1963 1731 2033 1783 ad

462 1824 665 1888 vos”,
703 1841 722 1876 i
779 1823 1046 1877 unitatem
1100 1819 1282 1875 Patris
1333 1828 1388 1874 et
1445 1818 1572 1874 Filii
1635 1821 2030 1876 conservavit:

1541 429 1751 492 JOAN.
1789 431 1998 492 VECCI

2145 479 2156 492 .
2196 432 2708 494 PATRIARCHA!
3601 433 3690 496 524

2139 542 2204 614 δὴ
2232 544 2447 608 πάντως
2476 544 2626 598 ἐστὶν
2658 541 2940 612 ινέργημα
2969 541 3064 596 τοῦ
3117 540 3272 607 Υίοῦ,
3305 540 3401 596 καὶ
3449 540 3582 610 ὅπερ
3634 545 3691 596 ἂν

2140 633 2352 702 λέγοιτο
2385 633 2837 706 διαπεραίνεσθαι
2866 633 2934 687 δι’
2977 633 3132 699 Υίοῦ,
3199 631 3361 687 τοῦτο
3388 632 3455 704 δὴ
3495 633 3692 698 πάντως

2139 727 2260 779 εστὶ
2295 726 2626 796 κατόρθωμα
2659 724 2754 777 τοῦ
2791 722 3008 793 Πατρός
3027 741 3039 755 '
3069 725 3247 778 πάντα
3269 723 3378 794 γὰρ
3403 723 3474 776 δι’
3508 723 3693 792 ἀμφοῖν

2139 818 2199 868 ὲν
2252 818 2351 886 ῐσῳ
2372 833 2388 849 ·
2429 836 2447 869 ι
2497 817 2592 870 καὶ¹
2622 817 2782 872 πάλιν
2805 833 2819 846 ·
2856 834 2874 867 ι
2901 816 3024 878 Πῶς
3050 817 3109 869 οὐ
3141 815 3209 868 δι’
3229 816 3433 884 ἀμφοῖν
3459 817 3539 877 εἰς
3566 816 3694 884 ἡμᾶς

2137 907 2196 962 ἐν
2217 909 2316 978 ἴσῳ
2348 909 2484 962 ίέναι
2514 907 2764 978 δώσομεν
2805 908 2905 977 τὴν
2946 908 3089 976 ζωὴν
3117 907 3215 959 καὶ
3237 905 3388 959 οὗτοι
3412 921 3517 957 που
3545 905 3694 969 δυοῖν,

2136 1000 2251 1052 ἀλλ’
2285 1000 2361 1063 ὡς
2390 1001 2450 1064 ἐξ
2479 1000 2594 1063 ἐνὸς
2618 1000 2713 1052 τοῦ
2739 998 2808 1054 τὰ
2841 999 3019 1054 πάντα
3046 996 3443 1066 ζωογονοῦντος
3471 996 3602 1049 Θεοῦ
3627 1014 3641 1064 ;
3673 1017 3690 1048 ι

2148 1091 2565 1146 Ἐπισεόαιὼσει
2597 1109 2687 1163 μοι
2740 1091 2798 1145 δὲ
2849 1092 2918 1145 τὰ
2973 1091 3116 1144 αὐτὰ
3165 1091 3261 1144 καὶ
3312 1091 3341 1142 ό
3398 1089 3691 1159 πάμμεγας

2149 1182 2464 1246 Ἀθανάσιος
2490 1183 2664 1252 λέγων
2684 1199 2696 1212 ·
2734 1204 2752 1236 ι
2784 1185 3025 1246 Διδόντος
3055 1183 3146 1237 τοῦ
3184 1183 3399 1253 Πατρδς
3423 1182 3583 1252 χάριν
3614 1184 3697 1235 καὶ

2136 1272 2382 1343 εἰρήνην,
2419 1273 2590 1342 αὐτὴν
2624 1271 2720 1326 καὶ
2762 1274 2791 1325 ό
2821 1273 2950 1335 Υἱὸς
3000 1274 3207 1328 δίδωσι.
3256 1274 3374 1327 Μία
3418 1273 3531 1342 γὰρ
3561 1273 3694 1342 καὶή

2136 1362 2276 1430 αὑτὴ
2302 1365 2461 1434 χάρις
2491 1365 2610 1418 ἐστὶ
2657 1366 2808 1434 παρὰ
2838 1365 3050 1433 Πατρὸς
3094 1367 3152 1417 ὲν
3185 1364 3321 1434 Tit},
3357 1363 3436 1425 ὡς
3472 1364 3613 1417 ἐστιν
3645 1363 3695 1415 ἐν

2134 1454 2196 1507 τὸ
2244 1455 2360 1523 φῶς
2385 1453 2480 1507 τοῦ
2508 1456 2665 1525 ⁴ἡλίου
2719 1456 2814 1509 καὶ
2857 1455 2952 1510 τοῦ
2985 1457 3454 1524 ἀπαυγασματος,
3513 1455 3606 1508 καὶ
3644 1456 3698 1506 τὸ

2135 1545 2396 1614 φωτίζειν
2437 1545 2539 1600 τοῦ
2597 1545 2750 1616 ἡλίου
2793 1547 2885 1601 διὰ
2925 1547 3021 1600 τοῦ
3066 1548 3506 1617 ἀπαυτάσματος
3571 1545 3700 1614 γίνεο

2133 1653 2260 1690 ταιο
2329 1656 2348 1690 ι
2402 1638 2497 1690 καὶ
2527 1637 2844 1709 προστιθείς
2875 1653 2889 1670 ⁶
2929 1657 2949 1691 ι
2991 1638 3091 1692 Διὰ
3148 1638 3307 1692 τοῦτο
3356 1640 3458 1692 καὶ
3496 1637 3692 1703 Παῦλος

2135 1729 2272 1800 πρὸς
2329 1731 2525 1794 αὐτοὺς
2555 1731 2964 1794 Θεσσαλονικείς
3021 1732 3229 1800 λέγων’
3270 1749 3291 1782 ι
3348 1731 3530 1794 Αὐτὸς
3577 1730 3632 1783 δὲ
3672 1731 3698 1782 ὁ

2134 1821 2271 1886 Θεὸς
2303 1823 2396 1875 καὶ
2422 1822 2634 1892 Πατὴρ,
2668 1822 2761 1876 καὶ
2777 1822 2981 1892 Κύριος
3021 1820 3227 1891 Ἰησοῦς
3255 1820 3498 1891 Χριστὸς
3523 1834 3701 1872 κατευ-

467 1931 642 1986 neque
669 1914 815 1970 enim
846 1913 1007 1977 dixit,
1049 1913 1309 1982 dirigant,
1332 1921 1590 1982 tanquam
1621 1912 1772 1982 quod
1821 1928 2023 1968 conce-

2145 1913 2286 1966 itivat
2336 1913 2435 1983 τὴν
2463 1913 2579 1966 όδδν
2613 1913 2770 1983 ἡμῶν
2800 1914 2936 1984 πρὸς
2967 1914 3135 1983 ὑμᾶς,
3173 1932 3193 1966 ι
3229 1911 3328 1984 τὴν
3358 1912 3590 1982 ἑνότητα
3614 1909 3698 1963 τοῦ

467 2006 682 2059 deretur
712 2019 742 2057 ιι
774 2003 990 2057 duobus
1033 2005 1102 2058 ab
1140 2005 1240 2057 hoc
1269 2011 1324 2057 et
1366 2003 1437 2057 ab
1484 2004 1615 2068 hoc,
1675 2005 1772 2059 sed
1815 2005 2034 2075 dirigat,

467 2102 527 2150 at
556 2092 808 2150 ostendat
837 2108 865 2147 a
895 2093 1054 2148 Patre
1081 2107 1178 2163 per
1199 2091 1397 2147 Filium
1429 2107 1549 2148 eam
1578 2094 1763 2164 dirigi.
1805 2113 1824 2146 ι

723 2399 803 2455 Ex
829 2401 1063 2455 secunda
1101 2403 1346 2456 oratione
1374 2403 1442 2456 ad
1471 2401 1772 2458 Hermiona.

536 2515 670 2572 XCI.
740 2535 758 2567 ι
797 2516 930 2571 Nam
970 2533 1236 2573 summam
1288 2518 1504 2588 quidem
1561 2519 1824 2586 radicem,
1893 2522 2034 2576 ultra

2142 2003 2354 2072 Πατρὸς
2379 2004 2474 2055 καὶ
2490 2002 2586 2055 τοῦ
2620 2003 2751 2056 Υίοῦ
2775 2004 3040 2072 ἐφύλαξεν
3069 2021 3084 2036 ο
3112 2004 3172 2056 οὐ
3204 2004 3313 2072 γὰρ
3342 1997 3491 2066 εἷπε,
3521 2017 3697 2053 κατευ-

2139 2094 2378 2156 θύναιεν,
2415 2094 2491 2156 ὡς
2532 2094 2683 2161 παρὰ
2731 2093 2826 2148 δύο
2864 2095 3147 2165 διδομένης
3177 2095 3328 2164 παρὰ
3360 2094 3560 2148 τούτου
3612 2094 3693 2146 καὶ

2136 2187 2354 2248 τούτου,
2380 2187 2535 2250 ἀλλὰ,
2571 2186 2921 2254 κατευθύναι,
2953 2187 3042 2240 ἵνα
3076 2186 3225 2260 δείξῃ
3253 2188 3338 2240 ὅτι
3364 2187 3393 2240 ό
3423 2185 3611 2256 Πατὴρ
3637 2184 3695 2238 δι’

2138 2276 2268 2328 Υίοῦ
2295 2276 2478 2329 δίδωσι
2502 2276 2673 2347 ταύτη
2686 2293 2732 2328 ν.
2766 2295 2785 2328 i

2326 2390 2424 2443 Ἐκ
2453 2390 2557 2444 τοῦ
2581 2389 2642 2454 β’
2677 2387 2794 2442 τῶν
2829 2389 2978 2458 πρὸς
3017 2387 3292 2460 Ἑρμείαν
3320 2391 3546 2459 λόγων.

2207 2505 2324 2570 AA.
2371 2521 2389 2552 ι
2427 2503 2540 2574 Τὴν
2575 2503 2674 2574 μὲν
2704 2505 2812 2576 γὰρ
2839 2504 3098 2559 ἀνωτάτω
3136 2505 3314 2574 ῥίζαν,
3340 2500 3410 2578 ἧς
3446 2506 3692 2559 ἐπέκεινα

472 2631 488 2657 ι
526 2624 690 2678 quam
747 2609 879 2663 nihil
916 2610 1187 2680 intelliges
1237 2624 1301 2664 ac
1348 2613 1648 2682 concipies,
1694 2612 1927 2679 Patrem,
1982 2625 2034 2670 et

2145 2614 2160 2647 ι
2208 2593 2267 2647 τὸ
2302 2595 2524 2664 σύμπαν
2547 2596 2721 2658 οὐδὲν.
2743 2597 3016 2668 ἐννοήσεις
3044 2595 3134 2648 τὸν
3165 2597 3403 2668 Πατέρα,
3434 2597 3530 2650 τὸν
3558 2597 3611 2650 δέ
3635 2613 3689 2665 γε

473 2724 487 2750 ι
533 2715 744 2756 summa
772 2703 953 2755 radice
979 2713 1165 2756 natum
1201 2711 1254 2755 et
1275 2705 1514 2772 genitum
1548 2706 1783 2773 accipies
1814 2703 2032 2772 Filium,

474 2818 488 2844 ι
539 2809 646 2848 non
678 2792 732 2846 in
757 2793 949 2847 ordine
991 2794 1184 2862 Equali
1220 2808 1342 2847 cum
1386 2795 1652 2849 creaturis
1683 2798 1936 2851 sortitum
1979 2799 2032 2852 in

471 2908 487 2935 ι
532 2895 772 2955 tempore
819 2884 1250 2952 generationem,
1297 2901 1475 2956 neque
1529 2885 1838 2944 minoribus
1868 2904 2032 2959 quam

471 2999 486 3026 ι
527 2978 580 3030 in
643 2977 749 3041 bis,
806 2976 858 3030 in
910 2976 1112 3045 quibus
1173 2977 1336 3032 Pater
1385 2989 1467 3032 est
1506 2994 1619 3033 suae
1657 2980 2031 3036 declarantem

469 3090 486 3116 ι
531 3075 737 3120 natura:
765 3066 1248 3135 pulchritudinem,
1277 3069 1372 3122 sed
1405 3069 1565 3122 simul
1591 3079 1940 3133 cowternnm,
1980 3080 2035 3126 et

472 3179 488 3206 ι
534 3173 627 3224 per
645 3157 828 3210 omnia
858 3157 1120 3225 atqualem
1152 3173 1462 3210 mensuram
1487 3160 1774 3214 habentem
1804 3173 2034 3232 excepto

2142 2708 2158 2739 ι
2205 2689 2302 2756 τῆς
2357 2690 2620 2742 ἀνωτάτω
2685 2688 2840 2759 ῥίζης
2888 2690 3237 2758 ἐκπεφυκότα
3299 2692 3394 2742 καὶ
3448 2707 3692 2759 γεγεννηο

2143 2796 2159 2826 ι
2203 2776 2362 2848 μένον
2400 2777 2676 2849 παραδέξῃ
2711 2780 2800 2831 τὸν
2837 2779 2988 2844 Υίὸν,
3030 2777 3132 2832 οὐκ
3162 2781 3220 2831 ὲν
3271 2778 3362 2849 ἴσῃ
3406 2779 3558 2844 τάξει
3593 2782 3689 2843 τοῖς

2143 2890 2160 2920 ι
2209 2872 2599 2939 πεποιημένοις
2651 2873 2749 2939 τὴν
2803 2871 2860 2922 ὲν
2901 2870 3078 2940 χρόνῳ
3127 2869 3356 2941 λαχόντα
3428 2873 3689 2942 γέννησιν,

2144 2982 2160 3013 ι
2207 2961 2332 3016 οὔτε
2358 2962 2464 3033 μὴν
2503 2963 2561 3016 ιν
2595 2963 2896 3027 ἐλάττοσιν,
2921 2961 2956 3032 ἢ
2989 2963 3046 3014 ὲν
3073 2956 3154 3024 οἷς
3203 2963 3231 3015 ὁ
3281 2961 3470 3030 Πατὴρ
3519 2963 3577 3013 τὸ
3605 2961 3690 3028 τῆς

2141 3073 2158 3104 ι
2212 3055 2348 3116 ἰδίας
2387 3055 2602 3123 φύσεως
2661 3055 2992 3123 ὲκφαίνοντσ.
3047 3053 3265 3116 κάλλος,
3317 3054 3436 3106 ἀλλ’
3499 3052 3611 3122 ἃμα
3640 3067 3687 3103 τε

2144 3171 2160 3199 ι
2212 3150 2308 3201 καὶ
2341 3148 2633 3214 συναῖδιον,
2687 3147 2784 3201 καὶ
2831 3149 2940 3202 πᾶν
2974 3149 3152 3202 ὁτιοῦν
3214 3147 3495 3215 ίσόμετρον
3518 3145 3692 3214 ἔχοντα

470 3266 488 3296 ι
530 3248 631 3300 hoc
685 3247 828 3316 quod
891 3256 1133 3315 generet,
1191 3249 1241 3299 id
1293 3264 1436 3301 enim
1473 3251 1574 3302 soli
1638 3253 1744 3304 Deo
1782 3261 1834 3305 et
1882 3251 2029 3306 Patri

2145 3261 2159 3292 ι
2206 3241 2330 3310 δίχα
2355 3240 2519 3311 μόνου
2572 3240 2664 3293 τοῦ
2694 3243 2896 3296 τεκεῖν.
2949 3241 3222 3311 Προσήκοι
3265 3241 3373 3310 γὰρ
3431 3240 3500 3292 ἂν
3549 3237 3691 3290 τοῦτο

469 3357 488 3386 ι
527 3341 802 3393 convenit.
841 3338 1099 3392 Sanctum
1136 3340 1262 3391 item
1304 3339 1561 3409 Spll'iltllll
1596 3343 2036 3412 agnominamus,

473 3454 488 3480 ι
528 3433 618 3499 qui
651 3445 713 3486 ex
741 3430 849 3485 Deo
881 3430 1039 3484 Patre
1064 3447 1157 3500 per
1180 3429 1376 3486 Filium
1404 3435 1725 3490 naturaliter
1753 3439 2040 3504 profundi-

2147 3353 2164 3384 ι
2213 3334 2359 3403 μόνῳ
2385 3333 2461 3403 τῷ
2490 3333 2610 3403 Θεῷ
2639 3335 2730 3385 καὶ
2761 3335 2955 3404 Πατρί.
3007 3334 3160 3400 ἅγιον
3199 3334 3255 3384 δὲ
3288 3332 3512 3400 Πνεῦμα
3539 3347 3689 3401 προσο

2149 3446 2166 3476 ι
2213 3429 2357 3496 spei;
2400 3428 2459 3479 τὸ
2511 3427 2576 3479 ἐκ
2623 3424 2758 3478 Θεοῦ
2830 3427 3042 3494 Πατρῦς
3072 3425 3137 3478 δι’
3167 3423 3297 3478 Υίοῦ
3340 3428 3690 3493 προχεόμενον

473 3545 488 3573 ι
532 3536 640 3589 tur,
694 3526 849 3593 quasi
879 3527 932 3578 in
967 3528 1135 3593 ligura
1188 3525 1508 3594 spiratiouis
1541 3543 1606 3580 ex
1651 3544 1747 3582 ore
1781 3531 2034 3586 exeuntis

2145 3537 2164 3570 ι
2213 3519 2478 3586 φυσικῶς,
2513 3517 2764 3588 καθάπερ
2795 3521 2852 3572 ὲν
2881 3518 3037 3588 τύπῳ
3062 3519 3159 3589 τῆς
3192 3521 3255 3570 ὲκ
3281 3518 3392 3571 τῶν
3425 3519 3689 3586 στομάτων

473 3639 487 3667 ι
531 3617 805 3686 propriam
848 3617 1006 3670 nobis
1037 3618 1413 3671 exsistentiam
1444 3621 1714 3688 designat.
1741 3623 1832 3676 Sic
1862 3626 2039 3676 mani-

473 3729 490 3756 ι
537 3705 728 3760 festam
765 3717 815 3759 et
848 3706 1186 3760 iuconl’usam
1218 3710 1380 3760 trium
1419 3708 1783 3778 bypostaseon
1810 3713 1864 3766 in
1897 3729 2031 3781 pro-

472 3818 488 3846 ι
533 3799 665 3865 pnis
703 3798 1039 3852 exsistentiis
1077 3797 1463 3865 proprietatem
1515 3815 1759 3867 servans,
1793 3820 1954 3857 unam
1983 3815 2036 3859 et

473 3889 1054 3943 tconsubstantialem
1135 3897 1387 3941 naturam
1468 3894 1712 3961 reginam
1785 3897 2033 3950 omnium

471 3999 486 4027 ι
527 3978 803 4032 adorabis.
847 3997 867 4030 ι

1034 4073 1452 4129 Animadversio.

545 4179 562 4211 ι
598 4161 874 4216 Adnotato
907 4163 996 4217 hic
1025 4178 1244 4232 quoque
1291 4168 1594 4222 naturalem
1622 4166 1862 4238 Spiritus
1895 4169 2034 4224 επα-

2145 3630 2163 3661 ι
2208 3609 2634 3680 διαπνοῆςντὴν
2690 3611 2825 3664 ἰδίαν
2863 3612 2998 3678 ἡμῖν
3049 3611 3420 3679 ὑποσημαῑνον
3452 3606 3685 3677 ὓπαρξιν,

2147 3723 2163 3754 ι
2210 3701 2355 3755 οὕτω
2379 3719 2440 3754 τε
2469 3704 2613 3772 σαφῆ
2653 3703 2749 3754 καὶ
2781 3703 3084 3772 ὰσύγχυτον
3116 3704 3212 3770 τὴν
3239 3703 3347 3753 τῶν
3369 3701 3536 3772 τριῶν
3565 3701 3686 3751 ὑπο-

2145 3821 2163 3848 ε
2214 3798 2460 3850 στάσεων
2514 3798 2571 3848 ὲν
2633 3797 2829 3859 ίδικαϊς
2877 3795 3176 3864 ὑπάρξεσιν
3221 3795 3459 3863 ἰδιότητα
3501 3792 3683 3864 τηρῶν.

2146 3908 2164 3939 ι
2218 3891 2346 3958 μίαν
2380 3905 2440 3940 τε
2459 3887 2551 3940 καὶ
2573 3887 2858 3957 ὀμοούσιον
2876 3889 2975 3959 τὴν
2996 3888 3250 3940 ἁπάντων
3276 3884 3517 3956 βασιλίδα
3536 3897 3684 3951 προσ-

2147 4002 2164 4032 ι
2207 3982 2462 4052 κυνήσεις
2486 3982 2668 4048 φύσιν.
2697 3997 2716 4032 i

2752 4071 3128 4126 Ἐπιστασία.

2215 4183 2234 4216 ι
2283 4164 2597 4235 Σημείωσαι
2636 4164 2914 4218 κάνταῦθα
2934 4165 3032 4233 τὴν
3058 4163 3293 4234 φυσικὴν
3326 4160 3420 4215 τοῦ
3453 4157 3686 4227 Πνεῦμα-

473 4271 490 4302 ι
530 4253 736 4306 sionem
791 4269 857 4309 ex
894 4249 1056 4309 Patre
1089 4271 1185 4324 per
1227 4254 1447 4324 Filium,
1489 4275 1597 4315 non
1629 4277 1759 4316 vero
1794 4277 1859 4316 ex
1897 4260 2034 4318 Filio

2147 4278 2164 4308 ι
2210 4274 2301 4320 τος
2329 4259 2614 4328 πρόχυσιν,
2657 4259 2720 4310 ὲκ
2749 4256 2844 4309 τοῦ
2877 4256 3089 4327 Πατρδς
3116 4254 3576 4324 δογματιζομένην
3606 4248 3683 4302 διὰ

471 4363 489 4394 ι
534 4345 961 4400 constabilitatn.
995 4365 1014 4398 ι

1101 4439 1396 4511 Refulalio.

2144 4367 2165 4402 ι
2213 4349 2304 4402 τοῦ
2329 4349 2482 4416 Υίοῦ,
2516 4349 2577 4402 οὐ
2609 4350 2716 4420 μὴν
2748 4349 2840 4402 καὶ
2878 4349 2941 4400 ὲκ
2971 4348 3063 4400 τοῦ
3089 4345 3242 4399 Υίοῦ.
3271 4363 3292 4397 ι

2735 4442 3138 4508 Ἀντιρῤησις.

545 4527 600 4580 Si
631 4531 1047 4597 praepositiones
1077 4548 1160 4596 ex,
1205 4543 1258 4587 et
1298 4550 1389 4602 per
1417 4551 1522 4588 non
1557 4547 1738 4591 essent
1773 4552 1938 4590 unum
1973 4552 2034 4592 ac

2212 4535 2274 4587 Εί
2312 4534 2410 4603 μὲν
2440 4534 2541 4587 οὐκ
2572 4529 2640 4604 ἦν
2665 4534 2859 4585 ταυτὸν
2889 4534 2922 4601 ἡ
2949 4533 3045 4584 διὰ
3079 4531 3174 4584 καὶ
3216 4530 3285 4595 ἐξ
3314 4531 3406 4584 ἐπὶ
3430 4527 3519 4581 τοῦ
3547 4523 3683 4589 Υίοῦ,

470 4621 614 4674 idem
648 4621 701 4674 in
737 4621 899 4688 Filio,
941 4629 1124 4692 utique
1153 4642 1258 4678 non
1291 4627 1496 4696 absque
1541 4629 1753 4682 ratione
1780 4630 2034 4684 adnotas-

2145 4623 2312 4688 οὓτως
2332 4625 2397 4678 ἂν
2418 4619 2529 4695 εἷχε
2560 4625 2717 4692 λόγον
2766 4623 3122 4693 σημειοῦσοαί
3147 4639 3206 4674 σε
3233 4623 3292 4675 τὸ
3315 4621 3407 4675 διὰ
3430 4618 3520 4674 τοῦ
3546 4614 3680 4677 Υἱοῦ,

464 4728 552 4765 ses
583 4712 759 4780 gillud,
789 4729 883 4783 per
928 4714 1148 4781 Filium,
1190 4733 1298 4771 non
1337 4734 1462 4772 vero
1494 4735 1559 4773 ex
1594 4718 1754 4774 Filio.
1803 4719 2034 4776 Verum-

2145 4718 2202 4770 οὐ
2242 4718 2349 4788 μὴν
2381 4719 2476 4770 καὶ
2537 4718 2601 4769 ἐκ
2647 4715 2739 4769 τοῦ
2797 4714 2951 4768 Υίοῦ.
2984 4715 3136 4768 Ἐπεὶ
3157 4714 3211 4767 δὲ
3262 4715 3372 4766 πᾶν
3406 4712 3464 4766 τδ
3495 4713 3575 4764 διὰ
3602 4708 3681 4762 τοῦ

465 4817 646 4856 tamen
681 4819 805 4858 cunt
836 4808 1105 4876 quidquid
1155 4825 1250 4878 per
1315 4809 1508 4864 Filium
1553 4813 1748 4866 dicitur
1779 4829 1920 4877 esse,
1954 4822 2034 4868 est

2145 4809 2276 4862 Υίοῦ
2307 4809 2599 4878 λεγόμενον
2645 4804 2785 4862 εἷναί
2828 4811 2947 4862 ἐστι
2993 4808 3087 4861 καὶ
3125 4811 3190 4860 ἐκ
3223 4809 3316 4860 τοῦ
3352 4806 3504 4870 Υίοῦ,
3530 4805 3587 4858 τὸ
3629 4807 3680 4853 ἐκ

464 4910 686 4962 quoque
740 4911 807 4950 ex
863 4897 1020 4965 Filio,
1076 4902 1172 4970 qui
1229 4916 1297 4956 ex
1345 4900 1456 4957 Deo
1501 4901 1662 4958 Patre
1709 4919 1806 4974 per
1842 4903 2034 4960 Filium

2145 4902 2519 4972 ΘεοῦίΠατρδς
2548 4902 2615 4955 δι’
2649 4900 2779 4954 Υἱοῦ
2800 4901 3168 4971 προχεόμενον
3203 4900 3449 4967 φυσικῶς
3465 4896 3679 4964 Πνεῦμα,

469 4986 765 5041 eilunditur
797 4991 1118 5046 naturaliter
1155 4993 1419 5063 Spiritus,
1454 5004 1508 5050 et
1553 4997 1719 5050 veluti
1753 5000 1806 5050 in
1844 4998 2034 5067 ﬁgura,

2145 4996 2234 5049 καὶ
2275 4995 2526 5067 καθάπερ
2587 4996 2646 5048 ἐν
2695 4993 2852 5065 τύπῳ
2897 4994 2996 5065 τὴν
3035 4994 3098 5046 ὲκ
3126 4991 3236 5047 τῶν
3282 4995 3556 5062 στομάτων
3585 4989 3681 5042 δια·

467 5092 595 5146 qua:
627 5092 692 5131 ex
723 5094 815 5133 ore
847 5083 959 5135 exit
988 5081 1326 5151 spirationis,
1375 5101 1531 5141 suam
1583 5089 1741 5142 nobis
1796 5089 2034 5143 declarat

2145 5085 2310 5154 πνοῆς
2351 5084 2450 5154 τὴν
2506 5084 2643 5137 ίδίαν
2689 5085 2821 5154 ἡμῖν
2853 5085 3225 5153 ὐποσημαῖνον
3268 5082 3500 5154 ὕπαρξιν
3523 5078 3574 5142 ἐξ
3593 5078 3682 5144 ἀμ·

467 5168 867 5237 exsistentiam,
911 5172 1204 5229 manifesto
1239 5176 1308 5230 ab
1335 5186 1566 5246 utroque
1598 5189 1701 5233 est.

2145 5179 2261 5244 φοίν
2290 5176 2572 5247 προδήλως
2603 5177 2771 5230 ἐστίν.

677 5281 762 5337 Ea:
789 5287 946 5339 tertia
975 5287 1212 5356 ejusdem
1242 5299 1501 5345 tractatus
1528 5295 1817 5352 orationes.

2155 5290 2256 5343 Ἐκ
2291 5290 2396 5343 τοῦ
2429 5292 2630 5373 τρίτου
2661 5294 2850 5361 λόγου
2893 5291 3003 5359 τῆς
3046 5289 3239 5360 αὐτῆς
3287 5289 3679 5362 πραγματείας.

544 5392 700 5449 Χιιιι.
736 5415 753 5448 ι
794 5396 904 5453 Nos
935 5415 1063 5453 vero
1088 5402 1311 5457 minime
1338 5403 1626 5472 opinemur
1650 5422 1912 5476 unquatn,
1946 5421 2034 5461 ex-

2213 5405 2326 5471 ιιΒν.
2364 5422 2385 5456 ι
2429 5405 2667 5459 ’Ἠκιστα
2705 5406 2761 5458 δὲ
2790 5405 2948 5476 ὑμεῖς
2973 5403 3290 5474 οἰηθείημεν
3317 5404 3382 5458 ἄν
3406 5420 3528 5456 ποτε
3551 5399 3679 5452 νόθον

473 5508 488 5536 ι
532 5498 746 5543 ternum
797 5491 1056 5560 quiddam
1111 5509 1250 5560 esse,
1311 5509 1366 5550 et
1431 5512 1601 5565 nuper
1635 5508 1818 5552 natum
1870 5499 2034 5553 Deum

2146 5513 2164 5546 ι
2209 5498 2307 5564 μὲν
2351 5492 2488 5548 εἶναι
2507 5495 2638 5549 Θεὸν
2665 5497 2759 5549 καὶ
2781 5496 3050 5566 ἁρτιφανῆ
3082 5497 3189 5566 τὸν.
3209 5495 3359 5560 Υίὸν,
3391 5488 3678 5562 ἁγιάζεσθαί

469 5598 486 5629 ι
530 5579 747 5647 Filium,
786 5584 1246 5654 sanctiﬁcarique,
1288 5588 1371 5641 vel
1410 5588 1574 5641 etiam
1610 5591 1680 5643 ad
1717 5591 2034 5644 tiliationem

2145 5607 2163 5639 ι
2213 5605 2294 5653 τε,
2325 5587 2357 5657 ἢ
2393 5588 2523 5654 γοῦν
2570 5590 2646 5652 είς
2683 5588 2907 5656 υἱότητα
2947 5587 3339 5656 διακεκλῆσθαι
3369 5587 3511 5657 παρὰ
3543 5579 3677 5642 Θεοῦ.

469 5692 486 5722 ι
529 5665 707 5727 recari
757 5689 785 5727 a
839 5673 968 5740 Deo,
1001 5685 1054 5730 et
1108 5679 1335 5746 gloriam
1385 5680 1633 5750 accipere
1683 5682 2034 5738 adventitiam

2146 5700 2166 5731 ι
2213 5683 2306 5733 καὶ
2348 5680 2503 5744 δόξαν
2545 5682 2684 5732 ἑλεῖν
2718 5679 2814 5750 τὴν
2836 5681 3150 5750 εἰσποίητον
3185 5681 3285 5733 σὺν
3310 5681 3461 5749 ἡμῖν,
3493 5678 3679 5746 φύσεως

535 5857 620 5907 εει
656 5854 849 5911 Thess.
885 5874 965 5919 lll,
1002 5859 1090 5911 Η.
