3870 6588
214 433 321 496 525

1161 425 1242 485 ΙΝ
1283 425 1674 488 CAMATERI
1711 429 1810 490 ΑΝ
1818 427 2106 491 IMADVE
2117 429 2342 489 RSION
2351 431 2460 491 ES.

3335 429 3437 494 526

219 573 238 601 ι
274 548 332 603 δὲ
363 543 560 616 μᾶλλον
606 537 999 610 διακεκτῆσθαι
1032 536 1184 611 νόμῳ
1226 538 1369 592 τοῦθ’
1397 541 1535 611 ὅπερ
1583 543 1729 595 ἐστιν
1755 556 1770 571 ⁸

1903 562 1904 565 η
1941 543 2249 611 nobiscum,
2297 543 2390 599 sed
2442 543 2557 614 lege
2605 550 2810 595 naturae
2845 543 3026 611 potius
3063 543 3348 614 possidere
3383 548 3435 600 id

219 659 236 691 1
278 633 609 705 υίοποιηθείη
635 634 680 685 δ’
703 632 768 689 ἂν
789 631 910 684 οὕτε
936 647 1037 684 που
1055 630 1141 683 διὰ
1166 630 1259 684 τοῦ
1281 630 1410 684 ίδίου
1436 631 1767 701 Πνεύματος.

217 749 235 783 1
285 730 405 784 Ὅτι
434 729 543 796 γὰρ
576 728 706 779 ἴδιον
737 724 830 776 τοῦ
858 721 990 776 Υἱοῦ
1017 724 1077 775 τὸ
1111 723 1333 792 Πνεῦμα
1379 725 1494 776 ἐστι
1521 723 1772 794 καθάπερ

214 843 233 873 1
279 822 470 891 ἀμέλει
496 821 590 872 καὶ
627 817 718 870 τοῦ
746 819 977 887 Πατρὸς,
1019 814 1276 884 ἀνοιμάοῃ
1294 830 1376 877 τις
1412 813 1477 867 ἂν
1509 815 1604 867 καὶ
1654 815 1774 868 λίαν

215 932 232 965 ι
277 911 519 981 ἀμογητὶ
554 908 716 962 αὐτοῦ
747 908 843 977 μὲν
873 907 1141 973 λέγοντος,
1178 923 1196 955 1
1250 903 1311 957 Ei
1341 904 1434 957 οὖν
1477 904 1633 973 ὑμεῖς
1675 923 1776 958 πο-

211 1023 229 1055 1
273 1005 429 1074 νηροὶ
461 1003 612 1065 ὄντες
658 1002 835 1054 οίδατε
892 997 1140 1067 δόγματα
1191 998 1368 1064 ἀγαθὰ
1410 997 1608 1049 διδόναι
1662 1000 1776 1060 τοῖς

211 1115 229 1149 1
273 1097 483 1158 τέκνοις
511 1095 683 1162 ὑμῶν’
719 1092 868 1163 πόσῳ
917 1090 1116 1160 μᾶλλον
1146 1091 1174 1142 ὁ
1224 1089 1407 1159 Πατὴρ
1438 1088 1596 1158 ἡμῶν
1646 1090 1674 1141 ὁ
1718 1089 1774 1140 ὲν

209 1207 228 1243 1
272 1191 390 1254 τοῖς
443 1189 694 1258 οὐρανοῖς
749 1186 912 1239 δώσει
953 1183 1132 1251 ἀγαθὰ
1161 1184 1273 1244 τοῖς
1303 1181 1546 1234 αἰτοῦσιν
1589 1181 1775 1243 αὐτὸν,

211 1299 229 1333 1
260 1281 360 1333 καὶ
398 1279 563 1333 πάλιν
584 1295 600 1310 '
629 1279 702 1332 Ού
734 1278 842 1347 γὰρ
871 1275 1030 1339 ὑμεῖς
1062 1276 1184 1327 ἐστε
1213 1273 1263 1326 οἱ
1292 1271 1596 1334 λαλοῦντες,
1639 1271 1778 1325 ἀλλὰ

209 1391 226 1424 1
265 1373 328 1425 τὸ
368 1373 593 1442 Πνεῦμα
623 1369 718 1424 τοῦ
748 1370 961 1439 Πατρδς
994 1366 1148 1436 ὑμῶν
1181 1366 1243 1418 τὸ
1265 1364 1456 1417 λαλοῦν
1489 1365 1546 1415 ὲν
1577 1364 1770 1432 ὑμῖνί

209 1480 227 1513 1
259 1462 362 1516 ὡδὶ
390 1462 447 1516 δὲ
480 1463 573 1515 καὶ
621 1460 834 1516 Παύλου
891 1461 1004 1522 τοῖς
1041 1455 1390 1511 πιστεύουσιν
1431 1454 1778 1508 ἐπιστέλλον-

207 1571 226 1605 1
260 1571 357 1618 τος
379 1573 392 1585 ·
428 1572 448 1605 1
471 1555 659 1624 Ὑμεῖς
689 1554 746 1606 δὲ
785 1553 886 1606 οὐκ
917 1550 1039 1603 ὲλστὲ
1071 1551 1130 1603 ὲν
1159 1547 1347 1618 σαρκὶ,
1374 1546 1571 1613 ἀλλ’,οὲν
1607 1545 1777 1598 Πνεύ-

208 1667 226 1700 1
269 1666 407 1719 ματι
430 1686 447 1711 ,
481 1647 641 1717 εἴπερ
671 1643 896 1714 Πνεῦμα
923 1639 1059 1694 Θεοῦ
1103 1641 1244 1692 οἰκεῖ
1267 1641 1325 1690 ὲν
1346 1637 1496 1707 ύμῖν.
1528 1635 1663 1688 Είδέ
1697 1650 1780 1698 τις

208 1761 226 1794 1
262 1741 497 1810 Πνεῦμα
523 1737 761 1811 Χριστοῦ
784 1737 884 1789 οὐκ
912 1734 1050 1804 ἔχει,
1081 1728 1235 1794 οὗτος
1277 1732 1376 1783 οὐκ
1417 1729 1561 1782 εστιν
1585 1728 1772 1782 αὑτοῦ.

205 1852 225 1886 1
260 1835 326 1886 Ei
381 1835 438 1886 δὲ
480 1831 714 1902 Χριστὸς
755 1831 813 1882 ὲν
862 1825 1090 1897 ὑμῖν,τὸ
1128 1825 1224 1893 μὲν
1259 1821 1418 1891 σῶμα
1466 1817 1658 1889 νεκρὸν
1709 1817 1779 1870 δι’

1880 635 1897 683 1
1934 633 2074 703 quod
2122 635 2238 704 ipse
2287 643 2409 690 est:
2453 649 2627 703 neque
2663 634 2715 687 in
2766 633 2966 688 Filium
2996 644 3272 705 receptum
3309 651 3432 692 esse

1880 743 1898 776 1
1934 741 2030 795 per
2057 727 2330 796 proprium
2364 725 2644 797 Spiritum.
2673 726 2827 792 Quod
2854 729 2998 782 enim
3027 729 3278 798 proprius
3316 729 3436 783 Filii

1881 835 1899 868 1
1938 815 2171 886 Spiritus
2234 820 2326 886 sit,
2371 820 2826 888 quemadmodum
2875 820 3084 874 scilicet
3126 831 3180 876 et
3236 821 3438 887 Patris,

1882 925 1899 957 1
1939 908 2190 963 didicerit
2223 909 2347 980 quis
2376 911 2581 980 absque
2612 927 2805 980 magno
2835 911 3040 973 labore,
3070 912 3186 981 ipso
3216 913 3436 981 quidem

1883 1016 1901 1049 1
1939 1000 2152 1055 dicente
2207 1019 2220 1053 :
2290 1020 2308 1053 1
2345 1001 2497 1056 Unde
2527 1003 2571 1056 si
2607 1018 2702 1056 vos
2751 1018 2877 1056 cum
2931 1004 3059 1057 mali
3109 1005 3252 1066 sitis,
3285 1005 3437 1059 scitis

1881 1108 1898 1139 1
1941 1091 2080 1144 dona
2113 1091 2252 1146 bona
2281 1093 2411 1146 dare
2447 1093 2568 1148 (iliis
2602 1095 2817 1158 vestris,
2843 1107 3046 1163 quanto
3073 1097 3245 1165 magis
3280 1097 3437 1150 Pater

1881 1199 1901 1233 1
1938 1191 2137 1248 vester,
2178 1185 2270 1253 qui
2305 1187 2359 1238 in
2414 1185 2568 1241 cmlis
2619 1195 2722 1248 est,
2758 1186 2907 1240 dabit
2960 1188 3101 1242 bona
3131 1188 3442 1258 petentibus

1883 1293 1901 1328 1
1941 1289 2001 1331 se
2039 1275 2106 1330 ⁸⁸.
2142 1295 2162 1329 ι
2205 1276 2270 1331 Et
2317 1277 2536 1332 rﬂrsum
2571 1297 2585 1334 :
2636 1296 2656 1330 1
2694 1277 2813 1334 Non
2858 1280 3004 1334 enim
3039 1296 3136 1336 vos
3189 1281 3320 1336 estis
3350 1282 3443 1350 qui

1885 1385 1904 1418 1
1940 1367 2245 1438 loquimini,
2274 1370 2366 1425 sed
2396 1369 2631 1439 Spiritus
2657 1371 2835 1426 Patris
2854 1374 3041 1438 vestri,
3070 1373 3164 1443 qui
3199 1373 3440 1442 loquitur

1886 1477 1904 1509 1
1946 1459 1997 1512 in
2034 1461 2185 1514 vobis
2217 1460 2282 1516 “.
2328 1480 2348 1514 ι
2387 1459 2499 1517 Nec
2525 1463 2681 1516 aliter
2723 1463 2922 1518 Paulus
2961 1464 3308 1520 credentibus
3349 1480 3447 1535 per

1886 1564 1904 1597 1
1948 1549 2243 1616 Epistolam
2298 1551 2490 1604 scribit
2533 1569 2547 1606 :
2620 1569 2638 1604 1
2675 1549 2786 1606 Vos
2845 1562 3023 1606 autem
3059 1568 3169 1608 non
3213 1554 3348 1609 estis
3391 1553 3448 1608 in

1885 1656 1904 1689 1
1944 1654 2128 1704 carne,
2173 1643 2266 1696 sed
2297 1642 2350 1696 in
2381 1643 2576 1713 spiritu
2609 1660 2623 1698 :
2653 1644 2919 1715 siquidem
2952 1644 3186 1714 Spiritus
3215 1643 3310 1700 Dei
3349 1646 3452 1700 lia-

1887 1747 1906 1780 1
1945 1730 2078 1785 bitat
2123 1731 2179 1786 in
2225 1734 2400 1788 vobis.
2453 1733 2508 1788 Si
2545 1749 2671 1788 vero
2706 1736 2830 1806 quis
2882 1735 3147 1805 Spiritum
3188 1736 3283 1792 Dei
3337 1753 3449 1792 non

1889 1837 1907 1871 1
1949 1822 2134 1888 habet,
2177 1823 2268 1877 hic
2327 1839 2435 1878 non
2475 1834 2560 1878 est
2610 1828 2726 1896 ejus
2755 1827 2822 1882 ⁸⁸.
2865 1845 2883 1878 ι
2922 1829 2992 1881 At
3019 1827 3065 1882 si
3115 1827 3368 1883 Christus
3396 1830 3452 1883 in

205 1945 244 1979 1-
264 1898 575 1998 ἁμαρτίαν,
597 1923 664 1975 ’τὸ
688 1922 745 1976 δὲ
777 1919 994 1988 πνεῦμα
1017 1918 1125 1982 ζῶν
1155 1916 1242 1968 διὰ
1270 1911 1636 1982 δικαιοσύνην.
1669 1930 1686 1961 ι
1709 1912 1782 1963 Τὸ

1903 1914 2123 1977 inohis,
2170 1930 2370 1982 corpus
2413 1917 2631 1985 quidem
2675 1927 2951 1972 mortuum
2997 1930 3216 1990 propter
3264 1926 3456 1991 pecca-

207 2036 226 2070 1
265 2018 454 2070 τοίνυν
497 2015 648 2084 ἡμᾶς
695 2011 822 2073 τοὺς
872 2011 966 2062 ἐπὶ
999 2008 1104 2076 γῆς
1141 2010 1206 2077 τῇ
1250 2006 1349 2075 τῆς
1374 2005 1622 2073 υἱότητος
1652 2002 1780 2072 δόξῃ

205 2125 226 2161 1
276 2105 688 2176 καταχρυσοῦν,
722 2101 866 2172 φημὶ
882 2101 944 2170 δὴ
982 2099 1042 2151 τὸ
1080 2098 1305 2166 Πνεῦμα
1339 2096 1399 2148 τὸ
1430 2096 1605 2161 ἅγιον,
1630 2093 1780 2146 ὲπεί-

205 2218 225 2253 1
266 2217 386 2270 περ
413 2199 530 2252 ἐστὶ
554 2197 648 2250 τοῦ
682 2195 833 2257 Υίοῦ,
867 2193 1155 2262 ἐνεργήσει
1187 2191 1288 2260 μὲν
1313 2191 1392 2250 εἰς
1433 2189 1654 2256 ἑτέρους
1683 2184 1784 2256 τὴν

206 2313 225 2346 1
271 2294 623 2362 υἱοποίησιν,
681 2289 1026 2358 ἀπρακτήσει
1076 2284 1134 2336 δὲ
1182 2280 1459 2343 παντελῶς
1511 2279 1640 2346 περὶ
1693 2278 1785 2331 τὸν

206 2407 224 2438 1
267 2386 456 2456 οὗπερ
493 2383 644 2438 ἐστὶν
672 2383 773 2435 οὐκ
801 2379 1220 2451 είσκεκριμένον
1243 2390 1257 2405 ο
1291 2372 1413 2426 οὔτε
1444 2373 1549 2443 μὴν
1587 2370 1786 2436 ἔξωθεν

207 2497 226 2531 1
270 2475 706 2546 ὲκπεφοιτηκὸς,
737 2472 856 2525 ἀλλ’
895 2470 1167 2532 ούσιωδῶς
1203 2467 1447 2537 ὑπάρχον
1472 2465 1657 2530 αὑτοῦ,
1691 2463 1787 2516 καὶ

207 2590 230 2626 1
260 2571 338 2626 δι’
364 2567 531 2624 αὐτοῦ
557 2567 958 2636 προσχεόμενον
1001 2563 1115 2622 τοῖς
1153 2559 1297 2612 ἑλεῖν
1331 2555 1500 2623 ἀξίοις
1537 2558 1596 2607 ἐν
1641 2556 1789 2607 εὺδο..

207 2683 228 2718 1
263 2663 376 2734 κίᾳ
419 2659 655 2731 Πατρός.
685 2654 762 2712 'H
813 2659 912 2709 οὐκ
959 2653 1136 2724 ὀρθῶς
1171 2667 1254 2704 σοι
1301 2649 1476 2702 ταῦτα
1517 2648 1682 2716 φάναι
1726 2662 1787 2698 τε

208 2774 228 2808 1
269 2757 378 2808 καὶ
403 2750 752 2820 ἐννενοῆσθαι
783 2746 963 2812 δοκῶς
1007 2746 1172 2814 Ἐρμ.
1207 2741 1524 2794 Παντάπασι
1550 2739 1650 2807 μὲν
1671 2735 1785 2790 οὖν.

211 2865 229 2898 1
264 2846 597 2912 Κύριλλος.
645 2843 702 2894 ὐ
719 2841 776 2893 δὲ
797 2839 863 2910 δὴ
895 2838 1004 2892 τῶν
1038 2837 1195 2889 Θείων
1217 2835 1343 2904 ὑμῖν
1366 2833 1679 2903 μυστηρίων
1715 2833 1791 2884 ἱε-

209 2957 229 2990 1
275 2936 516 3008 ρουργὸς
551 2932 823 3002 Ἰωάννης,
846 2932 975 2983 ὅταν
993 2928 1073 2991 είς
1101 2928 1264 2998 μέσον
1288 2926 1401 2998 ἥκῃ
1422 2922 1558 2994 βοῶν
1582 2923 1707 2994 περί
1729 2937 1790 2975 τε

212 3049 231 3078 1
267 3025 421 3080 Θεοῦ
446 3027 539 3078 καί
568 3023 746 3092 ἡμῶνο
778 3020 898 3073 «Ἐν
917 3017 1090 3088 τούτῳ
1105 3015 1448 3086 γινώσκομεν
1467 3015 1548 3066 ὅτι
1572 3014 1630 3064 ὲν
1659 3014 1792 3082 ἡμῖν

212 3139 233 3172 1
274 3121 456 3182 ἐστιν,
479 3117 563 3169 ὅτι
592 3116 658 3168 ὲκ
688 3112 784 3166 τοῦ
806 3109 1123 3180 Πνεῦματος
1149 3106 1317 3161 αὐτοῦ
1349 3107 1548 3159 ἔδωκεν
1576 3105 1730 3174 ἡμῖν,
1766 3121 1787 3156 ι

214 3230 232 3262 1
279 3209 405 3271 πῶς
423 3209 485 3260 οῦ
511 3205 791 3267 παντελῶς
812 3202 1197 3271 ἀταλαίπωρον
1227 3199 1378 3264 ἰδεῖν,
1398 3199 1479 3250 ὅτι
1507 3197 1637 3259 Θεὸς
1658 3198 1792 3267 ἁληο

1893 2024 1912 2058 ι
1953 2017 2090 2070 ιυηι,
2149 2008 2373 2077 spiritus
2411 2018 2588 2063 autem
2645 2010 2832 2064 vivens
2888 2022 3106 2081 propter
3161 2012 3451 2082 justitiam.

1895 2115 1914 2148 1
1954 2096 2121 2166 Igitur
2177 2115 2274 2152 nos
2316 2101 2563 2155 homines
2606 2100 2880 2156 liliationis
2933 2103 3104 2172 gloria
3157 2103 3454 2160 honestans

1898 2205 1918 2240 1
1953 2189 2187 2258 Spiritus
2217 2204 2468 2256 sanctus,
2502 2194 2941 2262 quandoquidem
2970 2194 3092 2249 Filii
3127 2204 3231 2260 est,
3257 2211 3454 2265 opera-

1896 2297 1915 2331 1
1956 2281 2101 2335 bitur
2127 2283 2344 2352 quidem
2389 2284 2440 2337 in
2489 2286 2610 2339 aliis
2641 2285 2873 2340 filiorum
2917 2288 3288 2356 adoptionem,
3315 2288 3455 2344 otio-

1897 2391 1916 2424 1
1958 2389 2053 2428 sus
2087 2384 2266 2428 autem
2317 2376 2420 2428 erit
2454 2378 2678 2431 omnino
2705 2377 2758 2430 in
2791 2378 2881 2432 illo
2911 2380 3070 2448 cujus
3105 2381 3315 2435 scilicet
3343 2391 3449 2444 est,

1899 2483 1918 2514 1
1950 2480 2061 2519 non
2091 2466 2442 2528 adventitius,
2494 2483 2668 2536 neque
2718 2470 2881 2522 etiam
2917 2471 3258 2525 extrinsecus
3290 2471 3456 2526 adve-

1899 2571 1917 2604 1
1959 2558 2133 2621 niens,
2183 2558 2274 2611 sed
2327 2560 2692 2614 essentialiter
2724 2561 2869 2615 illius
2915 2561 3207 2635 exsistens,
3246 2571 3302 2616 et
3360 2579 3458 2633 per

1900 2664 1917 2695 1
1957 2662 2079 2700 eum
2124 2647 2354 2712 effusus,
2387 2659 2443 2703 ut
2489 2665 2517 2703 a
2559 2651 2738 2720 dignis
2769 2653 3066 2721 accipiatur
3095 2653 3255 2720 juxta
3291 2653 3461 2708 bene-

1900 2755 1919 2787 1
1960 2739 2216 2806 placitum
2247 2737 2444 2794 Patris.
2477 2743 2672 2795 Annon
2705 2752 2849 2796 recte
2883 2747 2996 2797 haec
3022 2745 3229 2806 dicere,
3263 2754 3315 2797 et
3338 2760 3462 2800 sen-

1901 2845 1920 2879 1
1958 2831 2062 2884 tire
2087 2829 2319 2884 videor?
2351 2831 2477 2885 Her.
2515 2834 2777 2888 Omnibus
2799 2845 2944 2889 certe
2976 2839 3176 2892 modis.
3203 2837 3462 2908 Cyriltus.

1905 2933 1924 2965 1
1955 2919 2026 2972 At
2067 2919 2374 2974 divinorum
2417 2932 2880 2978 sacramentorum
2919 2926 3165 2982 minister
3190 2925 3456 2994 Joannes,

1904 3025 1921 3058 1
1957 3012 2176 3078 quando
2229 3011 2284 3064 in
2332 3015 2570 3067 medium
2625 3016 2805 3085 prodit
2846 3017 3092 3074 clamans
3141 3021 3207 3074 de
3267 3019 3376 3076 Deo
3411 3029 3467 3075 et

1907 3116 1927 3150 1
1966 3100 2125 3156 nobis
2158 3119 2173 3155 :
2217 3120 2237 3154 1
2270 3102 2330 3158 In
2361 3105 2462 3158 hoc
2493 3109 2903 3176 cognoscimus,
2927 3111 3070 3179 quod
3104 3110 3158 3165 in
3183 3111 3340 3167 nobis
3358 3121 3463 3174 est,

1907 3206 1926 3240 1
1957 3193 2084 3259 quia
2127 3193 2196 3247 de
2242 3194 2438 3262 spiritu
2481 3210 2584 3250 suo
2628 3197 2778 3252 dedit
2811 3199 2970 3252 nubis
3003 3199 3072 3264 ⁸⁸,
3112 3217 3132 3251 ι
3167 3217 3274 3270 quo
3307 3213 3465 3270 pacto

214 3319 232 3350 1
277 3301 390 3352 θῶ.
417 3297 627 3364 καὶτῆς
645 3297 738 3348 τοῦ
753 3293 888 3347 Θεοῦ
910 3295 1002 3346 καὶ
1031 3291 1243 3358 Πατρὸς
1268 3289 1453 3351 οὐσίας
1477 3289 1789 3357 ἐκπέφυκεν

1904 3301 1921 3334 ι
1960 3299 2066 3337 non
2106 3287 2330 3342 omnino
2358 3287 2516 3343 facile
2545 3288 2709 3344 fuerit
2752 3292 2936 3346 videre
2963 3293 3108 3362 quod
3143 3293 3286 3349 Deus
3317 3311 3464 3360 vere,

218 3408 238 3442 1
273 3392 306 3443 ὁ
333 3389 484 3452 Υἱὸς,
509 3387 670 3457 εἴπερ
693 3387 842 3439 ἐστὶν
865 3384 938 3447 ὡς
964 3383 1118 3448 Θεὸς,
1147 3383 1241 3434 καὶ
1271 3382 1369 3451 οὑχ
1396 3382 1482 3432 ἒτε
1495 3382 1582 3449 ρόν
1607 3397 1660 3432 τι
1691 3397 1793 3432 κα-

218 3501 236 3534 1
275 3480 499 3534 τοικοῦν
538 3481 596 3532 ὲν
629 3479 761 3547 ἡμῖν
805 3476 866 3528 τὸ
903 3473 1127 3542 Πνεῦμα
1175 3474 1374 3537 αύτοῦ;
1408 3473 1515 3522 Καὶ
1553 3471 1687 3540 πρός
1730 3487 1794 3538 γε

219 3591 237 3622 1
275 3571 464 3639 ⁴τούτῳ
496 3569 662 3638 φημὶ,
694 3568 743 3617 εί
769 3565 831 3618 τὸ
868 3563 1087 3632 πνεῦμα
1111 3562 1203 3615 τοῦ
1246 3563 1381 3616 Θεοῦ
1416 3563 1509 3614 καὶ
1562 3561 1796 3632 Πατρὺς,

221 3682 240 3714 ‹
280 3667 348 3715 ἐν
395 3655 440 3728 ᾧ
468 3661 567 3730 τὴν
594 3658 701 3710 τῶν
746 3658 828 3720 εἰς
857 3655 917 3708 τὸ
951 3650 1094 3708 εἶναι
1128 3652 1620 3725 παρενηνεγμένων
1670 3652 1802 3712 ζωο-

222 3774 242 3806 1
286 3757 437 3807 ποιεῖ
476 3770 536 3804 τε
569 3761 664 3804 και
706 3751 924 3816 ἁγιάζει
954 3747 1137 3816 φύσιν,
1169 3747 1298 3799 ἴδιόν
1348 3751 1494 3796 ἐστιν
1514 3743 1608 3794 τοῦ
1641 3742 1798 3805 Υίοῦ,

225 3868 244 3901 1
287 3848 377 3910 τίς
411 3847 476 3899 ἂν
512 3847 591 3908 είς
621 3844 782 3896 τοῦτο
819 3843 1052 3911 προήκοι
1099 3839 1453 3910 χυδαιότητος
1497 3835 1799 3905 λογισμῶν,

226 3957 246 3990 1
291 3939 372 4000 ὡς
402 3940 564 4000 νοεῖν,
599 3936 632 4005 ἢ
666 3938 876 4006 φράσαι
931 3937 1028 4003 τῆς
1054 3932 1188 4002 πρὸς
1220 3929 1442 3998 Πατέρα
1465 3927 1594 3980 Θεὸν
1613 3929 1804 3995 ὁμοου-

231 4047 250 4080 1
291 4030 538 4095 σιότητος
577 4027 949 4092 ἐκπεφυκέναι
975 4023 1067 4076 καὶ
1089 4021 1264 4074 τελεῖν
1289 4022 1347 4072 ὲν
1389 4019 1670 4086 κτίσματι,
1707 4016 1803 4068 καὶ

231 4139 254 4174 1
295 4120 422 4189 οὐχὶ
444 4121 514 4172 τὰ
538 4119 637 4188 τῆς
679 4118 829 4179 Θείας
875 4117 1087 4185 φύσεως
1140 4114 1249 4166 ἴδια
1291 4112 1384 4164 καὶ
1420 4111 1669 4180 ἐξαίρετα
1695 4110 1804 4162 τῶν

227 4231 253 4266 1
295 4215 504 4282 ταύτης
555 4213 696 4281 ὅρων
722 4210 919 4274 ἐξοίσει
953 4225 1012 4260 τε
1047 4207 1142 4260 καὶ
1190 4223 1288 4276 χι..
1303 4207 1462 4256 ιεῐται
1503 4206 1570 4273 τῇ
1604 4203 1799 4267 κτίσει,

230 4321 254 4356 1
289 4302 366 4366 ὡς
399 4302 633 4373 ὁρᾶσθαι
677 4301 864 4354 λοιπὸν
907 4299 969 4351 τὸ
1020 4298 1397 4368 παραλλάττον
1426 4295 1596 4360 οὐδὲν,
1623 4293 1806 4363 ἰσομέ-

231 4413 254 4446 1
290 4411 438 4464 τρως
493 4395 550 4447 δὲ
599 4390 741 4446 εἶναι
772 4392 1214 4462 λαμπρὰικτίσιν
1243 4405 1303 4444 τε
1330 4387 1425 4443 καὶ
1455 4387 1636 4456 φύσιν,
1677 4382 1711 4460 ᾖ
1743 4387 1805 4438 τὸ

237 4505 257 4539 1
298 4487 440 4540 κατά
471 4488 686 4539 πάντων
716 4485 894 4537 ἔνεστι
929 4485 1150 4552 κράτος.
1187 4500 1206 4532 ι

833 4662 1210 4719 Ἐπιστασία.

304 4775 324 4808 1
387 4757 547 4811 Ἰδιον
602 4756 834 4810 ἐνταῦθα
892 4757 987 4808 τοῦ
1045 4755 1173 4808 Υἰοῦ
1233 4752 1333 4806 καὶ
1373 4751 1432 4804 τὸ
1467 4751 1690 4821 Πνεῦμα
1745 4752 1806 4805 τὸ

238 4867 256 4898 1
295 4847 474 4915 ἅγιον,
503 4847 645 4901 καθὰ
697 4849 790 4900 καὶ
840 4847 931 4899 τοῦ
987 4846 1200 4914 Πατρὸς
1249 4845 1340 4896 διὰ
1375 4845 1435 4896 τὸ
1470 4845 1670 4895 ὲνιαίον
1705 4843 1804 4909 τῆς

241 4960 259 4990 1
296 4946 533 5009 φύσεως,
557 4941 618 4992 ού
651 4941 756 5009 μὴν
789 4938 995 5006 διαιτὴν
1017 4938 1361 5006 ὲκπόρευσιν.
1401 4935 1722 5004 Ἐπίστησον
1745 4935 1804 4986 δὲ

241 5055 258 5087 1
296 5034 721 5104 ἀκριϐῶς,ιπῶς
762 5031 892 5082 ἔνθα
927 5030 1020 5082 τοῦ
1053 5028 1177 5080 Υἰοῦ
1215 5027 1542 5100 μνημονεύει
1566 5029 1592 5078 ὁ
1627 5031 1800 5093 ἀγιος,

242 5144 259 5175 1
303 5126 470 5179 αὑτοῦ
487 5124 634 5192 λέγει
657 5125 715 5176 τὸ
745 5123 988 5192 Πνεῦμα,
1011 5121 1108 5174 καὶ
1135 5123 1192 5173 ὲν
1213 5120 1382 5188 αὐτῷ,
1423 5121 1515 5171 καὶ
1544 5118 1610 5170 δι’
1637 5117 1803 5170 αὑτοῦ

243 5238 259 5268 1
304 5219 432 5271 ἔνθα
480 5217 538 5269 δὲ
583 5216 677 5269 τοῦ
713 5215 948 5285 Πατρὸς,
979 5214 1075 5267 καὶ
1096 5216 1194 5279 τὴν
1221 5212 1290 5276 ἐξ
1315 5210 1636 5282 προστίθησι
1667 5209 1804 5278 πρό-

245 5327 260 5358 1
299 5309 446 5358 Οεσιν
475 5307 548 5367 ὡς
583 5304 877 5358 κάνταῦθα.
923 5321 944 5356 ι

838 5489 1224 5556 Ἀντίρῤησις.

315 5584 591 5654 Ἐπειδὴ’ὀ
619 5582 774 5652 ἆγιος
792 5576 945 5646 οὗτος
971 5582 1120 5650 λέγει
1167 5580 1228 5634 τὸ
1276 5579 1499 5649 Πνεῦμα
1536 5581 1626 5631 τοῦ
1671 5577 1800 5631 Υἱοῦ

241 5675 365 5729 ἴδιον
403 5671 568 5740 εἶναι,
618 5675 870 5746 καθάπερ
920 5675 1112 5744 ἀμέλει
1146 5673 1244 5726 καὶ
1285 5671 1379 5726 τοῦ
1409 5671 1652 5745 Πατρὸς,
1688 5668 1798 5738 ἐγώ

307 5835 349 5863 ⁸³
379 5831 574 5886 Matth.
605 5846 699 5896 vn,
732 5830 818 5884 ll.
899 5829 944 5862 “
972 5827 1139 5882 Marc.
1173 5783 1291 5895 vim,
1319 5828 1406 5881 11.

1485 5826 1528 5859 ⁸⁸
1556 5823 1715 5878 Rom.
1751 5840 1868 5889 viii,
1897 5826 1950 5879 9.

1902 3389 1919 3422 1
1957 3384 2010 3425 ct
2037 3390 2101 3428 ex
2128 3375 2217 3429 Dei
2251 3392 2314 3429 ac
2345 3379 2519 3432 Patris
2553 3380 2857 3434 substantia
2903 3385 3233 3451 processerit
3273 3383 3464 3446 Filius,

1905 3482 1922 3514 1
1961 3466 2003 3519 si
2035 3468 2251 3535 quidem
2280 3477 2363 3522 est
2407 3478 2458 3521 ut
2493 3469 2653 3535 Deus,
2685 3482 2739 3524 et
2781 3487 2888 3523 non
2933 3471 3074 3526 alius
3115 3472 3332 3541 quidem
3371 3475 3463 3526 ha-

1905 3574 1923 3605 1
1966 3557 2100 3610 bitat
2133 3559 2186 3610 in
2214 3559 2368 3612 nobis
2402 3559 2630 3628 spiritus
2659 3561 2822 3630 ejus?
2855 3561 3078 3630 lnSuper
3107 3574 3161 3617 et
3182 3565 3282 3618 hoc
3313 3566 3466 3618 dixc~

1908 3666 1926 3698 1
1962 3649 2062 3702 riin
2105 3668 2118 3702 :
2155 3651 2210 3704 Si
2243 3652 2478 3718 Spiritus
2528 3651 2619 3706 Dei
2650 3663 2702 3707 et
2738 3653 2935 3718 Patris,
2967 3657 3020 3707 in
3063 3671 3171 3724 quo
3217 3667 3467 3710 naturam

1907 3757 1926 3790 1
1961 3755 2172 3806 eorum,
2217 3757 2337 3810 qua:
2370 3751 2428 3796 ut
2480 3744 2608 3811 sint,
2649 3746 2898 3813 producti
2948 3755 3094 3811 sunt,
3140 3747 3374 3802 vivillcat
3420 3761 3474 3802 ει

1910 3850 1928 3882 1
1964 3835 2286 3899 sanctiﬁcat,
2319 3836 2572 3903 proprius
2617 3846 2699 3890 est
2734 3847 2786 3890 et
2830 3837 2972 3898 Filii.
3006 3841 3131 3908 quis
3159 3842 3214 3893 in
3265 3849 3470 3894 tantam

1909 3941 1928 3974 1
1965 3927 2161 3979 mentis
2195 3927 2579 3980 confusionem
2609 3931 2937 3998 perveniret,
2975 3939 3031 3983 ut
3069 3932 3245 4000 sapiat
3270 3932 3353 3984 vel
3391 3933 3473 3984 ln-

1913 4037 1931 4069 1
1967 4031 2170 4087 quatur
2197 4021 2348 4074 illum
2377 4022 2649 4075 excidisse
2680 4035 2709 4074 a
2750 4024 3318 4078 consubstantialitate
3350 4040 3472 4078 cum

1914 4129 1930 4161 1
1971 4111 2126 4165 Patre
2157 4126 2220 4165 ac
2273 4111 2406 4176 Deo,
2441 4121 2492 4166 et
2535 4113 2675 4168 inter
2700 4123 2984 4170 creaturas
3009 4131 3132 4170 esse
3160 4133 3172 4168 :
3202 4125 3381 4170 etnon
3412 4134 3472 4169 ε..

1913 4221 1932 4254 1
1968 4218 2088 4271 qua:
2117 4203 2312 4257 divinae
2344 4215 2550 4258 naturae
2577 4206 2817 4276 prOpria,
2856 4217 2909 4260 et
2936 4207 3166 4262 eximias
3204 4208 3278 4260 illi
3302 4223 3351 4262 is
3375 4207 3474 4260 de-

1915 4312 1933 4345 1
1971 4293 2242 4350 ﬁnitiones
2295 4295 2524 4360 deferat,
2570 4305 2627 4351 et
2687 4298 2948 4367 largiatur
2993 4308 3277 4365 creaturae,
3311 4299 3382 4352 ita
3419 4309 3476 4352 ut

1915 4404 1934 4436 1
1971 4387 2105 4438 nihil
2149 4387 2396 4440 videatur
2436 4389 2667 4453 Variare,
2704 4389 2800 4442 sed
2856 4390 3122 4457 aequalem
3163 4405 3473 4444 mensuram

1916 4495 1934 4528 1
1973 4481 2227 4552 praeclara
2271 4489 2520 4532 creatura
2548 4489 2601 4532 et
2633 4490 2848 4543 natura,
2881 4496 3003 4534 cum
3033 4497 3094 4536 ea
3135 4484 3221 4536 cui
3265 4492 3345 4537 est
3372 4485 3477 4536 itii-

1915 4585 1933 4618 1
1973 4571 2182 4637 perium
2212 4585 2374 4638 super
2402 4571 2605 4626 omnia.
2650 4589 2668 4622 ι

2473 4664 2890 4719 Animadversio.

1989 4773 2009 4806 1
2042 4754 2326 4825 Proprium
2362 4756 2450 4812 hic
2477 4739 2865 4826 Filiiappellat
2894 4759 3158 4827 Spiritum
3205 4772 3476 4822 sanctum,

1918 4865 1935 4897 1
1980 4847 2168 4901 eadem
2197 4852 2406 4902 ratione
2438 4864 2544 4918 qua
2568 4862 2622 4903 et
2649 4849 2828 4904 Patris
2852 4853 3106 4920 proprius
3131 4864 3233 4916 est,
3267 4865 3483 4922 proptr."

1918 4956 1935 4988 1
1974 4953 2141 4992 unum
2195 4939 2446 5008 idemque
2473 4951 2704 5005 naturae,
2755 4957 2863 4996 non
2897 4953 3078 4995 autem
3113 4954 3326 5013 propter
3355 4962 3450 5014 pro

1915 5048 1933 5079 1
1968 5033 2310 5098 cessionem;
2357 5041 2411 5086 et
2460 5044 2716 5086 accurate
2757 5035 3196 5097 animadvertito,
3244 5054 3348 5104 qua
3401 5053 3485 5090 n.-

1921 5139 1939 5172 1
1977 5123 2142 5185 tione,
2191 5137 2317 5175 eum
2359 5125 2561 5177 mentio
2614 5123 2736 5178 Filii
2790 5127 2867 5189 tit,
2905 5135 3127 5179 sanctus
3179 5127 3325 5181 illius
3363 5144 3484 5181 esse

1920 5231 1938 5264 1
1980 5213 2236 5283 Spiritum
2290 5215 2441 5279 dicit,
2473 5226 2527 5269 et
2581 5216 2634 5269 in
2674 5219 2791 5284 ipso
2835 5226 2888 5270 et
2942 5233 3038 5287 per
3076 5218 3254 5288 ipsum
3292 5236 3306 5273 :
3361 5236 3483 5272 cun

1917 5323 1936 5356 1
1972 5320 2100 5359 vero
2129 5305 2330 5369 Patris,
2358 5322 2422 5361 ea:
2441 5309 2900 5377 praepositionem,
2929 5309 3002 5362 uti
3035 5309 3124 5363 hic
3146 5308 3317 5364 videri
3340 5311 3437 5363 Ιίϐι·
3468 5348 3485 5374 ,

1919 5414 1937 5446 1
1977 5397 2280 5466 cunjungil.
2315 5417 2332 5448 ›

2550 5490 2840 5556 Ιίείιιιαιὶο.

1987 5581 2439 5650 Quandoquidem
2475 5580 2564 5635 hic
2595 5591 2823 5636 sanctus
2857 5581 3019 5635 tradit
3055 5580 3323 5651 Spiritum
3358 5598 3489 5654 pro-

1908 5673 2086 5740 prium
2123 5670 2244 5726 Filii
2284 5687 2426 5736 esse,
2469 5672 2921 5741 quemadmodum
2956 5673 3162 5729 scilicet
3193 5685 3245 5730 et
3286 5672 3491 5747 Patris,

2042 5826 2088 5856 3‘
2121 5829 2132 5876 l
2162 5824 2316 5882 Joan.
2349 5843 2421 5892 ιν,
2463 5828 2548 5881 15.
