  <div class='ocr_page' id='page_1' title='image "/cluster/home/n/w/nwhite01/storage/ocr_20150623/141/hvd.32044019208313/271.png"; bbox 0 0 3870 6598; ppageno 0'>
   <div class='ocr_carea' id='block_1_1' title="bbox 423 408 522 471">
    <p class='ocr_par' dir='ltr' id='par_1_1' title="bbox 423 408 522 471">
     <span class='ocr_line' id='line_1_1' title="bbox 423 408 522 471; baseline -0.01 -1"><span class='ocrx_word' id='word_1_1' title='bbox 423 408 522 471; x_wconf 68' lang='grc' dir='ltr'><strong>ὗὲῖ</strong></span> 
     </span>
    </p>
   </div>
   <div class='ocr_carea' id='block_1_2' title="bbox 1442 372 2611 467">
    <p class='ocr_par' dir='ltr' id='par_1_2' title="bbox 1442 372 2611 467">
     <span class='ocr_line' id='line_1_2' title="bbox 1442 372 2611 467; baseline -0.002 -5"><span class='ocrx_word' id='word_1_2' title='bbox 1442 398 1652 467; x_wconf 79' lang='lat' dir='ltr'><strong>JOAN.</strong></span> <span class='ocrx_word' id='word_1_3' title='bbox 1693 372 1907 462; x_wconf 65' lang='lat' dir='ltr'><strong>vacet</strong></span> <span class='ocrx_word' id='word_1_4' title='bbox 1952 399 2061 462; x_wconf 74' lang='lat' dir='ltr'><strong>cr.</strong></span> <span class='ocrx_word' id='word_1_5' title='bbox 2101 394 2611 464; x_wconf 63' lang='lat' dir='ltr'><strong>PATRIARCHzE</strong></span> 
     </span>
    </p>
   </div>
   <div class='ocr_carea' id='block_1_3' title="bbox 3543 402 3638 467">
    <p class='ocr_par' dir='ltr' id='par_1_3' title="bbox 3543 402 3638 467">
     <span class='ocr_line' id='line_1_3' title="bbox 3543 402 3638 467; baseline 0.011 -1"><span class='ocrx_word' id='word_1_6' title='bbox 3543 402 3638 467; x_wconf 75' lang='lat'><strong>528</strong></span> 
     </span>
    </p>
   </div>
   <div class='ocr_carea' id='block_1_4' title="bbox 418 510 1983 589">
    <p class='ocr_par' dir='ltr' id='par_1_4' title="bbox 418 510 1980 589">
     <span class='ocr_line' id='line_1_4' title="bbox 418 510 1980 589; baseline -0.005 -14"><span class='ocrx_word' id='word_1_7' title='bbox 418 537 518 589; x_wconf 73' lang='lat' dir='ltr'><strong>ego</strong></span> <span class='ocrx_word' id='word_1_8' title='bbox 577 518 763 588; x_wconf 87' lang='lat' dir='ltr'><strong>utique</strong></span> <span class='ocrx_word' id='word_1_9' title='bbox 815 528 1152 580; x_wconf 82' lang='lat' dir='ltr'><strong>assererem,</strong></span> <span class='ocrx_word' id='word_1_10' title='bbox 1214 510 1674 583; x_wconf 84' lang='lat' dir='ltr'><strong>quemadmodum</strong></span> <span class='ocrx_word' id='word_1_11' title='bbox 1727 511 1980 583; x_wconf 90' lang='lat' dir='ltr'><strong>proprius</strong></span> 
     </span>
    </p>
   </div>
   <div class='ocr_carea' id='block_1_5' title="bbox 2091 510 3639 589">
    <p class='ocr_par' dir='ltr' id='par_1_5' title="bbox 2091 513 3639 587">
     <span class='ocr_line' id='line_1_5' title="bbox 2091 513 3639 587; baseline 0.004 -21"><span class='ocrx_word' id='word_1_12' title='bbox 2091 530 2249 583; x_wconf 76' lang='grc' dir='ltr'><strong>φημι,</strong></span> <span class='ocrx_word' id='word_1_13' title='bbox 2283 514 2364 567; x_wconf 84' lang='grc' dir='ltr'><strong>ὅτι</strong></span> <span class='ocrx_word' id='word_1_14' title='bbox 2406 516 2597 586; x_wconf 83' lang='grc' dir='ltr'><strong>ὥσπερ</strong></span> <span class='ocrx_word' id='word_1_15' title='bbox 2658 514 2788 569; x_wconf 72' lang='grc' dir='ltr'><strong>[διον</strong></span> <span class='ocrx_word' id='word_1_16' title='bbox 2827 513 2921 569; x_wconf 88' lang='grc' dir='ltr'><strong>τοῦ</strong></span> <span class='ocrx_word' id='word_1_17' title='bbox 2963 515 3194 587; x_wconf 76' lang='grc' dir='ltr'><strong>Πατρδς,</strong></span> <span class='ocrx_word' id='word_1_18' title='bbox 3221 516 3309 570; x_wconf 75' lang='grc' dir='ltr'><strong>διὰ</strong></span> <span class='ocrx_word' id='word_1_19' title='bbox 3344 516 3407 571; x_wconf 77' lang='grc' dir='ltr'><strong>τὸ</strong></span> <span class='ocrx_word' id='word_1_20' title='bbox 3450 515 3513 573; x_wconf 75' lang='grc' dir='ltr'><strong>ἐκ</strong></span> <span class='ocrx_word' id='word_1_21' title='bbox 3552 519 3639 572; x_wconf 85' lang='grc' dir='ltr'><strong>τοῦ</strong></span> 
     </span>
    </p>
   </div>
   <div class='ocr_carea' id='block_1_6' title="bbox 419 599 1980 675">
    <p class='ocr_par' dir='ltr' id='par_1_6' title="bbox 419 599 1980 675">
     <span class='ocr_line' id='line_1_6' title="bbox 419 599 1980 675; baseline -0.004 -12"><span class='ocrx_word' id='word_1_22' title='bbox 419 610 597 665; x_wconf 83' lang='lat' dir='ltr'><strong>Patris</strong></span> <span class='ocrx_word' id='word_1_23' title='bbox 630 616 733 673; x_wconf 89' lang='lat' dir='ltr'><strong>est,</strong></span> <span class='ocrx_word' id='word_1_24' title='bbox 788 605 932 675; x_wconf 88' lang='lat' dir='ltr'><strong>quod</strong></span> <span class='ocrx_word' id='word_1_25' title='bbox 978 619 1046 658; x_wconf 80' lang='lat' dir='ltr'><strong>ex</strong></span> <span class='ocrx_word' id='word_1_26' title='bbox 1084 601 1244 657; x_wconf 90' lang='lat' dir='ltr'><strong>Patre</strong></span> <span class='ocrx_word' id='word_1_27' title='bbox 1272 611 1375 665; x_wconf 90' lang='lat' dir='ltr'><strong>est,</strong></span> <span class='ocrx_word' id='word_1_28' title='bbox 1420 599 1492 655; x_wconf 90' lang='lat' dir='ltr'><strong>ita</strong></span> <span class='ocrx_word' id='word_1_29' title='bbox 1537 601 1820 670; x_wconf 88' lang='lat' dir='ltr'><strong>proprium</strong></span> <span class='ocrx_word' id='word_1_30' title='bbox 1858 617 1980 656; x_wconf 87' lang='lat' dir='ltr'><strong>esse</strong></span> 
     </span>
    </p>
   </div>
   <div class='ocr_carea' id='block_1_7' title="bbox 374 689 1984 769">
    <p class='ocr_par' dir='ltr' id='par_1_7' title="bbox 374 689 1984 769">
     <span class='ocr_line' id='line_1_7' title="bbox 374 689 1984 769; baseline -0.009 -11"><span class='ocrx_word' id='word_1_31' title='bbox 374 694 375 697; x_wconf 36' lang='grc'><em>“</em></span> <span class='ocrx_word' id='word_1_32' title='bbox 417 702 567 768; x_wconf 87' lang='lat' dir='ltr'><strong>Filii,</strong></span> <span class='ocrx_word' id='word_1_33' title='bbox 611 697 753 769; x_wconf 92' lang='lat' dir='ltr'><strong>quod</strong></span> <span class='ocrx_word' id='word_1_34' title='bbox 806 711 902 767; x_wconf 81' lang='lat' dir='ltr'><strong>per</strong></span> <span class='ocrx_word' id='word_1_35' title='bbox 948 694 1144 750; x_wconf 88' lang='lat' dir='ltr'><strong>Filium</strong></span> <span class='ocrx_word' id='word_1_36' title='bbox 1174 702 1276 748; x_wconf 88' lang='lat' dir='ltr'><strong>est.</strong></span> <span class='ocrx_word' id='word_1_37' title='bbox 1326 690 1392 746; x_wconf 86' lang='lat' dir='ltr'><strong>Et</strong></span> <span class='ocrx_word' id='word_1_38' title='bbox 1414 689 1496 746; x_wconf 82' lang='lat' dir='ltr'><strong>sic</strong></span> <span class='ocrx_word' id='word_1_39' title='bbox 1539 690 1825 761; x_wconf 91' lang='lat' dir='ltr'><strong>utriusque</strong></span> <span class='ocrx_word' id='word_1_40' title='bbox 1857 705 1984 761; x_wconf 87' lang='lat' dir='ltr'><strong>pro-</strong></span> 
     </span>
    </p>
   </div>
   <div class='ocr_carea' id='block_1_8' title="bbox 420 780 1979 862">
    <p class='ocr_par' dir='ltr' id='par_1_8' title="bbox 420 780 1979 862">
     <span class='ocr_line' id='line_1_8' title="bbox 420 780 1979 862; baseline -0.008 -14"><span class='ocrx_word' id='word_1_41' title='bbox 420 792 571 862; x_wconf 90' lang='lat' dir='ltr'><strong>prius</strong></span> <span class='ocrx_word' id='word_1_42' title='bbox 628 788 902 860; x_wconf 88' lang='lat' dir='ltr'><strong>Spiritus,</strong></span> <span class='ocrx_word' id='word_1_43' title='bbox 963 784 1107 855; x_wconf 88' lang='lat' dir='ltr'><strong>quod</strong></span> <span class='ocrx_word' id='word_1_44' title='bbox 1155 799 1224 838; x_wconf 83' lang='lat' dir='ltr'><strong>ex</strong></span> <span class='ocrx_word' id='word_1_45' title='bbox 1296 790 1530 853; x_wconf 89' lang='lat' dir='ltr'><strong>utroque</strong></span> <span class='ocrx_word' id='word_1_46' title='bbox 1580 780 1979 853; x_wconf 79' lang='lat' dir='ltr'><strong>progrediatur.</strong></span> 
     </span>
    </p>
   </div>
   <div class='ocr_carea' id='block_1_9' title="bbox 420 872 1982 953">
    <p class='ocr_par' dir='ltr' id='par_1_9' title="bbox 420 872 1982 953">
     <span class='ocr_line' id='line_1_9' title="bbox 420 872 1982 953; baseline -0.01 -11"><span class='ocrx_word' id='word_1_47' title='bbox 420 884 576 953; x_wconf 86' lang='lat' dir='ltr'><strong>Quod</strong></span> <span class='ocrx_word' id='word_1_48' title='bbox 600 884 671 946; x_wconf 85' lang='lat' dir='ltr'><strong>si,</strong></span> <span class='ocrx_word' id='word_1_49' title='bbox 702 890 759 936; x_wconf 91' lang='lat' dir='ltr'><strong>ut</strong></span> <span class='ocrx_word' id='word_1_50' title='bbox 797 890 850 934; x_wconf 93' lang='lat' dir='ltr'><strong>tu</strong></span> <span class='ocrx_word' id='word_1_51' title='bbox 888 892 1107 947; x_wconf 83' lang='lat' dir='ltr'><strong>quoque</strong></span> <span class='ocrx_word' id='word_1_52' title='bbox 1138 877 1365 941; x_wconf 89' lang='lat' dir='ltr'><strong>astruis,</strong></span> <span class='ocrx_word' id='word_1_53' title='bbox 1400 874 1654 946; x_wconf 89' lang='lat' dir='ltr'><strong>proprius</strong></span> <span class='ocrx_word' id='word_1_54' title='bbox 1687 885 1766 927; x_wconf 89' lang='lat' dir='ltr'><strong>cst</strong></span> <span class='ocrx_word' id='word_1_55' title='bbox 1787 872 1907 927; x_wconf 82' lang='lat' dir='ltr'><strong>Filii</strong></span> <span class='ocrx_word' id='word_1_56' title='bbox 1931 882 1982 927; x_wconf 88' lang='lat' dir='ltr'><strong>et</strong></span> 
     </span>
    </p>
   </div>
   <div class='ocr_carea' id='block_1_10' title="bbox 422 967 1979 1044">
    <p class='ocr_par' dir='ltr' id='par_1_10' title="bbox 422 967 1979 1044">
     <span class='ocr_line' id='line_1_10' title="bbox 422 967 1979 1044; baseline -0.012 -9"><span class='ocrx_word' id='word_1_57' title='bbox 422 979 597 1035; x_wconf 78' lang='lat' dir='ltr'><strong>Patris</strong></span> <span class='ocrx_word' id='word_1_58' title='bbox 664 974 899 1044; x_wconf 79' lang='lat' dir='ltr'><strong>Spiritus</strong></span> <span class='ocrx_word' id='word_1_59' title='bbox 942 980 1162 1041; x_wconf 78' lang='lat' dir='ltr'><strong>propter</strong></span> <span class='ocrx_word' id='word_1_60' title='bbox 1202 984 1372 1023; x_wconf 92' lang='lat' dir='ltr'><strong>unum</strong></span> <span class='ocrx_word' id='word_1_61' title='bbox 1440 967 1693 1034; x_wconf 83' lang='lat' dir='ltr'><strong>idemque</strong></span> <span class='ocrx_word' id='word_1_62' title='bbox 1752 972 1979 1026; x_wconf 68' lang='lat' dir='ltr'><strong>naturae,</strong></span> 
     </span>
    </p>
   </div>
   <div class='ocr_carea' id='block_1_11' title="bbox 419 1058 1981 1139">
    <p class='ocr_par' dir='ltr' id='par_1_11' title="bbox 419 1058 1981 1139">
     <span class='ocr_line' id='line_1_11' title="bbox 419 1058 1981 1139; baseline -0.011 -13"><span class='ocrx_word' id='word_1_63' title='bbox 419 1072 549 1126; x_wconf 92' lang='lat' dir='ltr'><strong>mihi</strong></span> <span class='ocrx_word' id='word_1_64' title='bbox 586 1068 826 1139; x_wconf 78' lang='lat' dir='ltr'><strong>profecto</strong></span> <span class='ocrx_word' id='word_1_65' title='bbox 875 1080 1050 1133; x_wconf 90' lang='lat' dir='ltr'><strong>neque</strong></span> <span class='ocrx_word' id='word_1_66' title='bbox 1090 1062 1144 1117; x_wconf 88' lang='lat' dir='ltr'><strong>id</strong></span> <span class='ocrx_word' id='word_1_67' title='bbox 1193 1060 1463 1130; x_wconf 86' lang='lat' dir='ltr'><strong>displicet.</strong></span> <span class='ocrx_word' id='word_1_68' title='bbox 1499 1058 1635 1112; x_wconf 82' lang='lat' dir='ltr'><strong>Cum</strong></span> <span class='ocrx_word' id='word_1_69' title='bbox 1667 1059 1811 1113; x_wconf 91' lang='lat' dir='ltr'><strong>enim</strong></span> <span class='ocrx_word' id='word_1_70' title='bbox 1854 1072 1981 1126; x_wconf 68' lang='grc' dir='ltr'><strong>ιιι-ο⁴</strong></span> 
     </span>
    </p>
   </div>
   <div class='ocr_carea' id='block_1_12' title="bbox 420 1146 1982 1233">
    <p class='ocr_par' dir='ltr' id='par_1_12' title="bbox 420 1146 1982 1233">
     <span class='ocr_line' id='line_1_12' title="bbox 420 1146 1982 1233; baseline -0.012 -17"><span class='ocrx_word' id='word_1_71' title='bbox 420 1163 594 1233; x_wconf 88' lang='lat' dir='ltr'><strong>prium</strong></span> <span class='ocrx_word' id='word_1_72' title='bbox 650 1158 957 1224; x_wconf 80' lang='lat' dir='ltr'><strong>utriusque,</strong></span> <span class='ocrx_word' id='word_1_73' title='bbox 1022 1152 1167 1223; x_wconf 84' lang='lat' dir='ltr'><strong>quod</strong></span> <span class='ocrx_word' id='word_1_74' title='bbox 1218 1167 1283 1206; x_wconf 81' lang='lat' dir='ltr'><strong>ex</strong></span> <span class='ocrx_word' id='word_1_75' title='bbox 1331 1160 1562 1219; x_wconf 88' lang='lat' dir='ltr'><strong>utroque</strong></span> <span class='ocrx_word' id='word_1_76' title='bbox 1614 1146 1982 1218; x_wconf 80' lang='lat' dir='ltr'><strong>progreditur,</strong></span> 
     </span>
    </p>
   </div>
   <div class='ocr_carea' id='block_1_13' title="bbox 417 1236 1980 1324">
    <p class='ocr_par' dir='ltr' id='par_1_13' title="bbox 417 1236 1980 1324">
     <span class='ocr_line' id='line_1_13' title="bbox 417 1236 1980 1324; baseline -0.012 -15"><span class='ocrx_word' id='word_1_77' title='bbox 417 1257 546 1324; x_wconf 88' lang='lat' dir='ltr'><strong>quia</strong></span> <span class='ocrx_word' id='word_1_78' title='bbox 572 1265 700 1305; x_wconf 83' lang='lat' dir='ltr'><strong>vero</strong></span> <span class='ocrx_word' id='word_1_79' title='bbox 732 1249 799 1303; x_wconf 90' lang='lat' dir='ltr'><strong>ab</strong></span> <span class='ocrx_word' id='word_1_80' title='bbox 828 1256 1060 1315; x_wconf 89' lang='lat' dir='ltr'><strong>utroque</strong></span> <span class='ocrx_word' id='word_1_81' title='bbox 1086 1241 1451 1315; x_wconf 75' lang='lat' dir='ltr'><strong>progreditur,</strong></span> <span class='ocrx_word' id='word_1_82' title='bbox 1479 1241 1599 1295; x_wconf 84' lang='lat' dir='ltr'><strong>ideo</strong></span> <span class='ocrx_word' id='word_1_83' title='bbox 1641 1247 1728 1294; x_wconf 84' lang='lat' dir='ltr'><strong>est</strong></span> <span class='ocrx_word' id='word_1_84' title='bbox 1756 1247 1808 1292; x_wconf 88' lang='lat' dir='ltr'><strong>et</strong></span> <span class='ocrx_word' id='word_1_85' title='bbox 1835 1236 1980 1291; x_wconf 86' lang='lat' dir='ltr'><strong>Patri</strong></span> 
     </span>
    </p>
   </div>
   <div class='ocr_carea' id='block_1_14' title="bbox 416 1330 1981 1404">
    <p class='ocr_par' dir='ltr' id='par_1_14' title="bbox 416 1330 1981 1404">
     <span class='ocr_line' id='line_1_14' title="bbox 416 1330 1981 1404; baseline -0.013 -1"><span class='ocrx_word' id='word_1_86' title='bbox 416 1359 470 1403; x_wconf 89' lang='lat' dir='ltr'><strong>et</strong></span> <span class='ocrx_word' id='word_1_87' title='bbox 519 1344 656 1401; x_wconf 86' lang='lat' dir='ltr'><strong>Filio</strong></span> <span class='ocrx_word' id='word_1_88' title='bbox 709 1336 1214 1401; x_wconf 86' lang='lat' dir='ltr'><strong>consubstantialis,</strong></span> <span class='ocrx_word' id='word_1_89' title='bbox 1259 1334 1352 1404; x_wconf 87' lang='lat' dir='ltr'><strong>qui</strong></span> <span class='ocrx_word' id='word_1_90' title='bbox 1401 1333 1478 1387; x_wconf 88' lang='lat' dir='ltr'><strong>ait</strong></span> <span class='ocrx_word' id='word_1_91' title='bbox 1521 1331 1800 1402; x_wconf 88' lang='lat' dir='ltr'><strong>proprium</strong></span> <span class='ocrx_word' id='word_1_92' title='bbox 1830 1330 1981 1383; x_wconf 91' lang='lat' dir='ltr'><strong>illum</strong></span> 
     </span>
    </p>
   </div>
   <div class='ocr_carea' id='block_1_15' title="bbox 417 1420 1982 1501">
    <p class='ocr_par' dir='ltr' id='par_1_15' title="bbox 417 1420 1982 1501">
     <span class='ocr_line' id='line_1_15' title="bbox 417 1420 1982 1501; baseline -0.012 -8"><span class='ocrx_word' id='word_1_93' title='bbox 417 1421 595 1493; x_wconf 68' lang='lat' dir='ltr'><strong>Patris</strong></span> <span class='ocrx_word' id='word_1_94' title='bbox 623 1441 677 1490; x_wconf 84' lang='lat' dir='ltr'><strong>et</strong></span> <span class='ocrx_word' id='word_1_95' title='bbox 706 1431 828 1487; x_wconf 88' lang='lat' dir='ltr'><strong>Filii</strong></span> <span class='ocrx_word' id='word_1_96' title='bbox 862 1438 1083 1501; x_wconf 88' lang='lat' dir='ltr'><strong>propter</strong></span> <span class='ocrx_word' id='word_1_97' title='bbox 1115 1442 1283 1481; x_wconf 89' lang='lat' dir='ltr'><strong>unum</strong></span> <span class='ocrx_word' id='word_1_98' title='bbox 1319 1426 1570 1493; x_wconf 86' lang='lat' dir='ltr'><strong>idemque</strong></span> <span class='ocrx_word' id='word_1_99' title='bbox 1593 1431 1822 1486; x_wconf 68' lang='lat' dir='ltr'><strong>naturae,</strong></span> <span class='ocrx_word' id='word_1_100' title='bbox 1847 1420 1982 1475; x_wconf 86' lang='lat' dir='ltr'><strong>nihil</strong></span> 
     </span>
    </p>
   </div>
   <div class='ocr_carea' id='block_1_16' title="bbox 416 1512 1983 1586">
    <p class='ocr_par' dir='ltr' id='par_1_16' title="bbox 416 1512 1983 1586">
     <span class='ocr_line' id='line_1_16' title="bbox 416 1512 1983 1586; baseline -0.012 -2"><span class='ocrx_word' id='word_1_101' title='bbox 416 1528 634 1584; x_wconf 83' lang='lat' dir='ltr'><strong>aberrat</strong></span> <span class='ocrx_word' id='word_1_102' title='bbox 663 1539 694 1579; x_wconf 92' lang='lat' dir='ltr'><strong>a</strong></span> <span class='ocrx_word' id='word_1_103' title='bbox 724 1521 977 1586; x_wconf 83' lang='lat' dir='ltr'><strong>veritate,</strong></span> <span class='ocrx_word' id='word_1_104' title='bbox 1015 1519 1180 1573; x_wconf 90' lang='lat' dir='ltr'><strong>etiam</strong></span> <span class='ocrx_word' id='word_1_105' title='bbox 1219 1515 1394 1585; x_wconf 85' lang='lat' dir='ltr'><strong>magis</strong></span> <span class='ocrx_word' id='word_1_106' title='bbox 1427 1512 1797 1582; x_wconf 81' lang='lat' dir='ltr'><strong>sophistarum</strong></span> <span class='ocrx_word' id='word_1_107' title='bbox 1833 1524 1983 1565; x_wconf 89' lang='lat' dir='ltr'><strong>more</strong></span> 
     </span>
    </p>
   </div>
   <div class='ocr_carea' id='block_1_17' title="bbox 416 1596 1982 1685">
    <p class='ocr_par' dir='ltr' id='par_1_17' title="bbox 416 1596 1982 1685">
     <span class='ocr_line' id='line_1_17' title="bbox 416 1596 1982 1685; baseline -0.013 -8"><span class='ocrx_word' id='word_1_108' title='bbox 416 1632 725 1677; x_wconf 80' lang='lat' dir='ltr'><strong>sermonem</strong></span> <span class='ocrx_word' id='word_1_109' title='bbox 768 1596 1089 1685; x_wconf 50' lang='lat' dir='ltr'><strong>dispone&#39;ns,</strong></span> <span class='ocrx_word' id='word_1_110' title='bbox 1141 1610 1266 1665; x_wconf 91' lang='lat' dir='ltr'><strong>inde</strong></span> <span class='ocrx_word' id='word_1_111' title='bbox 1296 1607 1654 1677; x_wconf 85' lang='lat' dir='ltr'><strong>comprobare</strong></span> <span class='ocrx_word' id='word_1_112' title='bbox 1692 1603 1827 1670; x_wconf 75' lang='lat' dir='ltr'><strong>vult,</strong></span> <span class='ocrx_word' id='word_1_113' title='bbox 1871 1616 1982 1658; x_wconf 89' lang='lat' dir='ltr'><strong>non</strong></span> 
     </span>
    </p>
   </div>
   <div class='ocr_carea' id='block_1_18' title="bbox 416 1699 1310 1782">
    <p class='ocr_par' dir='ltr' id='par_1_18' title="bbox 416 1699 1310 1782">
     <span class='ocr_line' id='line_1_18' title="bbox 416 1699 1310 1782; baseline -0.015 -12"><span class='ocrx_word' id='word_1_114' title='bbox 416 1726 537 1770; x_wconf 81' lang='lat' dir='ltr'><strong>esse</strong></span> <span class='ocrx_word' id='word_1_115' title='bbox 563 1709 825 1782; x_wconf 86' lang='lat' dir='ltr'><strong>Spiritum</strong></span> <span class='ocrx_word' id='word_1_116' title='bbox 856 1699 1022 1761; x_wconf 80' lang='lat' dir='ltr'><strong>etiam</strong></span> <span class='ocrx_word' id='word_1_117' title='bbox 1051 1719 1116 1759; x_wconf 79' lang='lat' dir='ltr'><strong>ex</strong></span> <span class='ocrx_word' id='word_1_118' title='bbox 1151 1702 1310 1758; x_wconf 82' lang='lat' dir='ltr'><strong>Filio.</strong></span> 
     </span>
    </p>
   </div>
   <div class='ocr_carea' id='block_1_19' title="bbox 780 1795 1619 1869">
    <p class='ocr_par' dir='ltr' id='par_1_19' title="bbox 780 1795 1619 1869">
     <span class='ocr_line' id='line_1_19' title="bbox 780 1795 1619 1869; baseline -0.007 -16"><span class='ocrx_word' id='word_1_119' title='bbox 780 1797 1034 1869; x_wconf 77' lang='lat' dir='ltr'><strong>Ejusdem</strong></span> <span class='ocrx_word' id='word_1_120' title='bbox 1064 1812 1127 1851; x_wconf 76' lang='lat' dir='ltr'><strong>ex</strong></span> <span class='ocrx_word' id='word_1_121' title='bbox 1150 1796 1329 1851; x_wconf 82' lang='lat' dir='ltr'><strong>eadem</strong></span> <span class='ocrx_word' id='word_1_122' title='bbox 1361 1795 1619 1850; x_wconf 81' lang='lat' dir='ltr'><strong>oratione.</strong></span> 
     </span>
    </p>
   </div>
   <div class='ocr_carea' id='block_1_20' title="bbox 2085 602 3639 674">
    <p class='ocr_par' dir='ltr' id='par_1_20' title="bbox 2085 602 3639 674">
     <span class='ocr_line' id='line_1_20' title="bbox 2085 602 3639 674; baseline 0.003 -16"><span class='ocrx_word' id='word_1_123' title='bbox 2085 605 2296 674; x_wconf 73' lang='grc' dir='ltr'><strong>Πατρὸς</strong></span> <span class='ocrx_word' id='word_1_124' title='bbox 2335 602 2495 674; x_wconf 86' lang='grc' dir='ltr'><strong>εἶναι,</strong></span> <span class='ocrx_word' id='word_1_125' title='bbox 2525 605 2699 670; x_wconf 80' lang='grc' dir='ltr'><strong>οὕτως</strong></span> <span class='ocrx_word' id='word_1_126' title='bbox 2724 605 2854 660; x_wconf 84' lang='grc' dir='ltr'><strong>ῐδιον</strong></span> <span class='ocrx_word' id='word_1_127' title='bbox 2877 608 2974 662; x_wconf 72' lang='grc' dir='ltr'><strong>καὶ</strong></span> <span class='ocrx_word' id='word_1_128' title='bbox 3001 607 3096 661; x_wconf 89' lang='grc' dir='ltr'><strong>τοῦ</strong></span> <span class='ocrx_word' id='word_1_129' title='bbox 3126 606 3279 672; x_wconf 84' lang='grc' dir='ltr'><strong>Υἰοῦ,</strong></span> <span class='ocrx_word' id='word_1_130' title='bbox 3304 607 3395 662; x_wconf 78' lang='grc' dir='ltr'><strong>διὰ</strong></span> <span class='ocrx_word' id='word_1_131' title='bbox 3428 608 3489 662; x_wconf 77' lang='grc' dir='ltr'><strong>τὸ</strong></span> <span class='ocrx_word' id='word_1_132' title='bbox 3513 604 3639 662; x_wconf 79' lang='grc' dir='ltr'><strong>εἶναι</strong></span> 
     </span>
    </p>
   </div>
   <div class='ocr_carea' id='block_1_21' title="bbox 2081 695 3642 771">
    <p class='ocr_par' dir='ltr' id='par_1_21' title="bbox 2081 695 3642 771">
     <span class='ocr_line' id='line_1_21' title="bbox 2081 695 3642 771; baseline 0.004 -23"><span class='ocrx_word' id='word_1_133' title='bbox 2081 695 2149 748; x_wconf 84' lang='grc' dir='ltr'><strong>δι’</strong></span> <span class='ocrx_word' id='word_1_134' title='bbox 2180 696 2333 761; x_wconf 80' lang='grc' dir='ltr'><strong>Υίοῦ,</strong></span> <span class='ocrx_word' id='word_1_135' title='bbox 2388 701 2483 750; x_wconf 73' lang='grc' dir='ltr'><strong>καὶ</strong></span> <span class='ocrx_word' id='word_1_136' title='bbox 2532 697 2717 751; x_wconf 75' lang='grc' dir='ltr'><strong>λοιπὸν</strong></span> <span class='ocrx_word' id='word_1_137' title='bbox 2761 700 2891 751; x_wconf 77' lang='grc' dir='ltr'><strong>ίδιον</strong></span> <span class='ocrx_word' id='word_1_138' title='bbox 2939 701 3143 770; x_wconf 80' lang='grc' dir='ltr'><strong>ἀμφοῖν</strong></span> <span class='ocrx_word' id='word_1_139' title='bbox 3179 699 3240 752; x_wconf 76' lang='grc' dir='ltr'><strong>τὸ</strong></span> <span class='ocrx_word' id='word_1_140' title='bbox 3289 699 3535 771; x_wconf 84' lang='grc' dir='ltr'><strong>Πνεῦμα,</strong></span> <span class='ocrx_word' id='word_1_141' title='bbox 3573 701 3642 764; x_wconf 81' lang='grc' dir='ltr'><strong>ὡς</strong></span> 
     </span>
    </p>
   </div>
   <div class='ocr_carea' id='block_1_22' title="bbox 2083 788 3644 861">
    <p class='ocr_par' dir='ltr' id='par_1_22' title="bbox 2083 788 3644 861">
     <span class='ocr_line' id='line_1_22' title="bbox 2083 788 3644 861; baseline 0.003 -21"><span class='ocrx_word' id='word_1_142' title='bbox 2083 788 2273 857; x_wconf 81' lang='grc' dir='ltr'><strong>προϊὸν</strong></span> <span class='ocrx_word' id='word_1_143' title='bbox 2318 789 2375 855; x_wconf 80' lang='grc' dir='ltr'><strong>ἐξ</strong></span> <span class='ocrx_word' id='word_1_144' title='bbox 2427 791 2649 858; x_wconf 76' lang='grc' dir='ltr'><strong>ἀμφοῖν.</strong></span> <span class='ocrx_word' id='word_1_145' title='bbox 2713 791 2772 843; x_wconf 80' lang='lat' dir='ltr'><strong>El</strong></span> <span class='ocrx_word' id='word_1_146' title='bbox 2805 790 2862 844; x_wconf 80' lang='grc' dir='ltr'><strong>δὲ</strong></span> <span class='ocrx_word' id='word_1_147' title='bbox 2901 793 2994 844; x_wconf 78' lang='grc' dir='ltr'><strong>καὶ</strong></span> <span class='ocrx_word' id='word_1_148' title='bbox 3024 791 3099 852; x_wconf 84' lang='grc' dir='ltr'><strong>ὡς</strong></span> <span class='ocrx_word' id='word_1_149' title='bbox 3134 792 3200 844; x_wconf 78' lang='grc' dir='ltr'><strong>σὺ</strong></span> <span class='ocrx_word' id='word_1_150' title='bbox 3228 790 3333 861; x_wconf 75' lang='grc' dir='ltr'><strong>φὴς</strong></span> <span class='ocrx_word' id='word_1_151' title='bbox 3362 791 3496 844; x_wconf 75' lang='grc' dir='ltr'><strong>ἴδιον</strong></span> <span class='ocrx_word' id='word_1_152' title='bbox 3522 791 3644 844; x_wconf 68' lang='lat' dir='ltr'><strong>nos</strong></span> 
     </span>
    </p>
   </div>
   <div class='ocr_carea' id='block_1_23' title="bbox 2083 878 3642 956">
    <p class='ocr_par' dir='ltr' id='par_1_23' title="bbox 2083 878 3642 956">
     <span class='ocr_line' id='line_1_23' title="bbox 2083 878 3642 956; baseline 0.004 -26"><span class='ocrx_word' id='word_1_153' title='bbox 2083 879 2177 930; x_wconf 77' lang='grc' dir='ltr'><strong>καὶ</strong></span> <span class='ocrx_word' id='word_1_154' title='bbox 2214 878 2425 950; x_wconf 79' lang='grc' dir='ltr'><strong>Πατρὸς</strong></span> <span class='ocrx_word' id='word_1_155' title='bbox 2467 880 2528 932; x_wconf 84' lang='grc' dir='ltr'><strong>τὸ</strong></span> <span class='ocrx_word' id='word_1_156' title='bbox 2563 879 2784 949; x_wconf 82' lang='grc' dir='ltr'><strong>Πνεῦμα</strong></span> <span class='ocrx_word' id='word_1_157' title='bbox 2805 881 2893 935; x_wconf 83' lang='grc' dir='ltr'><strong>διὰ</strong></span> <span class='ocrx_word' id='word_1_158' title='bbox 2941 883 3000 935; x_wconf 79' lang='grc' dir='ltr'><strong>τὸ</strong></span> <span class='ocrx_word' id='word_1_159' title='bbox 3034 883 3233 956; x_wconf 78' lang='grc' dir='ltr'><strong>ἐνιαῖον</strong></span> <span class='ocrx_word' id='word_1_160' title='bbox 3283 882 3385 951; x_wconf 85' lang='grc' dir='ltr'><strong>τῆς</strong></span> <span class='ocrx_word' id='word_1_161' title='bbox 3412 887 3642 951; x_wconf 81' lang='grc' dir='ltr'><strong>φύσεως,</strong></span> 
     </span>
    </p>
   </div>
   <div class='ocr_carea' id='block_1_24' title="bbox 2082 968 3643 1044">
    <p class='ocr_par' dir='ltr' id='par_1_24' title="bbox 2082 968 3643 1044">
     <span class='ocr_line' id='line_1_24' title="bbox 2082 968 3643 1044; baseline 0.004 -23"><span class='ocrx_word' id='word_1_162' title='bbox 2082 968 2204 1021; x_wconf 81' lang='grc' dir='ltr'><strong>οὐδὲ</strong></span> <span class='ocrx_word' id='word_1_163' title='bbox 2227 969 2386 1023; x_wconf 86' lang='grc' dir='ltr'><strong>τοῦτό</strong></span> <span class='ocrx_word' id='word_1_164' title='bbox 2414 987 2505 1040; x_wconf 90' lang='grc' dir='ltr'><strong>μοι</strong></span> <span class='ocrx_word' id='word_1_165' title='bbox 2536 971 2935 1039; x_wconf 71' lang='grc' dir='ltr'><strong>ἀπαρὰδεκτον.</strong></span> <span class='ocrx_word' id='word_1_166' title='bbox 2954 973 3110 1026; x_wconf 75' lang='grc' dir='ltr'><strong>Ἐπεὶ</strong></span> <span class='ocrx_word' id='word_1_167' title='bbox 3144 973 3252 1044; x_wconf 78' lang='grc' dir='ltr'><strong>γὰρ</strong></span> <span class='ocrx_word' id='word_1_168' title='bbox 3275 973 3407 1027; x_wconf 81' lang='grc' dir='ltr'><strong>ῐδιον</strong></span> <span class='ocrx_word' id='word_1_169' title='bbox 3425 975 3643 1043; x_wconf 75' lang='grc' dir='ltr'><strong>ἀμφοῐν,</strong></span> 
     </span>
    </p>
   </div>
   <div class='ocr_carea' id='block_1_25' title="bbox 2082 1057 3641 1135">
    <p class='ocr_par' dir='ltr' id='par_1_25' title="bbox 2082 1057 3641 1135">
     <span class='ocr_line' id='line_1_25' title="bbox 2082 1057 3641 1135; baseline 0.005 -27"><span class='ocrx_word' id='word_1_170' title='bbox 2082 1057 2163 1109; x_wconf 80' lang='grc' dir='ltr'><strong>ὅτι</strong></span> <span class='ocrx_word' id='word_1_171' title='bbox 2197 1057 2442 1126; x_wconf 69' lang='grc' dir='ltr'><strong>πρόεισιν</strong></span> <span class='ocrx_word' id='word_1_172' title='bbox 2468 1057 2526 1125; x_wconf 77' lang='grc' dir='ltr'><strong>ἐξ</strong></span> <span class='ocrx_word' id='word_1_173' title='bbox 2557 1059 2782 1128; x_wconf 80' lang='grc' dir='ltr'><strong>ἀμφοῖν,</strong></span> <span class='ocrx_word' id='word_1_174' title='bbox 2801 1060 2889 1113; x_wconf 84' lang='grc' dir='ltr'><strong>δ;ὰ</strong></span> <span class='ocrx_word' id='word_1_175' title='bbox 2920 1062 2973 1114; x_wconf 84' lang='grc' dir='ltr'><strong>δὲ</strong></span> <span class='ocrx_word' id='word_1_176' title='bbox 2990 1064 3049 1114; x_wconf 84' lang='grc' dir='ltr'><strong>τὸ</strong></span> <span class='ocrx_word' id='word_1_177' title='bbox 3070 1062 3131 1126; x_wconf 78' lang='grc' dir='ltr'><strong>ἐξ</strong></span> <span class='ocrx_word' id='word_1_178' title='bbox 3155 1066 3357 1134; x_wconf 76' lang='grc' dir='ltr'><strong>ἀμφοῖν</strong></span> <span class='ocrx_word' id='word_1_179' title='bbox 3385 1067 3641 1135; x_wconf 75' lang='grc' dir='ltr'><strong>προὶέναι,</strong></span> 
     </span>
    </p>
   </div>
   <div class='ocr_carea' id='block_1_26' title="bbox 2082 1147 3644 1223">
    <p class='ocr_par' dir='ltr' id='par_1_26' title="bbox 2082 1147 3644 1223">
     <span class='ocr_line' id='line_1_26' title="bbox 2082 1147 3644 1223; baseline 0.007 -25"><span class='ocrx_word' id='word_1_180' title='bbox 2082 1147 2370 1217; x_wconf 80' lang='grc' dir='ltr'><strong>ὁμοούσιὸν</strong></span> <span class='ocrx_word' id='word_1_181' title='bbox 2418 1150 2536 1203; x_wconf 83' lang='grc' dir='ltr'><strong>ἐστι</strong></span> <span class='ocrx_word' id='word_1_182' title='bbox 2570 1150 2747 1220; x_wconf 79' lang='grc' dir='ltr'><strong>Πατρὶ</strong></span> <span class='ocrx_word' id='word_1_183' title='bbox 2778 1153 2875 1206; x_wconf 71' lang='grc' dir='ltr'><strong>καὶ</strong></span> <span class='ocrx_word' id='word_1_184' title='bbox 2904 1152 3035 1221; x_wconf 81' lang='grc' dir='ltr'><strong>Υίῷ,</strong></span> <span class='ocrx_word' id='word_1_185' title='bbox 3055 1157 3082 1207; x_wconf 85' lang='grc' dir='ltr'><strong>ό</strong></span> <span class='ocrx_word' id='word_1_186' title='bbox 3118 1155 3296 1223; x_wconf 81' lang='grc' dir='ltr'><strong>λέγων</strong></span> <span class='ocrx_word' id='word_1_187' title='bbox 3342 1155 3497 1222; x_wconf 86' lang='grc' dir='ltr'><strong>ίδιον,</strong></span> <span class='ocrx_word' id='word_1_188' title='bbox 3520 1156 3644 1209; x_wconf 73' lang='grc' dir='ltr'><strong>αὐτὸ</strong></span> 
     </span>
    </p>
   </div>
   <div class='ocr_carea' id='block_1_27' title="bbox 2082 1240 3645 1315">
    <p class='ocr_par' dir='ltr' id='par_1_27' title="bbox 2082 1240 3645 1315">
     <span class='ocr_line' id='line_1_27' title="bbox 2082 1240 3645 1315; baseline 0.004 -22"><span class='ocrx_word' id='word_1_189' title='bbox 2082 1240 2294 1311; x_wconf 57' lang='lat' dir='ltr'><strong>Harpe;</strong></span> <span class='ocrx_word' id='word_1_190' title='bbox 2323 1242 2416 1293; x_wconf 80' lang='grc' dir='ltr'><strong>καὶ</strong></span> <span class='ocrx_word' id='word_1_191' title='bbox 2447 1242 2579 1296; x_wconf 84' lang='grc' dir='ltr'><strong>Υἱοῦ</strong></span> <span class='ocrx_word' id='word_1_192' title='bbox 2609 1242 2698 1296; x_wconf 78' lang='grc' dir='ltr'><strong>διὰ</strong></span> <span class='ocrx_word' id='word_1_193' title='bbox 2726 1245 2787 1295; x_wconf 80' lang='grc' dir='ltr'><strong>τὸ</strong></span> <span class='ocrx_word' id='word_1_194' title='bbox 2818 1246 3018 1299; x_wconf 79' lang='grc' dir='ltr'><strong>ἑνιαῑον</strong></span> <span class='ocrx_word' id='word_1_195' title='bbox 3049 1248 3147 1315; x_wconf 79' lang='grc' dir='ltr'><strong>τῆς</strong></span> <span class='ocrx_word' id='word_1_196' title='bbox 3179 1247 3396 1315; x_wconf 81' lang='grc' dir='ltr'><strong>φύσεως</strong></span> <span class='ocrx_word' id='word_1_197' title='bbox 3419 1246 3575 1301; x_wconf 72' lang='grc' dir='ltr'><strong>οὐδέν</strong></span> <span class='ocrx_word' id='word_1_198' title='bbox 3596 1264 3645 1300; x_wconf 82' lang='grc' dir='ltr'><strong>τι</strong></span> 
     </span>
    </p>
   </div>
   <div class='ocr_carea' id='block_1_28' title="bbox 2082 1330 3649 1408">
    <p class='ocr_par' dir='ltr' id='par_1_28' title="bbox 2082 1330 3649 1408">
     <span class='ocr_line' id='line_1_28' title="bbox 2082 1330 3649 1408; baseline 0.005 -26"><span class='ocrx_word' id='word_1_199' title='bbox 2082 1330 2442 1400; x_wconf 69' lang='grc' dir='ltr'><strong>διαμαρτάνει</strong></span> <span class='ocrx_word' id='word_1_200' title='bbox 2479 1333 2578 1404; x_wconf 82' lang='grc' dir='ltr'><strong>τῆς</strong></span> <span class='ocrx_word' id='word_1_201' title='bbox 2619 1333 2895 1406; x_wconf 80' lang='grc' dir='ltr'><strong>ἀληθείας,</strong></span> <span class='ocrx_word' id='word_1_202' title='bbox 2941 1338 2989 1388; x_wconf 84' lang='grc' dir='ltr'><strong>εἰ</strong></span> <span class='ocrx_word' id='word_1_203' title='bbox 3046 1340 3156 1402; x_wconf 77' lang='grc' dir='ltr'><strong>καὶ,</strong></span> <span class='ocrx_word' id='word_1_204' title='bbox 3194 1338 3649 1408; x_wconf 72' lang='grc' dir='ltr'><strong>σοφιπικώτερον</strong></span> 
     </span>
    </p>
   </div>
   <div class='ocr_carea' id='block_1_29' title="bbox 2085 1424 3647 1499">
    <p class='ocr_par' dir='ltr' id='par_1_29' title="bbox 2085 1424 3647 1499">
     <span class='ocr_line' id='line_1_29' title="bbox 2085 1424 3647 1499; baseline 0.006 -26"><span class='ocrx_word' id='word_1_205' title='bbox 2085 1424 2485 1492; x_wconf 74' lang='grc' dir='ltr'><strong>μετερχόμενος</strong></span> <span class='ocrx_word' id='word_1_206' title='bbox 2541 1427 2633 1480; x_wconf 67' lang='grc' dir='ltr'><strong>τὶν</strong></span> <span class='ocrx_word' id='word_1_207' title='bbox 2696 1427 2874 1495; x_wconf 87' lang='grc' dir='ltr'><strong>λόγον,</strong></span> <span class='ocrx_word' id='word_1_208' title='bbox 2916 1428 3165 1482; x_wconf 85' lang='grc' dir='ltr'><strong>ἐντεῦθεν</strong></span> <span class='ocrx_word' id='word_1_209' title='bbox 3212 1428 3464 1498; x_wconf 81' lang='grc' dir='ltr'><strong>βούλεται</strong></span> <span class='ocrx_word' id='word_1_210' title='bbox 3514 1432 3647 1499; x_wconf 82' lang='grc' dir='ltr'><strong>τάχα</strong></span> 
     </span>
    </p>
   </div>
   <div class='ocr_carea' id='block_1_30' title="bbox 2082 1511 3648 1588">
    <p class='ocr_par' dir='ltr' id='par_1_30' title="bbox 2082 1511 3648 1588">
     <span class='ocr_line' id='line_1_30' title="bbox 2082 1511 3648 1588; baseline 0.007 -26"><span class='ocrx_word' id='word_1_211' title='bbox 2082 1514 2493 1566; x_wconf 66' lang='grc' dir='ltr'><strong>κατασκευάσαι</strong></span> <span class='ocrx_word' id='word_1_212' title='bbox 2554 1516 2630 1586; x_wconf 77' lang='grc' dir='ltr'><strong>μὴ</strong></span> <span class='ocrx_word' id='word_1_213' title='bbox 2702 1511 2840 1571; x_wconf 74' lang='grc' dir='ltr'><strong>εἶναι</strong></span> <span class='ocrx_word' id='word_1_214' title='bbox 2896 1516 2959 1571; x_wconf 75' lang='grc' dir='ltr'><strong>τὸ</strong></span> <span class='ocrx_word' id='word_1_215' title='bbox 3008 1517 3233 1588; x_wconf 79' lang='grc' dir='ltr'><strong>Πνεῦμα</strong></span> <span class='ocrx_word' id='word_1_216' title='bbox 3282 1520 3380 1572; x_wconf 79' lang='grc' dir='ltr'><strong>καὶ</strong></span> <span class='ocrx_word' id='word_1_217' title='bbox 3436 1520 3500 1573; x_wconf 86' lang='grc' dir='ltr'><strong>ἐκ</strong></span> <span class='ocrx_word' id='word_1_218' title='bbox 3556 1520 3648 1573; x_wconf 79' lang='grc' dir='ltr'><strong>τοῦ</strong></span> 
     </span>
    </p>
   </div>
   <div class='ocr_carea' id='block_1_31' title="bbox 2083 1599 2233 1654">
    <p class='ocr_par' dir='ltr' id='par_1_31' title="bbox 2083 1599 2233 1654">
     <span class='ocr_line' id='line_1_31' title="bbox 2083 1599 2233 1654; baseline 0.013 -2"><span class='ocrx_word' id='word_1_219' title='bbox 2083 1599 2233 1654; x_wconf 81' lang='grc' dir='ltr'><strong>Υἱοῦ.</strong></span> 
     </span>
    </p>
   </div>
   <div class='ocr_carea' id='block_1_32' title="bbox 2474 1796 3269 1857">
    <p class='ocr_par' dir='ltr' id='par_1_32' title="bbox 2474 1796 3269 1857">
     <span class='ocr_line' id='line_1_32' title="bbox 2474 1796 3269 1857; baseline 0.008 -8"><span class='ocrx_word' id='word_1_220' title='bbox 2474 1796 2584 1849; x_wconf 86' lang='grc' dir='ltr'><strong>Τοῦ</strong></span> <span class='ocrx_word' id='word_1_221' title='bbox 2612 1799 2799 1851; x_wconf 82' lang='grc' dir='ltr'><strong>αὐτοῦ</strong></span> <span class='ocrx_word' id='word_1_222' title='bbox 2825 1800 2894 1853; x_wconf 73' lang='grc' dir='ltr'><strong>ἐκ</strong></span> <span class='ocrx_word' id='word_1_223' title='bbox 2935 1800 3039 1854; x_wconf 87' lang='grc' dir='ltr'><strong>τοῦ</strong></span> <span class='ocrx_word' id='word_1_224' title='bbox 3061 1802 3269 1857; x_wconf 79' lang='grc' dir='ltr'><strong>αὐτοῦ.</strong></span> 
     </span>
    </p>
   </div>
   <div class='ocr_carea' id='block_1_33' title="bbox 484 1850 1983 1966">
    <p class='ocr_par' dir='ltr' id='par_1_33' title="bbox 484 1850 1977 1958">
     <span class='ocr_line' id='line_1_33' title="bbox 484 1850 1977 1958; baseline -0.008 -8"><span class='ocrx_word' id='word_1_225' title='bbox 484 1893 671 1950; x_wconf 83' lang='lat' dir='ltr'><strong>XCIII.</strong></span> <span class='ocrx_word' id='word_1_226' title='bbox 711 1912 730 1945; x_wconf 83' lang='grc' dir='ltr'><strong>ι</strong></span> <span class='ocrx_word' id='word_1_227' title='bbox 766 1850 1169 1947; x_wconf 44' lang='grc' dir='ltr'><strong>ἔποιιιοιιιοω</strong></span> <span class='ocrx_word' id='word_1_228' title='bbox 1205 1888 1481 1958; x_wconf 88' lang='lat' dir='ltr'><strong>Scriptura</strong></span> <span class='ocrx_word' id='word_1_229' title='bbox 1507 1902 1603 1941; x_wconf 89' lang='lat' dir='ltr'><strong>nos</strong></span> <span class='ocrx_word' id='word_1_230' title='bbox 1623 1886 1933 1956; x_wconf 90' lang='lat' dir='ltr'><strong>alloqueute</strong></span> <span class='ocrx_word' id='word_1_231' title='bbox 1964 1901 1977 1937; x_wconf 87' lang='lat'><strong>:</strong></span> 
     </span>
    </p>
   </div>
   <div class='ocr_carea' id='block_1_34' title="bbox 2091 1850 3643 1966">
    <p class='ocr_par' dir='ltr' id='par_1_34' title="bbox 2154 1877 3643 1966">
     <span class='ocr_line' id='line_1_34' title="bbox 2154 1877 3643 1966; baseline 0.007 -28"><span class='ocrx_word' id='word_1_232' title='bbox 2154 1885 2270 1953; x_wconf 63' lang='grc' dir='ltr'><strong>ιιιν.</strong></span> <span class='ocrx_word' id='word_1_233' title='bbox 2323 1906 2343 1939; x_wconf 74' lang='grc' dir='ltr'><strong>ι</strong></span> <span class='ocrx_word' id='word_1_234' title='bbox 2395 1888 2562 1960; x_wconf 85' lang='grc' dir='ltr'><strong>Ἱεροῦ</strong></span> <span class='ocrx_word' id='word_1_235' title='bbox 2604 1892 2660 1943; x_wconf 84' lang='grc' dir='ltr'><strong>δέ</strong></span> <span class='ocrx_word' id='word_1_236' title='bbox 2695 1892 2827 1961; x_wconf 75' lang='grc' dir='ltr'><strong>ἡμῖν</strong></span> <span class='ocrx_word' id='word_1_237' title='bbox 2864 1877 3643 1966; x_wconf 67' lang='grc' dir='ltr'><strong>ἐπιφωνοῦντοςγράμματος,</strong></span> 
     </span>
    </p>
   </div>
   <div class='ocr_carea' id='block_1_35' title="bbox 421 1978 1982 2048">
    <p class='ocr_par' dir='ltr' id='par_1_35' title="bbox 421 1978 1982 2048">
     <span class='ocr_line' id='line_1_35' title="bbox 421 1978 1982 2048; baseline -0.004 -9"><span class='ocrx_word' id='word_1_238' title='bbox 421 2006 439 2039; x_wconf 76' lang='grc' dir='ltr'><strong>ι</strong></span> <span class='ocrx_word' id='word_1_239' title='bbox 475 1983 651 2041; x_wconf 88' lang='lat' dir='ltr'><strong>Omne</strong></span> <span class='ocrx_word' id='word_1_240' title='bbox 683 1985 886 2039; x_wconf 92' lang='lat' dir='ltr'><strong>donum</strong></span> <span class='ocrx_word' id='word_1_241' title='bbox 920 1982 1145 2047; x_wconf 85' lang='lat' dir='ltr'><strong>bonum,</strong></span> <span class='ocrx_word' id='word_1_242' title='bbox 1190 1988 1243 2035; x_wconf 90' lang='lat' dir='ltr'><strong>et</strong></span> <span class='ocrx_word' id='word_1_243' title='bbox 1266 1995 1429 2034; x_wconf 89' lang='lat' dir='ltr'><strong>omne</strong></span> <span class='ocrx_word' id='word_1_244' title='bbox 1458 1994 1658 2034; x_wconf 87' lang='lat' dir='ltr'><strong>munus</strong></span> <span class='ocrx_word' id='word_1_245' title='bbox 1681 1978 1982 2048; x_wconf 81' lang='lat' dir='ltr'><strong>perfectum</strong></span> 
     </span>
    </p>
   </div>
   <div class='ocr_carea' id='block_1_36' title="bbox 420 2071 1979 2140">
    <p class='ocr_par' dir='ltr' id='par_1_36' title="bbox 420 2071 1979 2140">
     <span class='ocr_line' id='line_1_36' title="bbox 420 2071 1979 2140; baseline -0.004 -10"><span class='ocrx_word' id='word_1_246' title='bbox 420 2097 440 2130; x_wconf 74' lang='grc' dir='ltr'><strong>ι</strong></span> <span class='ocrx_word' id='word_1_247' title='bbox 478 2078 769 2133; x_wconf 87' lang='lat' dir='ltr'><strong>desursum</strong></span> <span class='ocrx_word' id='word_1_248' title='bbox 835 2082 940 2140; x_wconf 88' lang='lat' dir='ltr'><strong>est,</strong></span> <span class='ocrx_word' id='word_1_249' title='bbox 993 2072 1331 2128; x_wconf 82' lang='lat' dir='ltr'><strong>descendens</strong></span> <span class='ocrx_word' id='word_1_250' title='bbox 1373 2087 1408 2127; x_wconf 89' lang='lat' dir='ltr'><strong>a</strong></span> <span class='ocrx_word' id='word_1_251' title='bbox 1470 2072 1628 2126; x_wconf 80' lang='lat' dir='ltr'><strong>Patre</strong></span> <span class='ocrx_word' id='word_1_252' title='bbox 1686 2071 1979 2134; x_wconf 89' lang='lat' dir='ltr'><strong>luminum,</strong></span> 
     </span>
    </p>
   </div>
   <div class='ocr_carea' id='block_1_37' title="bbox 422 2164 1985 2242">
    <p class='ocr_par' dir='ltr' id='par_1_37' title="bbox 422 2164 1985 2242">
     <span class='ocr_line' id='line_1_37' title="bbox 422 2164 1985 2242; baseline -0.003 -18"><span class='ocrx_word' id='word_1_253' title='bbox 422 2190 441 2224; x_wconf 77' lang='grc' dir='ltr'><strong>ι</strong></span> <span class='ocrx_word' id='word_1_254' title='bbox 479 2168 621 2242; x_wconf 91' lang='lat' dir='ltr'><strong>apud</strong></span> <span class='ocrx_word' id='word_1_255' title='bbox 648 2183 809 2240; x_wconf 90' lang='lat' dir='ltr'><strong>quem</strong></span> <span class='ocrx_word' id='word_1_256' title='bbox 850 2182 958 2222; x_wconf 91' lang='lat' dir='ltr'><strong>non</strong></span> <span class='ocrx_word' id='word_1_257' title='bbox 989 2177 1073 2223; x_wconf 86' lang='lat' dir='ltr'><strong>est</strong></span> <span class='ocrx_word' id='word_1_258' title='bbox 1112 2164 1515 2231; x_wconf 89' lang='lat' dir='ltr'><strong>transmutatio,</strong></span> <span class='ocrx_word' id='word_1_259' title='bbox 1550 2165 1633 2220; x_wconf 84' lang='lat' dir='ltr'><strong>rei</strong></span> <span class='ocrx_word' id='word_1_260' title='bbox 1671 2164 1985 2220; x_wconf 84' lang='lat' dir='ltr'><strong>conversio-</strong></span> 
     </span>
    </p>
   </div>
   <div class='ocr_carea' id='block_1_38' title="bbox 424 2254 1985 2326">
    <p class='ocr_par' dir='ltr' id='par_1_38' title="bbox 424 2254 1985 2326">
     <span class='ocr_line' id='line_1_38' title="bbox 424 2254 1985 2326; baseline -0.004 -13"><span class='ocrx_word' id='word_1_261' title='bbox 424 2281 443 2313; x_wconf 78' lang='grc' dir='ltr'><strong>ι</strong></span> <span class='ocrx_word' id='word_1_262' title='bbox 484 2263 571 2316; x_wconf 88' lang='lat' dir='ltr'><strong>nis</strong></span> <span class='ocrx_word' id='word_1_263' title='bbox 599 2258 941 2314; x_wconf 80' lang='lat' dir='ltr'><strong>adumbratio</strong></span> <span class='ocrx_word' id='word_1_264' title='bbox 970 2257 1040 2323; x_wconf 82' lang='lat'><strong>&quot;,</strong></span> <span class='ocrx_word' id='word_1_265' title='bbox 1076 2275 1096 2309; x_wconf 77' lang='grc' dir='ltr'><strong>ι</strong></span> <span class='ocrx_word' id='word_1_266' title='bbox 1134 2256 1279 2311; x_wconf 90' lang='lat' dir='ltr'><strong>unde</strong></span> <span class='ocrx_word' id='word_1_267' title='bbox 1302 2264 1462 2326; x_wconf 83' lang='lat' dir='ltr'><strong>putas</strong></span> <span class='ocrx_word' id='word_1_268' title='bbox 1491 2256 1607 2325; x_wconf 86' lang='lat' dir='ltr'><strong>ipse</strong></span> <span class='ocrx_word' id='word_1_269' title='bbox 1641 2254 1985 2310; x_wconf 87' lang='lat' dir='ltr'><strong>distributio-</strong></span> 
     </span>
    </p>
   </div>
   <div class='ocr_carea' id='block_1_39' title="bbox 423 2345 1985 2420">
    <p class='ocr_par' dir='ltr' id='par_1_39' title="bbox 423 2345 1985 2420">
     <span class='ocr_line' id='line_1_39' title="bbox 423 2345 1985 2420; baseline -0.004 -13"><span class='ocrx_word' id='word_1_270' title='bbox 423 2371 443 2407; x_wconf 78' lang='grc' dir='ltr'><strong>ι</strong></span> <span class='ocrx_word' id='word_1_271' title='bbox 484 2368 606 2408; x_wconf 89' lang='lat' dir='ltr'><strong>nem</strong></span> <span class='ocrx_word' id='word_1_272' title='bbox 639 2350 946 2406; x_wconf 80' lang='lat' dir='ltr'><strong>divinarum</strong></span> <span class='ocrx_word' id='word_1_273' title='bbox 974 2349 1273 2420; x_wconf 83' lang='lat' dir='ltr'><strong>gratiarum</strong></span> <span class='ocrx_word' id='word_1_274' title='bbox 1304 2349 1464 2403; x_wconf 87' lang='lat' dir='ltr'><strong>nobis</strong></span> <span class='ocrx_word' id='word_1_275' title='bbox 1489 2347 1645 2403; x_wconf 82' lang='lat' dir='ltr'><strong>ﬁeri?</strong></span> <span class='ocrx_word' id='word_1_276' title='bbox 1687 2347 1875 2402; x_wconf 81' lang='lat' dir='ltr'><strong>Herm.</strong></span> <span class='ocrx_word' id='word_1_277' title='bbox 1904 2345 1985 2401; x_wconf 77' lang='lat' dir='ltr'><strong>Ex</strong></span> 
     </span>
    </p>
   </div>
   <div class='ocr_carea' id='block_1_40' title="bbox 424 2437 1987 2511">
    <p class='ocr_par' dir='ltr' id='par_1_40' title="bbox 424 2437 1987 2511">
     <span class='ocr_line' id='line_1_40' title="bbox 424 2437 1987 2511; baseline -0.002 -14"><span class='ocrx_word' id='word_1_278' title='bbox 424 2463 444 2497; x_wconf 85' lang='lat' dir='ltr'><strong>s</strong></span> <span class='ocrx_word' id='word_1_279' title='bbox 485 2442 594 2498; x_wconf 84' lang='lat' dir='ltr'><strong>Deo</strong></span> <span class='ocrx_word' id='word_1_280' title='bbox 630 2441 786 2496; x_wconf 87' lang='lat' dir='ltr'><strong>Patre</strong></span> <span class='ocrx_word' id='word_1_281' title='bbox 815 2441 1043 2496; x_wconf 87' lang='lat' dir='ltr'><strong>scilicet.</strong></span> <span class='ocrx_word' id='word_1_282' title='bbox 1079 2438 1250 2511; x_wconf 80' lang='lat' dir='ltr'><strong>Cyril.</strong></span> <span class='ocrx_word' id='word_1_283' title='bbox 1282 2437 1424 2505; x_wconf 87' lang='lat' dir='ltr'><strong>Quin</strong></span> <span class='ocrx_word' id='word_1_284' title='bbox 1449 2448 1503 2494; x_wconf 87' lang='lat' dir='ltr'><strong>et</strong></span> <span class='ocrx_word' id='word_1_285' title='bbox 1534 2440 1741 2495; x_wconf 86' lang='lat' dir='ltr'><strong>sanctis</strong></span> <span class='ocrx_word' id='word_1_286' title='bbox 1768 2447 1987 2509; x_wconf 84' lang='lat' dir='ltr'><strong>aposto-</strong></span> 
     </span>
    </p>
   </div>
   <div class='ocr_carea' id='block_1_41' title="bbox 422 2533 1982 2594">
    <p class='ocr_par' dir='ltr' id='par_1_41' title="bbox 422 2533 1982 2594">
     <span class='ocr_line' id='line_1_41' title="bbox 422 2533 1982 2594; baseline -0.003 -2"><span class='ocrx_word' id='word_1_287' title='bbox 422 2561 441 2592; x_wconf 77' lang='grc' dir='ltr'><strong>ι</strong></span> <span class='ocrx_word' id='word_1_288' title='bbox 482 2540 550 2594; x_wconf 87' lang='lat' dir='ltr'><strong>lis</strong></span> <span class='ocrx_word' id='word_1_289' title='bbox 610 2539 943 2592; x_wconf 89' lang='lat' dir='ltr'><strong>auctoritate</strong></span> <span class='ocrx_word' id='word_1_290' title='bbox 1009 2550 1110 2590; x_wconf 88' lang='lat' dir='ltr'><strong>sua</strong></span> <span class='ocrx_word' id='word_1_291' title='bbox 1183 2534 1350 2589; x_wconf 89' lang='lat' dir='ltr'><strong>dabat</strong></span> <span class='ocrx_word' id='word_1_292' title='bbox 1412 2533 1668 2590; x_wconf 89' lang='lat' dir='ltr'><strong>Christus</strong></span> <span class='ocrx_word' id='word_1_293' title='bbox 1729 2534 1982 2588; x_wconf 81' lang='lat' dir='ltr'><strong>virtutem</strong></span> 
     </span>
    </p>
   </div>
   <div class='ocr_carea' id='block_1_42' title="bbox 422 2624 1983 2698">
    <p class='ocr_par' dir='ltr' id='par_1_42' title="bbox 422 2624 1983 2698">
     <span class='ocr_line' id='line_1_42' title="bbox 422 2624 1983 2698; baseline -0.004 -16"><span class='ocrx_word' id='word_1_294' title='bbox 422 2650 440 2682; x_wconf 78' lang='grc' dir='ltr'><strong>ι</strong></span> <span class='ocrx_word' id='word_1_295' title='bbox 478 2638 665 2685; x_wconf 83' lang='lat' dir='ltr'><strong>contra</strong></span> <span class='ocrx_word' id='word_1_296' title='bbox 697 2626 922 2698; x_wconf 83' lang='lat' dir='ltr'><strong>spiritus</strong></span> <span class='ocrx_word' id='word_1_297' title='bbox 969 2625 1302 2691; x_wconf 87' lang='lat' dir='ltr'><strong>immundos,</strong></span> <span class='ocrx_word' id='word_1_298' title='bbox 1329 2625 1403 2678; x_wconf 86' lang='lat' dir='ltr'><strong>ita</strong></span> <span class='ocrx_word' id='word_1_299' title='bbox 1449 2632 1508 2679; x_wconf 89' lang='lat' dir='ltr'><strong>ut</strong></span> <span class='ocrx_word' id='word_1_300' title='bbox 1547 2625 1809 2694; x_wconf 86' lang='lat' dir='ltr'><strong>ejicereut</strong></span> <span class='ocrx_word' id='word_1_301' title='bbox 1839 2624 1983 2687; x_wconf 89' lang='lat' dir='ltr'><strong>illos,</strong></span> 
     </span>
    </p>
   </div>
   <div class='ocr_carea' id='block_1_43' title="bbox 423 2716 1984 2785">
    <p class='ocr_par' dir='ltr' id='par_1_43' title="bbox 423 2716 1984 2785">
     <span class='ocr_line' id='line_1_43' title="bbox 423 2716 1984 2785; baseline -0.003 -12"><span class='ocrx_word' id='word_1_302' title='bbox 423 2742 441 2773; x_wconf 80' lang='grc' dir='ltr'><strong>ι</strong></span> <span class='ocrx_word' id='word_1_303' title='bbox 479 2730 533 2776; x_wconf 90' lang='lat' dir='ltr'><strong>et</strong></span> <span class='ocrx_word' id='word_1_304' title='bbox 566 2729 820 2776; x_wconf 86' lang='lat' dir='ltr'><strong>curarent</strong></span> <span class='ocrx_word' id='word_1_305' title='bbox 855 2732 1049 2773; x_wconf 90' lang='lat' dir='ltr'><strong>omnes</strong></span> <span class='ocrx_word' id='word_1_306' title='bbox 1099 2716 1344 2783; x_wconf 86' lang='lat' dir='ltr'><strong>morbos,</strong></span> <span class='ocrx_word' id='word_1_307' title='bbox 1380 2727 1434 2772; x_wconf 91' lang='lat' dir='ltr'><strong>et</strong></span> <span class='ocrx_word' id='word_1_308' title='bbox 1470 2731 1660 2772; x_wconf 87' lang='lat' dir='ltr'><strong>omnes</strong></span> <span class='ocrx_word' id='word_1_309' title='bbox 1692 2717 1984 2785; x_wconf 77' lang='lat' dir='ltr'><strong>languores</strong></span> 
     </span>
    </p>
   </div>
   <div class='ocr_carea' id='block_1_44' title="bbox 422 2808 1985 2882">
    <p class='ocr_par' dir='ltr' id='par_1_44' title="bbox 422 2808 1985 2882">
     <span class='ocr_line' id='line_1_44' title="bbox 422 2808 1985 2882; baseline -0.003 -18"><span class='ocrx_word' id='word_1_310' title='bbox 422 2832 439 2864; x_wconf 77' lang='grc' dir='ltr'><strong>ι</strong></span> <span class='ocrx_word' id='word_1_311' title='bbox 477 2814 530 2867; x_wconf 94' lang='lat' dir='ltr'><strong>in</strong></span> <span class='ocrx_word' id='word_1_312' title='bbox 559 2811 779 2882; x_wconf 85' lang='lat' dir='ltr'><strong>populo,</strong></span> <span class='ocrx_word' id='word_1_313' title='bbox 808 2820 863 2865; x_wconf 88' lang='lat' dir='ltr'><strong>et</strong></span> <span class='ocrx_word' id='word_1_314' title='bbox 902 2809 1050 2880; x_wconf 90' lang='lat' dir='ltr'><strong>quod</strong></span> <span class='ocrx_word' id='word_1_315' title='bbox 1093 2808 1179 2864; x_wconf 88' lang='lat' dir='ltr'><strong>bis</strong></span> <span class='ocrx_word' id='word_1_316' title='bbox 1212 2808 1570 2864; x_wconf 76' lang='lat' dir='ltr'><strong>excellentius</strong></span> <span class='ocrx_word' id='word_1_317' title='bbox 1592 2815 1700 2871; x_wconf 89' lang='lat' dir='ltr'><strong>est,</strong></span> <span class='ocrx_word' id='word_1_318' title='bbox 1728 2808 1892 2862; x_wconf 88' lang='lat' dir='ltr'><strong>etiam</strong></span> <span class='ocrx_word' id='word_1_319' title='bbox 1924 2814 1985 2860; x_wconf 81' lang='lat' dir='ltr'><strong>ut</strong></span> 
     </span>
    </p>
   </div>
   <div class='ocr_carea' id='block_1_45' title="bbox 421 2900 1981 2975">
    <p class='ocr_par' dir='ltr' id='par_1_45' title="bbox 421 2900 1981 2975">
     <span class='ocr_line' id='line_1_45' title="bbox 421 2900 1981 2975; baseline -0.001 -19"><span class='ocrx_word' id='word_1_320' title='bbox 421 2923 438 2956; x_wconf 80' lang='grc' dir='ltr'><strong>ι</strong></span> <span class='ocrx_word' id='word_1_321' title='bbox 476 2911 700 2975; x_wconf 82' lang='lat' dir='ltr'><strong>possent</strong></span> <span class='ocrx_word' id='word_1_322' title='bbox 744 2903 919 2972; x_wconf 90' lang='lat' dir='ltr'><strong>ipsam</strong></span> <span class='ocrx_word' id='word_1_323' title='bbox 950 2913 1179 2957; x_wconf 90' lang='lat' dir='ltr'><strong>mortem</strong></span> <span class='ocrx_word' id='word_1_324' title='bbox 1210 2901 1429 2957; x_wconf 79' lang='lat' dir='ltr'><strong>vincere</strong></span> <span class='ocrx_word' id='word_1_325' title='bbox 1457 2900 1797 2955; x_wconf 84' lang='lat' dir='ltr'><strong>diriuissime</strong></span> <span class='ocrx_word' id='word_1_326' title='bbox 1842 2915 1981 2969; x_wconf 82' lang='lat' dir='ltr'><strong>prae-</strong></span> 
     </span>
    </p>
   </div>
   <div class='ocr_carea' id='block_1_46' title="bbox 422 2992 1982 3065">
    <p class='ocr_par' dir='ltr' id='par_1_46' title="bbox 422 2992 1982 3065">
     <span class='ocr_line' id='line_1_46' title="bbox 422 2992 1982 3065; baseline -0.001 -18"><span class='ocrx_word' id='word_1_327' title='bbox 422 3016 439 3047; x_wconf 84' lang='lat' dir='ltr'><strong>s</strong></span> <span class='ocrx_word' id='word_1_328' title='bbox 475 2997 619 3065; x_wconf 84' lang='lat' dir='ltr'><strong>cepit</strong></span> <span class='ocrx_word' id='word_1_329' title='bbox 652 2994 841 3049; x_wconf 86' lang='lat' dir='ltr'><strong>dicens</strong></span> <span class='ocrx_word' id='word_1_330' title='bbox 871 3011 886 3048; x_wconf 90' lang='lat'><strong>:</strong></span> <span class='ocrx_word' id='word_1_331' title='bbox 939 3010 959 3045; x_wconf 81' lang='grc' dir='ltr'><strong>ι</strong></span> <span class='ocrx_word' id='word_1_332' title='bbox 992 2992 1245 3048; x_wconf 85' lang='lat' dir='ltr'><strong>Iulirmos</strong></span> <span class='ocrx_word' id='word_1_333' title='bbox 1273 3001 1484 3058; x_wconf 86' lang='lat' dir='ltr'><strong>curate,</strong></span> <span class='ocrx_word' id='word_1_334' title='bbox 1525 3002 1580 3046; x_wconf 88' lang='lat' dir='ltr'><strong>et</strong></span> <span class='ocrx_word' id='word_1_335' title='bbox 1615 3000 1862 3045; x_wconf 87' lang='lat' dir='ltr'><strong>mortuos</strong></span> <span class='ocrx_word' id='word_1_336' title='bbox 1888 3005 1982 3045; x_wconf 88' lang='lat' dir='ltr'><strong>su-</strong></span> 
     </span>
    </p>
   </div>
   <div class='ocr_carea' id='block_1_47' title="bbox 419 3082 1976 3155">
    <p class='ocr_par' dir='ltr' id='par_1_47' title="bbox 419 3082 1976 3155">
     <span class='ocr_line' id='line_1_47' title="bbox 419 3082 1976 3155; baseline -0.004 -16"><span class='ocrx_word' id='word_1_337' title='bbox 419 3106 439 3139; x_wconf 82' lang='lat' dir='ltr'><strong>s</strong></span> <span class='ocrx_word' id='word_1_338' title='bbox 481 3087 698 3151; x_wconf 86' lang='lat' dir='ltr'><strong>scitate,</strong></span> <span class='ocrx_word' id='word_1_339' title='bbox 729 3086 979 3155; x_wconf 83' lang='lat' dir='ltr'><strong>leprosos</strong></span> <span class='ocrx_word' id='word_1_340' title='bbox 1008 3083 1290 3149; x_wconf 72' lang='lat' dir='ltr'><strong>mundata,</strong></span> <span class='ocrx_word' id='word_1_341' title='bbox 1329 3083 1598 3138; x_wconf 67' lang='lat' dir='ltr'><strong>dminonia</strong></span> <span class='ocrx_word' id='word_1_342' title='bbox 1631 3082 1813 3151; x_wconf 84' lang='lat' dir='ltr'><strong>ejicite</strong></span> <span class='ocrx_word' id='word_1_343' title='bbox 1836 3082 1921 3148; x_wconf 65' lang='lat'><strong>3&#39;;</strong></span> <span class='ocrx_word' id='word_1_344' title='bbox 1958 3099 1976 3132; x_wconf 73' lang='grc' dir='ltr'><strong>ι</strong></span> 
     </span>
    </p>
   </div>
   <div class='ocr_carea' id='block_1_48' title="bbox 2091 1981 3648 2056">
    <p class='ocr_par' dir='ltr' id='par_1_48' title="bbox 2091 1981 3648 2056">
     <span class='ocr_line' id='line_1_48' title="bbox 2091 1981 3648 2056; baseline 0.006 -24"><span class='ocrx_word' id='word_1_345' title='bbox 2091 1997 2111 2031; x_wconf 77' lang='grc' dir='ltr'><strong>ι</strong></span> <span class='ocrx_word' id='word_1_346' title='bbox 2148 1981 2304 2033; x_wconf 83' lang='grc' dir='ltr'><strong>Πᾶσα</strong></span> <span class='ocrx_word' id='word_1_347' title='bbox 2330 1982 2475 2045; x_wconf 79' lang='grc' dir='ltr'><strong>δόσις</strong></span> <span class='ocrx_word' id='word_1_348' title='bbox 2498 1984 2694 2053; x_wconf 77' lang='grc' dir='ltr'><strong>ἀγαθὴ,</strong></span> <span class='ocrx_word' id='word_1_349' title='bbox 2726 1985 2821 2036; x_wconf 76' lang='grc' dir='ltr'><strong>καὶ</strong></span> <span class='ocrx_word' id='word_1_350' title='bbox 2842 1986 2946 2039; x_wconf 80' lang='grc' dir='ltr'><strong>πᾶν</strong></span> <span class='ocrx_word' id='word_1_351' title='bbox 2962 1984 3189 2056; x_wconf 84' lang='grc' dir='ltr'>δώρημα</span> <span class='ocrx_word' id='word_1_352' title='bbox 3217 1987 3422 2041; x_wconf 77' lang='grc' dir='ltr'><strong>τέλειον</strong></span> <span class='ocrx_word' id='word_1_353' title='bbox 3446 1987 3648 2042; x_wconf 73' lang='grc' dir='ltr'><strong>ἄνωθέν</strong></span> 
     </span>
    </p>
   </div>
   <div class='ocr_carea' id='block_1_49' title="bbox 2092 2073 3649 2150">
    <p class='ocr_par' dir='ltr' id='par_1_49' title="bbox 2092 2073 3649 2150">
     <span class='ocr_line' id='line_1_49' title="bbox 2092 2073 3649 2150; baseline 0.006 -26"><span class='ocrx_word' id='word_1_354' title='bbox 2092 2086 2112 2124; x_wconf 71' lang='grc' dir='ltr'><strong>ι</strong></span> <span class='ocrx_word' id='word_1_355' title='bbox 2150 2073 2265 2126; x_wconf 81' lang='grc' dir='ltr'><strong>ἐστι</strong></span> <span class='ocrx_word' id='word_1_356' title='bbox 2290 2090 2391 2127; x_wconf 88' lang='grc' dir='ltr'><strong>κατ</strong></span> <span class='ocrx_word' id='word_1_357' title='bbox 2402 2074 2621 2128; x_wconf 77' lang='grc' dir='ltr'><strong>αδαῖνον</strong></span> <span class='ocrx_word' id='word_1_358' title='bbox 2646 2078 2710 2129; x_wconf 83' lang='grc' dir='ltr'><strong>ἐκ</strong></span> <span class='ocrx_word' id='word_1_359' title='bbox 2727 2074 2821 2128; x_wconf 87' lang='grc' dir='ltr'><strong>τοῦ</strong></span> <span class='ocrx_word' id='word_1_360' title='bbox 2850 2078 3059 2149; x_wconf 81' lang='grc' dir='ltr'><strong>Πατρὸς</strong></span> <span class='ocrx_word' id='word_1_361' title='bbox 3080 2079 3189 2131; x_wconf 86' lang='grc' dir='ltr'><strong>τῶν</strong></span> <span class='ocrx_word' id='word_1_362' title='bbox 3210 2079 3424 2147; x_wconf 80' lang='grc' dir='ltr'><strong>φώτων,</strong></span> <span class='ocrx_word' id='word_1_363' title='bbox 3453 2079 3582 2150; x_wconf 80' lang='grc' dir='ltr'><strong>παρ’</strong></span> <span class='ocrx_word' id='word_1_364' title='bbox 3604 2073 3649 2148; x_wconf 83' lang='grc' dir='ltr'><strong>ᾧ</strong></span> 
     </span>
    </p>
   </div>
   <div class='ocr_carea' id='block_1_50' title="bbox 2090 2165 3639 2240">
    <p class='ocr_par' dir='ltr' id='par_1_50' title="bbox 2090 2165 3639 2240">
     <span class='ocr_line' id='line_1_50' title="bbox 2090 2165 3639 2240; baseline 0.003 -23"><span class='ocrx_word' id='word_1_365' title='bbox 2090 2183 2110 2217; x_wconf 79' lang='grc' dir='ltr'><strong>ι</strong></span> <span class='ocrx_word' id='word_1_366' title='bbox 2142 2165 2241 2217; x_wconf 88' lang='grc' dir='ltr'><strong>οῦκ</strong></span> <span class='ocrx_word' id='word_1_367' title='bbox 2264 2165 2379 2217; x_wconf 79' lang='grc' dir='ltr'><strong>ἐστι</strong></span> <span class='ocrx_word' id='word_1_368' title='bbox 2413 2167 2738 2237; x_wconf 78' lang='grc' dir='ltr'><strong>παραλλαγὴ</strong></span> <span class='ocrx_word' id='word_1_369' title='bbox 2771 2168 2803 2239; x_wconf 85' lang='grc' dir='ltr'>ἢ</span> <span class='ocrx_word' id='word_1_370' title='bbox 2833 2170 3038 2240; x_wconf 78' lang='grc' dir='ltr'><strong>τροπῆς</strong></span> <span class='ocrx_word' id='word_1_371' title='bbox 3079 2171 3457 2240; x_wconf 80' lang='grc' dir='ltr'><strong>ἀποσκίασμα,</strong></span> <span class='ocrx_word' id='word_1_372' title='bbox 3483 2171 3639 2225; x_wconf 79' lang='grc' dir='ltr'><strong>πόθεν</strong></span> 
     </span>
    </p>
   </div>
   <div class='ocr_carea' id='block_1_51' title="bbox 2090 2257 3642 2331">
    <p class='ocr_par' dir='ltr' id='par_1_51' title="bbox 2090 2257 3642 2331">
     <span class='ocr_line' id='line_1_51' title="bbox 2090 2257 3642 2331; baseline 0.003 -22"><span class='ocrx_word' id='word_1_373' title='bbox 2090 2274 2110 2308; x_wconf 76' lang='grc' dir='ltr'><strong>ι</strong></span> <span class='ocrx_word' id='word_1_374' title='bbox 2153 2257 2219 2310; x_wconf 85' lang='grc' dir='ltr'><strong>ἂν</strong></span> <span class='ocrx_word' id='word_1_375' title='bbox 2251 2257 2437 2328; x_wconf 78' lang='grc' dir='ltr'><strong>ᾠήθης</strong></span> <span class='ocrx_word' id='word_1_376' title='bbox 2469 2258 2629 2322; x_wconf 75' lang='grc' dir='ltr'><strong>αὐτὸς</strong></span> <span class='ocrx_word' id='word_1_377' title='bbox 2654 2260 2752 2329; x_wconf 84' lang='grc' dir='ltr'><strong>τὴν</strong></span> <span class='ocrx_word' id='word_1_378' title='bbox 2799 2260 2907 2312; x_wconf 84' lang='grc' dir='ltr'><strong>τῶν</strong></span> <span class='ocrx_word' id='word_1_379' title='bbox 2937 2259 3095 2314; x_wconf 80' lang='grc' dir='ltr'><strong>θείων</strong></span> <span class='ocrx_word' id='word_1_380' title='bbox 3137 2262 3269 2330; x_wconf 76' lang='grc' dir='ltr'><strong>ἡμῖν</strong></span> <span class='ocrx_word' id='word_1_381' title='bbox 3301 2262 3642 2331; x_wconf 72' lang='grc' dir='ltr'><strong>χαρισμάτων</strong></span> 
     </span>
    </p>
   </div>
   <div class='ocr_carea' id='block_1_52' title="bbox 2090 2349 3644 2421">
    <p class='ocr_par' dir='ltr' id='par_1_52' title="bbox 2090 2349 3644 2421">
     <span class='ocr_line' id='line_1_52' title="bbox 2090 2349 3644 2421; baseline 0.003 -21"><span class='ocrx_word' id='word_1_382' title='bbox 2090 2368 2108 2400; x_wconf 79' lang='grc' dir='ltr'><strong>ι</strong></span> <span class='ocrx_word' id='word_1_383' title='bbox 2157 2349 2492 2420; x_wconf 84' lang='grc' dir='ltr'><strong>πράττεσθαι</strong></span> <span class='ocrx_word' id='word_1_384' title='bbox 2520 2350 2821 2421; x_wconf 73' lang='grc' dir='ltr'><strong>διανομήνς</strong></span> <span class='ocrx_word' id='word_1_385' title='bbox 2871 2352 3161 2420; x_wconf 79' lang='grc' dir='ltr'><strong>Ἑρμείας.</strong></span> <span class='ocrx_word' id='word_1_386' title='bbox 3207 2353 3301 2405; x_wconf 84' lang='grc' dir='ltr'><strong>Ἐκ</strong></span> <span class='ocrx_word' id='word_1_387' title='bbox 3347 2352 3480 2406; x_wconf 89' lang='grc' dir='ltr'><strong>Θεοῦ</strong></span> <span class='ocrx_word' id='word_1_388' title='bbox 3531 2354 3644 2405; x_wconf 84' lang='grc' dir='ltr'><strong>Πα-</strong></span> 
     </span>
    </p>
   </div>
   <div class='ocr_carea' id='block_1_53' title="bbox 2092 2439 3643 2510">
    <p class='ocr_par' dir='ltr' id='par_1_53' title="bbox 2092 2439 3643 2510">
     <span class='ocr_line' id='line_1_53' title="bbox 2092 2439 3643 2510; baseline 0.002 -21"><span class='ocrx_word' id='word_1_389' title='bbox 2092 2456 2110 2489; x_wconf 83' lang='lat' dir='ltr'><strong>s</strong></span> <span class='ocrx_word' id='word_1_390' title='bbox 2162 2439 2563 2510; x_wconf 70' lang='grc' dir='ltr'><strong>τρδςιδηλονότι.</strong></span> <span class='ocrx_word' id='word_1_391' title='bbox 2588 2441 2904 2508; x_wconf 68' lang='grc' dir='ltr'><strong>Κύριλλος.</strong></span> <span class='ocrx_word' id='word_1_392' title='bbox 2930 2443 3038 2493; x_wconf 78' lang='grc' dir='ltr'><strong>Καὶ</strong></span> <span class='ocrx_word' id='word_1_393' title='bbox 3063 2441 3170 2510; x_wconf 80' lang='grc' dir='ltr'><strong>μὴν</strong></span> <span class='ocrx_word' id='word_1_394' title='bbox 3190 2444 3301 2503; x_wconf 80' lang='grc' dir='ltr'><strong>τοῖς</strong></span> <span class='ocrx_word' id='word_1_395' title='bbox 3325 2441 3498 2508; x_wconf 79' lang='grc' dir='ltr'><strong>ἁγίοις</strong></span> <span class='ocrx_word' id='word_1_396' title='bbox 3516 2440 3643 2494; x_wconf 68' lang='lat' dir='ltr'><strong>duo-</strong></span> 
     </span>
    </p>
   </div>
   <div class='ocr_carea' id='block_1_54' title="bbox 2089 2531 3641 2602">
    <p class='ocr_par' dir='ltr' id='par_1_54' title="bbox 2089 2531 3641 2602">
     <span class='ocr_line' id='line_1_54' title="bbox 2089 2531 3641 2602; baseline -0.001 -19"><span class='ocrx_word' id='word_1_397' title='bbox 2089 2550 2108 2582; x_wconf 82' lang='lat' dir='ltr'><strong>s</strong></span> <span class='ocrx_word' id='word_1_398' title='bbox 2162 2533 2370 2593; x_wconf 87' lang='grc' dir='ltr'><strong>στόλοις</strong></span> <span class='ocrx_word' id='word_1_399' title='bbox 2397 2532 2485 2585; x_wconf 84' lang='grc' dir='ltr'><strong>ἐπ’</strong></span> <span class='ocrx_word' id='word_1_400' title='bbox 2509 2531 2759 2596; x_wconf 78' lang='grc' dir='ltr'><strong>ἐξουσίας</strong></span> <span class='ocrx_word' id='word_1_401' title='bbox 2790 2532 2959 2585; x_wconf 75' lang='grc' dir='ltr'><strong>ἐδίδου</strong></span> <span class='ocrx_word' id='word_1_402' title='bbox 3009 2535 3105 2602; x_wconf 77' lang='grc' dir='ltr'><strong>τὴν</strong></span> <span class='ocrx_word' id='word_1_403' title='bbox 3144 2532 3288 2585; x_wconf 78' lang='grc' dir='ltr'><strong>κατὰ</strong></span> <span class='ocrx_word' id='word_1_404' title='bbox 3330 2531 3641 2601; x_wconf 79' lang='grc' dir='ltr'><strong>πνευμάτων</strong></span> 
     </span>
    </p>
   </div>
   <div class='ocr_carea' id='block_1_55' title="bbox 2091 2622 3641 2694">
    <p class='ocr_par' dir='ltr' id='par_1_55' title="bbox 2091 2622 3641 2694">
     <span class='ocr_line' id='line_1_55' title="bbox 2091 2622 3641 2694; baseline -0.001 -20"><span class='ocrx_word' id='word_1_405' title='bbox 2091 2642 2110 2674; x_wconf 77' lang='grc' dir='ltr'><strong>ι</strong></span> <span class='ocrx_word' id='word_1_406' title='bbox 2153 2623 2477 2694; x_wconf 80' lang='grc' dir='ltr'><strong>ἀκαθάρτων</strong></span> <span class='ocrx_word' id='word_1_407' title='bbox 2507 2623 2820 2677; x_wconf 80' lang='grc' dir='ltr'><strong>εὐσθένειαν</strong></span> <span class='ocrx_word' id='word_1_408' title='bbox 2852 2627 2879 2676; x_wconf 86' lang='grc' dir='ltr'>ὁ</span> <span class='ocrx_word' id='word_1_409' title='bbox 2911 2624 3171 2693; x_wconf 81' lang='grc' dir='ltr'><strong>Χριστὸς,</strong></span> <span class='ocrx_word' id='word_1_410' title='bbox 3198 2622 3340 2676; x_wconf 84' lang='grc' dir='ltr'><strong>ὥστε</strong></span> <span class='ocrx_word' id='word_1_411' title='bbox 3369 2622 3641 2676; x_wconf 79' lang='grc' dir='ltr'><strong>ἐκϐάλλειν</strong></span> 
     </span>
    </p>
   </div>
   <div class='ocr_carea' id='block_1_56' title="bbox 2090 2715 3640 2784">
    <p class='ocr_par' dir='ltr' id='par_1_56' title="bbox 2090 2715 3640 2784">
     <span class='ocr_line' id='line_1_56' title="bbox 2090 2715 3640 2784; baseline -0.002 -16"><span class='ocrx_word' id='word_1_412' title='bbox 2090 2734 2109 2768; x_wconf 81' lang='grc' dir='ltr'><strong>ι</strong></span> <span class='ocrx_word' id='word_1_413' title='bbox 2155 2716 2295 2770; x_wconf 76' lang='grc' dir='ltr'><strong>αὐτὰ</strong></span> <span class='ocrx_word' id='word_1_414' title='bbox 2318 2716 2413 2769; x_wconf 77' lang='grc' dir='ltr'><strong>καὶ</strong></span> <span class='ocrx_word' id='word_1_415' title='bbox 2441 2715 2767 2784; x_wconf 83' lang='grc' dir='ltr'><strong>θεραπεύειν</strong></span> <span class='ocrx_word' id='word_1_416' title='bbox 2798 2716 2983 2768; x_wconf 78' lang='grc' dir='ltr'><strong>πᾶσαν</strong></span> <span class='ocrx_word' id='word_1_417' title='bbox 3016 2715 3191 2777; x_wconf 88' lang='grc' dir='ltr'><strong>νόσον,</strong></span> <span class='ocrx_word' id='word_1_418' title='bbox 3217 2715 3315 2767; x_wconf 76' lang='grc' dir='ltr'><strong>καὶ</strong></span> <span class='ocrx_word' id='word_1_419' title='bbox 3341 2715 3517 2767; x_wconf 81' lang='grc' dir='ltr'><strong>πᾶσαν</strong></span> <span class='ocrx_word' id='word_1_420' title='bbox 3543 2730 3640 2782; x_wconf 79' lang='grc' dir='ltr'><strong>μα·</strong></span> 
     </span>
    </p>
   </div>
   <div class='ocr_carea' id='block_1_57' title="bbox 2088 2802 3636 2881">
    <p class='ocr_par' dir='ltr' id='par_1_57' title="bbox 2088 2802 3636 2881">
     <span class='ocr_line' id='line_1_57' title="bbox 2088 2802 3636 2881; baseline -0.004 -21"><span class='ocrx_word' id='word_1_421' title='bbox 2088 2825 2110 2860; x_wconf 77' lang='lat' dir='ltr'><strong>s</strong></span> <span class='ocrx_word' id='word_1_422' title='bbox 2151 2807 2343 2881; x_wconf 69' lang='grc' dir='ltr'><strong>λακίαν</strong></span> <span class='ocrx_word' id='word_1_423' title='bbox 2373 2809 2432 2860; x_wconf 79' lang='grc' dir='ltr'><strong>ἐν</strong></span> <span class='ocrx_word' id='word_1_424' title='bbox 2459 2808 2537 2876; x_wconf 86' lang='grc' dir='ltr'><strong>τῷ</strong></span> <span class='ocrx_word' id='word_1_425' title='bbox 2569 2807 2703 2877; x_wconf 84' lang='grc' dir='ltr'><strong>λαῷ,</strong></span> <span class='ocrx_word' id='word_1_426' title='bbox 2737 2809 2830 2861; x_wconf 73' lang='grc' dir='ltr'><strong>καὶ</strong></span> <span class='ocrx_word' id='word_1_427' title='bbox 2860 2808 2922 2859; x_wconf 84' lang='grc' dir='ltr'><strong>τὸ</strong></span> <span class='ocrx_word' id='word_1_428' title='bbox 2944 2807 3026 2860; x_wconf 77' lang='grc' dir='ltr'><strong>ἐτι</strong></span> <span class='ocrx_word' id='word_1_429' title='bbox 3058 2809 3262 2859; x_wconf 61' lang='grc' dir='ltr'><strong>τοὲτων</strong></span> <span class='ocrx_word' id='word_1_430' title='bbox 3291 2802 3636 2875; x_wconf 83' lang='grc' dir='ltr'><strong>ὑπερτεροῦν,</strong></span> 
     </span>
    </p>
   </div>
   <div class='ocr_carea' id='block_1_58' title="bbox 2087 2897 3636 2969">
    <p class='ocr_par' dir='ltr' id='par_1_58' title="bbox 2087 2897 3636 2969">
     <span class='ocr_line' id='line_1_58' title="bbox 2087 2897 3636 2969; baseline -0.003 -17"><span class='ocrx_word' id='word_1_431' title='bbox 2087 2917 2109 2952; x_wconf 77' lang='lat' dir='ltr'><strong>s</strong></span> <span class='ocrx_word' id='word_1_432' title='bbox 2154 2903 2247 2955; x_wconf 77' lang='grc' dir='ltr'><strong>καὶ</strong></span> <span class='ocrx_word' id='word_1_433' title='bbox 2269 2899 2713 2969; x_wconf 68' lang='grc' dir='ltr'><strong>αὑτοῦιδύνασθαι</strong></span> <span class='ocrx_word' id='word_1_434' title='bbox 2734 2900 3024 2953; x_wconf 85' lang='grc' dir='ltr'><strong>καταθλεῑν</strong></span> <span class='ocrx_word' id='word_1_435' title='bbox 3046 2898 3278 2952; x_wconf 69' lang='grc' dir='ltr'><strong>θανάτοιο</strong></span> <span class='ocrx_word' id='word_1_436' title='bbox 3299 2897 3636 2957; x_wconf 73' lang='grc' dir='ltr'><strong>διεκελεύετο,</strong></span> 
     </span>
    </p>
   </div>
   <div class='ocr_carea' id='block_1_59' title="bbox 2089 2990 3639 3064">
    <p class='ocr_par' dir='ltr' id='par_1_59' title="bbox 2089 2990 3639 3064">
     <span class='ocr_line' id='line_1_59' title="bbox 2089 2990 3639 3064; baseline -0.004 -19"><span class='ocrx_word' id='word_1_437' title='bbox 2089 3010 2109 3045; x_wconf 79' lang='grc' dir='ltr'><strong>ι</strong></span> <span class='ocrx_word' id='word_1_438' title='bbox 2157 2993 2595 3064; x_wconf 83' lang='grc' dir='ltr'><strong>θεοπρεπέστατα</strong></span> <span class='ocrx_word' id='word_1_439' title='bbox 2618 2993 2814 3060; x_wconf 83' lang='grc' dir='ltr'><strong>λέγων,</strong></span> <span class='ocrx_word' id='word_1_440' title='bbox 2842 3014 2860 3043; x_wconf 76' lang='grc' dir='ltr'><strong>ι</strong></span> <span class='ocrx_word' id='word_1_441' title='bbox 2885 2991 3273 3054; x_wconf 81' lang='grc' dir='ltr'><strong>Ἀσθενοῦντας</strong></span> <span class='ocrx_word' id='word_1_442' title='bbox 3304 2990 3639 3061; x_wconf 73' lang='grc' dir='ltr'><strong>θεραπεύετε,</strong></span> 
     </span>
    </p>
   </div>
   <div class='ocr_carea' id='block_1_60' title="bbox 2089 3082 3642 3154">
    <p class='ocr_par' dir='ltr' id='par_1_60' title="bbox 2089 3082 3642 3154">
     <span class='ocr_line' id='line_1_60' title="bbox 2089 3082 3642 3154; baseline -0.005 -15"><span class='ocrx_word' id='word_1_443' title='bbox 2089 3103 2107 3138; x_wconf 79' lang='grc' dir='ltr'><strong>ι</strong></span> <span class='ocrx_word' id='word_1_444' title='bbox 2154 3086 2249 3139; x_wconf 73' lang='grc' dir='ltr'><strong>καὶ</strong></span> <span class='ocrx_word' id='word_1_445' title='bbox 2278 3084 2505 3153; x_wconf 77' lang='grc' dir='ltr'><strong>νεκροὺς</strong></span> <span class='ocrx_word' id='word_1_446' title='bbox 2536 3084 2798 3154; x_wconf 87' lang='grc' dir='ltr'><strong>ἐγείρετε,</strong></span> <span class='ocrx_word' id='word_1_447' title='bbox 2834 3083 3068 3154; x_wconf 79' lang='grc' dir='ltr'><strong>λεπροὺς</strong></span> <span class='ocrx_word' id='word_1_448' title='bbox 3100 3082 3448 3152; x_wconf 75' lang='grc' dir='ltr'><strong>καθαρίζετε,</strong></span> <span class='ocrx_word' id='word_1_449' title='bbox 3469 3082 3642 3149; x_wconf 76' lang='grc' dir='ltr'><strong>δαιμόο</strong></span> 
     </span>
    </p>
   </div>
   <div class='ocr_carea' id='block_1_61' title="bbox 422 3171 1983 3270">
    <p class='ocr_par' dir='ltr' id='par_1_61' title="bbox 422 3172 1981 3245">
     <span class='ocr_line' id='line_1_61' title="bbox 422 3172 1981 3245; baseline -0.003 -13"><span class='ocrx_word' id='word_1_450' title='bbox 422 3199 438 3225; x_wconf 81' lang='grc' dir='ltr'><strong>ι</strong></span> <span class='ocrx_word' id='word_1_451' title='bbox 476 3176 761 3233; x_wconf 78' lang='lat' dir='ltr'><strong>confessus</strong></span> <span class='ocrx_word' id='word_1_452' title='bbox 793 3185 876 3230; x_wconf 92' lang='lat' dir='ltr'><strong>est</strong></span> <span class='ocrx_word' id='word_1_453' title='bbox 904 3184 1083 3230; x_wconf 90' lang='lat' dir='ltr'><strong>autem</strong></span> <span class='ocrx_word' id='word_1_454' title='bbox 1114 3190 1372 3245; x_wconf 86' lang='lat' dir='ltr'><strong>perquam</strong></span> <span class='ocrx_word' id='word_1_455' title='bbox 1409 3174 1696 3230; x_wconf 77' lang='lat' dir='ltr'><strong>manifeste</strong></span> <span class='ocrx_word' id='word_1_456' title='bbox 1742 3172 1981 3229; x_wconf 86' lang='lat' dir='ltr'><strong>Joannes</strong></span> 
     </span>
    </p>
   </div>
   <div class='ocr_carea' id='block_1_62' title="bbox 2091 3171 3639 3270">
    <p class='ocr_par' dir='ltr' id='par_1_62' title="bbox 2091 3171 3639 3245">
     <span class='ocr_line' id='line_1_62' title="bbox 2091 3171 3639 3245; baseline -0.001 -17"><span class='ocrx_word' id='word_1_457' title='bbox 2091 3194 2108 3228; x_wconf 83' lang='grc' dir='ltr'><strong>ι</strong></span> <span class='ocrx_word' id='word_1_458' title='bbox 2155 3193 2243 3230; x_wconf 93' lang='grc' dir='ltr'><strong>νια</strong></span> <span class='ocrx_word' id='word_1_459' title='bbox 2267 3175 2580 3240; x_wconf 76' lang='grc' dir='ltr'><strong>ἐκϐάλλετε,</strong></span> <span class='ocrx_word' id='word_1_460' title='bbox 2619 3193 2639 3226; x_wconf 72' lang='grc' dir='ltr'><strong>ι</strong></span> <span class='ocrx_word' id='word_1_461' title='bbox 2668 3175 3043 3245; x_wconf 77' lang='grc' dir='ltr'><strong>διωμολόγηκέ</strong></span> <span class='ocrx_word' id='word_1_462' title='bbox 3078 3190 3139 3227; x_wconf 89' lang='grc' dir='ltr'><strong>τε</strong></span> <span class='ocrx_word' id='word_1_463' title='bbox 3172 3175 3264 3227; x_wconf 80' lang='grc' dir='ltr'><strong>καὶ</strong></span> <span class='ocrx_word' id='word_1_464' title='bbox 3296 3173 3443 3244; x_wconf 87' lang='grc' dir='ltr'><strong>μάλα</strong></span> <span class='ocrx_word' id='word_1_465' title='bbox 3469 3171 3639 3241; x_wconf 78' lang='grc' dir='ltr'><strong>σαφῶς</strong></span> 
     </span>
    </p>
   </div>
   <div class='ocr_carea' id='block_1_63' title="bbox 422 3266 1981 3338">
    <p class='ocr_par' dir='ltr' id='par_1_63' title="bbox 422 3266 1981 3338">
     <span class='ocr_line' id='line_1_63' title="bbox 422 3266 1981 3338; baseline 0.002 -19"><span class='ocrx_word' id='word_1_466' title='bbox 422 3290 436 3319; x_wconf 78' lang='grc' dir='ltr'><strong>ι</strong></span> <span class='ocrx_word' id='word_1_467' title='bbox 471 3272 655 3324; x_wconf 81' lang='lat' dir='ltr'><strong>dicens</strong></span> <span class='ocrx_word' id='word_1_468' title='bbox 697 3286 712 3323; x_wconf 93' lang='lat'><strong>:</strong></span> <span class='ocrx_word' id='word_1_469' title='bbox 763 3285 782 3319; x_wconf 78' lang='grc' dir='ltr'><strong>ι</strong></span> <span class='ocrx_word' id='word_1_470' title='bbox 818 3267 894 3324; x_wconf 87' lang='lat' dir='ltr'><strong>De</strong></span> <span class='ocrx_word' id='word_1_471' title='bbox 931 3267 1266 3338; x_wconf 89' lang='lat' dir='ltr'><strong>plenitudine</strong></span> <span class='ocrx_word' id='word_1_472' title='bbox 1310 3266 1431 3337; x_wconf 84' lang='lat' dir='ltr'><strong>ejus</strong></span> <span class='ocrx_word' id='word_1_473' title='bbox 1475 3282 1576 3321; x_wconf 88' lang='lat' dir='ltr'><strong>uos</strong></span> <span class='ocrx_word' id='word_1_474' title='bbox 1602 3282 1792 3321; x_wconf 89' lang='lat' dir='ltr'><strong>omnes</strong></span> <span class='ocrx_word' id='word_1_475' title='bbox 1824 3283 1981 3322; x_wconf 81' lang='lat' dir='ltr'><strong>accc-</strong></span> 
     </span>
    </p>
   </div>
   <div class='ocr_carea' id='block_1_64' title="bbox 424 3358 1981 3433">
    <p class='ocr_par' dir='ltr' id='par_1_64' title="bbox 424 3358 1981 3433">
     <span class='ocr_line' id='line_1_64' title="bbox 424 3358 1981 3433; baseline 0 -20"><span class='ocrx_word' id='word_1_476' title='bbox 424 3384 440 3413; x_wconf 77' lang='grc' dir='ltr'><strong>ι</strong></span> <span class='ocrx_word' id='word_1_477' title='bbox 482 3362 661 3433; x_wconf 85' lang='lat' dir='ltr'><strong>pimus</strong></span> <span class='ocrx_word' id='word_1_478' title='bbox 692 3360 762 3416; x_wconf 78' lang='lat'><strong>&quot;.</strong></span> <span class='ocrx_word' id='word_1_479' title='bbox 834 3380 851 3413; x_wconf 77' lang='grc' dir='ltr'><strong>ι</strong></span> <span class='ocrx_word' id='word_1_480' title='bbox 915 3358 1123 3414; x_wconf 89' lang='lat' dir='ltr'><strong>Donum</strong></span> <span class='ocrx_word' id='word_1_481' title='bbox 1183 3370 1364 3415; x_wconf 87' lang='lat' dir='ltr'><strong>autem</strong></span> <span class='ocrx_word' id='word_1_482' title='bbox 1421 3362 1648 3423; x_wconf 86' lang='lat' dir='ltr'><strong>bonum,</strong></span> <span class='ocrx_word' id='word_1_483' title='bbox 1684 3370 1741 3412; x_wconf 88' lang='lat' dir='ltr'><strong>ct</strong></span> <span class='ocrx_word' id='word_1_484' title='bbox 1782 3374 1981 3413; x_wconf 86' lang='lat' dir='ltr'><strong>munus</strong></span> 
     </span>
    </p>
   </div>
   <div class='ocr_carea' id='block_1_65' title="bbox 423 3449 1983 3524">
    <p class='ocr_par' dir='ltr' id='par_1_65' title="bbox 423 3449 1983 3524">
     <span class='ocr_line' id='line_1_65' title="bbox 423 3449 1983 3524; baseline -0.003 -19"><span class='ocrx_word' id='word_1_485' title='bbox 423 3475 440 3505; x_wconf 75' lang='grc' dir='ltr'><strong>ι</strong></span> <span class='ocrx_word' id='word_1_486' title='bbox 480 3453 777 3524; x_wconf 79' lang='lat' dir='ltr'><strong>perfectum</strong></span> <span class='ocrx_word' id='word_1_487' title='bbox 819 3452 995 3506; x_wconf 88' lang='lat' dir='ltr'><strong>eritne</strong></span> <span class='ocrx_word' id='word_1_488' title='bbox 1037 3451 1183 3506; x_wconf 87' lang='lat' dir='ltr'><strong>aliud</strong></span> <span class='ocrx_word' id='word_1_489' title='bbox 1226 3450 1529 3520; x_wconf 89' lang='lat' dir='ltr'><strong>quidpiam,</strong></span> <span class='ocrx_word' id='word_1_490' title='bbox 1566 3450 1715 3520; x_wconf 84' lang='lat' dir='ltr'><strong>quod</strong></span> <span class='ocrx_word' id='word_1_491' title='bbox 1770 3451 1868 3503; x_wconf 89' lang='lat' dir='ltr'><strong>tibi</strong></span> <span class='ocrx_word' id='word_1_492' title='bbox 1905 3449 1983 3501; x_wconf 82' lang='lat' dir='ltr'><strong>vi-</strong></span> 
     </span>
    </p>
   </div>
   <div class='ocr_carea' id='block_1_66' title="bbox 423 3541 1983 3614">
    <p class='ocr_par' dir='ltr' id='par_1_66' title="bbox 423 3541 1983 3614">
     <span class='ocr_line' id='line_1_66' title="bbox 423 3541 1983 3614; baseline -0.003 -17"><span class='ocrx_word' id='word_1_493' title='bbox 423 3566 441 3597; x_wconf 80' lang='lat' dir='ltr'><strong>s</strong></span> <span class='ocrx_word' id='word_1_494' title='bbox 483 3546 662 3609; x_wconf 86' lang='lat' dir='ltr'><strong>detur,</strong></span> <span class='ocrx_word' id='word_1_495' title='bbox 717 3560 879 3614; x_wconf 88' lang='lat' dir='ltr'><strong>quam</strong></span> <span class='ocrx_word' id='word_1_496' title='bbox 936 3542 1257 3613; x_wconf 88' lang='lat' dir='ltr'><strong>participem</strong></span> <span class='ocrx_word' id='word_1_497' title='bbox 1305 3545 1422 3597; x_wconf 80' lang='lat' dir='ltr'><strong>ﬁeri</strong></span> <span class='ocrx_word' id='word_1_498' title='bbox 1484 3543 1726 3609; x_wconf 83' lang='lat' dir='ltr'><strong>Spiritus</strong></span> <span class='ocrx_word' id='word_1_499' title='bbox 1768 3541 1983 3596; x_wconf 80' lang='lat' dir='ltr'><strong>sancti?</strong></span> 
     </span>
    </p>
   </div>
   <div class='ocr_carea' id='block_1_67' title="bbox 421 3633 1979 3704">
    <p class='ocr_par' dir='ltr' id='par_1_67' title="bbox 421 3633 1979 3704">
     <span class='ocr_line' id='line_1_67' title="bbox 421 3633 1979 3704; baseline -0.001 -15"><span class='ocrx_word' id='word_1_500' title='bbox 421 3656 441 3689; x_wconf 79' lang='grc' dir='ltr'><strong>ι</strong></span> <span class='ocrx_word' id='word_1_501' title='bbox 485 3635 672 3693; x_wconf 78' lang='lat' dir='ltr'><strong>Herm.</strong></span> <span class='ocrx_word' id='word_1_502' title='bbox 697 3636 852 3691; x_wconf 83' lang='lat' dir='ltr'><strong>Nullo</strong></span> <span class='ocrx_word' id='word_1_503' title='bbox 880 3636 1063 3690; x_wconf 91' lang='lat' dir='ltr'><strong>modo.</strong></span> <span class='ocrx_word' id='word_1_504' title='bbox 1085 3633 1258 3704; x_wconf 79' lang='lat' dir='ltr'><strong>Cyrii.</strong></span> <span class='ocrx_word' id='word_1_505' title='bbox 1286 3633 1521 3690; x_wconf 84' lang='lat' dir='ltr'><strong>Proinde</strong></span> <span class='ocrx_word' id='word_1_506' title='bbox 1550 3636 1690 3699; x_wconf 80' lang='lat' dir='ltr'><strong>ride,</strong></span> <span class='ocrx_word' id='word_1_507' title='bbox 1728 3636 1979 3695; x_wconf 77' lang='lat' dir='ltr'><strong>obsecro,</strong></span> 
     </span>
    </p>
   </div>
   <div class='ocr_carea' id='block_1_68' title="bbox 421 3725 1983 3805">
    <p class='ocr_par' dir='ltr' id='par_1_68' title="bbox 421 3725 1983 3805">
     <span class='ocr_line' id='line_1_68' title="bbox 421 3725 1983 3805; baseline 0.002 -25"><span class='ocrx_word' id='word_1_508' title='bbox 421 3748 439 3780; x_wconf 78' lang='grc' dir='ltr'><strong>ι</strong></span> <span class='ocrx_word' id='word_1_509' title='bbox 481 3729 675 3792; x_wconf 83' lang='lat' dir='ltr'><strong>amico,</strong></span> <span class='ocrx_word' id='word_1_510' title='bbox 696 3730 861 3783; x_wconf 89' lang='lat' dir='ltr'><strong>etiam</strong></span> <span class='ocrx_word' id='word_1_511' title='bbox 893 3742 961 3781; x_wconf 79' lang='lat' dir='ltr'><strong>ex</strong></span> <span class='ocrx_word' id='word_1_512' title='bbox 998 3728 1085 3805; x_wconf 76' lang='lat' dir='ltr'><strong>his</strong></span> <span class='ocrx_word' id='word_1_513' title='bbox 1116 3725 1313 3780; x_wconf 83' lang='lat' dir='ltr'><strong>Filium</strong></span> <span class='ocrx_word' id='word_1_514' title='bbox 1347 3728 1631 3796; x_wconf 89' lang='lat' dir='ltr'><strong>proprium</strong></span> <span class='ocrx_word' id='word_1_515' title='bbox 1656 3742 1816 3782; x_wconf 91' lang='lat' dir='ltr'><strong>suum</strong></span> <span class='ocrx_word' id='word_1_516' title='bbox 1848 3727 1983 3785; x_wconf 84' lang='lat' dir='ltr'><strong>insi-</strong></span> 
     </span>
    </p>
   </div>
   <div class='ocr_carea' id='block_1_69' title="bbox 424 3816 1986 3886">
    <p class='ocr_par' dir='ltr' id='par_1_69' title="bbox 424 3816 1986 3886">
     <span class='ocr_line' id='line_1_69' title="bbox 424 3816 1986 3886; baseline 0.004 -17"><span class='ocrx_word' id='word_1_517' title='bbox 424 3837 442 3868; x_wconf 80' lang='grc' dir='ltr'><strong>ι</strong></span> <span class='ocrx_word' id='word_1_518' title='bbox 488 3830 623 3883; x_wconf 88' lang='lat' dir='ltr'><strong>tum,</strong></span> <span class='ocrx_word' id='word_1_519' title='bbox 655 3819 727 3872; x_wconf 92' lang='lat' dir='ltr'><strong>ita</strong></span> <span class='ocrx_word' id='word_1_520' title='bbox 758 3829 817 3873; x_wconf 92' lang='lat' dir='ltr'><strong>ut</strong></span> <span class='ocrx_word' id='word_1_521' title='bbox 840 3833 943 3871; x_wconf 88' lang='lat' dir='ltr'><strong>non</strong></span> <span class='ocrx_word' id='word_1_522' title='bbox 980 3816 1291 3886; x_wconf 82' lang='lat' dir='ltr'><strong>adjiciatur,</strong></span> <span class='ocrx_word' id='word_1_523' title='bbox 1321 3816 1584 3886; x_wconf 86' lang='lat' dir='ltr'><strong>Spiritum</strong></span> <span class='ocrx_word' id='word_1_524' title='bbox 1621 3830 1897 3884; x_wconf 83' lang='lat' dir='ltr'><strong>sanetum,</strong></span> <span class='ocrx_word' id='word_1_525' title='bbox 1931 3828 1986 3875; x_wconf 86' lang='lat' dir='ltr'><strong>et</strong></span> 
     </span>
    </p>
   </div>
   <div class='ocr_carea' id='block_1_70' title="bbox 422 3906 1988 3977">
    <p class='ocr_par' dir='ltr' id='par_1_70' title="bbox 422 3906 1988 3977">
     <span class='ocr_line' id='line_1_70' title="bbox 422 3906 1988 3977; baseline 0.004 -21"><span class='ocrx_word' id='word_1_526' title='bbox 422 3926 440 3956; x_wconf 74' lang='grc' dir='ltr'><strong>ι</strong></span> <span class='ocrx_word' id='word_1_527' title='bbox 482 3922 580 3976; x_wconf 86' lang='lat' dir='ltr'><strong>per</strong></span> <span class='ocrx_word' id='word_1_528' title='bbox 635 3922 796 3977; x_wconf 84' lang='lat' dir='ltr'><strong>quem</strong></span> <span class='ocrx_word' id='word_1_529' title='bbox 832 3923 993 3961; x_wconf 87' lang='lat' dir='ltr'><strong>omne</strong></span> <span class='ocrx_word' id='word_1_530' title='bbox 1039 3908 1241 3960; x_wconf 90' lang='lat' dir='ltr'><strong>donum</strong></span> <span class='ocrx_word' id='word_1_531' title='bbox 1288 3907 1492 3960; x_wconf 88' lang='lat' dir='ltr'><strong>bonum</strong></span> <span class='ocrx_word' id='word_1_532' title='bbox 1529 3916 1632 3961; x_wconf 86' lang='lat' dir='ltr'><strong>est.</strong></span> <span class='ocrx_word' id='word_1_533' title='bbox 1671 3906 1808 3960; x_wconf 71' lang='lat' dir='ltr'><strong>Nam</strong></span> <span class='ocrx_word' id='word_1_534' title='bbox 1840 3920 1988 3976; x_wconf 87' lang='lat' dir='ltr'><strong>post-</strong></span> 
     </span>
    </p>
   </div>
   <div class='ocr_carea' id='block_1_71' title="bbox 426 3998 1985 4069">
    <p class='ocr_par' dir='ltr' id='par_1_71' title="bbox 426 3998 1985 4069">
     <span class='ocr_line' id='line_1_71' title="bbox 426 3998 1985 4069; baseline 0.004 -20"><span class='ocrx_word' id='word_1_535' title='bbox 426 4018 444 4049; x_wconf 86' lang='lat' dir='ltr'><strong>s</strong></span> <span class='ocrx_word' id='word_1_536' title='bbox 479 4015 645 4068; x_wconf 88' lang='lat' dir='ltr'><strong>quam</strong></span> <span class='ocrx_word' id='word_1_537' title='bbox 676 4000 973 4053; x_wconf 79' lang='lat' dir='ltr'><strong>resurrexit</strong></span> <span class='ocrx_word' id='word_1_538' title='bbox 1000 3998 1281 4060; x_wconf 87' lang='lat' dir='ltr'><strong>destructa</strong></span> <span class='ocrx_word' id='word_1_539' title='bbox 1310 4000 1685 4069; x_wconf 88' lang='lat' dir='ltr'><strong>corruptione,</strong></span> <span class='ocrx_word' id='word_1_540' title='bbox 1726 3998 1985 4056; x_wconf 79' lang='lat' dir='ltr'><strong>vinculis-</strong></span> 
     </span>
    </p>
   </div>
   <div class='ocr_carea' id='block_1_72' title="bbox 426 4090 1987 4160">
    <p class='ocr_par' dir='ltr' id='par_1_72' title="bbox 426 4090 1987 4160">
     <span class='ocr_line' id='line_1_72' title="bbox 426 4090 1987 4160; baseline 0.003 -17"><span class='ocrx_word' id='word_1_541' title='bbox 426 4110 444 4143; x_wconf 80' lang='grc' dir='ltr'><strong>ι</strong></span> <span class='ocrx_word' id='word_1_542' title='bbox 479 4106 589 4160; x_wconf 88' lang='lat' dir='ltr'><strong>que</strong></span> <span class='ocrx_word' id='word_1_543' title='bbox 634 4091 830 4145; x_wconf 87' lang='lat' dir='ltr'><strong>mortis</strong></span> <span class='ocrx_word' id='word_1_544' title='bbox 875 4090 1126 4158; x_wconf 86' lang='lat' dir='ltr'><strong>abjectis,</strong></span> <span class='ocrx_word' id='word_1_545' title='bbox 1167 4091 1432 4146; x_wconf 88' lang='lat' dir='ltr'><strong>reducens</strong></span> <span class='ocrx_word' id='word_1_546' title='bbox 1473 4107 1572 4147; x_wconf 93' lang='lat' dir='ltr'><strong>nos</strong></span> <span class='ocrx_word' id='word_1_547' title='bbox 1620 4095 1688 4148; x_wconf 89' lang='lat' dir='ltr'><strong>ad</strong></span> <span class='ocrx_word' id='word_1_548' title='bbox 1744 4093 1987 4149; x_wconf 83' lang='lat' dir='ltr'><strong>sanctill-</strong></span> 
     </span>
    </p>
   </div>
   <div class='ocr_carea' id='block_1_73' title="bbox 426 4180 1984 4250">
    <p class='ocr_par' dir='ltr' id='par_1_73' title="bbox 426 4180 1984 4250">
     <span class='ocr_line' id='line_1_73' title="bbox 426 4180 1984 4250; baseline 0.003 -20"><span class='ocrx_word' id='word_1_549' title='bbox 426 4198 444 4230; x_wconf 79' lang='grc' dir='ltr'><strong>ι</strong></span> <span class='ocrx_word' id='word_1_550' title='bbox 480 4180 751 4233; x_wconf 86' lang='lat' dir='ltr'><strong>cationem</strong></span> <span class='ocrx_word' id='word_1_551' title='bbox 786 4186 841 4232; x_wconf 89' lang='lat' dir='ltr'><strong>ct</strong></span> <span class='ocrx_word' id='word_1_552' title='bbox 888 4180 1199 4247; x_wconf 71' lang='lat' dir='ltr'><strong>primaevam</strong></span> <span class='ocrx_word' id='word_1_553' title='bbox 1231 4190 1440 4234; x_wconf 67' lang='lat' dir='ltr'><strong>naturas</strong></span> <span class='ocrx_word' id='word_1_554' title='bbox 1489 4182 1942 4250; x_wconf 84' lang='lat' dir='ltr'><strong>pulchritudinem</strong></span> <span class='ocrx_word' id='word_1_555' title='bbox 1968 4220 1984 4246; x_wconf 89' lang='lat'><strong>,</strong></span> 
     </span>
    </p>
   </div>
   <div class='ocr_carea' id='block_1_74' title="bbox 424 4270 1987 4342">
    <p class='ocr_par' dir='ltr' id='par_1_74' title="bbox 424 4270 1987 4342">
     <span class='ocr_line' id='line_1_74' title="bbox 424 4270 1987 4342; baseline 0.003 -20"><span class='ocrx_word' id='word_1_556' title='bbox 424 4290 441 4321; x_wconf 77' lang='grc' dir='ltr'><strong>ι</strong></span> <span class='ocrx_word' id='word_1_557' title='bbox 480 4271 944 4339; x_wconf 78' lang='lat' dir='ltr'><strong>quemadmodum</strong></span> <span class='ocrx_word' id='word_1_558' title='bbox 990 4270 1342 4341; x_wconf 87' lang='lat' dir='ltr'><strong>inprincipio</strong></span> <span class='ocrx_word' id='word_1_559' title='bbox 1371 4274 1583 4342; x_wconf 80' lang='lat' dir='ltr'><strong>generis</strong></span> <span class='ocrx_word' id='word_1_560' title='bbox 1614 4274 1838 4330; x_wconf 88' lang='lat' dir='ltr'><strong>humani</strong></span> <span class='ocrx_word' id='word_1_561' title='bbox 1884 4283 1987 4327; x_wconf 83' lang='lat' dir='ltr'><strong>tra-</strong></span> 
     </span>
    </p>
   </div>
   <div class='ocr_carea' id='block_1_75' title="bbox 426 4361 1987 4430">
    <p class='ocr_par' dir='ltr' id='par_1_75' title="bbox 426 4361 1987 4430">
     <span class='ocr_line' id='line_1_75' title="bbox 426 4361 1987 4430; baseline 0.004 -17"><span class='ocrx_word' id='word_1_562' title='bbox 426 4383 444 4413; x_wconf 72' lang='grc' dir='ltr'><strong>ι</strong></span> <span class='ocrx_word' id='word_1_563' title='bbox 482 4362 618 4416; x_wconf 89' lang='lat' dir='ltr'><strong>deus</strong></span> <span class='ocrx_word' id='word_1_564' title='bbox 669 4362 931 4430; x_wconf 89' lang='lat' dir='ltr'><strong>apostolis</strong></span> <span class='ocrx_word' id='word_1_565' title='bbox 992 4361 1284 4417; x_wconf 82' lang='lat' dir='ltr'><strong>insumavit</strong></span> <span class='ocrx_word' id='word_1_566' title='bbox 1344 4366 1398 4418; x_wconf 90' lang='lat' dir='ltr'><strong>iu</strong></span> <span class='ocrx_word' id='word_1_567' title='bbox 1455 4362 1646 4419; x_wconf 82' lang='lat' dir='ltr'><strong>faciem</strong></span> <span class='ocrx_word' id='word_1_568' title='bbox 1685 4380 1871 4420; x_wconf 88' lang='lat' dir='ltr'><strong>eorum</strong></span> <span class='ocrx_word' id='word_1_569' title='bbox 1903 4365 1987 4419; x_wconf 90' lang='lat' dir='ltr'><strong>di-</strong></span> 
     </span>
    </p>
   </div>
   <div class='ocr_carea' id='block_1_76' title="bbox 2087 3263 3638 3336">
    <p class='ocr_par' dir='ltr' id='par_1_76' title="bbox 2087 3263 3638 3336">
     <span class='ocr_line' id='line_1_76' title="bbox 2087 3263 3638 3336; baseline -0.002 -16"><span class='ocrx_word' id='word_1_570' title='bbox 2087 3286 2105 3320; x_wconf 79' lang='grc' dir='ltr'><strong>ι</strong></span> <span class='ocrx_word' id='word_1_571' title='bbox 2151 3270 2179 3322; x_wconf 86' lang='grc' dir='ltr'><strong>ό</strong></span> <span class='ocrx_word' id='word_1_572' title='bbox 2212 3267 2773 3336; x_wconf 56' lang='grc' dir='ltr'><strong>θεσπέσιοςιἸωάννης</strong></span> <span class='ocrx_word' id='word_1_573' title='bbox 2801 3268 2998 3334; x_wconf 79' lang='grc' dir='ltr'><strong>λέγων,</strong></span> <span class='ocrx_word' id='word_1_574' title='bbox 3026 3267 3110 3320; x_wconf 86' lang='grc' dir='ltr'><strong>ὅτι</strong></span> <span class='ocrx_word' id='word_1_575' title='bbox 3149 3284 3167 3317; x_wconf 77' lang='grc' dir='ltr'><strong>ι</strong></span> <span class='ocrx_word' id='word_1_576' title='bbox 3191 3266 3288 3318; x_wconf 81' lang='grc' dir='ltr'><strong>Ἐκ</strong></span> <span class='ocrx_word' id='word_1_577' title='bbox 3314 3264 3407 3319; x_wconf 90' lang='grc' dir='ltr'><strong>τοῦ</strong></span> <span class='ocrx_word' id='word_1_578' title='bbox 3433 3263 3638 3333; x_wconf 79' lang='grc' dir='ltr'><strong>πληρώ-</strong></span> 
     </span>
    </p>
   </div>
   <div class='ocr_carea' id='block_1_77' title="bbox 2087 3355 3641 3432">
    <p class='ocr_par' dir='ltr' id='par_1_77' title="bbox 2087 3355 3641 3432">
     <span class='ocr_line' id='line_1_77' title="bbox 2087 3355 3641 3432; baseline -0.004 -18"><span class='ocrx_word' id='word_1_579' title='bbox 2087 3381 2107 3414; x_wconf 81' lang='grc' dir='ltr'><strong>ι</strong></span> <span class='ocrx_word' id='word_1_580' title='bbox 2157 3377 2325 3432; x_wconf 81' lang='grc' dir='ltr'><strong>ματος</strong></span> <span class='ocrx_word' id='word_1_581' title='bbox 2360 3360 2525 3413; x_wconf 81' lang='grc' dir='ltr'><strong>αὐτοῦ</strong></span> <span class='ocrx_word' id='word_1_582' title='bbox 2549 3362 2751 3423; x_wconf 82' lang='grc' dir='ltr'><strong>πάντες</strong></span> <span class='ocrx_word' id='word_1_583' title='bbox 2778 3361 2941 3430; x_wconf 75' lang='grc' dir='ltr'><strong>ἡμεῖς</strong></span> <span class='ocrx_word' id='word_1_584' title='bbox 2989 3361 3280 3429; x_wconf 83' lang='grc' dir='ltr'><strong>ὲλάὸομεν.</strong></span> <span class='ocrx_word' id='word_1_585' title='bbox 3311 3377 3331 3408; x_wconf 72' lang='grc' dir='ltr'><strong>ι</strong></span> <span class='ocrx_word' id='word_1_586' title='bbox 3391 3360 3541 3419; x_wconf 82' lang='grc' dir='ltr'><strong>Δόσις</strong></span> <span class='ocrx_word' id='word_1_587' title='bbox 3587 3355 3641 3409; x_wconf 75' lang='grc' dir='ltr'><strong>δὲ</strong></span> 
     </span>
    </p>
   </div>
   <div class='ocr_carea' id='block_1_78' title="bbox 2087 3445 3642 3523">
    <p class='ocr_par' dir='ltr' id='par_1_78' title="bbox 2087 3445 3642 3523">
     <span class='ocr_line' id='line_1_78' title="bbox 2087 3445 3642 3523; baseline -0.005 -17"><span class='ocrx_word' id='word_1_588' title='bbox 2087 3471 2106 3523; x_wconf 75' lang='grc' dir='ltr'><strong>ι</strong></span> <span class='ocrx_word' id='word_1_589' title='bbox 2154 3450 2335 3522; x_wconf 80' lang='grc' dir='ltr'><strong>ἀγαθὴ</strong></span> <span class='ocrx_word' id='word_1_590' title='bbox 2359 3454 2453 3505; x_wconf 77' lang='grc' dir='ltr'><strong>καὶ</strong></span> <span class='ocrx_word' id='word_1_591' title='bbox 2473 3450 2705 3521; x_wconf 81' lang='grc' dir='ltr'><strong>δώρημα</strong></span> <span class='ocrx_word' id='word_1_592' title='bbox 2733 3451 2937 3503; x_wconf 71' lang='grc' dir='ltr'><strong>τέλειον</strong></span> <span class='ocrx_word' id='word_1_593' title='bbox 2968 3450 3054 3519; x_wconf 73' lang='grc' dir='ltr'><strong>εἴη</strong></span> <span class='ocrx_word' id='word_1_594' title='bbox 3086 3449 3155 3503; x_wconf 81' lang='grc' dir='ltr'><strong>ἂν</strong></span> <span class='ocrx_word' id='word_1_595' title='bbox 3178 3449 3365 3518; x_wconf 73' lang='grc' dir='ltr'><strong>ἕτερόν</strong></span> <span class='ocrx_word' id='word_1_596' title='bbox 3412 3464 3482 3511; x_wconf 91' lang='grc' dir='ltr'><strong>τι,</strong></span> <span class='ocrx_word' id='word_1_597' title='bbox 3512 3445 3642 3500; x_wconf 83' lang='grc' dir='ltr'><strong>κ.τά</strong></span> 
     </span>
    </p>
   </div>
   <div class='ocr_carea' id='block_1_79' title="bbox 2090 3539 3638 3613">
    <p class='ocr_par' dir='ltr' id='par_1_79' title="bbox 2090 3539 3638 3613">
     <span class='ocr_line' id='line_1_79' title="bbox 2090 3539 3638 3613; baseline -0.007 -15"><span class='ocrx_word' id='word_1_598' title='bbox 2090 3564 2109 3597; x_wconf 78' lang='grc' dir='ltr'><strong>ι</strong></span> <span class='ocrx_word' id='word_1_599' title='bbox 2153 3561 2216 3613; x_wconf 85' lang='grc' dir='ltr'><strong>γε</strong></span> <span class='ocrx_word' id='word_1_600' title='bbox 2242 3545 2304 3598; x_wconf 86' lang='grc' dir='ltr'><strong>τὺ</strong></span> <span class='ocrx_word' id='word_1_601' title='bbox 2332 3542 2480 3613; x_wconf 80' lang='grc' dir='ltr'><strong>αὐτῷ</strong></span> <span class='ocrx_word' id='word_1_602' title='bbox 2513 3558 2597 3595; x_wconf 85' lang='grc' dir='ltr'><strong>σοι</strong></span> <span class='ocrx_word' id='word_1_603' title='bbox 2624 3542 2836 3607; x_wconf 84' lang='grc' dir='ltr'><strong>δοκοῦν,</strong></span> <span class='ocrx_word' id='word_1_604' title='bbox 2860 3542 3002 3612; x_wconf 83' lang='grc' dir='ltr'><strong>πλὴν</strong></span> <span class='ocrx_word' id='word_1_605' title='bbox 3031 3543 3113 3596; x_wconf 82' lang='grc' dir='ltr'><strong>ότι</strong></span> <span class='ocrx_word' id='word_1_606' title='bbox 3141 3557 3221 3594; x_wconf 87' lang='grc' dir='ltr'><strong>τοι</strong></span> <span class='ocrx_word' id='word_1_607' title='bbox 3245 3542 3305 3593; x_wconf 85' lang='grc' dir='ltr'><strong>τὺ</strong></span> <span class='ocrx_word' id='word_1_608' title='bbox 3337 3539 3638 3609; x_wconf 79' lang='grc' dir='ltr'><strong>μεταλαχεῑν</strong></span> 
     </span>
    </p>
   </div>
   <div class='ocr_carea' id='block_1_80' title="bbox 2089 3633 3638 3706">
    <p class='ocr_par' dir='ltr' id='par_1_80' title="bbox 2089 3633 3638 3706">
     <span class='ocr_line' id='line_1_80' title="bbox 2089 3633 3638 3706; baseline -0.005 -17"><span class='ocrx_word' id='word_1_609' title='bbox 2089 3656 2108 3689; x_wconf 77' lang='grc' dir='ltr'><strong>ι</strong></span> <span class='ocrx_word' id='word_1_610' title='bbox 2152 3636 2309 3705; x_wconf 81' lang='grc' dir='ltr'><strong>ἁγίου</strong></span> <span class='ocrx_word' id='word_1_611' title='bbox 2329 3636 2643 3706; x_wconf 83' lang='grc' dir='ltr'><strong>Πνεῦματος</strong></span> <span class='ocrx_word' id='word_1_612' title='bbox 2668 3652 2683 3701; x_wconf 86' lang='grc'><strong>;</strong></span> <span class='ocrx_word' id='word_1_613' title='bbox 2713 3635 3007 3704; x_wconf 81' lang='grc' dir='ltr'><strong>Ἑρμείας.</strong></span> <span class='ocrx_word' id='word_1_614' title='bbox 3030 3633 3315 3700; x_wconf 82' lang='grc' dir='ltr'><strong>Οὐδαμῶς.</strong></span> <span class='ocrx_word' id='word_1_615' title='bbox 3339 3633 3638 3699; x_wconf 71' lang='grc' dir='ltr'><strong>Κύριλλος.</strong></span> 
     </span>
    </p>
   </div>
   <div class='ocr_carea' id='block_1_81' title="bbox 2088 3720 3638 3801">
    <p class='ocr_par' dir='ltr' id='par_1_81' title="bbox 2088 3720 3638 3801">
     <span class='ocr_line' id='line_1_81' title="bbox 2088 3720 3638 3801; baseline -0.006 -18"><span class='ocrx_word' id='word_1_616' title='bbox 2088 3750 2108 3784; x_wconf 87' lang='grc'><em>‹</em></span> <span class='ocrx_word' id='word_1_617' title='bbox 2157 3730 2347 3801; x_wconf 79' lang='grc' dir='ltr'><strong>Ἀθρει</strong></span> <span class='ocrx_word' id='word_1_618' title='bbox 2370 3729 2434 3799; x_wconf 78' lang='grc' dir='ltr'><strong>δὴ</strong></span> <span class='ocrx_word' id='word_1_619' title='bbox 2466 3728 2560 3782; x_wconf 80' lang='grc' dir='ltr'><strong>οὖν</strong></span> <span class='ocrx_word' id='word_1_620' title='bbox 2593 3730 2687 3782; x_wconf 79' lang='grc' dir='ltr'><strong>καὶ</strong></span> <span class='ocrx_word' id='word_1_621' title='bbox 2713 3729 2801 3781; x_wconf 79' lang='grc' dir='ltr'><strong>διὰ</strong></span> <span class='ocrx_word' id='word_1_622' title='bbox 2824 3728 3052 3792; x_wconf 84' lang='grc' dir='ltr'><strong>τούτων,</strong></span> <span class='ocrx_word' id='word_1_623' title='bbox 3084 3720 3129 3780; x_wconf 83' lang='grc' dir='ltr'><strong>ὣ</strong></span> <span class='ocrx_word' id='word_1_624' title='bbox 3158 3728 3292 3796; x_wconf 78' lang='grc' dir='ltr'><strong>ημῖν</strong></span> <span class='ocrx_word' id='word_1_625' title='bbox 3326 3726 3559 3794; x_wconf 81' lang='grc' dir='ltr'><strong>φιλότης,</strong></span> <span class='ocrx_word' id='word_1_626' title='bbox 3587 3722 3638 3784; x_wconf 76' lang='grc' dir='ltr'><strong>ἐξ</strong></span> 
     </span>
    </p>
   </div>
   <div class='ocr_carea' id='block_1_82' title="bbox 2090 3814 3641 3895">
    <p class='ocr_par' dir='ltr' id='par_1_82' title="bbox 2090 3814 3641 3895">
     <span class='ocr_line' id='line_1_82' title="bbox 2090 3814 3641 3895; baseline -0.006 -20"><span class='ocrx_word' id='word_1_627' title='bbox 2090 3841 2108 3875; x_wconf 83' lang='grc' dir='ltr'><strong>ι</strong></span> <span class='ocrx_word' id='word_1_628' title='bbox 2156 3821 2289 3876; x_wconf 76' lang='grc' dir='ltr'><strong>ἰδίου</strong></span> <span class='ocrx_word' id='word_1_629' title='bbox 2306 3820 2696 3895; x_wconf 63' lang='grc' dir='ltr'><strong>ξαληρώματος</strong></span> <span class='ocrx_word' id='word_1_630' title='bbox 2729 3822 2989 3891; x_wconf 75' lang='grc' dir='ltr'><strong>προϊέντα</strong></span> <span class='ocrx_word' id='word_1_631' title='bbox 3015 3820 3107 3872; x_wconf 76' lang='grc' dir='ltr'><strong>τὸν</strong></span> <span class='ocrx_word' id='word_1_632' title='bbox 3139 3819 3267 3872; x_wconf 83' lang='grc' dir='ltr'><strong>Υίδν</strong></span> <span class='ocrx_word' id='word_1_633' title='bbox 3296 3819 3361 3870; x_wconf 82' lang='grc' dir='ltr'><strong>τὸ</strong></span> <span class='ocrx_word' id='word_1_634' title='bbox 3399 3816 3523 3869; x_wconf 77' lang='grc' dir='ltr'><strong>ἴδιον</strong></span> <span class='ocrx_word' id='word_1_635' title='bbox 3555 3814 3641 3868; x_wconf 84' lang='grc' dir='ltr'><strong>αὑ-</strong></span> 
     </span>
    </p>
   </div>
   <div class='ocr_carea' id='block_1_83' title="bbox 2091 3910 3638 3984">
    <p class='ocr_par' dir='ltr' id='par_1_83' title="bbox 2091 3910 3638 3984">
     <span class='ocr_line' id='line_1_83' title="bbox 2091 3910 3638 3984; baseline -0.006 -15"><span class='ocrx_word' id='word_1_636' title='bbox 2091 3936 2109 3969; x_wconf 80' lang='lat' dir='ltr'><strong>s</strong></span> <span class='ocrx_word' id='word_1_637' title='bbox 2154 3915 2270 3981; x_wconf 89' lang='grc' dir='ltr'><strong>τοῦ,</strong></span> <span class='ocrx_word' id='word_1_638' title='bbox 2303 3917 2395 3968; x_wconf 84' lang='grc' dir='ltr'><strong>καὶ</strong></span> <span class='ocrx_word' id='word_1_639' title='bbox 2423 3913 2812 3984; x_wconf 78' lang='grc' dir='ltr'><strong>ἁναποϐλητως</strong></span> <span class='ocrx_word' id='word_1_640' title='bbox 2861 3912 3179 3984; x_wconf 83' lang='grc' dir='ltr'><strong>ἐμπεφυκὸς</strong></span> <span class='ocrx_word' id='word_1_641' title='bbox 3226 3911 3384 3980; x_wconf 74' lang='grc' dir='ltr'><strong>ἅγιον</strong></span> <span class='ocrx_word' id='word_1_642' title='bbox 3412 3910 3638 3977; x_wconf 78' lang='grc' dir='ltr'><strong>Πνεῦμα,</strong></span> 
     </span>
    </p>
   </div>
   <div class='ocr_carea' id='block_1_84' title="bbox 2090 4001 3644 4075">
    <p class='ocr_par' dir='ltr' id='par_1_84' title="bbox 2090 4001 3644 4075">
     <span class='ocr_line' id='line_1_84' title="bbox 2090 4001 3644 4075; baseline -0.008 -14"><span class='ocrx_word' id='word_1_643' title='bbox 2090 4026 2110 4061; x_wconf 78' lang='grc' dir='ltr'><strong>ι</strong></span> <span class='ocrx_word' id='word_1_644' title='bbox 2155 4007 2225 4061; x_wconf 85' lang='grc' dir='ltr'><strong>δι’</strong></span> <span class='ocrx_word' id='word_1_645' title='bbox 2260 4001 2320 4060; x_wconf 80' lang='grc' dir='ltr'><strong>οῦ</strong></span> <span class='ocrx_word' id='word_1_646' title='bbox 2356 4009 2503 4060; x_wconf 84' lang='grc' dir='ltr'><strong>πᾶσα</strong></span> <span class='ocrx_word' id='word_1_647' title='bbox 2533 4006 2680 4067; x_wconf 81' lang='grc' dir='ltr'><strong>δόσις</strong></span> <span class='ocrx_word' id='word_1_648' title='bbox 2723 4004 2927 4075; x_wconf 81' lang='grc' dir='ltr'><strong>ἀγαθή.</strong></span> <span class='ocrx_word' id='word_1_649' title='bbox 2967 4004 3122 4056; x_wconf 80' lang='grc' dir='ltr'><strong>Ἐπεὶ</strong></span> <span class='ocrx_word' id='word_1_650' title='bbox 3154 4002 3264 4072; x_wconf 83' lang='grc' dir='ltr'><strong>γὰρ</strong></span> <span class='ocrx_word' id='word_1_651' title='bbox 3312 4002 3529 4067; x_wconf 80' lang='grc' dir='ltr'><strong>ἁνεσίω,</strong></span> <span class='ocrx_word' id='word_1_652' title='bbox 3557 4015 3644 4050; x_wconf 84' lang='grc' dir='ltr'><strong>κα-</strong></span> 
     </span>
    </p>
   </div>
   <div class='ocr_carea' id='block_1_85' title="bbox 2093 4089 3645 4168">
    <p class='ocr_par' dir='ltr' id='par_1_85' title="bbox 2093 4089 3645 4168">
     <span class='ocr_line' id='line_1_85' title="bbox 2093 4089 3645 4168; baseline -0.008 -16"><span class='ocrx_word' id='word_1_653' title='bbox 2093 4118 2114 4152; x_wconf 77' lang='grc' dir='ltr'><strong>ι</strong></span> <span class='ocrx_word' id='word_1_654' title='bbox 2158 4098 2393 4160; x_wconf 83' lang='grc' dir='ltr'><strong>ταλύσας</strong></span> <span class='ocrx_word' id='word_1_655' title='bbox 2426 4097 2524 4168; x_wconf 81' lang='grc' dir='ltr'><strong>τὴν</strong></span> <span class='ocrx_word' id='word_1_656' title='bbox 2554 4097 2781 4166; x_wconf 82' lang='grc' dir='ltr'><strong>φθορὰν,</strong></span> <span class='ocrx_word' id='word_1_657' title='bbox 2813 4098 2908 4149; x_wconf 74' lang='grc' dir='ltr'><strong>καὶ</strong></span> <span class='ocrx_word' id='word_1_658' title='bbox 2942 4096 3052 4157; x_wconf 86' lang='grc' dir='ltr'><strong>τοῖς</strong></span> <span class='ocrx_word' id='word_1_659' title='bbox 3112 4092 3207 4147; x_wconf 87' lang='grc' dir='ltr'><strong>τοῦ</strong></span> <span class='ocrx_word' id='word_1_660' title='bbox 3213 4136 3229 4162; x_wconf 73' lang='grc'><strong>,</strong></span> <span class='ocrx_word' id='word_1_661' title='bbox 3260 4092 3494 4146; x_wconf 85' lang='grc' dir='ltr'><strong>θανάτου</strong></span> <span class='ocrx_word' id='word_1_662' title='bbox 3539 4089 3645 4141; x_wconf 78' lang='grc' dir='ltr'><strong>δεσ-</strong></span> 
     </span>
    </p>
   </div>
   <div class='ocr_carea' id='block_1_86' title="bbox 2094 4181 3646 4262">
    <p class='ocr_par' dir='ltr' id='par_1_86' title="bbox 2094 4181 3646 4262">
     <span class='ocr_line' id='line_1_86' title="bbox 2094 4181 3646 4262; baseline -0.008 -18"><span class='ocrx_word' id='word_1_663' title='bbox 2094 4211 2113 4244; x_wconf 78' lang='grc' dir='ltr'><strong>ι</strong></span> <span class='ocrx_word' id='word_1_664' title='bbox 2160 4193 2282 4262; x_wconf 78' lang='grc' dir='ltr'><strong>μοῖς</strong></span> <span class='ocrx_word' id='word_1_665' title='bbox 2333 4188 2611 4261; x_wconf 64' lang='grc' dir='ltr'><strong>ἐρρῶσθαι</strong></span> <span class='ocrx_word' id='word_1_666' title='bbox 2675 4186 3314 4259; x_wconf 56' lang='grc' dir='ltr'><strong>φράσαςηάνακομίζων</strong></span> <span class='ocrx_word' id='word_1_667' title='bbox 3379 4183 3522 4253; x_wconf 74' lang='grc' dir='ltr'><strong>ἡμᾶς</strong></span> <span class='ocrx_word' id='word_1_668' title='bbox 3575 4181 3646 4242; x_wconf 82' lang='grc' dir='ltr'><strong>εἰς</strong></span> 
     </span>
    </p>
   </div>
   <div class='ocr_carea' id='block_1_87' title="bbox 2093 4276 3648 4349">
    <p class='ocr_par' dir='ltr' id='par_1_87' title="bbox 2093 4276 3648 4349">
     <span class='ocr_line' id='line_1_87' title="bbox 2093 4276 3648 4349; baseline -0.005 -18"><span class='ocrx_word' id='word_1_669' title='bbox 2093 4298 2112 4331; x_wconf 78' lang='grc' dir='ltr'><strong>ι</strong></span> <span class='ocrx_word' id='word_1_670' title='bbox 2155 4281 2434 4349; x_wconf 75' lang='grc' dir='ltr'><strong>ἀγιασμὸν</strong></span> <span class='ocrx_word' id='word_1_671' title='bbox 2461 4281 2554 4332; x_wconf 88' lang='grc' dir='ltr'><strong>καὶ</strong></span> <span class='ocrx_word' id='word_1_672' title='bbox 2582 4279 2646 4331; x_wconf 76' lang='grc' dir='ltr'><strong>τὸ</strong></span> <span class='ocrx_word' id='word_1_673' title='bbox 2667 4281 2898 4349; x_wconf 75' lang='grc' dir='ltr'><strong>ἀρχαῖον</strong></span> <span class='ocrx_word' id='word_1_674' title='bbox 2928 4280 3028 4347; x_wconf 83' lang='grc' dir='ltr'><strong>τῆς</strong></span> <span class='ocrx_word' id='word_1_675' title='bbox 3061 4276 3275 4346; x_wconf 77' lang='grc' dir='ltr'><strong>φύσεως</strong></span> <span class='ocrx_word' id='word_1_676' title='bbox 3328 4276 3537 4339; x_wconf 84' lang='grc' dir='ltr'><strong>κάλλος,</strong></span> <span class='ocrx_word' id='word_1_677' title='bbox 3565 4288 3648 4324; x_wconf 86' lang='grc' dir='ltr'><strong>κα-</strong></span> 
     </span>
    </p>
   </div>
   <div class='ocr_carea' id='block_1_88' title="bbox 2092 4370 3647 4444">
    <p class='ocr_par' dir='ltr' id='par_1_88' title="bbox 2092 4370 3647 4444">
     <span class='ocr_line' id='line_1_88' title="bbox 2092 4370 3647 4444; baseline -0.004 -18"><span class='ocrx_word' id='word_1_678' title='bbox 2092 4392 2112 4426; x_wconf 82' lang='lat' dir='ltr'><strong>s</strong></span> <span class='ocrx_word' id='word_1_679' title='bbox 2159 4374 2340 4444; x_wconf 84' lang='grc' dir='ltr'><strong>θάπερ</strong></span> <span class='ocrx_word' id='word_1_680' title='bbox 2365 4378 2421 4427; x_wconf 83' lang='grc' dir='ltr'><strong>ἐν</strong></span> <span class='ocrx_word' id='word_1_681' title='bbox 2446 4375 2672 4444; x_wconf 80' lang='grc' dir='ltr'><strong>ἀπαρχῇ</strong></span> <span class='ocrx_word' id='word_1_682' title='bbox 2704 4372 2798 4426; x_wconf 88' lang='grc' dir='ltr'><strong>τοῦ</strong></span> <span class='ocrx_word' id='word_1_683' title='bbox 2829 4373 3022 4440; x_wconf 85' lang='grc' dir='ltr'><strong>γένους</strong></span> <span class='ocrx_word' id='word_1_684' title='bbox 3067 4370 3308 4432; x_wconf 78' lang='grc' dir='ltr'><strong>ἀντιθεὶς</strong></span> <span class='ocrx_word' id='word_1_685' title='bbox 3364 4372 3476 4432; x_wconf 77' lang='grc' dir='ltr'><strong>τοῖς</strong></span> <span class='ocrx_word' id='word_1_686' title='bbox 3524 4370 3647 4421; x_wconf 78' lang='grc' dir='ltr'><strong>άποο</strong></span> 
     </span>
    </p>
   </div>
   <div class='ocr_carea' id='block_1_89' title="bbox 435 4451 1983 4535">
    <p class='ocr_par' dir='ltr' id='par_1_89' title="bbox 435 4453 1983 4524">
     <span class='ocr_line' id='line_1_89' title="bbox 435 4453 1983 4524; baseline 0.004 -21"><span class='ocrx_word' id='word_1_687' title='bbox 435 4473 451 4503; x_wconf 78' lang='grc' dir='ltr'><strong>ι</strong></span> <span class='ocrx_word' id='word_1_688' title='bbox 492 4469 621 4508; x_wconf 85' lang='lat' dir='ltr'><strong>cens</strong></span> <span class='ocrx_word' id='word_1_689' title='bbox 656 4471 668 4507; x_wconf 91' lang='lat'><strong>:</strong></span> <span class='ocrx_word' id='word_1_690' title='bbox 721 4472 739 4505; x_wconf 80' lang='grc' dir='ltr'><strong>ι</strong></span> <span class='ocrx_word' id='word_1_691' title='bbox 772 4454 1013 4523; x_wconf 87' lang='lat' dir='ltr'><strong>Accipite</strong></span> <span class='ocrx_word' id='word_1_692' title='bbox 1054 4453 1319 4524; x_wconf 89' lang='lat' dir='ltr'><strong>Spiritum</strong></span> <span class='ocrx_word' id='word_1_693' title='bbox 1367 4465 1619 4510; x_wconf 87' lang='lat' dir='ltr'><strong>sanctum</strong></span> <span class='ocrx_word' id='word_1_694' title='bbox 1660 4455 1731 4510; x_wconf 83' lang='lat'><strong>&#39;°.</strong></span> <span class='ocrx_word' id='word_1_695' title='bbox 1775 4475 1794 4508; x_wconf 80' lang='grc' dir='ltr'><strong>ι</strong></span> <span class='ocrx_word' id='word_1_696' title='bbox 1832 4454 1983 4522; x_wconf 81' lang='lat' dir='ltr'><strong>Quod</strong></span> 
     </span>
    </p>
   </div>
   <div class='ocr_carea' id='block_1_90' title="bbox 2091 4451 3644 4535">
    <p class='ocr_par' dir='ltr' id='par_1_90' title="bbox 2094 4451 3644 4535">
     <span class='ocr_line' id='line_1_90' title="bbox 2094 4451 3644 4535; baseline -0.005 -18"><span class='ocrx_word' id='word_1_697' title='bbox 2094 4483 2113 4517; x_wconf 77' lang='grc' dir='ltr'><strong>ι</strong></span> <span class='ocrx_word' id='word_1_698' title='bbox 2162 4466 2389 4531; x_wconf 83' lang='grc' dir='ltr'><strong>στόλοις,</strong></span> <span class='ocrx_word' id='word_1_699' title='bbox 2408 4465 2741 4535; x_wconf 74' lang='grc' dir='ltr'><strong>ἐνεφύσησεν</strong></span> <span class='ocrx_word' id='word_1_700' title='bbox 2763 4466 2842 4527; x_wconf 89' lang='grc' dir='ltr'><strong>είς</strong></span> <span class='ocrx_word' id='word_1_701' title='bbox 2858 4451 2925 4517; x_wconf 63' lang='grc' dir='ltr'><strong>τὸ</strong></span> <span class='ocrx_word' id='word_1_702' title='bbox 2942 4465 3231 4534; x_wconf 84' lang='grc' dir='ltr'><strong>πρόσωπον</strong></span> <span class='ocrx_word' id='word_1_703' title='bbox 3254 4462 3435 4519; x_wconf 80' lang='grc' dir='ltr'><strong>αὐτῶν</strong></span> <span class='ocrx_word' id='word_1_704' title='bbox 3454 4461 3615 4528; x_wconf 78' lang='grc' dir='ltr'><strong>λέγων</strong></span> <span class='ocrx_word' id='word_1_705' title='bbox 3630 4472 3644 4488; x_wconf 84' lang='lat'><strong><em>°</em></strong></span> 
     </span>
    </p>
   </div>
   <div class='ocr_carea' id='block_1_91' title="bbox 428 4545 1983 4625">
    <p class='ocr_par' dir='ltr' id='par_1_91' title="bbox 428 4545 1983 4617">
     <span class='ocr_line' id='line_1_91' title="bbox 428 4545 1983 4617; baseline 0.003 -22"><span class='ocrx_word' id='word_1_706' title='bbox 428 4564 446 4595; x_wconf 78' lang='grc' dir='ltr'><strong>ι</strong></span> <span class='ocrx_word' id='word_1_707' title='bbox 485 4545 530 4598; x_wconf 88' lang='lat' dir='ltr'><strong>si</strong></span> <span class='ocrx_word' id='word_1_708' title='bbox 574 4554 658 4599; x_wconf 88' lang='lat' dir='ltr'><strong>est</strong></span> <span class='ocrx_word' id='word_1_709' title='bbox 705 4560 939 4613; x_wconf 88' lang='lat' dir='ltr'><strong>superne</strong></span> <span class='ocrx_word' id='word_1_710' title='bbox 990 4555 1044 4598; x_wconf 89' lang='lat' dir='ltr'><strong>et</strong></span> <span class='ocrx_word' id='word_1_711' title='bbox 1088 4563 1117 4598; x_wconf 75' lang='grc' dir='ltr'><strong>ιι</strong></span> <span class='ocrx_word' id='word_1_712' title='bbox 1172 4545 1333 4600; x_wconf 89' lang='lat' dir='ltr'><strong>Patre</strong></span> <span class='ocrx_word' id='word_1_713' title='bbox 1376 4560 1539 4601; x_wconf 89' lang='lat' dir='ltr'><strong>omne</strong></span> <span class='ocrx_word' id='word_1_714' title='bbox 1581 4548 1783 4602; x_wconf 90' lang='lat' dir='ltr'><strong>donum</strong></span> <span class='ocrx_word' id='word_1_715' title='bbox 1815 4547 1983 4617; x_wconf 81' lang='lat' dir='ltr'><strong>perfe-</strong></span> 
     </span>
    </p>
   </div>
   <div class='ocr_carea' id='block_1_92' title="bbox 2091 4545 3648 4625">
    <p class='ocr_par' dir='ltr' id='par_1_92' title="bbox 2098 4550 3648 4625">
     <span class='ocr_line' id='line_1_92' title="bbox 2098 4550 3648 4625; baseline -0.003 -18"><span class='ocrx_word' id='word_1_716' title='bbox 2098 4573 2118 4607; x_wconf 77' lang='lat' dir='ltr'><strong>r</strong></span> <span class='ocrx_word' id='word_1_717' title='bbox 2163 4555 2372 4611; x_wconf 77' lang='grc' dir='ltr'><strong>Λάϐετε</strong></span> <span class='ocrx_word' id='word_1_718' title='bbox 2401 4556 2624 4625; x_wconf 83' lang='grc' dir='ltr'><strong>Πνεῦμα</strong></span> <span class='ocrx_word' id='word_1_719' title='bbox 2671 4556 2844 4624; x_wconf 73' lang='grc' dir='ltr'><strong>ἅγιον.</strong></span> <span class='ocrx_word' id='word_1_720' title='bbox 2874 4574 2891 4607; x_wconf 72' lang='grc' dir='ltr'><strong>ι</strong></span> <span class='ocrx_word' id='word_1_721' title='bbox 2940 4554 3081 4607; x_wconf 80' lang='grc' dir='ltr'><strong>Ἀλλ’</strong></span> <span class='ocrx_word' id='word_1_722' title='bbox 3111 4556 3269 4624; x_wconf 78' lang='grc' dir='ltr'><strong>εἰπερ</strong></span> <span class='ocrx_word' id='word_1_723' title='bbox 3287 4554 3435 4607; x_wconf 80' lang='grc' dir='ltr'><strong>ἐστὶν</strong></span> <span class='ocrx_word' id='word_1_724' title='bbox 3460 4550 3648 4607; x_wconf 77' lang='grc' dir='ltr'><strong>ἄνωθέν</strong></span> 
     </span>
    </p>
   </div>
   <div class='ocr_carea' id='block_1_93' title="bbox 424 4639 1983 4718">
    <p class='ocr_par' dir='ltr' id='par_1_93' title="bbox 424 4639 1983 4707">
     <span class='ocr_line' id='line_1_93' title="bbox 424 4639 1983 4707; baseline 0.003 -19"><span class='ocrx_word' id='word_1_725' title='bbox 424 4658 441 4688; x_wconf 74' lang='grc' dir='ltr'><strong>ι</strong></span> <span class='ocrx_word' id='word_1_726' title='bbox 479 4650 651 4701; x_wconf 83' lang='lat' dir='ltr'><strong>ctum,</strong></span> <span class='ocrx_word' id='word_1_727' title='bbox 678 4648 936 4707; x_wconf 83' lang='lat' dir='ltr'><strong>operatur</strong></span> <span class='ocrx_word' id='word_1_728' title='bbox 971 4646 1154 4691; x_wconf 87' lang='lat' dir='ltr'><strong>autem</strong></span> <span class='ocrx_word' id='word_1_729' title='bbox 1191 4639 1384 4693; x_wconf 90' lang='lat' dir='ltr'><strong>borum</strong></span> <span class='ocrx_word' id='word_1_730' title='bbox 1414 4639 1855 4695; x_wconf 87' lang='lat' dir='ltr'><strong>distributionem</strong></span> <span class='ocrx_word' id='word_1_731' title='bbox 1886 4655 1983 4695; x_wconf 90' lang='lat' dir='ltr'><strong>nou</strong></span> 
     </span>
    </p>
   </div>
   <div class='ocr_carea' id='block_1_94' title="bbox 2091 4639 3645 4718">
    <p class='ocr_par' dir='ltr' id='par_1_94' title="bbox 2095 4646 3645 4718">
     <span class='ocr_line' id='line_1_94' title="bbox 2095 4646 3645 4718; baseline -0.003 -19"><span class='ocrx_word' id='word_1_732' title='bbox 2095 4666 2115 4699; x_wconf 76' lang='grc' dir='ltr'><strong>ι</strong></span> <span class='ocrx_word' id='word_1_733' title='bbox 2163 4665 2224 4701; x_wconf 89' lang='grc' dir='ltr'><strong>τε</strong></span> <span class='ocrx_word' id='word_1_734' title='bbox 2255 4649 2351 4701; x_wconf 77' lang='grc' dir='ltr'><strong>καὶ</strong></span> <span class='ocrx_word' id='word_1_735' title='bbox 2408 4649 2559 4718; x_wconf 75' lang='grc' dir='ltr'><strong>παρὰ</strong></span> <span class='ocrx_word' id='word_1_736' title='bbox 2593 4647 2689 4700; x_wconf 85' lang='grc' dir='ltr'><strong>τοῦ</strong></span> <span class='ocrx_word' id='word_1_737' title='bbox 2744 4648 2957 4718; x_wconf 85' lang='grc' dir='ltr'><strong>Πατρὸς</strong></span> <span class='ocrx_word' id='word_1_738' title='bbox 3013 4650 3123 4702; x_wconf 85' lang='grc' dir='ltr'><strong>πᾶν</strong></span> <span class='ocrx_word' id='word_1_739' title='bbox 3153 4647 3389 4718; x_wconf 81' lang='grc' dir='ltr'><strong>δώρημα</strong></span> <span class='ocrx_word' id='word_1_740' title='bbox 3440 4646 3645 4705; x_wconf 74' lang='grc' dir='ltr'><strong>τέλειον,</strong></span> 
     </span>
    </p>
   </div>
   <div class='ocr_carea' id='block_1_95' title="bbox 424 4730 1983 4809">
    <p class='ocr_par' dir='ltr' id='par_1_95' title="bbox 424 4730 1983 4799">
     <span class='ocr_line' id='line_1_95' title="bbox 424 4730 1983 4799; baseline 0.003 -18"><span class='ocrx_word' id='word_1_741' title='bbox 424 4749 443 4781; x_wconf 74' lang='grc' dir='ltr'><strong>ι</strong></span> <span class='ocrx_word' id='word_1_742' title='bbox 486 4739 542 4783; x_wconf 84' lang='grc' dir='ltr'><strong>ιιι</strong></span> <span class='ocrx_word' id='word_1_743' title='bbox 569 4732 818 4783; x_wconf 82' lang='lat' dir='ltr'><strong>minister</strong></span> <span class='ocrx_word' id='word_1_744' title='bbox 851 4730 1041 4792; x_wconf 80' lang='lat' dir='ltr'><strong>Filius,</strong></span> <span class='ocrx_word' id='word_1_745' title='bbox 1076 4730 1170 4784; x_wconf 87' lang='lat' dir='ltr'><strong>sed</strong></span> <span class='ocrx_word' id='word_1_746' title='bbox 1206 4732 1536 4786; x_wconf 87' lang='lat' dir='ltr'><strong>auctoritate</strong></span> <span class='ocrx_word' id='word_1_747' title='bbox 1564 4731 1760 4799; x_wconf 80' lang='lat' dir='ltr'><strong>potius</strong></span> <span class='ocrx_word' id='word_1_748' title='bbox 1785 4732 1983 4797; x_wconf 81' lang='lat' dir='ltr'><strong>divina,</strong></span> 
     </span>
    </p>
   </div>
   <div class='ocr_carea' id='block_1_96' title="bbox 2091 4730 3647 4809">
    <p class='ocr_par' dir='ltr' id='par_1_96' title="bbox 2096 4734 3647 4809">
     <span class='ocr_line' id='line_1_96' title="bbox 2096 4734 3647 4809; baseline -0.005 -18"><span class='ocrx_word' id='word_1_749' title='bbox 2096 4757 2116 4791; x_wconf 75' lang='grc' dir='ltr'><strong>ι</strong></span> <span class='ocrx_word' id='word_1_750' title='bbox 2161 4739 2377 4809; x_wconf 82' lang='grc' dir='ltr'><strong>ἐνεργεῖ</strong></span> <span class='ocrx_word' id='word_1_751' title='bbox 2405 4738 2463 4790; x_wconf 86' lang='grc' dir='ltr'><strong>δέ</strong></span> <span class='ocrx_word' id='word_1_752' title='bbox 2489 4739 2590 4806; x_wconf 80' lang='grc' dir='ltr'><strong>τὴν</strong></span> <span class='ocrx_word' id='word_1_753' title='bbox 2612 4738 2821 4790; x_wconf 77' lang='grc' dir='ltr'><strong>τούτων</strong></span> <span class='ocrx_word' id='word_1_754' title='bbox 2850 4739 3122 4806; x_wconf 87' lang='grc' dir='ltr'><strong>διανομὴν</strong></span> <span class='ocrx_word' id='word_1_755' title='bbox 3173 4739 3236 4790; x_wconf 80' lang='grc' dir='ltr'><strong>οὐ</strong></span> <span class='ocrx_word' id='word_1_756' title='bbox 3291 4735 3601 4794; x_wconf 80' lang='grc' dir='ltr'><strong>διακονικῶς</strong></span> <span class='ocrx_word' id='word_1_757' title='bbox 3622 4734 3647 4783; x_wconf 84' lang='grc' dir='ltr'><strong><em>ὁ</em></strong></span> 
     </span>
    </p>
   </div>
   <div class='ocr_carea' id='block_1_97' title="bbox 424 4821 1983 4899">
    <p class='ocr_par' dir='ltr' id='par_1_97' title="bbox 424 4821 1983 4891">
     <span class='ocr_line' id='line_1_97' title="bbox 424 4821 1983 4891; baseline 0.003 -20"><span class='ocrx_word' id='word_1_758' title='bbox 424 4828 719 4889; x_wconf 70' lang='grc' dir='ltr'><strong>ιίιμιοιιὶιιη</strong></span> <span class='ocrx_word' id='word_1_759' title='bbox 759 4821 919 4874; x_wconf 90' lang='lat' dir='ltr'><strong>modo</strong></span> <span class='ocrx_word' id='word_1_760' title='bbox 951 4830 1134 4891; x_wconf 88' lang='lat' dir='ltr'><strong>postea</strong></span> <span class='ocrx_word' id='word_1_761' title='bbox 1179 4822 1435 4887; x_wconf 78' lang='lat' dir='ltr'><strong>cessabit,</strong></span> <span class='ocrx_word' id='word_1_762' title='bbox 1482 4830 1542 4877; x_wconf 91' lang='lat' dir='ltr'><strong>ut</strong></span> <span class='ocrx_word' id='word_1_763' title='bbox 1588 4836 1699 4876; x_wconf 92' lang='lat' dir='ltr'><strong>non</strong></span> <span class='ocrx_word' id='word_1_764' title='bbox 1734 4824 1806 4877; x_wconf 88' lang='lat' dir='ltr'><strong>sit</strong></span> <span class='ocrx_word' id='word_1_765' title='bbox 1848 4822 1983 4891; x_wconf 85' lang='lat' dir='ltr'><strong>quod</strong></span> 
     </span>
    </p>
   </div>
   <div class='ocr_carea' id='block_1_98' title="bbox 2091 4821 3648 4899">
    <p class='ocr_par' dir='ltr' id='par_1_98' title="bbox 2095 4823 3648 4899">
     <span class='ocr_line' id='line_1_98' title="bbox 2095 4823 3648 4899; baseline -0.004 -18"><span class='ocrx_word' id='word_1_766' title='bbox 2095 4846 2115 4881; x_wconf 75' lang='grc' dir='ltr'><strong>ι</strong></span> <span class='ocrx_word' id='word_1_767' title='bbox 2162 4828 2309 4893; x_wconf 77' lang='grc' dir='ltr'><strong>Υἱὸς,</strong></span> <span class='ocrx_word' id='word_1_768' title='bbox 2337 4831 2396 4882; x_wconf 83' lang='grc' dir='ltr'><strong>ἐν</strong></span> <span class='ocrx_word' id='word_1_769' title='bbox 2446 4827 2661 4897; x_wconf 71' lang='grc' dir='ltr'><strong>ἐξουσία</strong></span> <span class='ocrx_word' id='word_1_770' title='bbox 2705 4827 2762 4881; x_wconf 83' lang='grc' dir='ltr'><strong>δέ</strong></span> <span class='ocrx_word' id='word_1_771' title='bbox 2818 4829 3020 4897; x_wconf 84' lang='grc' dir='ltr'><strong>μᾶλλον</strong></span> <span class='ocrx_word' id='word_1_772' title='bbox 3053 4831 3120 4899; x_wconf 79' lang='grc' dir='ltr'><strong>τῇ</strong></span> <span class='ocrx_word' id='word_1_773' title='bbox 3174 4827 3488 4898; x_wconf 82' lang='grc' dir='ltr'><strong>θεοπρεπεῖ,</strong></span> <span class='ocrx_word' id='word_1_774' title='bbox 3523 4823 3648 4877; x_wconf 76' lang='grc' dir='ltr'><strong>κατὰ</strong></span> 
     </span>
    </p>
   </div>
   <div class='ocr_carea' id='block_1_99' title="bbox 426 4911 1983 4989">
    <p class='ocr_par' dir='ltr' id='par_1_99' title="bbox 426 4912 1983 4985">
     <span class='ocr_line' id='line_1_99' title="bbox 426 4912 1983 4985; baseline 0.004 -23"><span class='ocrx_word' id='word_1_775' title='bbox 426 4931 444 4962; x_wconf 75' lang='grc' dir='ltr'><strong>ι</strong></span> <span class='ocrx_word' id='word_1_776' title='bbox 480 4912 561 4966; x_wconf 79' lang='lat' dir='ltr'><strong>est</strong></span> <span class='ocrx_word' id='word_1_777' title='bbox 585 4913 883 4966; x_wconf 89' lang='lat' dir='ltr'><strong>secundum</strong></span> <span class='ocrx_word' id='word_1_778' title='bbox 916 4922 1189 4978; x_wconf 89' lang='lat' dir='ltr'><strong>naturam,</strong></span> <span class='ocrx_word' id='word_1_779' title='bbox 1246 4914 1300 4968; x_wconf 88' lang='lat' dir='ltr'><strong>id</strong></span> <span class='ocrx_word' id='word_1_780' title='bbox 1333 4915 1478 4984; x_wconf 91' lang='lat' dir='ltr'><strong>quod</strong></span> <span class='ocrx_word' id='word_1_781' title='bbox 1526 4924 1612 4970; x_wconf 89' lang='lat' dir='ltr'><strong>est</strong></span> <span class='ocrx_word' id='word_1_782' title='bbox 1642 4917 1712 4978; x_wconf 87' lang='lat' dir='ltr'><strong>is,</strong></span> <span class='ocrx_word' id='word_1_783' title='bbox 1742 4917 1833 4985; x_wconf 91' lang='lat' dir='ltr'><strong>qui</strong></span> <span class='ocrx_word' id='word_1_784' title='bbox 1867 4929 1983 4969; x_wconf 87' lang='lat' dir='ltr'><strong>eum</strong></span> 
     </span>
    </p>
   </div>
   <div class='ocr_carea' id='block_1_100' title="bbox 2091 4911 3645 4989">
    <p class='ocr_par' dir='ltr' id='par_1_100' title="bbox 2097 4911 3645 4989">
     <span class='ocr_line' id='line_1_100' title="bbox 2097 4911 3645 4989; baseline -0.003 -18"><span class='ocrx_word' id='word_1_785' title='bbox 2097 4938 2116 4971; x_wconf 78' lang='grc' dir='ltr'><strong>ι</strong></span> <span class='ocrx_word' id='word_1_786' title='bbox 2161 4919 2287 4972; x_wconf 82' lang='grc' dir='ltr'><strong>τίνα</strong></span> <span class='ocrx_word' id='word_1_787' title='bbox 2317 4918 2383 4989; x_wconf 81' lang='grc' dir='ltr'><strong>δὴ</strong></span> <span class='ocrx_word' id='word_1_788' title='bbox 2411 4919 2520 4988; x_wconf 82' lang='grc' dir='ltr'><strong>ἄρα</strong></span> <span class='ocrx_word' id='word_1_789' title='bbox 2570 4916 2762 4970; x_wconf 80' lang='grc' dir='ltr'><strong>λοιπὸν</strong></span> <span class='ocrx_word' id='word_1_790' title='bbox 2811 4915 3110 4987; x_wconf 74' lang='grc' dir='ltr'><strong>ἀφεστήξει</strong></span> <span class='ocrx_word' id='word_1_791' title='bbox 3166 4918 3404 4986; x_wconf 83' lang='grc' dir='ltr'><strong>τρόπον,</strong></span> <span class='ocrx_word' id='word_1_792' title='bbox 3448 4914 3538 4968; x_wconf 86' lang='grc' dir='ltr'><strong>τοῦ</strong></span> <span class='ocrx_word' id='word_1_793' title='bbox 3581 4911 3645 4981; x_wconf 81' lang='grc' dir='ltr'><strong>μὴ</strong></span> 
     </span>
    </p>
   </div>
   <div class='ocr_carea' id='block_1_101' title="bbox 423 5006 1983 5079">
    <p class='ocr_par' dir='ltr' id='par_1_101' title="bbox 423 5006 1983 5073">
     <span class='ocr_line' id='line_1_101' title="bbox 423 5006 1983 5073; baseline 0.004 -18"><span class='ocrx_word' id='word_1_794' title='bbox 423 5024 441 5055; x_wconf 76' lang='grc' dir='ltr'><strong>ι</strong></span> <span class='ocrx_word' id='word_1_795' title='bbox 480 5007 687 5073; x_wconf 73' lang='lat' dir='ltr'><strong>genuit,</strong></span> <span class='ocrx_word' id='word_1_796' title='bbox 746 5021 905 5058; x_wconf 68' lang='lat' dir='ltr'><strong>verus</strong></span> <span class='ocrx_word' id='word_1_797' title='bbox 959 5006 1169 5061; x_wconf 84' lang='lat' dir='ltr'><strong>scilicet</strong></span> <span class='ocrx_word' id='word_1_798' title='bbox 1217 5007 1384 5069; x_wconf 83' lang='lat' dir='ltr'><strong>Deus,</strong></span> <span class='ocrx_word' id='word_1_799' title='bbox 1417 5018 1470 5061; x_wconf 87' lang='lat' dir='ltr'><strong>et</strong></span> <span class='ocrx_word' id='word_1_800' title='bbox 1526 5024 1630 5062; x_wconf 90' lang='lat' dir='ltr'><strong>non</strong></span> <span class='ocrx_word' id='word_1_801' title='bbox 1664 5008 1983 5062; x_wconf 86' lang='lat' dir='ltr'><strong>adulterinis</strong></span> 
     </span>
    </p>
   </div>
   <div class='ocr_carea' id='block_1_102' title="bbox 2091 5006 3647 5079">
    <p class='ocr_par' dir='ltr' id='par_1_102' title="bbox 2098 5006 3647 5079">
     <span class='ocr_line' id='line_1_102' title="bbox 2098 5006 3647 5079; baseline -0.006 -15"><span class='ocrx_word' id='word_1_802' title='bbox 2098 5032 2116 5064; x_wconf 78' lang='grc' dir='ltr'><strong>ι</strong></span> <span class='ocrx_word' id='word_1_803' title='bbox 2160 5007 2299 5066; x_wconf 78' lang='grc' dir='ltr'><strong>εἶναι</strong></span> <span class='ocrx_word' id='word_1_804' title='bbox 2330 5016 2469 5064; x_wconf 79' lang='grc' dir='ltr'><strong>κατα</strong></span> <span class='ocrx_word' id='word_1_805' title='bbox 2500 5012 2660 5079; x_wconf 84' lang='grc' dir='ltr'><strong>φύσιν</strong></span> <span class='ocrx_word' id='word_1_806' title='bbox 2676 5009 2822 5063; x_wconf 76' lang='grc' dir='ltr'><strong>τοῦθ’</strong></span> <span class='ocrx_word' id='word_1_807' title='bbox 2841 5010 2980 5078; x_wconf 83' lang='grc' dir='ltr'><strong>ὅπερ</strong></span> <span class='ocrx_word' id='word_1_808' title='bbox 3031 5009 3179 5063; x_wconf 76' lang='grc' dir='ltr'><strong>ἐστὶν</strong></span> <span class='ocrx_word' id='word_1_809' title='bbox 3213 5010 3241 5060; x_wconf 88' lang='grc' dir='ltr'><strong>ό</strong></span> <span class='ocrx_word' id='word_1_810' title='bbox 3286 5010 3542 5078; x_wconf 80' lang='grc' dir='ltr'><strong>γεννήσας</strong></span> <span class='ocrx_word' id='word_1_811' title='bbox 3560 5006 3647 5058; x_wconf 76' lang='grc' dir='ltr'><strong>αὑ-</strong></span> 
     </span>
    </p>
   </div>
   <div class='ocr_carea' id='block_1_103' title="bbox 424 5095 1987 5185">
    <p class='ocr_par' dir='ltr' id='par_1_103' title="bbox 424 5095 1987 5185">
     <span class='ocr_line' id='line_1_103' title="bbox 424 5095 1987 5185; baseline 0.003 -41"><span class='ocrx_word' id='word_1_812' title='bbox 424 5116 441 5144; x_wconf 76' lang='grc' dir='ltr'><strong>ι</strong></span> <span class='ocrx_word' id='word_1_813' title='bbox 479 5095 809 5164; x_wconf 77' lang='lat' dir='ltr'><strong>quibusdam</strong></span> <span class='ocrx_word' id='word_1_814' title='bbox 865 5096 1168 5185; x_wconf 65' lang='lat' dir='ltr'><strong>honoribus</strong></span> <span class='ocrx_word' id='word_1_815' title='bbox 1222 5096 1388 5151; x_wconf 83' lang='lat' dir='ltr'><strong>veluti</strong></span> <span class='ocrx_word' id='word_1_816' title='bbox 1448 5097 1503 5150; x_wconf 91' lang='lat' dir='ltr'><strong>in</strong></span> <span class='ocrx_word' id='word_1_817' title='bbox 1554 5098 1737 5151; x_wconf 87' lang='lat' dir='ltr'><strong>tabula</strong></span> <span class='ocrx_word' id='word_1_818' title='bbox 1792 5095 1987 5151; x_wconf 87' lang='lat' dir='ltr'><strong>obum-</strong></span> 
     </span>
    </p>
   </div>
   <div class='ocr_carea' id='block_1_104' title="bbox 424 5186 1233 5240">
    <p class='ocr_par' dir='ltr' id='par_1_104' title="bbox 424 5186 1233 5240">
     <span class='ocr_line' id='line_1_104' title="bbox 424 5186 1233 5240; baseline 0.004 -5"><span class='ocrx_word' id='word_1_819' title='bbox 424 5207 440 5235; x_wconf 77' lang='grc' dir='ltr'><strong>ι</strong></span> <span class='ocrx_word' id='word_1_820' title='bbox 485 5192 689 5240; x_wconf 76' lang='lat' dir='ltr'><strong>brutus.</strong></span> <span class='ocrx_word' id='word_1_821' title='bbox 730 5206 749 5238; x_wconf 72' lang='grc' dir='ltr'><strong>ι</strong></span> <span class='ocrx_word' id='word_1_822' title='bbox 1230 5186 1233 5189; x_wconf 80' lang='grc'><em>’</em></span> 
     </span>
    </p>
   </div>
   <div class='ocr_carea' id='block_1_105' title="bbox 979 5279 1407 5335">
    <p class='ocr_par' dir='ltr' id='par_1_105' title="bbox 979 5279 1407 5335">
     <span class='ocr_line' id='line_1_105' title="bbox 979 5279 1407 5335; baseline 0.002 -2"><span class='ocrx_word' id='word_1_823' title='bbox 979 5279 1407 5335; x_wconf 80' lang='lat' dir='ltr'><strong>Animadversio.</strong></span> 
     </span>
    </p>
   </div>
   <div class='ocr_carea' id='block_1_106' title="bbox 494 5372 1995 5442">
    <p class='ocr_par' dir='ltr' id='par_1_106' title="bbox 494 5372 1995 5442">
     <span class='ocr_line' id='line_1_106' title="bbox 494 5372 1995 5442; baseline 0.005 -21"><span class='ocrx_word' id='word_1_824' title='bbox 494 5389 511 5421; x_wconf 76' lang='grc' dir='ltr'><strong>ι</strong></span> <span class='ocrx_word' id='word_1_825' title='bbox 554 5372 778 5426; x_wconf 81' lang='lat' dir='ltr'><strong>Atteuto</strong></span> <span class='ocrx_word' id='word_1_826' title='bbox 804 5372 989 5425; x_wconf 89' lang='lat' dir='ltr'><strong>animo</strong></span> <span class='ocrx_word' id='word_1_827' title='bbox 1014 5374 1160 5428; x_wconf 88' lang='lat' dir='ltr'><strong>dicta</strong></span> <span class='ocrx_word' id='word_1_828' title='bbox 1191 5375 1564 5439; x_wconf 88' lang='lat' dir='ltr'><strong>considerato,</strong></span> <span class='ocrx_word' id='word_1_829' title='bbox 1607 5374 1838 5442; x_wconf 89' lang='lat' dir='ltr'><strong>desuper</strong></span> <span class='ocrx_word' id='word_1_830' title='bbox 1872 5388 1995 5428; x_wconf 85' lang='lat' dir='ltr'><strong>esse</strong></span> 
     </span>
    </p>
   </div>
   <div class='ocr_carea' id='block_1_107' title="bbox 428 5464 1995 5536">
    <p class='ocr_par' dir='ltr' id='par_1_107' title="bbox 428 5464 1995 5536">
     <span class='ocr_line' id='line_1_107' title="bbox 428 5464 1995 5536; baseline 0.002 -21"><span class='ocrx_word' id='word_1_831' title='bbox 428 5487 444 5514; x_wconf 76' lang='grc' dir='ltr'><strong>ι</strong></span> <span class='ocrx_word' id='word_1_832' title='bbox 487 5482 516 5517; x_wconf 84' lang='lat' dir='ltr'><strong>a</strong></span> <span class='ocrx_word' id='word_1_833' title='bbox 544 5464 704 5519; x_wconf 88' lang='lat' dir='ltr'><strong>Patre</strong></span> <span class='ocrx_word' id='word_1_834' title='bbox 725 5480 889 5518; x_wconf 89' lang='lat' dir='ltr'><strong>omne</strong></span> <span class='ocrx_word' id='word_1_835' title='bbox 918 5480 1122 5520; x_wconf 91' lang='lat' dir='ltr'><strong>munus</strong></span> <span class='ocrx_word' id='word_1_836' title='bbox 1154 5464 1479 5536; x_wconf 80' lang='lat' dir='ltr'><strong>perfectum,</strong></span> <span class='ocrx_word' id='word_1_837' title='bbox 1501 5480 1691 5519; x_wconf 90' lang='lat' dir='ltr'><strong>eorum</strong></span> <span class='ocrx_word' id='word_1_838' title='bbox 1722 5479 1849 5519; x_wconf 83' lang='lat' dir='ltr'><strong>vero</strong></span> <span class='ocrx_word' id='word_1_839' title='bbox 1880 5465 1995 5518; x_wconf 87' lang='lat' dir='ltr'><strong>dis-</strong></span> 
     </span>
    </p>
   </div>
   <div class='ocr_carea' id='block_1_108' title="bbox 429 5556 1997 5623">
    <p class='ocr_par' dir='ltr' id='par_1_108' title="bbox 429 5556 1997 5623">
     <span class='ocr_line' id='line_1_108' title="bbox 429 5556 1997 5623; baseline 0.001 -18"><span class='ocrx_word' id='word_1_840' title='bbox 429 5577 444 5605; x_wconf 77' lang='grc' dir='ltr'><strong>ι</strong></span> <span class='ocrx_word' id='word_1_841' title='bbox 485 5556 833 5610; x_wconf 87' lang='lat' dir='ltr'><strong>tributionem</strong></span> <span class='ocrx_word' id='word_1_842' title='bbox 877 5556 1077 5611; x_wconf 88' lang='lat' dir='ltr'><strong>Filium</strong></span> <span class='ocrx_word' id='word_1_843' title='bbox 1116 5572 1225 5612; x_wconf 89' lang='lat' dir='ltr'><strong>non</strong></span> <span class='ocrx_word' id='word_1_844' title='bbox 1281 5558 1357 5610; x_wconf 89' lang='lat' dir='ltr'><strong>uti</strong></span> <span class='ocrx_word' id='word_1_845' title='bbox 1406 5556 1742 5623; x_wconf 88' lang='lat' dir='ltr'><strong>ministrum,</strong></span> <span class='ocrx_word' id='word_1_846' title='bbox 1776 5557 1868 5610; x_wconf 89' lang='lat' dir='ltr'><strong>sed</strong></span> <span class='ocrx_word' id='word_1_847' title='bbox 1902 5571 1997 5609; x_wconf 85' lang='lat' dir='ltr'><strong>au-</strong></span> 
     </span>
    </p>
   </div>
   <div class='ocr_carea' id='block_1_109' title="bbox 428 5647 1494 5717">
    <p class='ocr_par' dir='ltr' id='par_1_109' title="bbox 428 5647 1494 5717">
     <span class='ocr_line' id='line_1_109' title="bbox 428 5647 1494 5717; baseline 0 -20"><span class='ocrx_word' id='word_1_848' title='bbox 428 5672 444 5697; x_wconf 78' lang='grc' dir='ltr'><strong>ι</strong></span> <span class='ocrx_word' id='word_1_849' title='bbox 488 5649 732 5703; x_wconf 82' lang='lat' dir='ltr'><strong>ctoritate</strong></span> <span class='ocrx_word' id='word_1_850' title='bbox 755 5664 854 5703; x_wconf 87' lang='lat' dir='ltr'><strong>sua</strong></span> <span class='ocrx_word' id='word_1_851' title='bbox 888 5649 965 5704; x_wconf 93' lang='lat' dir='ltr'><strong>uti</strong></span> <span class='ocrx_word' id='word_1_852' title='bbox 994 5647 1165 5703; x_wconf 90' lang='lat' dir='ltr'><strong>Deum</strong></span> <span class='ocrx_word' id='word_1_853' title='bbox 1197 5647 1435 5717; x_wconf 78' lang='lat' dir='ltr'><strong>operari.</strong></span> <span class='ocrx_word' id='word_1_854' title='bbox 1476 5666 1494 5697; x_wconf 76' lang='grc' dir='ltr'><strong>ι</strong></span> 
     </span>
    </p>
   </div>
   <div class='ocr_carea' id='block_1_110' title="bbox 2100 5093 3643 5171">
    <p class='ocr_par' dir='ltr' id='par_1_110' title="bbox 2100 5093 3643 5171">
     <span class='ocr_line' id='line_1_110' title="bbox 2100 5093 3643 5171; baseline -0.005 -17"><span class='ocrx_word' id='word_1_855' title='bbox 2100 5120 2119 5154; x_wconf 77' lang='grc' dir='ltr'><strong>ι</strong></span> <span class='ocrx_word' id='word_1_856' title='bbox 2163 5102 2278 5164; x_wconf 85' lang='grc' dir='ltr'><strong>τὸν,</strong></span> <span class='ocrx_word' id='word_1_857' title='bbox 2309 5102 2562 5171; x_wconf 82' lang='grc' dir='ltr'><strong>ἀληθινὸς</strong></span> <span class='ocrx_word' id='word_1_858' title='bbox 2603 5101 2845 5169; x_wconf 78' lang='grc' dir='ltr'><strong>δηλονότι</strong></span> <span class='ocrx_word' id='word_1_859' title='bbox 2878 5101 3033 5164; x_wconf 84' lang='grc' dir='ltr'><strong>Θεὸς,</strong></span> <span class='ocrx_word' id='word_1_860' title='bbox 3078 5099 3174 5153; x_wconf 85' lang='grc' dir='ltr'><strong>καὶ</strong></span> <span class='ocrx_word' id='word_1_861' title='bbox 3207 5100 3269 5152; x_wconf 80' lang='grc' dir='ltr'><strong>οὐ</strong></span> <span class='ocrx_word' id='word_1_862' title='bbox 3312 5098 3489 5160; x_wconf 57' lang='grc' dir='ltr'><strong>νόθοις</strong></span> <span class='ocrx_word' id='word_1_863' title='bbox 3529 5093 3643 5156; x_wconf 72' lang='grc' dir='ltr'><strong>τισὶ,</strong></span> 
     </span>
    </p>
   </div>
   <div class='ocr_carea' id='block_1_111' title="bbox 2104 5191 3579 5263">
    <p class='ocr_par' dir='ltr' id='par_1_111' title="bbox 2104 5191 3579 5263">
     <span class='ocr_line' id='line_1_111' title="bbox 2104 5191 3579 5263; baseline -0.006 -18"><span class='ocrx_word' id='word_1_864' title='bbox 2104 5212 2123 5245; x_wconf 81' lang='grc' dir='ltr'><strong>ι</strong></span> <span class='ocrx_word' id='word_1_865' title='bbox 2168 5192 2419 5263; x_wconf 82' lang='grc' dir='ltr'><strong>καθάπερ</strong></span> <span class='ocrx_word' id='word_1_866' title='bbox 2464 5196 2523 5248; x_wconf 83' lang='grc' dir='ltr'><strong>ἐν</strong></span> <span class='ocrx_word' id='word_1_867' title='bbox 2557 5193 2747 5248; x_wconf 82' lang='grc' dir='ltr'><strong>πίνακι</strong></span> <span class='ocrx_word' id='word_1_868' title='bbox 2779 5191 3290 5261; x_wconf 81' lang='grc' dir='ltr'><strong>κατακεχρισμὲνος</strong></span> <span class='ocrx_word' id='word_1_869' title='bbox 3319 5192 3500 5259; x_wconf 84' lang='grc' dir='ltr'><strong>τιμαῖς</strong></span> <span class='ocrx_word' id='word_1_870' title='bbox 3523 5203 3537 5252; x_wconf 86' lang='lat'><strong>;</strong></span> <span class='ocrx_word' id='word_1_871' title='bbox 3561 5202 3579 5236; x_wconf 74' lang='grc' dir='ltr'><strong>ι</strong></span> 
     </span>
    </p>
   </div>
   <div class='ocr_carea' id='block_1_112' title="bbox 2698 5286 3078 5339">
    <p class='ocr_par' dir='ltr' id='par_1_112' title="bbox 2698 5286 3078 5339">
     <span class='ocr_line' id='line_1_112' title="bbox 2698 5286 3078 5339; baseline -0.003 0"><span class='ocrx_word' id='word_1_872' title='bbox 2698 5286 3078 5339; x_wconf 80' lang='grc' dir='ltr'><strong>Ἑπιστασία.</strong></span> 
     </span>
    </p>
   </div>
   <div class='ocr_carea' id='block_1_113' title="bbox 2177 5364 3642 5446">
    <p class='ocr_par' dir='ltr' id='par_1_113' title="bbox 2177 5364 3642 5446">
     <span class='ocr_line' id='line_1_113' title="bbox 2177 5364 3642 5446; baseline -0.005 -19"><span class='ocrx_word' id='word_1_873' title='bbox 2177 5396 2197 5427; x_wconf 74' lang='grc' dir='ltr'><strong>ι</strong></span> <span class='ocrx_word' id='word_1_874' title='bbox 2233 5376 2520 5445; x_wconf 84' lang='grc' dir='ltr'><strong>Νουνεχῶς</strong></span> <span class='ocrx_word' id='word_1_875' title='bbox 2551 5376 2782 5430; x_wconf 81' lang='grc' dir='ltr'><strong>ἄκουσον</strong></span> <span class='ocrx_word' id='word_1_876' title='bbox 2829 5376 3037 5430; x_wconf 81' lang='grc' dir='ltr'><strong>ἄνωθεν</strong></span> <span class='ocrx_word' id='word_1_877' title='bbox 3070 5376 3167 5446; x_wconf 82' lang='grc' dir='ltr'><strong>μὲν</strong></span> <span class='ocrx_word' id='word_1_878' title='bbox 3215 5371 3356 5428; x_wconf 70' lang='grc' dir='ltr'><strong>εἶναι</strong></span> <span class='ocrx_word' id='word_1_879' title='bbox 3401 5367 3542 5442; x_wconf 83' lang='grc' dir='ltr'><strong>παρὰ</strong></span> <span class='ocrx_word' id='word_1_880' title='bbox 3563 5364 3642 5421; x_wconf 85' lang='grc' dir='ltr'><strong>τοῦ</strong></span> 
     </span>
    </p>
   </div>
   <div class='ocr_carea' id='block_1_114' title="bbox 2108 5454 3644 5540">
    <p class='ocr_par' dir='ltr' id='par_1_114' title="bbox 2108 5454 3644 5540">
     <span class='ocr_line' id='line_1_114' title="bbox 2108 5454 3644 5540; baseline -0.001 -21"><span class='ocrx_word' id='word_1_881' title='bbox 2108 5486 2126 5519; x_wconf 80' lang='grc' dir='ltr'><strong>ι</strong></span> <span class='ocrx_word' id='word_1_882' title='bbox 2168 5467 2379 5536; x_wconf 84' lang='grc' dir='ltr'><strong>Πατρὸς</strong></span> <span class='ocrx_word' id='word_1_883' title='bbox 2441 5469 2549 5521; x_wconf 82' lang='grc' dir='ltr'><strong>πᾶν</strong></span> <span class='ocrx_word' id='word_1_884' title='bbox 2602 5454 2832 5540; x_wconf 67' lang='grc' dir='ltr'><strong>δώρημα</strong></span> <span class='ocrx_word' id='word_1_885' title='bbox 2878 5467 3124 5533; x_wconf 82' lang='grc' dir='ltr'><strong>τέλειον,</strong></span> <span class='ocrx_word' id='word_1_886' title='bbox 3179 5467 3425 5536; x_wconf 81' lang='grc' dir='ltr'><strong>ἐνεργεῖν</strong></span> <span class='ocrx_word' id='word_1_887' title='bbox 3467 5461 3524 5516; x_wconf 80' lang='grc' dir='ltr'><strong>δὲ</strong></span> <span class='ocrx_word' id='word_1_888' title='bbox 3558 5457 3644 5527; x_wconf 76' lang='grc' dir='ltr'><strong>τὴν</strong></span> 
     </span>
    </p>
   </div>
   <div class='ocr_carea' id='block_1_115' title="bbox 2111 5544 3643 5628">
    <p class='ocr_par' dir='ltr' id='par_1_115' title="bbox 2111 5544 3643 5628">
     <span class='ocr_line' id='line_1_115' title="bbox 2111 5544 3643 5628; baseline -0.008 -17"><span class='ocrx_word' id='word_1_889' title='bbox 2111 5578 2129 5611; x_wconf 85' lang='grc' dir='ltr'><strong>ι</strong></span> <span class='ocrx_word' id='word_1_890' title='bbox 2169 5563 2374 5613; x_wconf 79' lang='grc' dir='ltr'><strong>τούτων</strong></span> <span class='ocrx_word' id='word_1_891' title='bbox 2401 5558 2664 5628; x_wconf 78' lang='grc' dir='ltr'><strong>διανομὴν</strong></span> <span class='ocrx_word' id='word_1_892' title='bbox 2718 5559 2812 5610; x_wconf 80' lang='grc' dir='ltr'><strong>τὸν</strong></span> <span class='ocrx_word' id='word_1_893' title='bbox 2872 5557 3023 5623; x_wconf 79' lang='grc' dir='ltr'><strong>Υίὸν,</strong></span> <span class='ocrx_word' id='word_1_894' title='bbox 3081 5558 3142 5610; x_wconf 84' lang='grc' dir='ltr'><strong>οῦ</strong></span> <span class='ocrx_word' id='word_1_895' title='bbox 3175 5552 3510 5620; x_wconf 79' lang='grc' dir='ltr'><strong>διακονικῶς,</strong></span> <span class='ocrx_word' id='word_1_896' title='bbox 3543 5544 3643 5605; x_wconf 75' lang='grc' dir='ltr'><strong>ἀλλ’</strong></span> 
     </span>
    </p>
   </div>
   <div class='ocr_carea' id='block_1_116' title="bbox 2114 5646 2953 5712">
    <p class='ocr_par' dir='ltr' id='par_1_116' title="bbox 2114 5646 2953 5712">
     <span class='ocr_line' id='line_1_116' title="bbox 2114 5646 2953 5712; baseline -0.001 -13"><span class='ocrx_word' id='word_1_897' title='bbox 2114 5668 2131 5699; x_wconf 80' lang='grc' dir='ltr'><strong>ι</strong></span> <span class='ocrx_word' id='word_1_898' title='bbox 2172 5648 2617 5712; x_wconf 76' lang='grc' dir='ltr'><strong>ὲξουσιαστικῶς,</strong></span> <span class='ocrx_word' id='word_1_899' title='bbox 2648 5646 2722 5711; x_wconf 81' lang='grc' dir='ltr'><strong>ὡς</strong></span> <span class='ocrx_word' id='word_1_900' title='bbox 2748 5646 2898 5702; x_wconf 78' lang='grc' dir='ltr'><strong>Θεόν.</strong></span> <span class='ocrx_word' id='word_1_901' title='bbox 2933 5666 2953 5698; x_wconf 78' lang='grc' dir='ltr'><strong>ι</strong></span> 
     </span>
    </p>
   </div>
   <div class='ocr_carea' id='block_1_117' title="bbox 494 5821 2531 5893">
    <p class='ocr_par' dir='ltr' id='par_1_117' title="bbox 494 5821 2531 5893">
     <span class='ocr_line' id='line_1_117' title="bbox 494 5821 2531 5893; baseline -0.003 -9"><span class='ocrx_word' id='word_1_902' title='bbox 494 5828 749 5884; x_wconf 78' lang='lat' dir='ltr'><strong>&quot;Jacob.</strong></span> <span class='ocrx_word' id='word_1_903' title='bbox 788 5845 821 5893; x_wconf 84' lang='grc' dir='ltr'><strong>ι,</strong></span> <span class='ocrx_word' id='word_1_904' title='bbox 861 5828 948 5885; x_wconf 83' lang='lat' dir='ltr'><strong>I7.</strong></span> <span class='ocrx_word' id='word_1_905' title='bbox 1026 5831 1071 5863; x_wconf 83' lang='grc'>⁸⁸</span> <span class='ocrx_word' id='word_1_906' title='bbox 1097 5828 1283 5882; x_wconf 82' lang='lat' dir='ltr'><strong>Matth.</strong></span> <span class='ocrx_word' id='word_1_907' title='bbox 1326 5843 1380 5892; x_wconf 76' lang='grc' dir='ltr'><strong>ιι,</strong></span> <span class='ocrx_word' id='word_1_908' title='bbox 1412 5829 1464 5879; x_wconf 84' lang='grc'><strong>8.</strong></span> <span class='ocrx_word' id='word_1_909' title='bbox 1543 5828 1769 5883; x_wconf 69' lang='lat' dir='ltr'><strong>“Junii.</strong></span> <span class='ocrx_word' id='word_1_910' title='bbox 1799 5844 1837 5891; x_wconf 86' lang='grc' dir='ltr'><strong>ι,</strong></span> <span class='ocrx_word' id='word_1_911' title='bbox 1871 5828 1953 5880; x_wconf 80' lang='lat' dir='ltr'><strong>l6.</strong></span> <span class='ocrx_word' id='word_1_912' title='bbox 2038 5821 2276 5893; x_wconf 78' lang='lat' dir='ltr'><strong>_’°Juan.</strong></span> <span class='ocrx_word' id='word_1_913' title='bbox 2320 5840 2407 5889; x_wconf 69' lang='lat' dir='ltr'><strong>sx,</strong></span> <span class='ocrx_word' id='word_1_914' title='bbox 2440 5823 2531 5878; x_wconf 64' lang='lat'><strong>2‘2.</strong></span> 
     </span>
    </p>
   </div>
  </div>
