3800 6558
1070 442 1151 501 1N
1191 439 1576 503 CAMATERI
1621 409 2418 502 ANIMADVERSIONESK

715 557 1103 626 Ἀντιζῤῥησις.
1724 561 1768 616 Α

220 649 313 704 Καὶ
337 647 386 700 τί
412 663 490 700 σοι
515 647 659 716 τάχα
690 649 749 700 τὸ
778 650 840 699 ὲκ
873 650 971 716 τῆς
1013 651 1334 711 ἐπιστασίας
1377 651 1495 701 ἐστὶ
1528 665 1686 700 συνα-

163 742 397 810 γόμενονς
451 738 542 792 Ἐκ
569 737 778 792 τούτων
820 740 1002 791 αὐτῶν
1052 739 1158 791 τῶν
1213 743 1270 792 ὲν
1300 742 1362 808 τῇ
1400 735 1693 806 ἐπιστασίᾳ

162 830 681 904 ὲμπεριειλημμένων
705 830 885 882 κοινὸν
913 829 1126 900 Πατρὸς
1154 831 1248 883 καὶ
1274 830 1408 884 Υἱοῦ
1437 831 1496 882 τὸ
1528 827 1693 882 Πνεῦ-

166 946 226 995 μα
253 929 277 979 6
304 926 446 992 ἅγιος
481 925 779 980 δείκνυσιν.

171 1020 255 1074 Ἐκ
281 1017 376 1072 τοῦ
415 1017 590 1070 ἕκτου
635 1019 826 1087 λόγου
875 1018 985 1087 τῆς
1025 1019 1214 1087 αὐτῆς
1268 1019 1690 1088 πραγματείας.

221 1115 315 1176 ιε’,
347 1111 524 1172 ιΤίνος
549 1112 682 1162 ἴδιον
711 1107 851 1163 εἷναί
878 1130 1060 1181 φαμεν
1089 1114 1149 1165 τὸ
1180 1113 1403 1178 Πνεῦμα
1427 1113 1486 1164 τὸ
1515 1111 1692 1179 ἆγιον,

171 1220 186 1252 ι
219 1201 420 1267 πότερον
457 1201 518 1269 δὴ
559 1201 723 1268 μόνου
775 1201 868 1254 τοῦ
923 1201 1060 1254 Θεοῦ
1105 1203 1200 1254 καὶ
1233 1202 1464 1271 Πατρὸς,
1499 1203 1531 1272 ἢ
1565 1201 1697 1269 γοῦν

168 1293 290 1343 «καὶ
340 1292 428 1342 τοῦ
483 1292 638 1353 Υίοῦ,
687 1293 718 1362 ἢ
770 1295 864 1346 καὶ
921 1295 1024 1346 ἀνα
1077 1295 1239 1363 μέρος
1289 1295 1552 1364 ἑκατέρου
1603 1292 1697 1346 καὶ

167 1401 182 1434 ι
212 1384 414 1451 ἀμφοῖν,
443 1381 517 1443 ὡς
543 1383 601 1434 ἓν
641 1386 704 1436 ὲκ
738 1386 952 1455 Πατρὸς
983 1387 1049 1438 δι’
1085 1387 1214 1439 Tia-3
1250 1387 1339 1439 διὰ
1369 1387 1468 1456 τὴν
1501 1386 1696 1439 ταυτό-

165 1493 180 1526 ι
209 1492 332 1542 τητα
360 1477 453 1544 τῆς
481 1477 673 1539 οὐσίας
699 1496 714 1543 ;
760 1480 1055 1548 Ἑρμείας.
1109 1480 1298 1542 Οὕτως
1329 1481 1505 1549 ἔγωγε
1535 1479 1697 1549 φημί.

163 1586 179 1619 t
209 1569 502 1635 Κύριλλος.
548 1570 780 1640 Ὀρθῶς,
824 1571 868 1624 ὦ
911 1574 1096 1640 ἑταῖρε
1127 1589 1142 1604 ο
1180 1573 1272 1626 καί
1324 1590 1380 1625 σε
1411 1573 1512 1641 τῆς
1542 1575 1700 1642 ἀγχι-

161 1677 177 1708 ι
206 1659 334 1720 νοίας
363 1659 597 1730 ἄγαμαι,
639 1665 733 1714 καὶ
782 1667 901 1724 ταῖς
951 1663 1331 1725 Οεοπνεύστοις
1369 1665 1614 1733 Γραφατς
1643 1663 1701 1718 εὖ

2431 553 2722 624 Refutatio.

1815 671 1820 678 -
1865 647 2005 712 Quid
2034 664 2164 701 vero
2190 648 2284 701 tibi
2319 663 2384 702 ex
2412 648 2512 701 hac
2539 648 3012 706 animadversione
3042 651 3318 719 colligitur
3343 650 3367 701 ἲ

1796 739 1868 792 Ex
1901 740 1984 793 his
2023 756 2144 808 qua:
2197 740 2248 792 in
2284 739 2766 795 animadversione
2805 744 3183 807 continentur,
3219 760 3366 797 cum-

1795 849 2010 886 tuunem
2043 848 2164 885 esse
2197 831 2370 886 Patris
2423 841 2475 885 et
2515 832 2633 886 Filii
2664 834 2950 904 Spiritum,
2982 845 3238 890 sanetum
3271 835 3364 886 do-

1798 935 2105 978 monstrare
2133 924 2354 992 planum
2390 933 2494 978 est.

2029 1012 2112 1065 E1:
2139 1023 2288 1068 sexta
2311 1015 2544 1083 ejusdem
2573 1013 2858 1071 Tractatus
2888 1019 3152 1071 oratione.

1869 1104 2055 1161 XCIV.
2094 1125 2111 1157 ι
2151 1107 2321 1175 Cujus
2372 1107 2650 1177 propriqu
2682 1110 2917 1166 dicimus
2951 1127 3071 1166 esse
3103 1110 3367 1180 Spiritum

1804 1216 1820 1248 ι
1861 1209 2136 1262 sanctum,
2202 1208 2495 1270 utrumque
2551 1201 2724 1256 solius
2776 1201 2870 1256 Dei
2927 1212 2982 1257 et
3030 1202 3230 1264 Patris,
3291 1202 3372 1256 vel

1805 1311 1823 1343 ι
1860 1293 2022 1345 etiam
2058 1291 2205 1357 Filii,
2255 1293 2338 1347 vel
2390 1293 2625 1349 seorsim
2673 1297 2921 1360 alterius,
2957 1305 3011 1351 et
3059 1301 3371 1356 amborum,

1807 1403 1823 1434 ι
1863 1386 2019 1454 quasi
2049 1402 2217 1440 unum
2249 1403 2316 1440 ex
2355 1386 2510 1442 Patre
2551 1403 2647 1456 per
2683 1387 2880 1442 Filium
2915 1398 3136 1458 propter
3172 1389 3376 1443 identi-

1808 1491 1825 1522 ι
1864 1482 2026 1528 tatem
2062 1476 2427 1531 substantias?
2468 1476 2656 1531 Herm.
2708 1477 2798 1531 Sic
2847 1492 2947 1546 ego
2996 1478 3139 1532 dico.
3203 1478 3374 1547 Cyril.

1807 1583 1825 1616 ι
1867 1563 2033 1621 Recte
2071 1569 2276 1636 inquis,
2310 1569 2508 1634 amice,
2537 1581 2592 1624 et
2644 1570 2714 1625 0b
2757 1571 3033 1640 ingenium
3092 1569 3148 1622 in
3175 1571 3376 1647 Isacris

1808 1676 1826 1710 ι
1868 1657 2167 1730 Scripturis
2202 1660 2560 1714 exercitatum
2590 1663 2836 1715 admiror
2860 1700 2874 1726 ,
2918 1660 3062 1728 quod
3108 1660 3250 1712 hanc
3282 1660 3377 1713 de-

161 1749 779 1821 ιμάλασυμόαίνουσαν
841 1756 940 1825 τὴν
1007 1757 1100 1810 ἐπὶ
1162 1757 1298 1826 τῷδε
1342 1759 1500 1822 δόξαν
1554 1758 1706 1828 είρῆδ

1824 1771 1825 1780 ι
1864 1751 2062 1821 legeris
2087 1751 2437 1807 sententiam.
2474 1751 2608 1806 Nam
2641 1754 2964 1822 intelligitur
2987 1753 3209 1819 quidem
3237 1751 3380 1806 Deus

159 1863 176 1894 ι
208 1846 316 1898 σθαι
356 1863 516 1917 φημι.
578 1850 800 1905 Νοεῖται
854 1853 952 1920 μὲν
988 1853 1097 1922 γὰρ
1139 1856 1165 1906 6
1197 1853 1328 1915 θεὸς
1373 1855 1468 1904 καὶ
1511 1853 1701 1920 Πατὴρ

1824 1861 1830 1894 l
1867 1857 1919 1896 et
1948 1841 2108 1899 Pater
2136 1845 2188 1898 in
2221 1846 2551 1906 {exsistentia
2597 1861 2691 1914 per
2722 1862 2802 1910 se,
2835 1833 3082 1900 substitit
3115 1854 3296 1900 autem
3324 1852 3379 1898 et

162 1940 255 1988 (ἐν
289 1938 511 2008 ὑπάρξει
548 1945 612 2012 τῇ
656 1945 780 1998 καθ’
821 1920 1034 2006 ἑαυτὸν,
1069 1920 1349 2015 νὺερέστηκε
1388 1946 1444 1997 δὲ
1489 1944 1555 1997 αὖ
1605 1943 1701 1998 καὶ

1824 1935 2038 1989 iFilius
2098 1939 2358 2007 proprie,
2415 1939 2666 2006 quamvis
2724 1939 2959 2008 propriis
3007 1937 3381 1992 subsistentiis

162 2045 176 2077 ι
207 2027 370 2092 ὁΥἱὸς
400 2031 580 2093 ίδικῶς
611 2050 624 2064 ·
664 2035 780 2086 ἀλλ’
816 2037 864 2088 εί
906 2037 1000 2088 καὶ
1045 2037 1184 2090 ἰδίαν
1225 2037 1525 2089 ὑπόστασιν
1569 2038 1701 2090 ἐκά-

161 2141 176 2173 ι
206 2137 348 2190 τερος
380 2124 708 2194 ἀπετέμετο,
736 2129 828 2181 τὸν
877 2129 1008 2197 γοῦν
1049 2131 1288 2183 εἰσάπαν
1329 2131 1610 2200 διορισμὸν
1640 2131 1702 2184 οὐ

160 2232 175 2264 ι
209 2216 496 2283 προσίεται.
531 2220 667 2272 Οὐδὲ
691 2223 798 2292 γὰρ
829 2222 895 2274 ἂν
926 2223 1217 2292 διορίζοιτο
1247 2224 1462 2294 Πατρὶς
1493 2225 1520 2273 ὁ
1555 2223 1702 2287 Υἱὸς.

163 2326 178 2358 ι
212 2307 382 2378 ὥσπερ
405 2311 633 2378 ἄγγελος
657 2313 912 2380 ἀγγέλου.
947 2315 1054 2367 Καὶ
1083 2314 1187 2384 μὴν
1213 2316 1304 2368 καὶ
1341 2318 1399 2367 ἐν
1434 2318 1545 2378 τοῖς
1583 2317 1702 2370 καθ’

161 2420 176 2451 ι
206 2403 341 2470 ἡμᾶς
365 2402 422 2455 τὸ
445 2403 591 2456 δεῖνα
624 2405 745 2467 ὅλος
776 2405 897 2458 ὅλου
928 2406 1206 2476 διαστήξει
1229 2409 1415 2479 τυχὸν,
1449 2408 1571 2460 οὔτε
1597 2409 1703 2478 μὴν

160 2509 179 2544 t
209 2492 434 2562 διαμπὰξ
465 2495 648 2550 ἐλάσει
677 2498 776 2567 τῆς
805 2497 1076 2566 διαφορᾶς
1123 2501 1150 2552 6
1188 2499 1367 2567 λόγος,
1394 2501 1499 2553 ἀνὰ
1536 2500 1704 2570 μέρος

161 2602 177 2633 ι
207 2584 494 2656 ὁλοτρόπως
521 2589 788 2660 ἑκάτερον
813 2593 988 2653 ἱστὰς.
1014 2589 1092 2644 Ἦ
1122 2592 1232 2662 γὰρ
1261 2594 1327 2645 ἂν
1355 2589 1464 2646 εἷεν
1497 2596 1588 2645 καὶ
1612 2593 1706 2647 δύο

158 2695 177 2728 t
207 2675 321 2729 Θεοί
347 2694 362 2709 ο
407 2681 534 2748 μιᾶς
555 2680 612 2732 δὲ
639 2682 734 2734 καὶ
768 2683 934 2751 μόνης
965 2681 1133 2753 οὔσης
1164 2701 1223 2736 τε
1269 2687 1361 2736 καὶ
1406 2687 1705 2754 νοουμένης

155 2786 176 2819 γι
211 2767 470 2840 Θεότητος,
503 2770 684 2834 ζῶντα
731 2775 826 2826 καὶ
871 2775 1223 2844 ὑφεστηκότα
1253 2776 1706 2846 καταθρήσαιμεν

162 2878 181 2913 t
210 2861 275 2915 ἂν
313 2865 365 2915 ὲν
403 2866 574 2936 Πατρὶ
611 2867 702 2918 τὸν
735 2867 882 2931 Υίὸν,
917 2869 1010 2921 καὶ
1043 2868 1150 2937 μὴν
1195 2870 1291 2922 καὶ
1329 2870 1391 2920 τδ
1441 2869 1706 2938 ἔμπαλιν,

161 2956 470 3009 «τουτέστιν
520 2959 578 3010 ὲν
632 2957 746 3029 Υἱῴ
792 2959 882 3012 τὸν
941 2960 1161 3030 Πατέρα
1195 2978 1210 2991 ο
1264 2966 1552 3030 χαρακτὴρ
1595 2962 1706 3030 γάρ

161 3063 178 3097 ι
208 3047 318 3099 ἐστι
351 3049 446 3116 τῆς
482 3050 836 3114 ὑποστάσεως
869 3050 1056 3104 αὑτοῦ.
1093 3051 1390 3120 Ἑρμείας.
1418 3054 1706 3124 Σύμφημι.

162 3156 176 3187 ι
207 3140 508 3206 Κύίιλλος.
552 3143 701 3205 Muci;
729 3142 822 3196 οὖν
848 3143 1066 3210 φύσεως
1102 3144 1159 3196 ἓν
1192 3150 1285 3198 καὶ
1327 3149 1385 3196 τὸ
1434 3146 1656 3216 Πνεῦμα
1691 3163 1704 3176 °

1810 2044 1829 2078 ι
1871 2037 2102 2097 uterque
2135 2029 2475 2098 sejungatur.
2512 2029 2666 2084 Unde
2726 2047 2831 2084 non
2887 2046 3104 2083 onmem
3160 2044 3384 2098 separa-

1812 2122 2075 2177 «tionem
2129 2124 2387 2177 admittit.
2448 2123 2565 2178 Non
2615 2124 2761 2178 enim
2799 2125 3106 2178 secernitur
3156 2121 3378 2176 Patera

1812 2234 1830 2267 ι
1869 2215 2004 2271 Filio
2058 2217 2222 2272 sicuti
2269 2219 2496 2287 angelus
2542 2219 2612 2273 ab
2664 2219 3096 2288 angelo,'neque
3148 2217 3293 2272 sicut
3324 2217 3380 2270 iu

1812 2323 1830 2356 ι
1868 2305 2028 2360 nobis
2057 2322 2178 2360 cum
2215 2307 2415 2376 aliquis
2447 2309 2756 2380 ab_aliquo,
2792 2317 2940 2363 totus
2973 2325 3003 2360 a
3041 2317 3156 2360 toto
3189 2306 3385 2360 distin-

1811 2415 1832 2450 ι
1870 2408 1991 2454 ctus
2020 2409 2123 2455 est.
2161 2400 2345 2470 Neque
2368 2403 2532 2456 etiam
2577 2403 2835 2471 utrinque
2866 2401 3188 2456 diti‘erentia:
3213 2417 3380 2453 unum

1810 2507 1831 2542 ι
1871 2491 2012 2546 ratio
2037 2507 2288 2550 seorsum
2317 2494 2576 2550 omnibus
2610 2495 2790 2549 modis
2827 2504 3049 2564 utrique
3071 2492 3378 2548 constituit.

1813 2601 1832 2633 ι
1872 2583 2065 2639 Nonne
2113 2595 2300 2640 essent
2344 2589 2508 2642 etiam
2558 2589 2668 2642 duo
2716 2588 2792 2642 dii
2841 2603 2963 2642 cum
3009 2604 3114 2641 una
3164 2597 3219 2640 et
3269 2587 3380 2638 sola

1814 2693 1832 2724 ι
1869 2677 2100 2730 exsistat
2129 2688 2181 2731 et
2231 2679 2564 2747 intelligatur
2595 2679 2804 2741 Deitas,
2843 2680 3114 2733 viventem
3154 2687 3209 2732 et
3246 2677 3379 2730 sub.

1811 2783 1833 2818 ε
1866 2767 2145 2820 sistentem
2182 2768 2492 2822 videremus
2523 2769 2576 2821 in
2621 2765 2787 2822 Patre
2823 2766 3020 2821 Filium
3050 2806 3064 2830 ,
3099 2774 3153 2819 et
3191 2773 3384 2819 contra

1811 2877 1832 2910 ι
1876 2859 1930 2913 in
1958 2859 2095 2915 Filio
2119 2860 2367 2924 Patrem;
2392 2862 2673 2916 character
2694 2861 2839 2914 enim
2867 2857 3386 2914 subsistentia-illius

1813 2969 1832 3002 ι
1869 2958 1975 3009 est.
2029 2951 2298 3006 Hermias.
2347 2953 2654 3008 Asseutior.
2703 2952 2963 3024 Cyrillus.
3019 2950 3192 3006 Unius
3220 2949 3386 3020 igitur

1814 3063 1832 3096 ι
1875 3055 2084 3100 natura:
2113 3061 2255 3100 unus
2286 3048 2452 3100 etiam
2483 3047 2744 3116 Spiritus.
2794 3055 2849 3101 et
2886 3046 3130 3115 procedit
3161 3044 3381 3114 quidem

1815 3158 1833 3190 ι
1872 3140 2032 3209 quasi
2086 3156 2112 3190 a
2163 3138 2312 3193 fonte
2353 3139 2533 3204 Patre,
2561 3151 2642 3194 est
2682 3150 2864 3195 autem
2893 3156 3002 3192 nun
3033 3139 3245 3193 alienus
3271 3145 3325 3191 et
3357 3152 3386 3190 a

164 3247 179 3280 t
213 3231 300 3282 καὶ
331 3237 609 3304 προχεῖται
637 3235 738 3304 μὲν
772 3230 972 3304 οἷάπερ
1001 3238 1108 3288 ἀπὸ
1137 3236 1318 3305 πηγῆς
1351 3237 1442 3289 τοῦ
1476 3239 1706 3307 Πατρὸς,

1824 3252 1840 3285 ι
1875 3230 2036 3296 Filio,
2075 3233 2457 3303 proprietatem
2513 3234 2757 3286 omnium
2810 3233 3020 3287 habens
3061 3233 3112 3284 in
3143 3247 3201 3287 se
3242 3231 3384 3300 ipso.

165 3340 181 3371 ι
213 3323 316 3374 ἔστι
341 3341 400 3392 γε
438 3327 544 3395 μὴν
581 3326 682 3378 οὑκ
729 3325 1011 3396 ἀλλότριον
1048 3326 1141 3378 τοῦ
1174 3327 1305 3381 Υἰοῦ
1343 3343 1356 3356 ·
1386 3331 1712 3399 γεγέννηται

164 3434 178 3463 ι
213 3416 313 3484 γὰρ
363 3419 460 3485 τὴν
515 3418 611 3470 τοῦ
649 3420 861 3489 Πατρὶς
923 3419 1163 3488 ἰδιότητα
1219 3423 1404 3473 πᾶσαν
1455 3422 1593 3489 ἒχων
1658 3425 1714 3473 ὲν

161 3525 178 3556 ι
217 3509 402 3577 ἐαυτῷ.
441 3511 546 3561 Καὶ
582 3512 814 3578 ἐπείπερ
862 3513 980 3564 ἐστὶ
1017 3511 1118 3581 τῆς
1162 3515 1429 3566 ἀνωτάτω
1461 3512 1716 3583 Οεὸτητος

163 3620 178 3650 ι
215 3603 551 3671 bivium;
586 3596 647 3655 οὗ
697 3605 756 3655 τὸ
795 3603 1021 3668 Πνεῦμα
1057 3606 1332 3657 δεικτικὸν
1365 3622 1379 3636 ο
1419 3607 1575 3674 ἆγιον
1609 3608 1717 3676 γὰρ

162 3715 177 3744 ι
214 3715 348 3748 κατα
389 3700 570 3763 φύσιν,
612 3699 709 3749 καὶ
768 3701 868 3767 τῆς
915 3699 1043 3768 ὅλης
1095 3702 1327 3762 κτίσεως
1374 3700 1715 3767 ἁγιαστικόν.

164 3808 178 3836 ι
224 3791 499 3856 Ἑρμείας.
542 3792 651 3843 Καὶ
683 3792 767 3852 τίς
818 3791 885 3843 ἂν
928 3794 1140 3858 γένοιτο
1170 3792 1379 3846 τούτων
1418 3795 1449 3863 η
1486 3793 1668 3858 πίστις
1701 3814 1716 3863 ;

162 3898 177 3926 ι
217 3881 332 3943 Πῶς
359 3882 399 3933 δ’
429 3883 491 3934 ἂν
521 3882 752 3952 μάθοιμι
788 3883 996 3950 σαφῶς,
1031 3883 1105 3946 ὼς
1126 3884 1271 3936 ἔστιν
1305 3884 1437 3937 ἴδιον
1463 3886 1555 3938 τοῦ
1588 3887 1718 3940 Υίοῦ

165 3992 178 4020 ι
219 3974 269 4023 τὸ
295 3974 511 4042 Πνεῦμα
541 3977 600 4026 τὸ
626 3975 804 4040 ἅγιον,
838 3974 1090 4044 καθάπερ
1117 3977 1310 4045 ἀμέλει
1337 3977 1432 4029 τοῦ
1467 3979 1677 4048 Πατρός
1703 3997 1719 4045 ;

164 4086 179 4112 ‹
216 4069 523 4132 Ruﬁ-1.1.109
567 4068 643 4119 Οὐ
681 4067 916 4136 θύραθεν
952 4069 1085 4134 ἡμῖν
1134 4071 1160 4120 6
1191 4071 1429 4136 μάρτυς,
1470 4071 1633 4123 αὐτὸν
1666 4073 1720 4125 δὲ

164 4178 178 4205 ι
217 4160 506 4229 εἰσ-κομίσω
533 4159 747 4229 βοῶντα
781 4160 871 4211 τὸν
908 4160 1147 4230 Χριστόν
1173 4177 1188 4190 ο
1219 4179 1236 4210 ι
1259 4161 1381 4214 Ἐτι
1414 4163 1586 4216 πολλὰ
1612 4165 1721 4232 ἔχω

161 4271 174 4297 ι
212 4249 383 4316 λέγειν
437 4254 585 4319 ὑμῖν,
648 4252 764 4302 ἀλλ’
823 4254 885 4304 οὺ
922 4252 1151 4304 δύνασθε
1188 4253 1486 4321 βαστάζειν
1541 4255 1666 4324 ἄρτι
1705 4271 1718 4285 ⁸

161 4362 176 4391 ς
213 4343 337 4394 ὅταν
369 4344 423 4396 δὲ
465 4343 599 4414 ἔλθῃ
642 4345 872 4407 ἐκεῖνος,
919 4345 978 4395 τὸ
1022 4345 1251 4414 Πνεῦμα
1295 4348 1394 4408 τῆς
1438 4348 1720 4417 ἀληθείας,

162 4454 176 4483 ι
211 4436 463 4505 ὁδηγήσει
505 4437 650 4504 ὑμᾶς
699 4438 758 4487 ὲν
786 4439 852 4505 τῇ
895 4436 1128 4507 ἀληθείᾳ
1165 4439 1316 4509 πάσῃ
1343 4455 1358 4471 ο
1398 4440 1460 4491 οὐ
1497 4441 1603 4510 γὰρ
1633 4440 1725 4493 λα-

161 4546 175 4574 ι
213 4529 368 4596 λήσει
407 4529 500 4598 ἀφ’
551 4529 768 4593 ἑαυτοῦ,
817 4529 936 4581 ἀλλ’
971 4531 1074 4583 ὅσα
1116 4531 1182 4583 ἂν
1217 4533 1424 4601 ἀκούσῃ
1472 4533 1720 4604 λαλήσει.

1823 3344 1840 3376 ι
1881 3325 1946 3379 Ει
1977 3327 2237 3394 quoniam
2293 3335 2377 3381 est
2439 3341 2670 3382 summae
2730 3325 2957 3381 Deitatis
3007 3325 3390 3387 sanctiﬁcatio,

1824 3436 1842 3468 ι
1879 3433 2044 3487 quam
2072 3419 2310 3488 Spiritus
2351 3419 2587 3473 ostendit
2615 3437 2629 3472 :
2663 3427 2891 3473 sanctus
2915 3418 3061 3472 enim
3089 3427 3171 3470 est
3191 3431 3392 3469 secun-

1823 3527 1843 3560 ι
1882 3519 2010 3564 dum
2059 3520 2303 3566 naturam
2353 3521 2407 3567 et
2458 3512 2639 3565 omnis
2687 3523 2954 3566 creatura:
3003 3511 3392 3565 sanetilicatur.

1825 3622 1844 3655 ι
1887 3602 2073 3658 Herm.
2117 3604 2182 3659 Et
2214 3621 2336 3674 quae
2379 3606 2484 3659 erit
2529 3605 2721 3658 horum
2763 3604 2941 3658 ﬁdes?
2993 3601 3087 3657 Vel
3118 3602 3395 3673 quomodo

1841 3715 1858 3748 ι
1905 3697 2196 3752 manifeste
2225 3699 2515 3759 discerem,
2551 3696 2816 3766 Spiritum
2851 3709 3102 3750 sanctum
3128 3711 3247 3750 esse
3275 3711 3399 3763 pro-

1827 3807 1845 3840 ι
1884 3789 2061 3859 prium
2112 3787 2233 3843 Filii
2266 3789 2410 3844 sicut
2455 3789 2669 3842 scilicet
2720 3798 2774 3843 et
2803 3785 3032 3842 Patris?
3071 3786 3242 3857 Cyril.
3281 3786 3395 3840 Non

1829 3900 1846 3932 ι
1886 3891 2180 3936 extraneus
2223 3881 2328 3936 erit
2379 3881 2558 3943 testis,
2598 3880 2692 3936 sed
2737 3882 2912 3950 ipsum
2948 3880 3226 3934 Christum
3265 3879 3400 3934 alie-

1827 3992 1847 4026 ι
1887 3990 2003 4028 ram
2051 3974 2324 4028 dicentem
2362 3991 2376 4028 :
2427 3994 2446 4027 ι
2483 3976 2680 4029 Adhuc
2715 3974 2886 4028 multa
2923 3973 3098 4028 habeo
3124 3973 3280 4027 vobis
3316 3973 3401 4026 di-

1828 4087 1844 4119 ι
1888 4084 2032 4133 cere,
2054 4068 2146 4123 sed
2174 4084 2283 4123 non
2309 4069 2536 4138 potestis
2563 4079 2780 4138 portare
2809 4068 2968 4123 modo
2995 4069 3038 4100 "
3073 4085 3086 4123 :
3119 4087 3137 4119 ι
3177 4067 3398 4138 quando

1831 4179 1848 4212 ι
1884 4172 2066 4217 autem
2099 4165 2308 4217 venerit
2337 4163 2428 4216 ille
2473 4162 2711 4231 Spiritus
2745 4163 3010 4226 veritatis,
3039 4162 3270 4216 deducet
3305 4176 3400 4215 vos

1830 4271 1848 4305 ι
1889 4253 1942 4308 in
1979 4269 2198 4310 omnem
2253 4254 2539 4307 veritatem
2593 4268 2608 4305 :
2647 4268 2755 4306 non
2799 4253 2945 4305 enim
2983 4253 3236 4320 loquetur
3269 4267 3299 4305 a
3343 4266 3403 4304 se

1831 4363 1850 4398 ι
1887 4346 2029 4415 ipso,
2061 4345 2154 4400 sed
2200 4359 2322 4414 quae
2347 4342 2582 4398 audierit
2627 4342 2902 4411 loquetur,
2935 4353 2988 4396 et
3023 4358 3142 4411 quae
3177 4331 3401 4396 ventura

1831 4457 1850 4492 ι
1894 4448 2024 4493 sunt
2057 4437 2403 4492 annuntiabit
2435 4435 2615 4490 vobis.
2656 4433 2852 4489 Omnia
2882 4449 3004 4502 qum
3049 4434 3211 4486 habet
3243 4432 3403 4486 Pater

1833 4551 1852 4585 ι
1892 4548 2012 4587 mea
2063 4539 2193 4586 sunt
2249 4550 2263 4586 :
2327 4539 2615 4601 propterea
2667 4529 2780 4582 dixi
2828 4528 2978 4581 vobis
3007 4528 3054 4558 “
3104 4525 3232 4595 quia
3271 4542 3287 4574 ι
3328 4524 3402 4578 De

160 4638 177 4668 ι
214 4621 306 4671 καὶ
363 4621 425 4673 τὰ
472 4623 745 4690 ἐρχόμενα
806 4623 1103 4690 ἀναγγελεί
1159 4626 1313 4693 ὑμῖν.
1376 4626 1558 4679 Πάντα
1625 4629 1712 4681 ὅσα

1845 4649 1864 4682 ι
1906 4645 2025 4683 meo
2056 4628 2288 4698 accipiet
2328 4633 2383 4681 et
2437 4623 2788 4679 annuntiabit
2824 4621 3002 4674 vobis.
3041 4639 3058 4672 ι
3098 4621 3292 4672 Annon
3325 4619 3409 4670 iu-

161 4730 176 4759 t
212 4712 320 4782 ἔχει
376 4717 401 4766 6
450 4717 660 4785 Πατὴρ,
693 4716 800 4783 ὲμα
833 4719 947 4768 ἐστι
981 4733 991 4745 ·
1021 4717 1109 4769 διὰ
1161 4717 1316 4770 τοῦτο
1361 4715 1514 4772 εἷπον
1575 4722 1723 4791 ὑμῖν,

159 4824 176 4855 ι
214 4809 294 4859 ὅτι
328 4808 394 4860 ἐκ
422 4806 514 4861 τοῦ
552 4807 687 4876 ἐμοῦ
719 4807 1012 4877 λαμϐάνει,
1049 4811 1144 4861 καὶ
1183 4811 1480 4878 ἀναγγελεῖ
1506 4815 1657 4880 ὑμῖν.
1703 4833 1719 4865 ι

161 4917 177 4946 ί
217 4899 286 4951 Ἦ
323 4901 421 4953 οὐκ
452 4902 712 4972 ἀποχρῶν
765 4903 793 4954 6
851 4905 1009 4969 λόγος
1062 4905 1142 4964 είς
1200 4905 1575 4973 πληροφορίαν
1617 4908 1727 4967 τοῖς

163 5009 178 5038 ι
216 4992 436 5058 σοφοῖς,
491 4991 566 5054 ὼς
621 4992 753 5042 ἴδιον
825 4992 924 5059 μέν
993 5009 1125 5060 φησι
1186 4993 1277 5043 τὸν
1346 4993 1727 5063 Παράκὶητον.

162 5103 178 5131 ι
217 5085 438 5152 Πνεῦμα
462 5090 571 5156 γὰρ
606 5086 863 5152 ἀληθείας
895 5086 1180 5154 ὠνόμασεν
1214 5087 1378 5139 αὐτόν
1407 5103 1423 5118 ⁸
1445 5089 1544 5157 οὐχ
1564 5089 1728 5157 ἑτέρα

165 5194 180 5224 ι
215 5176 269 5228 δὲ
303 5178 434 5247 παρ’
474 5179 643 5230 αὑτὸν
669 5179 703 5247 η
734 5177 984 5246 ἀλήθεια.
1033 5176 1352 5244 Προστιθεὶς
1396 5177 1451 5230 δὲ
1484 5180 1587 5241 ὅτι,
1635 5181 1730 5232 Ἐκ

165 5287 181 5317 ι
218 5271 310 5320 τοῦ
346 5271 478 5339 ἐμοῦ
509 5271 767 5341 λήψεται,
795 5270 890 5342 τὴν
915 5271 1148 5339 οὐσιώδη
1193 5271 1289 5322 καὶ
1325 5272 1562 5342 φυσικὴν
1601 5272 1731 5324 ἰδιόο

167 5379 182 5410 ι
220 5380 360 5432 τητα
421 5364 654 5434 δέδειχεν
701 5364 972 5433 ἐναργῶς,
1026 5363 1148 5415 καθ’
1202 5364 1270 5434 ἣν
1319 5363 1377 5416 ἓν
1427 5366 1546 5417 ἐστι
1593 5365 1732 5429 πρὸς

172 5471 187 5500 ι
227 5453 391 5505 αὑτὸν
426 5453 483 5505 τὸ
513 5453 742 5522 Πνεῦμα
772 5453 960 5506 αὑτοῦ.
990 5454 1064 5506 Οὐ
1094 5453 1204 5524 γάρ
1244 5471 1328 5507 τοι
1375 5453 1740 5524 μεταληπτῶς

174 5560 191 5592 ι
230 5544 399 5611 σοφὸν
431 5543 642 5597 ἔσεσθαι
681 5545 813 5614 παρ’
849 5545 1016 5598 αὑτοῦ
1049 5546 1109 5597 τὸ
1142 5545 1368 5615 Πνεῦμα
1400 5561 1590 5616 φησιν,
1619 5545 1744 5599 οὕτε

169 5652 189 5684 ‹
227 5635 333 5703 μὴν
370 5637 432 5687 ἐν
459 5637 605 5703 τάξει
638 5640 706 5709 τῇ
725 5637 1069 5708 λειτουργικῇ
1093 5638 1218 5702 τοὺς
1237 5638 1370 5709 παρ’
1392 5637 1523 5692 Υίοῦ
1552 5637 1746 5708 λόγους

172 5745 189 5777 ι
223 5731 333 5792 toi;
364 5730 540 5797 ἁγίοις
567 5731 877 5800 διακομίσει
907 5749 921 5764 ο
973 5729 1094 5785 ἀλλ’
1151 5731 1341 5800 ὥσπερ
1369 5730 1436 5788 ἂν
1465 5729 1520 5785 εί
1542 5749 1595 5784 τι
1638 5730 1748 5787 τῶν

238 5883 282 5916 ’⁸
313 5883 480 5941 Joan.
512 5903 620 5953 va,
661 5885 748 5940 12.
839 5887 884 5918 "
915 5883 1046 5940 ibid.
1088 5883 1180 5938 15.

1842 4739 1860 4772 ‹
1901 4719 2202 4788 telligeutes
2249 4731 2431 4772 sermo
2482 4716 2571 4770 ille
2617 4713 3017 4770 suﬂicieutibus
3069 4713 3408 4781 argumentis

1841 4831 1858 4864 ι
1898 4813 2076 4876 docet,
2097 4814 2375 4882 proprium
2409 4809 2628 4877 quidem
2661 4808 2842 4861 dicere
2871 4803 3252 4859 Paracletum?
3283 4801 3409 4870 Spi-

1844 4924 1862 4955 «
1898 4905 2065 4959 ritum
2115 4905 2258 4958 enim
2303 4903 2550 4956 veritatis
2594 4899 2899 4954 nominavit
2927 4898 3106 4960 illum,
3151 4910 3261 4950 non
3304 4895 3412 4949 alia

1849 5017 1865 5048 ‹
1907 5006 2086 5050 autem
2115 4999 2181 5049 ab
2209 4995 2331 5064 ipso
2361 5005 2448 5048 est
2490 4991 2714 5047 veritas.
2752 4991 3034 5059 Adjiciens
3073 5004 3257 5058 porro,
3294 5006 3312 5038 ι
3346 4988 3414 5041 de

1847 5109 1864 5139 ι
1905 5103 2027 5142 meo
2061 5088 2311 5156 accipiet,
2350 5106 2368 5139 ι
2417 5083 2947 5140 consubstantialem
2997 5091 3051 5136 et
3107 5079 3412 5133 naturalem

1845 5201 1862 5230 ι
1903 5179 2286 5249 proprietatem
2317 5177 2558 5230 ostendit
2585 5176 2883 5238 evidenter,
2914 5172 3215 5228 secundum
3244 5176 3432 5240 quam‘

1844 5291 1862 5324 ι
1901 5285 2044 5325 unus
2097 5276 2181 5323 est
2230 5285 2354 5324 eum
2410 5270 2530 5338 ipso
2592 5267 2832 5336 Spiritus
2883 5266 3024 5334 ejus.
3080 5262 3202 5316 Non
3263 5261 3411 5315 enim

1846 5383 1864 5416 ι
1904 5362 2282 5433 participative
2343 5361 2648 5428 sapientem
2687 5359 2804 5413 fore
2845 5358 2915 5412 ab
2965 5358 3086 5426 ipso
3143 5351 3409 5423 Spiritum

1849 5475 1866 5507 ι
1908 5454 2065 5519 dicit,
2118 5467 2294 5519 neque
2343 5450 2716 5503 ministrorum
2771 5448 2934 5500 modo
2968 5445 3089 5498 Filii
3133 5455 3416 5496 sermones

1850 5565 1868 5600 ι
1913 5545 2119 5602 sanctis
2158 5545 2449 5598 allaturum
2482 5559 2496 5595 :
2541 5543 2636 5596 sed
2668 5543 2823 5608 quasi
2862 5541 2905 5591 si
2935 5539 3058 5606 quis
3090 5531 3417 5602 fragrantis-

1856 5656 1873 5690 t
1913 5638 2090 5692 simus
2122 5634 2220 5688 llos
2247 5648 2408 5688 suum
2441 5630 2776 5686 diﬂ‘uuderet
2809 5629 3057 5690 odorem,
3092 5635 3144 5678 et
3176 5624 3417 5676 circuni~

1855 5750 1872 5783 ι
1913 5729 2176 5787 stantium
2204 5725 2454 5782 sensibus
2481 5740 2539 5779 se
2569 5722 2860 5778 infundens
2895 5721 3040 5774 dicat
3080 5737 3092 5772 :
3129 5736 3146 5768 ι
3189 5715 3262 5769 Dc
3297 5729 3448 5767 tuen...
