3870 6572
434 399 531 463 531

1441 411 1653 470 JOAN.
1697 411 1907 472 V'ECCI
1945 411 2060 477 ΟΡ.
2097 412 2602 474 PATRIARCH/E

3545 411 3638 477 532

436 539 452 572 ι
490 519 742 590 accipiet,
779 540 800 574 ι
847 530 902 576 et
942 524 1252 580 naturalem
1289 525 1679 595 proprietatem
1714 526 1990 596 signiﬁca-

2116 549 2119 580 :
2158 531 2541 600 εὖοσμοτάτων
2575 529 2787 585 ἀνθέων
2831 530 2962 600 περὶ
3001 529 3105 601 τῆς
3140 530 3199 597 ἐξ
3229 529 3420 584 ἑαυτοῦ
3446 533 3638 586 διασκι-

434 632 450 660 ι
491 614 583 681 rit,
622 623 679 670 et
708 630 815 671 non
858 615 1062 687 aliquid
1094 618 1253 686 quasi
1296 619 1632 688 participans
1673 621 1990 678 dIScretum.

434 725 450 755 ι
493 705 583 759 Sic
635 706 908 775 intelligas
957 709 1025 765 de
1076 707 1218 764 Filio
1255 717 1310 764 et
1362 712 1428 765 de
1485 710 1714 781 Spiritu.
1757 713 1994 780 Spiritus

435 819 452 849 ι
495 801 636 854 enim
693 801 978 868 sapientia:
1026 811 1080 856 et
1120 803 1338 858 virtutis
1384 804 1676 870 exsistens,
1727 805 1994 874 sapientia

436 908 452 937 ι
499 890 723 942 omnino
762 900 814 943 et
861 891 1033 946 virtus
1083 901 1187 959 est,
1232 902 1398 947 totam
1426 909 1493 949 ex
1538 904 1653 949 toto
1691 896 1994 951 efﬁcaciam

437 1001 454 1032 ε
497 982 835 1036 emittentem
881 984 934 1038 in
989 998 1048 1040 se
1090 985 1207 1054 ipsa
1261 1000 1614 1050 conservans,
1660 998 1714 1044 et
1754 989 1908 1058 quasi
1940 990 1994 1044 in

437 1093 452 1118 ι
499 1075 716 1142 propria
767 1085 965 1128 natura
1013 1075 1149 1130 bene
1197 1080 1489 1135 ostendens
1541 1096 1683 1144 eam.
1725 1097 1846 1150 quae
1891 1092 1994 1136 est.

440 1185 454 1212 ι
496 1164 790 1233 Postquam
853 1175 1032 1220 autem
1091 1167 1252 1234 dixit,
1314 1189 1332 1221 ι
1376 1170 1451 1226 De
1515 1188 1634 1226 meo
1685 1173 1934 1241 accipiet,
1971 1190 1990 1224 ›

437 1275 455 1303 ο
496 1258 750 1325 apposuit
783 1259 1096 1313 necessario
1119 1298 1134 1323 ,
1179 1278 1196 1311 ι
1221 1259 1411 1314 Omnia
1463 1278 1801 1332 quacunque
1835 1264 1997 1318 habet

440 1368 456 1396 ι
501 1347 654 1402 Pater
699 1364 816 1404 mea
877 1359 1005 1404 sunt
1041 1349 1086 1382 ⁸⁸
1148 1365 1162 1402 :
1229 1363 1448 1422 prOplel'
1504 1353 1608 1409 hoc
1657 1354 1766 1408 dixi
1819 1355 1994 1420 vobis,

439 1462 455 1487 ε
499 1441 643 1508 quod
698 1442 766 1497 de
823 1457 944 1497 meo
993 1445 1213 1512 accipit.
1254 1462 1274 1496 ι
1325 1443 1789 1509 Quemadmodum
1853 1445 1996 1498 enim

438 1554 456 1583 ι
497 1541 722 1590 sanctus
760 1533 858 1590 'est
905 1537 1206 1592 secundum
1262 1546 1537 1603 naturam,
1605 1539 1858 1608 quoniam
1915 1551 1999 1595 est

439 1643 456 1672 ι
493 1625 667 1678 sancti
726 1624 902 1680 Patris
951 1627 1207 1696 Spiritus,
1260 1629 1334 1683 ita
1367 1638 1422 1683 et
1468 1629 1708 1699 sapiens,
1747 1631 1998 1699 quando-

439 1737 455 1763 .
499 1715 716 1782 quidem
767 1717 1045 1787 sapientiae
1099 1719 1335 1788 Spiritus
1388 1731 1502 1786 est,
1552 1723 1819 1792 sapientia
1869 1739 2000 1780 vero

440 1830 455 1852 ο
502 1807 692 1860 Filius.
733 1807 797 1861 Et
831 1825 1105 1878 nunquam
1140 1809 1374 1866 dicimus
1425 1814 1724 1868 secundum
1758 1816 1996 1884 aliquam

2103 640 2121 672 ι
2155 621 2426 690 δναμένης
2455 621 2646 691 ὀδμῆς,
2671 621 2766 675 καὶ
2789 622 2908 684 ταῖς
2936 620 3046 682 τῷν
3072 620 3439 692 παρεστώτων
3463 622 3640 693 αἰσθη-

2100 731 2118 764 r
2160 729 2311 765 σεσιν
2340 712 2747 782 ἐμπιπτούσης,
2785 712 2918 782 λέγῃ
2963 713 3067 776 ὅτι,
3132 713 3228 764 Ἐκ
3261 710 3355 765 τοῦ
3394 711 3528 781 ἐμοῦ
3554 710 3644 783 λή-

2102 823 2121 856 ‹
2156 805 2340 874 ψεται,
2362 808 2457 858 καὶ
2483 808 2584 876 τὴν
2616 808 2849 876 φυσικὴν
2873 809 3167 876 ούσιότητα
3188 805 3545 874 κατασημήνῃ
3566 803 3644 868 ἂν,

2103 915 2120 947 ι
2159 898 2250 950 καὶ
2293 897 2412 952 οὔτι
2441 916 2542 952 που
2577 900 2637 951 τὸ
2661 899 2736 963 ὡς
2762 898 3066 968 ὲνιμεθέξει
3119 897 3486 968 διῃρημένοις.
3531 887 3646 947 Ὧδέ

2102 1006 2120 1040 t
2163 1006 2239 1060 πη
2269 994 2483 1060 νοήσεις
2509 992 2602 1044 καὶ
2631 991 2716 1060 ἐφ’
2745 991 2896 1053 Υἰοῦ,
2929 992 3023 1043 καλ⁸
3059 990 3402 1058 Πνεύματος,
3441 984 3649 1053 Πνεῦμα

2103 1104 2120 1136 ι
2161 1083 2271 1154 γὰρ
2319 1085 2512 1152 σοφίας
2537 1085 2632 1137 καὶ
2665 1087 2936 1148 συνέσεως
2964 1084 3046 1148 ὃν,
3083 1082 3250 1150 σοφία
3284 1081 3522 1141 πάντωςι
3544 1075 3650 1130 ἐστὶ

2103 1193 2120 1224 ι
2161 1175 2253 1226 καὶ
2280 1173 2531 1244 δύναμις,
2559 1174 2688 1244 ὅλην
2715 1174 2774 1238 ὲξ
2805 1175 2927 1227 ὅλου
2956 1173 3052 1243 τὴν
3079 1172 3171 1224 τοῦ
3208 1172 3493 1236 προῖέντος
3519 1167 3652 1234 ἐνέρ-

2103 1283 2123 1317 «
2159 1281 2314 1332 γειαν
2365 1265 2655 1330 ἀποσῶζον
2698 1266 2756 1318 ὲν
2784 1265 2985 1334 ἐαυτῷ,
3013 1265 3107 1318 καὶ
3138 1264 3192 1316 ἐν
3229 1262 3335 1333 ἰδίᾳ
3371 1260 3532 1330 φύσει
3562 1275 3652 1311 κα-

2105 1376 2124 1409 (
2161 1357 2472 1411 ταδεικνύον
2505 1357 2563 1410 εὖ
2607 1358 2774 1427 μάλα,
2821 1360 2922 1428 τὴν
2960 1358 3099 1428 ὅπερ
3137 1355 3306 1409 ἐστιν.
3357 1351 3575 1421 Ἐπειδὴ
3603 1351 3658 1405 δι

2106 1468 2123 1501 ι
2163 1450 2220 1502 τὸ
2253 1469 2270 1500 ι
2297 1450 2389 1502 Ἐκ
2446 1451 2538 1503 τοῦ
2575 1451 2708 1520 ἐμοῦ
2733 1450 2984 1519 λήψεται,
3015 1467 3034 1500 ι
3077 1449 3232 1517 φησὶ,
3277 1444 3657 1516 προστέθεικεν

2105 1556 2122 1588 ι
2167 1537 2475 1604 ἀναγκαίως
2496 1538 2576 1590 ὃτι
2597 1557 2615 1589 ι
2640 1539 2826 1592 Πάντα
2854 1540 2954 1592 ὅσα
2981 1538 3094 1608 ἔχει
3123 1539 3151 1591 ό
3175 1535 3363 1606 Πατὴρ
3387 1536 3496 1604 ὲμά
3529 1536 3654 1587 ἐστι.

2106 1647 2125 1680 r
2165 1629 2263 1682 Διὰ
2283 1629 2442 1682 τοῦτο
2465 1627 2621 1682 εἷπον
2644 1630 2776 1699 ὑμῖν
2804 1631 2886 1683 ὅτι
2921 1633 2986 1683 ἐκ
3023 1629 3119 1682 τοῦ
3154 1627 3289 1699 ἐμοῦ
3317 1625 3604 1696 λαμϐάνει,
3634 1641 3652 1674 ι

2105 1739 2124 1772 r
2167 1723 2378 1792 Ὥσπερ
2430 1721 2584 1790 ἅγιόν
2636 1723 2755 1775 ἐστι
2807 1721 2949 1775 κατὰ
2995 1720 3182 1789 φύσιν,
3234 1719 3473 1787 ἐπείπερ
3523 1717 3657 1770 ἐστὶν

2109 1832 2126 1864 ι
2169 1815 2326 1882 ἁγίου
2364 1813 2575 1883 Πατρὺς
2614 1813 2860 1882 Πνεῦμα,
2903 1812 3048 1866 οὕτω
3083 1813 3177 1866 καὶ
3208 1811 3396 1881 σοφὸν,
3444 1808 3562 1860 ἐπεί
3585 1825 3658 1860 τοι

443 1916 458 1943 ι
503 1896 874 1952 habitudinem
925 1909 979 1954 et
1029 1901 1505 1972 participationem
1556 1905 1819 1973 Spiritum
1875 1919 1999 1962 esse

2116 1926 2124 1958 ι
2166 1907 2360 1976 σοφίας
2401 1906 2627 1976 Πνεῦμα
2661 1907 2798 1969 ἐστι,
2843 1906 3003 1974 σοφία
3049 1905 3107 1957 δὲ
3155 1907 3184 1957 ό
3227 1905 3381 1966 Υἱός.
3423 1904 3530 1956 Καὶ
3555 1899 3660 1952 οὔτι

445 2013 456 2036 ι
502 2000 747 2044 sanctum
780 2001 834 2044 et
861 1992 1182 2060 sapientem,
1211 1992 1304 2049 sed
1333 1995 1767 2052 substantialiter
1795 1998 1998 2068 potius.

445 2108 456 2125 ο
503 2093 554 2135 et
582 2082 738 2149 quasi
797 2084 1065 2140 naturalis
1111 2085 1357 2154 quadam
1393 2087 1628 2157 qualitas
1682 2098 1884 2143 sancta
1919 2103 2004 2143 sa-

446 2194 459 2216 ι
501 2174 805 2241 pientisque
854 2175 1175 2243 divinitatis,
1207 2194 1328 2248 qua’
1365 2180 1523 2234 sicuti
1566 2180 1619 2234 in
1672 2179 1910 2246 Patrelet
1949 2182 2002 2235 in

446 2291 459 2313 ι
506 2263 661 2330 leio,
697 2266 772 2321 ita
819 2279 872 2320 et
917 2268 972 2323 in
1013 2269 1130 2338 ipso
1174 2269 1381 2340 Spiritu
1431 2273 1777 2343 intelligitur.
1820 2272 2003 2330 Patris

447 2386 460 2403 ι
501 2369 683 2414 autem
724 2362 1009 2429 Spiritum,
1043 2361 1304 2432 Spiritum
1334 2380 1456 2420 esse
1491 2364 1638 2432 Filii,
1679 2368 1792 2434 ipse
1826 2383 1922 2436 per
1948 2381 2008 2422 se

446 2472 460 2498 ς
500 2451 672 2520 ipsum
701 2455 933 2517 erudiet,
970 2454 1159 2516 dicens
1189 2474 1204 2510 :
1259 2475 1278 2509 ι
1315 2458 1544 2524 Quando
1598 2460 1806 2516 venerit
1831 2458 2004 2515 Para-

445 2563 461 2592 ι
504 2544 700 2610 vietus,
748 2561 908 2616 quem
953 2563 1055 2618 ego
1096 2548 1306 2604 mittam
1368 2553 1524 2606 vobis
1582 2535 1828 2619 aPatre,
1881 2553 2006 2624 Spi-

446 2658 461 2686 ε
508 2636 672 2690 ritum
731 2638 1002 2706 veritatis,
1045 2641 1193 2711 quia
1224 2641 1383 2697 Patre
1415 2647 1682 2714 procedit.
1728 2647 1818 2701 ille
1852 2647 2008 2702 testi-

447 2745 464 2784 ι
507 2731 748 2784 monium
784 2733 1091 2800 perbibebit
1136 2734 1204 2790 de
1234 2751 1318 2791 me
1347 2735 1415 2790 “.
1455 2756 1474 2789 ι
1527 2736 1790 2809 intelligis
1817 2740 2004 2810 igitur,

448 2849 464 2870 ι
503 2825 782 2891 quomodo
809 2828 1087 2895 prolirium
1115 2828 1401 2897 promittat
1435 2845 1492 2884 se
1529 2831 1823 2886 missurum
1850 2831 2008 2888 nobis

447 2938 463 2966 ι
503 2931 566 2969 ex
620 2915 794 2982 Patre,
834 2928 888 2972 et
940 2918 1206 2989 Spiritum
1261 2922 1481 2992 quidem
1531 2925 1776 2978 veritatis
1827 2933 2004 2990 vocet,

449 3029 467 3058 ε
504 3023 764 3062 emanare
815 3011 978 3064 etiam
1025 3027 1089 3064 ex
1142 3014 1259 3083 ipso
1291 3014 1518 3070 deﬁrniat
1549 3015 1731 3082 Patre,
1776 3025 1831 3071 et
1862 3016 2006 3087 quod

447 3118 465 3150 ι
507 3101 669 3152 etiam
711 3101 1078 3155 testimonium
1118 3104 1183 3156 de
1224 3118 1283 3158 se
1333 3107 1706 3173 perhibiturus
1733 3109 1832 3170 sis,
1874 3123 2010 3176 pra:-

2109 2017 2129 2052 ι
2170 1999 2272 2052 πού
2299 2015 2480 2069 φαμεν
2511 1998 2586 2061 ὡς
2613 1999 2756 2052 κατὰ
2791 1997 2973 2069 σχέσιν
2995 1997 3119 2051 τινὰ
3149 1996 3242 2049 καὶ
3265 1994 3493 2066 μέθεξιν
3522 1993 3658 2060 ᾶγιόν

2111 2073 2130 2145 ι
2169 2094 2285 2144 ἐστι
2330 2092 2388 2145 τὸ
2431 2092 2655 2162 Πνεῦμα
2689 2091 2784 2146 καὶ
2827 2091 3013 2160 σοφὸν,
3047 2089 3322 2151 ούσιωδῶς
3365 2088 3425 2141 δὲ
3455 2086 3660 2156 μᾶλλον,

2113 2204 2130 2235 ι
2168 2185 2260 2236 καὶ
2302 2181 2468 2236 οἷονεί
2502 2202 2586 2246 τις
2631 2187 2837 2253 φυσική
2881 2185 3106 2250 ποιότης
3147 2183 3243 2251 τῆς
3291 2180 3459 2248 ἁγίας
3490 2195 3548 2230 τε
3577 2176 3662 2229 καὶ

2115 2296 2133 2329 ι
2175 2278 2344 2347 σοφῆς
2371 2277 2644 2347 θεότητος,
2681 2278 2780 2346 τῆς
2821 2276 2896 2338 ὡς
2941 2278 3002 2329 ὲν
3047 2275 3223 2345 Πατρὶ
3257 2275 3358 2326 καὶ
3385 2271 3497 2340 Υίῷ
3523 2287 3655 2322 νοου·

2113 2389 2131 2422 ⁸
2173 2372 2339 2440 μένης
2374 2370 2467 2423 καὶ
2499 2373 2554 2422 ἐν
2585 2369 2733 2438 αὐτῷ
2764 2368 2841 2439 τῷ
2881 2367 3177 2436 Πνεύματι.
3235 2366 3363 2418 Ὀτι
3401 2363 3458 2416 δὲ
3491 2363 3548 2414 τὸ
3578 2359 3660 2412 τοῦ

2114 2482 2134 2517 ι
2178 2464 2388 2534 Πατρός
2421 2463 2670 2533 Πνεῦμα,
2702 2462 2926 2532 Πνεῦμα
2956 2461 3072 2512 ἐστι
3110 2457 3203 2512 τοῦ
3231 2455 3390 2519 Υιοῦ,
3429 2454 3584 2514 αὐτός
3606 2467 3661 2519 γε

2115 2576 2133 2610 r
2168 2556 2235 2610 δ.’
2263 2555 2457 2609 ἑαυτοῦ
2487 2559 2912 2625 μυσταγωγήσει
2949 2553 3155 2618 λέγων’
3189 2567 3209 2601 ι
3248 2550 3425 2601 Ὅταν
3461 2545 3517 2598 δὲ
3549 2543 3663 2614 ἔλθῃ

2115 2663 2134 2696 ι
2173 2647 2198 2696 ὀ
2259 2643 2636 2714 Παράκλητος,
2687 2642 2746 2695 ὃν
2792 2641 2902 2710 ἐγὼ
2947 2642 3150 2710 πέμψω
3183 2635 3332 2710 ’ὑμῖν
3383 2635 3536 2706 παρὰ
3578 2632 3660 2687 τοῦ

2116 2755 2135 2787 ι
2175 2735 2407 2805 Πατρός,
2451 2735 2512 2788 τὸ
2577 2735 2800 2804 Πνεῦμα
2844 2734 2944 2802 τῆς
2979 2731 3257 2803 ἀληθείας,
3307 2727 3338 2780 ὃ
3383 2726 3534 2796 παρὰ
3580 2722 3660 2777 τοῦ

2117 2849 2135 2882 ‹
2172 2828 2383 2900 Πατρὸς
2429 2827 2830 2898 ἐκπορεύεται,
2889 2829 3094 2886 ἐκεῖνος
3159 2823 3504 2895 μαρτυρήσει
3550 2815 3662 2886 περὶ

2116 2942 2134 2975 ⁸
2174 2920 2328 2992 ἐμοῦ.
2379 2922 2574 2990 Συνίης
2620 2916 2736 2983 οῦν,
2790 2920 2936 2981 ὅπως
2977 2917 3051 2980 ὡς
3083 2917 3218 2972 ἴδιον
3271 2911 3662 2982 ἐπαγγέλλεται

2116 3034 2136 3067 ί
2175 3014 2554 3082 καταπέμψειν
2585 3013 2715 3082 ὑμῖν
2741 3011 2800 3065 τὸ
2835 3014 2898 3064 ἐκ
2938 3010 3030 3064 τοῦ
3062 3007 3298 3078 Πατρδς,
3332 3005 3432 3059 καὶ
3457 3000 3661 3071 Πνεῦμα

2118 3125 2136 3157 ι
2177 3107 2276 3176 μὲν
2321 3106 2576 3176 ἀληθείας
2624 3104 2912 3170 ἀποκαλεῖ,
2969 3100 3286 3172 προχεῖσθαί
3341 3115 3406 3166 γε
3457 3096 3559 3167 μὴν
3612 3092 3662 3156 ἐξ

448 3209 468 3239 ι
513 3191 748 3246 nuntiat.
803 3190 937 3246 Her.
1014 3191 1078 3246 Et
1134 3195 1256 3262 quis
1319 3195 1648 3266 intelligetur
1709 3198 2004 3252 testimonii

2119 3221 2134 3251 ι
2178 3199 2341 3252 αὑτοῦ
2369 3199 2660 3268 διωρίσατο
2693 3197 2786 3250 τοῦ
2829 3198 3062 3264 Πατρός.
3093 3196 3202 3248 Καὶ
3229 3193 3337 3264 μὴν
3365 3194 3447 3247 ὅτι
3478 3206 3662 3288 μαρτυῗ

448 3303 463 3329 ι
503 3283 734 3338 modus?
779 3284 942 3351 Cyr-il.
981 3284 1116 3341 Nam
1157 3289 1414 3357 quoniam
1443 3305 1505 3343 ea
1542 3307 1662 3358 qua:
1688 3291 1782 3345 Dei
1817 3305 2010 3360 opera-

451 3393 468 3422 ‹
509 3385 594 3427 tus
641 3383 724 3432 est
769 3391 864 3446 per
919 3393 1116 3432 manus
1153 3390 1514 3445 sanctorum,
1564 3381 1886 3436 testificatus
1925 3391 2010 3437 est

448 3485 466 3516 ι
507 3467 804 3532 evidenter,
850 3467 1018 3523 Deum
1057 3485 1178 3525 esse
1222 3470 1439 3538 Filium,
1472 3471 1630 3542 cujus
1671 3482 1725 3528 et
1773 3472 2010 3542 Spiritus

450 3578 466 3612 ι
499 3567 600 3621 est,
630 3559 1092 3629 quemadmodum
1130 3563 1334 3618 scilicet
1363 3561 1562 3626 Patris.
1598 3583 1623 3626 ι,

1027 3749 1450 3806 Animaduersio.

525 3860 543 3890 ι
583 3837 750 3893 Plane
782 3839 1119 3894 admirabilis
1153 3850 1237 3894 est
1269 3840 1385 3895 haec
1421 3843 1690 3912 pericope,
1743 3845 1928 3899 multis
1959 3846 2013 3900 in

454 3959 472 3982 ο
532 3931 664 3987 locis
687 3947 752 3985 ex
781 3930 938 3984 Patre
964 3946 1056 4000 per
1075 3930 1270 3985 Filium
1308 3931 1572 4001 Spiritum
1596 3949 1717 3990 esse
1741 3937 2012 4006 indicans,

456 4043 472 4073 ι
519 4025 611 4076 sed
663 4023 718 4082 in
777 4021 886 4076 illis
919 4022 1284 4090 potissimum,
1343 4025 1624 4093 inquibus
1681 4027 2014 4086 Salvatorem

452 4135 468 4164 ι
526 4114 764 4180 adducit,
797 4114 1056 4185 Spiritum
1098 4115 1343 4178 veritatis
1394 4117 1654 4188 Spiritum
1690 4121 1865 4190 ipsum
1919 4139 2016 4178 vo-

453 4227 469 4254 ι
529 4215 767 4271 cantem,
799 4205 912 4260 sive
952 4206 1041 4260 sui
1086 4208 1298 4277 ipsius:
1325 4211 1440 4279 ipse
1467 4211 1612 4264 enim
1650 4213 1853 4276 veritas
1909 4224 2014 4281 est,

453 4319 472 4349 ι
527 4307 582 4357 et
621 4297 822 4354 eﬂ‘undi
878 4314 1002 4367 eum
1051 4316 1118 4355 ex
1151 4301 1270 4370 ipso
1318 4301 1481 4361 Patre
1516 4304 1882 4366 delinientem.
1941 4307 2019 4364 No

453 4409 470 4441 ‹
519 4404 651 4450 vero,
675 4405 862 4460 parum
885 4399 1042 4445 caute
1062 4401 1410 4461 pertranseas
1435 4395 1564 4450 illud
1584 4412 1649 4451 ex
1683 4398 1801 4465 ipso
1830 4414 1845 4452 :
1878 4399 2019 4454 forte

451 4502 468 4534 ι
529 4483 671 4536 enim
702 4497 809 4537 non
840 4498 904 4537 ex
938 4483 1050 4536 ullo
1104 4483 1213 4538 alio
1250 4485 1397 4539 illum
1457 4501 1577 4542 esse
1615 4489 1902 4559 significat,
1937 4492 2015 4546 uti

455 4593 473 4623 ι
521 4573 666 4644 ipse,
691 4590 787 4628 nec
810 4581 939 4650 puto
967 4575 1210 4641 metalli,
1243 4577 1636 4635 animadverto.
1671 4599 1695 4642 ι,

1095 4666 1390 4736 Befutatio.

516 4755 637 4812 Uno
692 4757 944 4824 equidem
998 4774 1269 4814 consensu
1339 4761 1428 4815 hic
1477 4762 1778 4833 jungimur,
1829 4768 2018 4821 admo-

447 4847 577 4900 dum
612 4847 984 4902 admirabilem
1037 4865 1160 4904 esse
1202 4851 1343 4907 hanc
1396 4856 1726 4924 pericopem,
1763 4873 1886 4927 quae
1923 4874 2017 4911 va-

446 4941 544 4996 riis
574 4941 625 4994 in
669 4941 804 4997 locis
836 4943 1196 5012 cognitionem
1249 4947 1492 5016 ingerere
1545 4952 1741 5018 poterit
1789 4951 1886 5016 illi,
1922 4955 2012 5020 qui

444 5047 564 5085 eam
593 5042 751 5086 caute
811 5034 1119 5104 perlegerit,
1155 5053 1218 5091 ex
1270 5035 1425 5092 Patre
1461 5050 1514 5092 et
1561 5039 1697 5092 Filio
1752 5041 2014 5110 Spiritum

446 5139 593 5188 esse,
615 5124 763 5194 quod
786 5138 838 5179 et
876 5141 931 5180 tu
963 5143 1177 5198 quoque
1202 5145 1309 5184 non
1333 5131 1629 5188 isoinlicias.
1664 5133 1721 5188 In
1764 5135 1883 5188 aliis
1914 5135 2022 5189 tuis

448 5218 1013 5275 animadversioni'uus
1045 5222 1482 5291 praepositionem
1514 5239 1577 5276 ex
1599 5235 1652 5278 et
1681 5242 1774 5294 per
1789 5229 2024 5294 aequales

446 5313 592 5366 vires
615 5327 739 5368 cum
779 5313 958 5368 fassus
1005 5313 1194 5376 fueris,
1234 5317 1363 5369 dum
1398 5317 1463 5369 de
1497 5315 1633 5371 Filio
1682 5333 1861 5376 sermo
1897 5327 1979 5372 est
2011 5339 2022 5373 :

450 5404 502 5456 in
543 5401 645 5457 hac
679 5418 808 5458 vero
837 5419 960 5458 cum
999 5420 1284 5460 assensum
1320 5407 1645 5474 prmbueris,
1681 5424 1801 5462 eum
1823 5427 1886 5464 ex
1925 5411 2027 5466 Pao

447 5508 528 5551 tre
551 5511 648 5566 per
668 5495 862 5550 Filium
882 5512 1024 5561 esse,
1057 5505 1110 5549 et
1131 5498 1275 5566 quod
1305 5512 1415 5566 pra:
1445 5499 1565 5552 aliis
1592 5500 2030 5556 animadverten-

449 5587 576 5641 dum
609 5593 810 5652 est,'et
873 5589 1014 5642 banc
1070 5589 1394 5642 sententiam
1458 5601 1891 5647 commonstrans
1923 5603 2026 5656 est,

446 5678 591 5745 quod
625 5658 848 5733 sanctus
883 5677 1216 5733 Salvatorem
1239 5676 1744 5747 adducatdicentem
1787 5700 1798 5712 ·
1840 5701 1858 5734 ‹
1891 5683 2024 5737 Cum

517 5855 736 5912 "Joan.
779 5875 884 5922 xu,
929 5859 1014 5911 l5.
1094 5857 1317 5914 "Joan.
1355 5874 1443 5924 xv,
1472 5859 1558 5917 ‘26..

2120 3311 2138 3344 ‹
2179 3295 2333 3361 ρήσει
2377 3293 2504 3360 περὶ
2543 3290 2708 3342 αὑτοῦ
2755 3289 3201 3358 προμεμήνυκεν.
3251 3285 3537 3354 Ἑρμείας.
3569 3279 3663 3334 Καὶ

2118 3408 2136 3439 ι
2176 3387 2258 3448 τίς
2284 3389 2349 3440 ἂν
2381 3387 2552 3437 νοοῖτο
2577 3382 2678 3452 τῆς
2708 3381 3015 3452 μαρτυρίας
3037 3383 3064 3434 ό
3093 3379 3332 3450 τρόπος;
3363 3378 3661 3447 Κύριοιιος.

2119 3501 2135 3529 ε
2192 3477 2343 3531 Ἐπεὶ
2363 3476 2472 3548 γὰρ
2499 3477 2772 3546 ὲνήργηκε
2796 3475 2864 3528 τὰ
2884 3472 2978 3526 τοῦ
3009 3471 3144 3525 Θεοῦ
3173 3472 3266 3526 διὰ
3288 3471 3474 3541 χειρὸς
3489 3468 3663 3534 ἁγίων,

2121 3593 2137 3623 ι
2182 3570 2609 3639 μεμαρτύρηκεν
2650 3566 2900 3636 ἐναργῶς
2952 3565 3034 3618 ὅτι
3076 3563 3210 3626 Θεός
3255 3565 3410 3616 ἐστιν
3461 3563 3489 3615 ό
3533 3557 3664 3619 Υίδς,

2122 3683 2142 3724 ι⁴
2176 3661 2235 3715 οῦ
2259 3665 2353 3718 καὶ
2377 3661 2602 3731 Πνεῦμὰ
2629 3663 2767 3722 ἐστι,
2795 3658 3046 3727 καθάπερ
3068 3655 3262 3727 ἀμέλει
3284 3654 3382 3708 τοῦ
3415 3651 3660 3723 Πατρός.»

2717 3749 3096 3805 Ἐπιστασία.

2191 3869 2208 3901 ι
2247 3846 2548 3919 Θαυμαστὴ
2584 3845 2725 3898 πάνυ
2761 3845 2793 3912 ἡ
2823 3842 3096 3914 περικοπή
3128 3840 3288 3906 αὕτη,
3327 3840 3386 3892 ὲν
3411 3835 3665 3906 διαφόροις

2125 3964 2142 3995 ι
2190 3942 2408 4012 χωρίοις
2440 3939 2607 4007 αὐτῆς
2634 3941 2697 3991 ὲκ
2721 3937 2927 4007 Πατρός
2959 3937 3027 3989 δι’
3050 3934 3181 3988 Υίοῦ
3210 3934 3270 3986 τὸ
3301 3932 3520 3997 Πνεῦμα
3544 3926 3666 3980 διδά-

2124 4055 2141 4087 r
2191 4051 2413 4098 σκουσα,
2439 4033 2495 4085 ὲν
2525 4027 2605 4094 οἷς
2628 4029 2684 4083 δὲ
2717 4028 2914 4098 μᾶλλον
2945 4026 3108 4081 αὐτὸν
3134 4025 3225 4079 τόν
3253 4024 3482 4092 Σωτῆρα
3505 4019 3666 4088 παρα-

2125 4148 2144 4180 (
2187 4145 2290 4196 γει,
2310 4125 2536 4189 Πνεῦμα
2560 4125 2654 4194 μὲν
2679 4123 2932 4191 ἀληθείας
2958 4119 3337 4174 ἀποκαλοῦντα
3360 4119 3419 4171 τὸ
3447 4113 3668 4181 Πνεῦμα.

2125 4238 2143 4270 ι
2189 4220 2307 4289 ἦτοι
2336 4217 2526 4292 αὐτοῦ·
2563 4216 2723 4291 αὐτὸς
2769 4216 2877 4284 γάρ
2921 4214 3071 4266 ἐστιν
3106 4213 3137 4281 ἡ
3171 4210 3423 4280 ἀλήθεια,
3467 4207 3668 4277 προχεῖ-

2127 4331 2144 4364 ι
2187 4311 2310 4364 σθαι
2353 4310 2410 4363 δὲ
2458 4308 2616 4363 τοῦτο
2643 4307 2701 4372 ἐξ
2732 4307 2894 4360 αὑτοῦ
2925 4304 3021 4359 τοῦ
3071 4303 3284 4374 Πατρδς
3316 4295 3669 4374 προσδιοριζό-

2125 4422 2148 4455 ιΔ
2190 4417 2372 4472 μενον.
2393 4399 2496 4467 Μὴ
2542 4399 2600 4450 ὲν
2631 4397 2897 4468 παρέργῳ
2940 4396 2997 4450 δὲ
3030 4395 3090 4449 τὸ
3118 4395 3176 4460 ἐξ
3210 4393 3378 4447 αὐτοῦ
3411 4387 3670 4462 παραδρά·

2128 4513 2146 4544 r
2190 4506 2316 4564 μῃς.
2353 4489 2506 4558 Τάχα
2537 4490 2646 4558 γὰρ
2678 4487 2738 4540 τὸ
2780 4487 2900 4556 οὐχὶ
2931 4488 3022 4540 καὶ
3067 4485 3126 4553 ἐξ
3154 4484 3316 4540 ἄλλου
3347 4484 3492 4549 τινὸς
3534 4478 3670 4533 τοῦτο

2047 4567 2094 4636 D
2131 4605 2149 4640 ι
2188 4587 2504 4657 παρίστησι,
2530 4583 2670 4638 κατὰ
2697 4583 2757 4635 τὸ
2789 4582 2926 4643 τέως
2958 4581 3081 4647 ἐμοὶ
3108 4579 3532 4651 παριστάμενον.
3568 4593 3585 4625 ι

2718 4675 3103 4742 Ἀντίρῤησις.

2194 4771 2459 4841 Σύμφημί
2511 4786 2593 4821 σοι
2638 4768 2731 4823 καὶ
2760 4766 2922 4828 αὐτὸς
2953 4765 3029 4827 ὡς
3075 4762 3362 4833 θαυμαστή
3398 4762 3510 4813 ἐστι
3543 4755 3666 4808 πάνυ

2125 4865 2159 4934 ἡ
2213 4862 2440 4934 ρηθείσα
2489 4857 2787 4929 περικοπὴ,
2839 4859 2898 4911 ὲν
2935 4856 3214 4925 διαφόροις
3259 4854 3478 4924 χωρίοις
3520 4850 3669 4918 αὐτῆς

2118 4955 2323 5024 γνῶσιν
2362 4954 2662 5022 παρασχεῖν
2719 4949 2992 5019 δυναμένη
3026 4947 3105 5018 τῷ
3135 4945 3493 5005 ἑπιστατικῶς
3525 4944 3666 5006 ἐπερ-

2068 5059 2077 5071 ’
2124 5050 2338 5118 Χομένφ
2368 5044 2556 5116 αὐτὴνο
2587 5045 2734 5106 ὅπως
2766 5045 2830 5095 ἐκ
2855 5041 3067 5110 Πατρός
3092 5041 3185 5093 καὶ
3215 5037 3346 5092 Υίοῦ
3377 5037 3434 5090 τὸ
3467 5030 3667 5098 Πνεῦμά

2124 5139 2294 5202 ἐστιν,
2343 5136 2482 5206 ὅπερ
2532 5135 2626 5190 καὶ
2680 5133 2743 5185 σὺ
2775 5132 2936 5194 αὐτὸς
2968 5131 3243 5200 συνιστᾷς,
3276 5130 3334 5180 ὲν
3367 5127 3461 5197 μὲν
3500 5124 3665 5180 ἄλλαις

2125 5229 2470 5291 δπιστασίαις
2505 5229 2566 5282 τὸ
2593 5227 2690 5296 τῆς
2721 5225 2792 5289 ἐξ
2818 5225 2912 5278 καὶ
2942 5224 3041 5278 διὰ
3073 5223 3390 5291 ίσοδύναμον
3414 5216 3664 5290 ὁμολογῶν

2125 5323 2218 5376 ἐπὶ
2263 5322 2356 5375 τοῦ
2393 5321 2546 5385 Υἱοῦ,
2579 5319 2810 5373 ἐνταῦθα
2841 5318 2897 5370 δὲ
2936 5317 3000 5369 ὲκ
3049 5315 3269 5392 Πατρός.
3292 5313 3357 5368 δι’
3388 5310 3513 5365 Υῐοῦ
3542 5305 3662 5360 εἶναι

2127 5410 2261 5466 αὐτὸ
2311 5410 2711 5478 συντιθέμενος,
2740 5407 2802 5463 τὸ
2837 5407 2892 5460 δὲ
2939 5407 3004 5478 δὴ
3050 5405 3214 5458 πλέον
3252 5404 3362 5458 τῶν
3390 5403 3552 5456 ἄλλων
3580 5396 3662 5464 τὴν

2126 5503 2336 5554 ἔννοιαν
2374 5501 2761 5572 παρεμφαῖνον
2802 5497 2963 5552 τοῦτό
3011 5499 3149 5560 ἐστι,
3184 5496 3446 5566 παράγων
3476 5494 3500 5546 ό
3529 5489 3662 5554 ἅγιος

2126 5595 2216 5647 τὸν
2243 5595 2471 5663 Σωτῆρα
2496 5592 2746 5661 λέγοντα,
2779 5609 2798 5643 ι
2829 5590 2999 5644 Ὅταν
3021 5589 3078 5642 δὲ
3104 5588 3234 5659 ἔλθῃ
3256 5590 3286 5642 ό
3311 5582 3654 5654 Παρακλητος,

2124 5684 2186 5749 ὃν
2226 5683 2335 5752 ἐγὼ
2365 5681 2566 5753 πέμψω
2609 5682 2738 5751 ύμῖν
2773 5680 2921 5753 παρὰ
2956 5680 3048 5733 τοῦ
3098 5679 3330 5749 Πατρός,
3372 5677 3428 5746 τὸ
3463 5670 3654 5738 Πνεῦμα
