  <div class='ocr_page' id='page_1' title='image "/cluster/home/n/w/nwhite01/storage/ocr_20150623/141/hvd.32044019208313/274.png"; bbox 0 0 3870 6566; ppageno 0'>
   <div class='ocr_carea' id='block_1_1' title="bbox 218 340 3428 432">
    <p class='ocr_par' dir='ltr' id='par_1_1' title="bbox 218 340 3428 432">
     <span class='ocr_line' id='line_1_1' title="bbox 218 340 3428 432; baseline -0.009 0"><span class='ocrx_word' id='word_1_1' title='bbox 218 369 308 432; x_wconf 65' lang='lat'><strong>533</strong></span> <span class='ocrx_word' id='word_1_2' title='bbox 1139 358 1220 420; x_wconf 82' lang='lat' dir='ltr'><strong>IN</strong></span> <span class='ocrx_word' id='word_1_3' title='bbox 1261 357 1657 421; x_wconf 80' lang='lat' dir='ltr'><strong>CAMATERI</strong></span> <span class='ocrx_word' id='word_1_4' title='bbox 1698 348 2450 418; x_wconf 76' lang='lat' dir='ltr'><strong>ANIMADVERSIONES.</strong></span> <span class='ocrx_word' id='word_1_5' title='bbox 3319 340 3428 402; x_wconf 69' lang='lat'><strong>531</strong></span> 
     </span>
    </p>
   </div>
   <div class='ocr_carea' id='block_1_2' title="bbox 216 451 1805 550">
    <p class='ocr_par' dir='ltr' id='par_1_2' title="bbox 216 471 1805 550">
     <span class='ocr_line' id='line_1_2' title="bbox 216 471 1805 550; baseline -0.007 -18"><span class='ocrx_word' id='word_1_6' title='bbox 216 483 305 550; x_wconf 78' lang='grc' dir='ltr'>τῆς</span> <span class='ocrx_word' id='word_1_7' title='bbox 341 475 612 548; x_wconf 78' lang='grc' dir='ltr'>ἀληθείιῐς,</span> <span class='ocrx_word' id='word_1_8' title='bbox 656 473 683 527; x_wconf 88' lang='lat'><strong>6</strong></span> <span class='ocrx_word' id='word_1_9' title='bbox 719 472 868 542; x_wconf 81' lang='grc' dir='ltr'>παρὰ</span> <span class='ocrx_word' id='word_1_10' title='bbox 897 473 990 527; x_wconf 89' lang='grc' dir='ltr'><strong>τοῦ</strong></span> <span class='ocrx_word' id='word_1_11' title='bbox 1039 473 1255 544; x_wconf 82' lang='grc' dir='ltr'>Πατρδς</span> <span class='ocrx_word' id='word_1_12' title='bbox 1301 471 1689 542; x_wconf 80' lang='grc' dir='ltr'>ἐκπορεύεται,</span> <span class='ocrx_word' id='word_1_13' title='bbox 1728 490 1744 522; x_wconf 79' lang='grc' dir='ltr'><strong>ι</strong></span> <span class='ocrx_word' id='word_1_14' title='bbox 1780 479 1805 531; x_wconf 63' lang='grc' dir='ltr'><em>Α</em></span> 
     </span>
    </p>
   </div>
   <div class='ocr_carea' id='block_1_3' title="bbox 1918 451 3425 550">
    <p class='ocr_par' dir='ltr' id='par_1_3' title="bbox 1918 451 3425 530">
     <span class='ocr_line' id='line_1_3' title="bbox 1918 451 3425 530; baseline -0.007 -12"><span class='ocrx_word' id='word_1_15' title='bbox 1918 466 2062 522; x_wconf 72' lang='lat' dir='ltr'><strong>:nerit</strong></span> <span class='ocrx_word' id='word_1_16' title='bbox 2098 463 2439 527; x_wconf 86' lang='lat' dir='ltr'><strong>Paracletus,</strong></span> <span class='ocrx_word' id='word_1_17' title='bbox 2467 472 2628 530; x_wconf 86' lang='lat' dir='ltr'><strong>quem</strong></span> <span class='ocrx_word' id='word_1_18' title='bbox 2647 472 2748 528; x_wconf 68' lang='lat' dir='ltr'><strong>ego</strong></span> <span class='ocrx_word' id='word_1_19' title='bbox 2776 457 2985 512; x_wconf 90' lang='lat' dir='ltr'><strong>mittam</strong></span> <span class='ocrx_word' id='word_1_20' title='bbox 3014 453 3167 508; x_wconf 85' lang='lat' dir='ltr'><strong>vobis</strong></span> <span class='ocrx_word' id='word_1_21' title='bbox 3196 468 3226 507; x_wconf 85' lang='lat' dir='ltr'><strong>a</strong></span> <span class='ocrx_word' id='word_1_22' title='bbox 3247 451 3425 508; x_wconf 85' lang='lat' dir='ltr'><strong>Patre.</strong></span> 
     </span>
    </p>
   </div>
   <div class='ocr_carea' id='block_1_4' title="bbox 218 542 1805 640">
    <p class='ocr_par' dir='ltr' id='par_1_4' title="bbox 218 542 1760 640">
     <span class='ocr_line' id='line_1_4' title="bbox 218 542 1760 640; baseline -0.005 -14"><span class='ocrx_word' id='word_1_23' title='bbox 218 542 394 640; x_wconf 69' lang='grc' dir='ltr'>ἐπάγει</span> <span class='ocrx_word' id='word_1_24' title='bbox 424 542 620 637; x_wconf 79' lang='grc' dir='ltr'>ἐφεξῆς</span> <span class='ocrx_word' id='word_1_25' title='bbox 650 566 722 627; x_wconf 80' lang='grc' dir='ltr'>ὡς</span> <span class='ocrx_word' id='word_1_26' title='bbox 755 566 814 619; x_wconf 82' lang='grc' dir='ltr'><strong>ἐν</strong></span> <span class='ocrx_word' id='word_1_27' title='bbox 863 542 1172 636; x_wconf 36' lang='grc' dir='ltr'>ἐρωτήσει(</span> <span class='ocrx_word' id='word_1_28' title='bbox 1206 583 1224 616; x_wconf 83' lang='grc' dir='ltr'><strong>ι</strong></span> <span class='ocrx_word' id='word_1_29' title='bbox 1263 563 1460 633; x_wconf 87' lang='grc' dir='ltr'>Συνίης</span> <span class='ocrx_word' id='word_1_30' title='bbox 1490 559 1584 618; x_wconf 83' lang='grc' dir='ltr'><strong>οῦν</strong></span> <span class='ocrx_word' id='word_1_31' title='bbox 1612 563 1760 629; x_wconf 83' lang='grc' dir='ltr'>ὅπως</span> 
     </span>
    </p>
   </div>
   <div class='ocr_carea' id='block_1_5' title="bbox 1918 542 3434 640">
    <p class='ocr_par' dir='ltr' id='par_1_5' title="bbox 1918 542 3434 628">
     <span class='ocr_line' id='line_1_5' title="bbox 1918 542 3434 628; baseline -0.011 -15"><span class='ocrx_word' id='word_1_32' title='bbox 1918 559 2126 628; x_wconf 68' lang='lat' dir='ltr'><strong>piritum</strong></span> <span class='ocrx_word' id='word_1_33' title='bbox 2150 554 2414 616; x_wconf 86' lang='lat' dir='ltr'><strong>veritatis,</strong></span> <span class='ocrx_word' id='word_1_34' title='bbox 2448 551 2541 622; x_wconf 88' lang='lat' dir='ltr'><strong>qui</strong></span> <span class='ocrx_word' id='word_1_35' title='bbox 2569 566 2600 606; x_wconf 88' lang='lat' dir='ltr'><strong>a</strong></span> <span class='ocrx_word' id='word_1_36' title='bbox 2622 549 2782 605; x_wconf 83' lang='lat' dir='ltr'><strong>Patre</strong></span> <span class='ocrx_word' id='word_1_37' title='bbox 2819 547 3083 619; x_wconf 83' lang='lat' dir='ltr'><strong>procedit,</strong></span> <span class='ocrx_word' id='word_1_38' title='bbox 3118 563 3138 598; x_wconf 78' lang='grc' dir='ltr'><strong>ι</strong></span> <span class='ocrx_word' id='word_1_39' title='bbox 3168 542 3434 600; x_wconf 72' lang='lat' dir='ltr'><strong>subnectit</strong></span> 
     </span>
    </p>
   </div>
   <div class='ocr_carea' id='block_1_6' title="bbox 219 639 1805 727">
    <p class='ocr_par' dir='ltr' id='par_1_6' title="bbox 219 656 1762 727">
     <span class='ocr_line' id='line_1_6' title="bbox 219 656 1762 727; baseline -0.004 -11"><span class='ocrx_word' id='word_1_40' title='bbox 219 664 285 725; x_wconf 86' lang='grc' dir='ltr'>ὡς</span> <span class='ocrx_word' id='word_1_41' title='bbox 339 662 463 714; x_wconf 73' lang='grc' dir='ltr'>ἴδιον</span> <span class='ocrx_word' id='word_1_42' title='bbox 495 656 888 727; x_wconf 73' lang='grc' dir='ltr'>ἐπαγγέλλεται</span> <span class='ocrx_word' id='word_1_43' title='bbox 939 657 1324 727; x_wconf 79' lang='grc' dir='ltr'><strong>καταπέμψειν</strong></span> <span class='ocrx_word' id='word_1_44' title='bbox 1370 657 1502 727; x_wconf 78' lang='grc' dir='ltr'>ἡμῖν</span> <span class='ocrx_word' id='word_1_45' title='bbox 1552 657 1617 710; x_wconf 82' lang='grc' dir='ltr'><strong>ἐκ</strong></span> <span class='ocrx_word' id='word_1_46' title='bbox 1667 657 1762 710; x_wconf 88' lang='grc' dir='ltr'><strong>τοῦ</strong></span> 
     </span>
    </p>
   </div>
   <div class='ocr_carea' id='block_1_7' title="bbox 1918 639 3435 727">
    <p class='ocr_par' dir='ltr' id='par_1_7' title="bbox 1918 639 3435 722">
     <span class='ocr_line' id='line_1_7' title="bbox 1918 639 3435 722; baseline -0.012 -12"><span class='ocrx_word' id='word_1_47' title='bbox 1918 657 2014 710; x_wconf 55' lang='lat' dir='ltr'><strong>.ico</strong></span> <span class='ocrx_word' id='word_1_48' title='bbox 2045 657 2386 722; x_wconf 74' lang='lat' dir='ltr'><strong>interrogans</strong></span> <span class='ocrx_word' id='word_1_49' title='bbox 2416 663 2431 704; x_wconf 87' lang='lat'><strong>:</strong></span> <span class='ocrx_word' id='word_1_50' title='bbox 2468 647 2767 716; x_wconf 66' lang='lat' dir='ltr'><strong>«intelligis:</strong></span> <span class='ocrx_word' id='word_1_51' title='bbox 2794 645 2958 716; x_wconf 80' lang='lat' dir='ltr'><strong>igitur</strong></span> <span class='ocrx_word' id='word_1_52' title='bbox 3002 639 3275 713; x_wconf 84' lang='lat' dir='ltr'><strong>quomodo</strong></span> <span class='ocrx_word' id='word_1_53' title='bbox 3307 642 3435 708; x_wconf 82' lang='lat' dir='ltr'><strong>pro-</strong></span> 
     </span>
    </p>
   </div>
   <div class='ocr_carea' id='block_1_8' title="bbox 220 731 1805 824">
    <p class='ocr_par' dir='ltr' id='par_1_8' title="bbox 220 748 1765 824">
     <span class='ocr_line' id='line_1_8' title="bbox 220 748 1765 824; baseline -0.005 -16"><span class='ocrx_word' id='word_1_54' title='bbox 220 754 433 824; x_wconf 82' lang='grc' dir='ltr'>Πατρὸς,</span> <span class='ocrx_word' id='word_1_55' title='bbox 464 750 560 804; x_wconf 80' lang='grc' dir='ltr'>καὶ</span> <span class='ocrx_word' id='word_1_56' title='bbox 594 749 821 819; x_wconf 89' lang='grc' dir='ltr'>Πνεῦμα</span> <span class='ocrx_word' id='word_1_57' title='bbox 851 749 950 820; x_wconf 80' lang='grc' dir='ltr'>μὲν</span> <span class='ocrx_word' id='word_1_58' title='bbox 980 749 1242 820; x_wconf 77' lang='grc' dir='ltr'><strong>ἀληθείας</strong></span> <span class='ocrx_word' id='word_1_59' title='bbox 1289 748 1580 811; x_wconf 78' lang='grc' dir='ltr'>ἀποκαλεῖ,</span> <span class='ocrx_word' id='word_1_60' title='bbox 1627 765 1765 819; x_wconf 86' lang='grc' dir='ltr'>προ-</span> 
     </span>
    </p>
   </div>
   <div class='ocr_carea' id='block_1_9' title="bbox 1918 731 3439 824">
    <p class='ocr_par' dir='ltr' id='par_1_9' title="bbox 1918 731 3439 816">
     <span class='ocr_line' id='line_1_9' title="bbox 1918 731 3439 816; baseline -0.012 -16"><span class='ocrx_word' id='word_1_61' title='bbox 1918 748 2046 802; x_wconf 74' lang='lat' dir='ltr'><strong>riunt</strong></span> <span class='ocrx_word' id='word_1_62' title='bbox 2077 745 2356 816; x_wconf 86' lang='lat' dir='ltr'><strong>promittat</strong></span> <span class='ocrx_word' id='word_1_63' title='bbox 2390 758 2449 799; x_wconf 90' lang='lat' dir='ltr'><strong>se</strong></span> <span class='ocrx_word' id='word_1_64' title='bbox 2501 743 2798 797; x_wconf 91' lang='lat' dir='ltr'><strong>missurum</strong></span> <span class='ocrx_word' id='word_1_65' title='bbox 2829 735 2988 792; x_wconf 83' lang='lat' dir='ltr'><strong>nobis</strong></span> <span class='ocrx_word' id='word_1_66' title='bbox 3029 749 3092 790; x_wconf 79' lang='lat' dir='ltr'><strong>ex</strong></span> <span class='ocrx_word' id='word_1_67' title='bbox 3152 731 3331 793; x_wconf 84' lang='lat' dir='ltr'><strong>Patre,</strong></span> <span class='ocrx_word' id='word_1_68' title='bbox 3383 737 3439 783; x_wconf 91' lang='lat' dir='ltr'><strong>et</strong></span> 
     </span>
    </p>
   </div>
   <div class='ocr_carea' id='block_1_10' title="bbox 218 831 1805 917">
    <p class='ocr_par' dir='ltr' id='par_1_10' title="bbox 218 840 1764 917">
     <span class='ocr_line' id='line_1_10' title="bbox 218 840 1764 917; baseline -0.003 -19"><span class='ocrx_word' id='word_1_69' title='bbox 218 846 413 917; x_wconf 78' lang='grc' dir='ltr'>χεῖσθαι</span> <span class='ocrx_word' id='word_1_70' title='bbox 447 861 509 914; x_wconf 89' lang='grc' dir='ltr'><strong>γε</strong></span> <span class='ocrx_word' id='word_1_71' title='bbox 561 844 669 914; x_wconf 80' lang='grc' dir='ltr'>μὴν</span> <span class='ocrx_word' id='word_1_72' title='bbox 718 843 777 908; x_wconf 82' lang='grc' dir='ltr'><strong>ἐξ</strong></span> <span class='ocrx_word' id='word_1_73' title='bbox 805 841 972 896; x_wconf 79' lang='grc' dir='ltr'>αὐτοῦ</span> <span class='ocrx_word' id='word_1_74' title='bbox 1015 842 1312 911; x_wconf 71' lang='grc' dir='ltr'><strong>διωρίσατο</strong></span> <span class='ocrx_word' id='word_1_75' title='bbox 1361 840 1456 894; x_wconf 89' lang='grc' dir='ltr'><strong>τοῦ</strong></span> <span class='ocrx_word' id='word_1_76' title='bbox 1505 841 1764 912; x_wconf 83' lang='grc' dir='ltr'>Πατρό;;</span> 
     </span>
    </p>
   </div>
   <div class='ocr_carea' id='block_1_11' title="bbox 1918 831 3439 917">
    <p class='ocr_par' dir='ltr' id='par_1_11' title="bbox 1918 831 3439 911">
     <span class='ocr_line' id='line_1_11' title="bbox 1918 831 3439 911; baseline -0.017 -16"><span class='ocrx_word' id='word_1_77' title='bbox 1918 839 2152 911; x_wconf 74' lang='grc' dir='ltr'>ρὶιίιυιῐι,</span> <span class='ocrx_word' id='word_1_78' title='bbox 2181 837 2400 907; x_wconf 80' lang='lat' dir='ltr'><strong>quidem</strong></span> <span class='ocrx_word' id='word_1_79' title='bbox 2431 832 2675 889; x_wconf 78' lang='lat' dir='ltr'><strong>veritatis</strong></span> <span class='ocrx_word' id='word_1_80' title='bbox 2715 838 2889 894; x_wconf 88' lang='lat' dir='ltr'><strong>vocet,</strong></span> <span class='ocrx_word' id='word_1_81' title='bbox 2939 835 3195 881; x_wconf 81' lang='lat' dir='ltr'><strong>emanare</strong></span> <span class='ocrx_word' id='word_1_82' title='bbox 3223 833 3353 874; x_wconf 87' lang='lat' dir='ltr'><strong>vero</strong></span> <span class='ocrx_word' id='word_1_83' title='bbox 3373 831 3439 871; x_wconf 74' lang='lat' dir='ltr'><strong>ex</strong></span> 
     </span>
    </p>
   </div>
   <div class='ocr_carea' id='block_1_12' title="bbox 218 907 1805 1008">
    <p class='ocr_par' dir='ltr' id='par_1_12' title="bbox 218 907 1768 1008">
     <span class='ocr_line' id='line_1_12' title="bbox 218 907 1768 1008; baseline -0.005 -14"><span class='ocrx_word' id='word_1_84' title='bbox 218 907 316 994; x_wconf 54' lang='lat' dir='ltr'><strong>lini</strong></span> <span class='ocrx_word' id='word_1_85' title='bbox 366 907 468 1008; x_wconf 69' lang='grc' dir='ltr'><strong>μὴν</strong></span> <span class='ocrx_word' id='word_1_86' title='bbox 517 907 578 990; x_wconf 74' lang='grc' dir='ltr'><strong>ἐν</strong></span> <span class='ocrx_word' id='word_1_87' title='bbox 626 907 988 1004; x_wconf 60' lang='grc' dir='ltr'>Ἑύαγγελίοις</span> <span class='ocrx_word' id='word_1_88' title='bbox 1021 937 1049 989; x_wconf 99' lang='lat'><strong>6</strong></span> <span class='ocrx_word' id='word_1_89' title='bbox 1105 907 1311 1004; x_wconf 63' lang='grc' dir='ltr'>Κύριος</span> <span class='ocrx_word' id='word_1_90' title='bbox 1371 907 1768 999; x_wconf 79' lang='grc' dir='ltr'>ἐκπορεύεσθαι</span> 
     </span>
    </p>
   </div>
   <div class='ocr_carea' id='block_1_13' title="bbox 1918 907 3442 1008">
    <p class='ocr_par' dir='ltr' id='par_1_13' title="bbox 1918 907 3442 986">
     <span class='ocr_line' id='line_1_13' title="bbox 1918 907 3442 986; baseline -0.016 0"><span class='ocrx_word' id='word_1_91' title='bbox 1918 907 1988 986; x_wconf 55' lang='grc' dir='ltr'>Ᾰεο</span> <span class='ocrx_word' id='word_1_92' title='bbox 2011 929 2239 984; x_wconf 75' lang='lat' dir='ltr'><strong>deﬁniat</strong></span> <span class='ocrx_word' id='word_1_93' title='bbox 2277 925 2474 981; x_wconf 80' lang='lat' dir='ltr'><strong>Patre?</strong></span> <span class='ocrx_word' id='word_1_94' title='bbox 2516 943 2534 975; x_wconf 82' lang='grc' dir='ltr'><strong>ι</strong></span> <span class='ocrx_word' id='word_1_95' title='bbox 2574 923 2639 978; x_wconf 85' lang='lat' dir='ltr'><strong>Et</strong></span> <span class='ocrx_word' id='word_1_96' title='bbox 2667 919 3020 978; x_wconf 86' lang='lat' dir='ltr'><strong>nihilominus</strong></span> <span class='ocrx_word' id='word_1_97' title='bbox 3052 915 3108 969; x_wconf 88' lang='lat' dir='ltr'><strong>in</strong></span> <span class='ocrx_word' id='word_1_98' title='bbox 3149 907 3442 978; x_wconf 69' lang='lat' dir='ltr'><strong>Evangelia</strong></span> 
     </span>
    </p>
   </div>
   <div class='ocr_carea' id='block_1_14' title="bbox 219 1012 1805 1098">
    <p class='ocr_par' dir='ltr' id='par_1_14' title="bbox 219 1025 1775 1098">
     <span class='ocr_line' id='line_1_14' title="bbox 219 1025 1775 1098; baseline -0.004 -14"><span class='ocrx_word' id='word_1_99' title='bbox 219 1031 332 1098; x_wconf 74' lang='grc' dir='ltr'><strong>ἔφη.</strong></span> <span class='ocrx_word' id='word_1_100' title='bbox 364 1028 498 1082; x_wconf 81' lang='grc' dir='ltr'>Ἀλλ’</span> <span class='ocrx_word' id='word_1_101' title='bbox 531 1029 559 1081; x_wconf 88' lang='lat'><strong>6</strong></span> <span class='ocrx_word' id='word_1_102' title='bbox 587 1026 764 1096; x_wconf 75' lang='grc' dir='ltr'>ἅγιος,</span> <span class='ocrx_word' id='word_1_103' title='bbox 790 1027 881 1081; x_wconf 81' lang='grc' dir='ltr'>τὸν</span> <span class='ocrx_word' id='word_1_104' title='bbox 906 1026 1063 1096; x_wconf 84' lang='grc' dir='ltr'>λόγον</span> <span class='ocrx_word' id='word_1_105' title='bbox 1087 1026 1181 1080; x_wconf 88' lang='grc' dir='ltr'><strong>τοῦ</strong></span> <span class='ocrx_word' id='word_1_106' title='bbox 1213 1025 1425 1096; x_wconf 78' lang='grc' dir='ltr'>Κυρίου</span> <span class='ocrx_word' id='word_1_107' title='bbox 1455 1025 1775 1092; x_wconf 80' lang='grc' dir='ltr'>ἐπαναλαμ-</span> 
     </span>
    </p>
   </div>
   <div class='ocr_carea' id='block_1_15' title="bbox 1918 1012 3440 1098">
    <p class='ocr_par' dir='ltr' id='par_1_15' title="bbox 1918 1012 3440 1090">
     <span class='ocr_line' id='line_1_15' title="bbox 1918 1012 3440 1090; baseline -0.017 -12"><span class='ocrx_word' id='word_1_108' title='bbox 1918 1023 2139 1079; x_wconf 89' lang='lat' dir='ltr'><strong>ominus</strong></span> <span class='ocrx_word' id='word_1_109' title='bbox 2167 1019 2460 1090; x_wconf 85' lang='lat' dir='ltr'><strong>procedere</strong></span> <span class='ocrx_word' id='word_1_110' title='bbox 2495 1017 2650 1070; x_wconf 78' lang='lat' dir='ltr'><strong>dixit.</strong></span> <span class='ocrx_word' id='word_1_111' title='bbox 2705 1012 2812 1069; x_wconf 87' lang='lat' dir='ltr'><strong>Sed</strong></span> <span class='ocrx_word' id='word_1_112' title='bbox 2859 1017 3081 1067; x_wconf 88' lang='lat' dir='ltr'><strong>sanctus</strong></span> <span class='ocrx_word' id='word_1_113' title='bbox 3135 1015 3440 1060; x_wconf 85' lang='lat' dir='ltr'><strong>sermonem</strong></span> 
     </span>
    </p>
   </div>
   <div class='ocr_carea' id='block_1_16' title="bbox 216 1117 1773 1193">
    <p class='ocr_par' dir='ltr' id='par_1_16' title="bbox 216 1117 1773 1193">
     <span class='ocr_line' id='line_1_16' title="bbox 216 1117 1773 1193; baseline -0.003 -16"><span class='ocrx_word' id='word_1_114' title='bbox 216 1123 403 1185; x_wconf 74' lang='grc' dir='ltr'>ὁάνων,</span> <span class='ocrx_word' id='word_1_115' title='bbox 442 1120 519 1192; x_wconf 77' lang='grc' dir='ltr'>τῷ</span> <span class='ocrx_word' id='word_1_116' title='bbox 537 1121 894 1190; x_wconf 81' lang='grc' dir='ltr'>προχεῖσθαι</span> <span class='ocrx_word' id='word_1_117' title='bbox 922 1122 1195 1193; x_wconf 84' lang='grc' dir='ltr'>ἐχρήσατο</span> <span class='ocrx_word' id='word_1_118' title='bbox 1223 1120 1343 1174; x_wconf 78' lang='grc' dir='ltr'>ἀντὶ</span> <span class='ocrx_word' id='word_1_119' title='bbox 1369 1117 1462 1174; x_wconf 84' lang='grc' dir='ltr'><strong>τοῦ</strong></span> <span class='ocrx_word' id='word_1_120' title='bbox 1489 1118 1773 1186; x_wconf 74' lang='grc' dir='ltr'>ἐκπορεύ-</span> 
     </span>
    </p>
   </div>
   <div class='ocr_carea' id='block_1_17' title="bbox 215 1211 1772 1284">
    <p class='ocr_par' dir='ltr' id='par_1_17' title="bbox 215 1211 1772 1284">
     <span class='ocr_line' id='line_1_17' title="bbox 215 1211 1772 1284; baseline -0.005 -14"><span class='ocrx_word' id='word_1_121' title='bbox 215 1220 394 1278; x_wconf 82' lang='grc' dir='ltr'><strong>εσθαι,</strong></span> <span class='ocrx_word' id='word_1_122' title='bbox 422 1215 516 1269; x_wconf 74' lang='grc' dir='ltr'>καὶ</span> <span class='ocrx_word' id='word_1_123' title='bbox 552 1214 672 1269; x_wconf 79' lang='grc' dir='ltr'>ἐστι</span> <span class='ocrx_word' id='word_1_124' title='bbox 719 1215 882 1269; x_wconf 90' lang='grc' dir='ltr'>τοῦτο</span> <span class='ocrx_word' id='word_1_125' title='bbox 927 1214 1203 1282; x_wconf 79' lang='grc' dir='ltr'>ἀπόδειξις</span> <span class='ocrx_word' id='word_1_126' title='bbox 1247 1213 1487 1284; x_wconf 84' lang='grc' dir='ltr'>ἐναργὴς</span> <span class='ocrx_word' id='word_1_127' title='bbox 1514 1211 1609 1265; x_wconf 86' lang='grc' dir='ltr'><strong>τοῦ</strong></span> <span class='ocrx_word' id='word_1_128' title='bbox 1639 1227 1772 1263; x_wconf 83' lang='grc' dir='ltr'>ταυ-</span> 
     </span>
    </p>
   </div>
   <div class='ocr_carea' id='block_1_18' title="bbox 217 1299 1775 1378">
    <p class='ocr_par' dir='ltr' id='par_1_18' title="bbox 217 1299 1775 1378">
     <span class='ocr_line' id='line_1_18' title="bbox 217 1299 1775 1378; baseline -0.004 -18"><span class='ocrx_word' id='word_1_129' title='bbox 217 1307 297 1361; x_wconf 74' lang='grc' dir='ltr'><strong>τὸν</strong></span> <span class='ocrx_word' id='word_1_130' title='bbox 327 1301 460 1360; x_wconf 69' lang='grc' dir='ltr'>εἶναι</span> <span class='ocrx_word' id='word_1_131' title='bbox 490 1305 584 1359; x_wconf 74' lang='grc' dir='ltr'><strong>ἐπὶ</strong></span> <span class='ocrx_word' id='word_1_132' title='bbox 635 1307 732 1360; x_wconf 87' lang='grc' dir='ltr'><strong>τοῦ</strong></span> <span class='ocrx_word' id='word_1_133' title='bbox 784 1307 1129 1378; x_wconf 84' lang='grc' dir='ltr'>ιῐνεύματος,</span> <span class='ocrx_word' id='word_1_134' title='bbox 1182 1305 1244 1359; x_wconf 79' lang='grc' dir='ltr'>τὸ</span> <span class='ocrx_word' id='word_1_135' title='bbox 1299 1300 1626 1373; x_wconf 82' lang='grc' dir='ltr'>προχεῖσθαι</span> <span class='ocrx_word' id='word_1_136' title='bbox 1679 1299 1775 1353; x_wconf 77' lang='grc' dir='ltr'>καὶ</span> 
     </span>
    </p>
   </div>
   <div class='ocr_carea' id='block_1_19' title="bbox 219 1392 1778 1468">
    <p class='ocr_par' dir='ltr' id='par_1_19' title="bbox 219 1392 1778 1468">
     <span class='ocr_line' id='line_1_19' title="bbox 219 1392 1778 1468; baseline 0.003 -16"><span class='ocrx_word' id='word_1_137' title='bbox 219 1401 618 1468; x_wconf 83' lang='grc' dir='ltr'>ἐκπορεύεσθαι.</span> <span class='ocrx_word' id='word_1_138' title='bbox 655 1401 728 1453; x_wconf 82' lang='grc' dir='ltr'>Τὸ</span> <span class='ocrx_word' id='word_1_139' title='bbox 763 1399 818 1453; x_wconf 85' lang='grc' dir='ltr'><strong>δὲ</strong></span> <span class='ocrx_word' id='word_1_140' title='bbox 856 1399 916 1464; x_wconf 83' lang='grc' dir='ltr'><strong>ἐξ</strong></span> <span class='ocrx_word' id='word_1_141' title='bbox 944 1399 1114 1453; x_wconf 80' lang='grc' dir='ltr'>αὐτοῦ</span> <span class='ocrx_word' id='word_1_142' title='bbox 1142 1397 1237 1452; x_wconf 90' lang='grc' dir='ltr'><strong>τοῦ</strong></span> <span class='ocrx_word' id='word_1_143' title='bbox 1266 1396 1482 1468; x_wconf 79' lang='grc' dir='ltr'>Πατρδς</span> <span class='ocrx_word' id='word_1_144' title='bbox 1512 1395 1574 1448; x_wconf 82' lang='grc' dir='ltr'><strong>τὸ</strong></span> <span class='ocrx_word' id='word_1_145' title='bbox 1609 1395 1685 1464; x_wconf 77' lang='grc' dir='ltr'>μὴ</span> <span class='ocrx_word' id='word_1_146' title='bbox 1717 1392 1778 1456; x_wconf 67' lang='grc' dir='ltr'><strong>ἒξ</strong></span> 
     </span>
    </p>
   </div>
   <div class='ocr_carea' id='block_1_20' title="bbox 218 1480 1777 1560">
    <p class='ocr_par' dir='ltr' id='par_1_20' title="bbox 218 1480 1777 1560">
     <span class='ocr_line' id='line_1_20' title="bbox 218 1480 1777 1560; baseline -0.006 -16"><span class='ocrx_word' id='word_1_147' title='bbox 218 1489 366 1558; x_wconf 77' lang='grc' dir='ltr'>ἄλλης</span> <span class='ocrx_word' id='word_1_148' title='bbox 393 1493 534 1553; x_wconf 75' lang='grc' dir='ltr'>τινος</span> <span class='ocrx_word' id='word_1_149' title='bbox 562 1489 911 1560; x_wconf 83' lang='grc' dir='ltr'>ἐτεροουσίου</span> <span class='ocrx_word' id='word_1_150' title='bbox 951 1488 1126 1560; x_wconf 77' lang='grc' dir='ltr'>ἀρχῆς</span> <span class='ocrx_word' id='word_1_151' title='bbox 1159 1487 1289 1542; x_wconf 77' lang='grc' dir='ltr'>αὐτὸ</span> <span class='ocrx_word' id='word_1_152' title='bbox 1321 1484 1464 1540; x_wconf 76' lang='grc' dir='ltr'>εἶναι</span> <span class='ocrx_word' id='word_1_153' title='bbox 1493 1483 1664 1552; x_wconf 83' lang='grc' dir='ltr'>δηλοῖ.</span> <span class='ocrx_word' id='word_1_154' title='bbox 1711 1480 1777 1535; x_wconf 81' lang='lat' dir='ltr'><strong>Ei</strong></span> 
     </span>
    </p>
   </div>
   <div class='ocr_carea' id='block_1_21' title="bbox 219 1574 1782 1654">
    <p class='ocr_par' dir='ltr' id='par_1_21' title="bbox 219 1574 1782 1654">
     <span class='ocr_line' id='line_1_21' title="bbox 219 1574 1782 1654; baseline -0.004 -21"><span class='ocrx_word' id='word_1_155' title='bbox 219 1581 333 1651; x_wconf 79' lang='grc' dir='ltr'>γὰρ,</span> <span class='ocrx_word' id='word_1_156' title='bbox 353 1582 422 1642; x_wconf 76' lang='grc' dir='ltr'>ὡς</span> <span class='ocrx_word' id='word_1_157' title='bbox 453 1583 615 1644; x_wconf 79' lang='grc' dir='ltr'>αὐτὸς</span> <span class='ocrx_word' id='word_1_158' title='bbox 651 1583 779 1649; x_wconf 79' lang='grc' dir='ltr'>οἴει,</span> <span class='ocrx_word' id='word_1_159' title='bbox 810 1583 945 1654; x_wconf 75' lang='grc' dir='ltr'>πρὸς</span> <span class='ocrx_word' id='word_1_160' title='bbox 963 1581 1246 1650; x_wconf 80' lang='grc' dir='ltr'>διαστολὴν</span> <span class='ocrx_word' id='word_1_161' title='bbox 1273 1579 1364 1633; x_wconf 87' lang='grc' dir='ltr'><strong>τοῦ</strong></span> <span class='ocrx_word' id='word_1_162' title='bbox 1390 1576 1545 1643; x_wconf 79' lang='grc' dir='ltr'>Υίοῦ,</span> <span class='ocrx_word' id='word_1_163' title='bbox 1573 1575 1689 1638; x_wconf 89' lang='grc' dir='ltr'><strong>πῶς</strong></span> <span class='ocrx_word' id='word_1_164' title='bbox 1718 1574 1782 1628; x_wconf 80' lang='lat'><strong>1:6</strong></span> 
     </span>
    </p>
   </div>
   <div class='ocr_carea' id='block_1_22' title="bbox 220 1666 1784 1745">
    <p class='ocr_par' dir='ltr' id='par_1_22' title="bbox 220 1666 1784 1745">
     <span class='ocr_line' id='line_1_22' title="bbox 220 1666 1784 1745; baseline -0.004 -17"><span class='ocrx_word' id='word_1_165' title='bbox 220 1671 348 1728; x_wconf 78' lang='grc' dir='ltr'>εἶναι</span> <span class='ocrx_word' id='word_1_166' title='bbox 379 1676 439 1727; x_wconf 84' lang='grc' dir='ltr'><strong>τὸ</strong></span> <span class='ocrx_word' id='word_1_167' title='bbox 475 1671 708 1745; x_wconf 77' lang='grc' dir='ltr'><strong>Πνεῦμα</strong></span> <span class='ocrx_word' id='word_1_168' title='bbox 739 1675 871 1729; x_wconf 84' lang='grc' dir='ltr'>ίδιον</span> <span class='ocrx_word' id='word_1_169' title='bbox 933 1676 1140 1745; x_wconf 86' lang='grc' dir='ltr'>ἀμφοῖν</span> <span class='ocrx_word' id='word_1_170' title='bbox 1193 1673 1420 1742; x_wconf 83' lang='grc' dir='ltr'>συνῆξεν</span> <span class='ocrx_word' id='word_1_171' title='bbox 1471 1673 1500 1725; x_wconf 95' lang='lat'><strong>6</strong></span> <span class='ocrx_word' id='word_1_172' title='bbox 1535 1671 1690 1735; x_wconf 76' lang='grc' dir='ltr'>ἅγιος</span> <span class='ocrx_word' id='word_1_173' title='bbox 1717 1666 1784 1721; x_wconf 77' lang='grc' dir='ltr'><strong>ἐκ</strong></span> 
     </span>
    </p>
   </div>
   <div class='ocr_carea' id='block_1_23' title="bbox 217 1760 1356 1836">
    <p class='ocr_par' dir='ltr' id='par_1_23' title="bbox 217 1760 1356 1836">
     <span class='ocr_line' id='line_1_23' title="bbox 217 1760 1356 1836; baseline 0 -20"><span class='ocrx_word' id='word_1_174' title='bbox 217 1763 301 1816; x_wconf 84' lang='grc' dir='ltr'><strong>τοῦ</strong></span> <span class='ocrx_word' id='word_1_175' title='bbox 329 1760 464 1819; x_wconf 77' lang='grc' dir='ltr'>εἶναι</span> <span class='ocrx_word' id='word_1_176' title='bbox 490 1765 625 1819; x_wconf 69' lang='grc' dir='ltr'>αὐτὸ</span> <span class='ocrx_word' id='word_1_177' title='bbox 655 1766 715 1820; x_wconf 79' lang='grc' dir='ltr'>ἓν</span> <span class='ocrx_word' id='word_1_178' title='bbox 749 1768 815 1820; x_wconf 79' lang='grc' dir='ltr'><strong>ἐκ</strong></span> <span class='ocrx_word' id='word_1_179' title='bbox 847 1764 1065 1836; x_wconf 80' lang='grc' dir='ltr'>Πατρδς</span> <span class='ocrx_word' id='word_1_180' title='bbox 1099 1764 1172 1818; x_wconf 78' lang='grc' dir='ltr'><strong>δι’</strong></span> <span class='ocrx_word' id='word_1_181' title='bbox 1201 1763 1356 1817; x_wconf 85' lang='grc' dir='ltr'>Υἱοῦ.</span> 
     </span>
    </p>
   </div>
   <div class='ocr_carea' id='block_1_24' title="bbox 1873 1092 3443 1180">
    <p class='ocr_par' dir='ltr' id='par_1_24' title="bbox 1873 1092 3443 1180">
     <span class='ocr_line' id='line_1_24' title="bbox 1873 1092 3443 1180; baseline -0.014 -14"><span class='ocrx_word' id='word_1_182' title='bbox 1873 1111 2088 1166; x_wconf 83' lang='lat' dir='ltr'><strong>Domini</strong></span> <span class='ocrx_word' id='word_1_183' title='bbox 2121 1117 2396 1180; x_wconf 86' lang='lat' dir='ltr'><strong>repetens,</strong></span> <span class='ocrx_word' id='word_1_184' title='bbox 2433 1107 2669 1162; x_wconf 87' lang='lat' dir='ltr'><strong>dictione</strong></span> <span class='ocrx_word' id='word_1_185' title='bbox 2719 1117 2969 1158; x_wconf 70' lang='lat' dir='ltr'><strong>emanare</strong></span> <span class='ocrx_word' id='word_1_186' title='bbox 3001 1112 3135 1153; x_wconf 87' lang='lat' dir='ltr'><strong>usus</strong></span> <span class='ocrx_word' id='word_1_187' title='bbox 3161 1103 3268 1166; x_wconf 77' lang='lat' dir='ltr'><strong>est,</strong></span> <span class='ocrx_word' id='word_1_188' title='bbox 3324 1092 3443 1146; x_wconf 91' lang='lat' dir='ltr'><strong>loco</strong></span> 
     </span>
    </p>
   </div>
   <div class='ocr_carea' id='block_1_25' title="bbox 1875 1183 3445 1273">
    <p class='ocr_par' dir='ltr' id='par_1_25' title="bbox 1875 1183 3445 1273">
     <span class='ocr_line' id='line_1_25' title="bbox 1875 1183 3445 1273; baseline -0.014 -14"><span class='ocrx_word' id='word_1_189' title='bbox 1875 1205 2021 1260; x_wconf 88' lang='lat' dir='ltr'><strong>illius</strong></span> <span class='ocrx_word' id='word_1_190' title='bbox 2077 1201 2376 1273; x_wconf 81' lang='lat' dir='ltr'><strong>procedere.</strong></span> <span class='ocrx_word' id='word_1_191' title='bbox 2432 1199 2586 1267; x_wconf 83' lang='lat' dir='ltr'><strong>Quod</strong></span> <span class='ocrx_word' id='word_1_192' title='bbox 2609 1194 3003 1252; x_wconf 84' lang='lat' dir='ltr'><strong>demonstratio</strong></span> <span class='ocrx_word' id='word_1_193' title='bbox 3041 1189 3175 1248; x_wconf 82' lang='lat' dir='ltr'><strong>satis</strong></span> <span class='ocrx_word' id='word_1_194' title='bbox 3223 1183 3445 1242; x_wconf 78' lang='lat' dir='ltr'><strong>evidens</strong></span> 
     </span>
    </p>
   </div>
   <div class='ocr_carea' id='block_1_26' title="bbox 1875 1286 3447 1362">
    <p class='ocr_par' dir='ltr' id='par_1_26' title="bbox 1875 1286 3447 1362">
     <span class='ocr_line' id='line_1_26' title="bbox 1875 1286 3447 1362; baseline -0.013 -9"><span class='ocrx_word' id='word_1_195' title='bbox 1875 1308 1979 1360; x_wconf 86' lang='lat' dir='ltr'><strong>est,</strong></span> <span class='ocrx_word' id='word_1_196' title='bbox 2013 1297 2153 1351; x_wconf 88' lang='lat' dir='ltr'><strong>idem</strong></span> <span class='ocrx_word' id='word_1_197' title='bbox 2204 1311 2324 1351; x_wconf 90' lang='lat' dir='ltr'><strong>esse</strong></span> <span class='ocrx_word' id='word_1_198' title='bbox 2357 1295 2412 1349; x_wconf 92' lang='lat' dir='ltr'><strong>in</strong></span> <span class='ocrx_word' id='word_1_199' title='bbox 2467 1292 2672 1362; x_wconf 86' lang='lat' dir='ltr'><strong>Spiritu</strong></span> <span class='ocrx_word' id='word_1_200' title='bbox 2713 1287 2990 1360; x_wconf 76' lang='lat' dir='ltr'><strong>profundi,</strong></span> <span class='ocrx_word' id='word_1_201' title='bbox 3055 1295 3342 1344; x_wconf 85' lang='lat' dir='ltr'><strong>emanare,</strong></span> <span class='ocrx_word' id='word_1_202' title='bbox 3394 1286 3447 1332; x_wconf 82' lang='lat' dir='ltr'><strong>et</strong></span> 
     </span>
    </p>
   </div>
   <div class='ocr_carea' id='block_1_27' title="bbox 1877 1368 3447 1459">
    <p class='ocr_par' dir='ltr' id='par_1_27' title="bbox 1877 1368 3447 1459">
     <span class='ocr_line' id='line_1_27' title="bbox 1877 1368 3447 1459; baseline -0.013 -18"><span class='ocrx_word' id='word_1_203' title='bbox 1877 1387 2191 1459; x_wconf 89' lang='lat' dir='ltr'><strong>procedere.</strong></span> <span class='ocrx_word' id='word_1_204' title='bbox 2223 1385 2359 1440; x_wconf 90' lang='lat' dir='ltr'><strong>Illud</strong></span> <span class='ocrx_word' id='word_1_205' title='bbox 2396 1399 2581 1456; x_wconf 87' lang='lat' dir='ltr'><strong>porro,</strong></span> <span class='ocrx_word' id='word_1_206' title='bbox 2611 1399 2674 1438; x_wconf 77' lang='lat' dir='ltr'><strong>ex</strong></span> <span class='ocrx_word' id='word_1_207' title='bbox 2706 1382 2826 1451; x_wconf 87' lang='lat' dir='ltr'><strong>ipso</strong></span> <span class='ocrx_word' id='word_1_208' title='bbox 2847 1379 3029 1442; x_wconf 86' lang='lat' dir='ltr'><strong>Patre,</strong></span> <span class='ocrx_word' id='word_1_209' title='bbox 3063 1389 3172 1430; x_wconf 92' lang='lat' dir='ltr'><strong>non</strong></span> <span class='ocrx_word' id='word_1_210' title='bbox 3212 1387 3279 1426; x_wconf 81' lang='lat' dir='ltr'><strong>ex</strong></span> <span class='ocrx_word' id='word_1_211' title='bbox 3338 1368 3447 1424; x_wconf 85' lang='lat' dir='ltr'><strong>alio</strong></span> 
     </span>
    </p>
   </div>
   <div class='ocr_carea' id='block_1_28' title="bbox 1880 1463 3451 1548">
    <p class='ocr_par' dir='ltr' id='par_1_28' title="bbox 1880 1463 3451 1548">
     <span class='ocr_line' id='line_1_28' title="bbox 1880 1463 3451 1548; baseline -0.014 -15"><span class='ocrx_word' id='word_1_212' title='bbox 1880 1478 2137 1548; x_wconf 88' lang='lat' dir='ltr'><strong>quopiam</strong></span> <span class='ocrx_word' id='word_1_213' title='bbox 2196 1476 2423 1531; x_wconf 85' lang='lat' dir='ltr'><strong>alterius</strong></span> <span class='ocrx_word' id='word_1_214' title='bbox 2451 1472 2770 1528; x_wconf 74' lang='lat' dir='ltr'><strong>substantiae</strong></span> <span class='ocrx_word' id='word_1_215' title='bbox 2824 1465 3092 1540; x_wconf 89' lang='lat' dir='ltr'><strong>principio</strong></span> <span class='ocrx_word' id='word_1_216' title='bbox 3123 1463 3274 1518; x_wconf 83' lang='lat' dir='ltr'><strong>illum</strong></span> <span class='ocrx_word' id='word_1_217' title='bbox 3329 1471 3451 1514; x_wconf 88' lang='lat' dir='ltr'><strong>esse</strong></span> 
     </span>
    </p>
   </div>
   <div class='ocr_carea' id='block_1_29' title="bbox 1881 1554 3451 1636">
    <p class='ocr_par' dir='ltr' id='par_1_29' title="bbox 1881 1554 3451 1636">
     <span class='ocr_line' id='line_1_29' title="bbox 1881 1554 3451 1636; baseline -0.014 -13"><span class='ocrx_word' id='word_1_218' title='bbox 1881 1569 2134 1624; x_wconf 86' lang='lat' dir='ltr'><strong>ostendit.</strong></span> <span class='ocrx_word' id='word_1_219' title='bbox 2172 1567 2416 1636; x_wconf 84' lang='lat' dir='ltr'><strong>Namque</strong></span> <span class='ocrx_word' id='word_1_220' title='bbox 2448 1567 2518 1631; x_wconf 86' lang='lat' dir='ltr'><strong>si,</strong></span> <span class='ocrx_word' id='word_1_221' title='bbox 2541 1571 2602 1619; x_wconf 91' lang='lat' dir='ltr'><strong>ut</strong></span> <span class='ocrx_word' id='word_1_222' title='bbox 2627 1573 2684 1618; x_wconf 94' lang='lat' dir='ltr'><strong>tu</strong></span> <span class='ocrx_word' id='word_1_223' title='bbox 2713 1561 3018 1620; x_wconf 81' lang='lat' dir='ltr'><strong>existimas,</strong></span> <span class='ocrx_word' id='word_1_224' title='bbox 3044 1556 3110 1611; x_wconf 88' lang='lat' dir='ltr'><strong>ad</strong></span> <span class='ocrx_word' id='word_1_225' title='bbox 3131 1554 3451 1609; x_wconf 83' lang='lat' dir='ltr'><strong>discernen-</strong></span> 
     </span>
    </p>
   </div>
   <div class='ocr_carea' id='block_1_30' title="bbox 1882 1646 3455 1730">
    <p class='ocr_par' dir='ltr' id='par_1_30' title="bbox 1882 1646 3455 1730">
     <span class='ocr_line' id='line_1_30' title="bbox 1882 1646 3455 1730; baseline -0.015 -13"><span class='ocrx_word' id='word_1_226' title='bbox 1882 1661 2012 1717; x_wconf 90' lang='lat' dir='ltr'><strong>dum</strong></span> <span class='ocrx_word' id='word_1_227' title='bbox 2043 1659 2242 1715; x_wconf 76' lang='lat' dir='ltr'><strong>Filium</strong></span> <span class='ocrx_word' id='word_1_228' title='bbox 2273 1658 2584 1730; x_wconf 83' lang='lat' dir='ltr'><strong>appositum</strong></span> <span class='ocrx_word' id='word_1_229' title='bbox 2609 1665 2714 1722; x_wconf 87' lang='lat' dir='ltr'><strong>est,</strong></span> <span class='ocrx_word' id='word_1_230' title='bbox 2745 1651 3022 1726; x_wconf 88' lang='lat' dir='ltr'><strong>quomodo</strong></span> <span class='ocrx_word' id='word_1_231' title='bbox 3040 1646 3300 1718; x_wconf 88' lang='lat' dir='ltr'><strong>Spiritum</strong></span> <span class='ocrx_word' id='word_1_232' title='bbox 3328 1656 3455 1712; x_wconf 88' lang='lat' dir='ltr'><strong>pro-</strong></span> 
     </span>
    </p>
   </div>
   <div class='ocr_carea' id='block_1_31' title="bbox 1884 1733 3453 1823">
    <p class='ocr_par' dir='ltr' id='par_1_31' title="bbox 1884 1733 3453 1823">
     <span class='ocr_line' id='line_1_31' title="bbox 1884 1733 3453 1823; baseline -0.011 -16"><span class='ocrx_word' id='word_1_233' title='bbox 1884 1753 2066 1823; x_wconf 87' lang='lat' dir='ltr'><strong>prium</strong></span> <span class='ocrx_word' id='word_1_234' title='bbox 2109 1751 2394 1822; x_wconf 85' lang='lat' dir='ltr'><strong>utriusque</strong></span> <span class='ocrx_word' id='word_1_235' title='bbox 2414 1765 2534 1807; x_wconf 85' lang='lat' dir='ltr'><strong>esse</strong></span> <span class='ocrx_word' id='word_1_236' title='bbox 2556 1747 2892 1820; x_wconf 76' lang='lat' dir='ltr'><strong>collegisset?</strong></span> <span class='ocrx_word' id='word_1_237' title='bbox 2923 1744 3125 1801; x_wconf 77' lang='lat' dir='ltr'><strong>Verum</strong></span> <span class='ocrx_word' id='word_1_238' title='bbox 3154 1755 3220 1795; x_wconf 80' lang='lat' dir='ltr'><strong>ex</strong></span> <span class='ocrx_word' id='word_1_239' title='bbox 3234 1733 3453 1805; x_wconf 89' lang='lat' dir='ltr'><strong>eoquod</strong></span> 
     </span>
    </p>
   </div>
   <div class='ocr_carea' id='block_1_32' title="bbox 1808 1837 3009 1915">
    <p class='ocr_par' dir='ltr' id='par_1_32' title="bbox 1808 1837 3009 1915">
     <span class='ocr_line' id='line_1_32' title="bbox 1808 1837 3009 1915; baseline -0.007 -15"><span class='ocrx_word' id='word_1_240' title='bbox 1808 1837 1852 1893; x_wconf 84' lang='grc' dir='ltr'>Β</span> <span class='ocrx_word' id='word_1_241' title='bbox 1880 1843 1997 1915; x_wconf 85' lang='lat' dir='ltr'><strong>ipse</strong></span> <span class='ocrx_word' id='word_1_242' title='bbox 2046 1850 2194 1898; x_wconf 82' lang='lat' dir='ltr'><strong>esset</strong></span> <span class='ocrx_word' id='word_1_243' title='bbox 2214 1859 2356 1899; x_wconf 88' lang='lat' dir='ltr'><strong>unus</strong></span> <span class='ocrx_word' id='word_1_244' title='bbox 2381 1860 2448 1899; x_wconf 77' lang='lat' dir='ltr'><strong>ex</strong></span> <span class='ocrx_word' id='word_1_245' title='bbox 2484 1843 2646 1898; x_wconf 87' lang='lat' dir='ltr'><strong>Patre</strong></span> <span class='ocrx_word' id='word_1_246' title='bbox 2666 1858 2762 1912; x_wconf 87' lang='lat' dir='ltr'><strong>per</strong></span> <span class='ocrx_word' id='word_1_247' title='bbox 2789 1841 3009 1895; x_wconf 85' lang='lat' dir='ltr'><strong>Filium.</strong></span> 
     </span>
    </p>
   </div>
   <div class='ocr_carea' id='block_1_33' title="bbox 238 1947 1640 2017">
    <p class='ocr_par' dir='ltr' id='par_1_33' title="bbox 238 1947 1640 2017">
     <span class='ocr_line' id='line_1_33' title="bbox 238 1947 1640 2017; baseline -0.004 -12"><span class='ocrx_word' id='word_1_248' title='bbox 238 1964 248 1971; x_wconf 83' lang='grc'><strong>”</strong></span> <span class='ocrx_word' id='word_1_249' title='bbox 345 1951 454 2005; x_wconf 83' lang='grc' dir='ltr'>Τοῦ</span> <span class='ocrx_word' id='word_1_250' title='bbox 489 1952 684 2005; x_wconf 83' lang='grc' dir='ltr'>αὑτοῦ</span> <span class='ocrx_word' id='word_1_251' title='bbox 719 1951 788 2006; x_wconf 80' lang='grc' dir='ltr'><strong>ἐκ</strong></span> <span class='ocrx_word' id='word_1_252' title='bbox 823 1949 933 2017; x_wconf 83' lang='grc' dir='ltr'>τῆς</span> <span class='ocrx_word' id='word_1_253' title='bbox 973 1947 1165 2017; x_wconf 82' lang='grc' dir='ltr'>αὐτῆς</span> <span class='ocrx_word' id='word_1_254' title='bbox 1212 1947 1640 2017; x_wconf 78' lang='grc' dir='ltr'>πραγματείας.</span> 
     </span>
    </p>
   </div>
   <div class='ocr_carea' id='block_1_34' title="bbox 275 2035 1786 2112">
    <p class='ocr_par' dir='ltr' id='par_1_34' title="bbox 275 2035 1786 2112">
     <span class='ocr_line' id='line_1_34' title="bbox 275 2035 1786 2112; baseline -0.004 -18"><span class='ocrx_word' id='word_1_255' title='bbox 275 2039 390 2109; x_wconf 51' lang='grc' dir='ltr'>τις).</span> <span class='ocrx_word' id='word_1_256' title='bbox 428 2060 446 2093; x_wconf 82' lang='grc' dir='ltr'><strong>ι</strong></span> <span class='ocrx_word' id='word_1_257' title='bbox 469 2042 533 2094; x_wconf 85' lang='grc' dir='ltr'><em>Ἢ</em></span> <span class='ocrx_word' id='word_1_258' title='bbox 566 2043 670 2111; x_wconf 81' lang='grc' dir='ltr'>τῆς</span> <span class='ocrx_word' id='word_1_259' title='bbox 705 2044 833 2112; x_wconf 79' lang='grc' dir='ltr'>μιᾶς</span> <span class='ocrx_word' id='word_1_260' title='bbox 867 2042 1121 2111; x_wconf 83' lang='grc' dir='ltr'><strong>θεότητος</strong></span> <span class='ocrx_word' id='word_1_261' title='bbox 1152 2040 1317 2109; x_wconf 83' lang='grc' dir='ltr'>φύσις</span> <span class='ocrx_word' id='word_1_262' title='bbox 1346 2040 1404 2092; x_wconf 82' lang='grc' dir='ltr'>ἐν</span> <span class='ocrx_word' id='word_1_263' title='bbox 1440 2037 1572 2107; x_wconf 66' lang='grc' dir='ltr'>ἁγίᾳ</span> <span class='ocrx_word' id='word_1_264' title='bbox 1601 2054 1659 2090; x_wconf 87' lang='grc' dir='ltr'><strong>τε</strong></span> <span class='ocrx_word' id='word_1_265' title='bbox 1695 2035 1786 2089; x_wconf 69' lang='grc' dir='ltr'><strong>καὶ</strong></span> 
     </span>
    </p>
   </div>
   <div class='ocr_carea' id='block_1_35' title="bbox 224 2129 1788 2205">
    <p class='ocr_par' dir='ltr' id='par_1_35' title="bbox 224 2129 1788 2205">
     <span class='ocr_line' id='line_1_35' title="bbox 224 2129 1788 2205; baseline -0.003 -19"><span class='ocrx_word' id='word_1_266' title='bbox 224 2156 241 2186; x_wconf 81' lang='grc' dir='ltr'><strong>ι</strong></span> <span class='ocrx_word' id='word_1_267' title='bbox 276 2134 534 2203; x_wconf 82' lang='grc' dir='ltr'>ὀμοουσίῳ</span> <span class='ocrx_word' id='word_1_268' title='bbox 584 2134 783 2204; x_wconf 85' lang='grc' dir='ltr'>Τριάδι</span> <span class='ocrx_word' id='word_1_269' title='bbox 831 2132 1165 2202; x_wconf 80' lang='grc' dir='ltr'>γινώσκεται</span> <span class='ocrx_word' id='word_1_270' title='bbox 1200 2133 1338 2205; x_wconf 86' lang='grc' dir='ltr'>πρός</span> <span class='ocrx_word' id='word_1_271' title='bbox 1385 2148 1445 2184; x_wconf 86' lang='grc' dir='ltr'><strong>τε</strong></span> <span class='ocrx_word' id='word_1_272' title='bbox 1496 2129 1657 2200; x_wconf 77' lang='grc' dir='ltr'>ἡμῶν</span> <span class='ocrx_word' id='word_1_273' title='bbox 1688 2129 1788 2182; x_wconf 83' lang='grc' dir='ltr'>αύ-</span> 
     </span>
    </p>
   </div>
   <div class='ocr_carea' id='block_1_36' title="bbox 226 2219 1786 2293">
    <p class='ocr_par' dir='ltr' id='par_1_36' title="bbox 226 2219 1786 2293">
     <span class='ocr_line' id='line_1_36' title="bbox 226 2219 1786 2293; baseline -0.003 -17"><span class='ocrx_word' id='word_1_274' title='bbox 226 2246 241 2276; x_wconf 88' lang='grc' dir='ltr'><strong>ι</strong></span> <span class='ocrx_word' id='word_1_275' title='bbox 281 2225 381 2277; x_wconf 85' lang='grc' dir='ltr'>τῶν</span> <span class='ocrx_word' id='word_1_276' title='bbox 408 2227 501 2278; x_wconf 75' lang='grc' dir='ltr'>καὶ</span> <span class='ocrx_word' id='word_1_277' title='bbox 531 2226 645 2278; x_wconf 81' lang='grc' dir='ltr'>τῶν</span> <span class='ocrx_word' id='word_1_278' title='bbox 689 2226 860 2292; x_wconf 83' lang='grc' dir='ltr'>ἁγίων</span> <span class='ocrx_word' id='word_1_279' title='bbox 904 2224 1157 2293; x_wconf 83' lang='grc' dir='ltr'>ἀγγέλων</span> <span class='ocrx_word' id='word_1_280' title='bbox 1184 2240 1196 2255; x_wconf 90' lang='grc'><strong>·</strong></span> <span class='ocrx_word' id='word_1_281' title='bbox 1241 2224 1336 2276; x_wconf 75' lang='grc' dir='ltr'><strong>καὶ</strong></span> <span class='ocrx_word' id='word_1_282' title='bbox 1381 2221 1498 2274; x_wconf 76' lang='grc' dir='ltr'>ἐστι</span> <span class='ocrx_word' id='word_1_283' title='bbox 1533 2221 1631 2290; x_wconf 80' lang='grc' dir='ltr'>μὲν</span> <span class='ocrx_word' id='word_1_284' title='bbox 1662 2219 1786 2274; x_wconf 76' lang='grc' dir='ltr'>καθ’</span> 
     </span>
    </p>
   </div>
   <div class='ocr_carea' id='block_1_37' title="bbox 228 2312 1790 2390">
    <p class='ocr_par' dir='ltr' id='par_1_37' title="bbox 228 2312 1790 2390">
     <span class='ocr_line' id='line_1_37' title="bbox 228 2312 1790 2390; baseline -0.004 -18"><span class='ocrx_word' id='word_1_285' title='bbox 228 2341 245 2372; x_wconf 82' lang='grc' dir='ltr'><strong>ι</strong></span> <span class='ocrx_word' id='word_1_286' title='bbox 281 2321 569 2374; x_wconf 80' lang='grc' dir='ltr'>ὑπόστασιν</span> <span class='ocrx_word' id='word_1_287' title='bbox 605 2319 778 2390; x_wconf 79' lang='grc' dir='ltr'>ῑδικὴν</span> <span class='ocrx_word' id='word_1_288' title='bbox 823 2317 1139 2380; x_wconf 79' lang='grc' dir='ltr'>παντέλειος</span> <span class='ocrx_word' id='word_1_289' title='bbox 1176 2317 1204 2370; x_wconf 90' lang='lat'><strong>6</strong></span> <span class='ocrx_word' id='word_1_290' title='bbox 1235 2313 1447 2386; x_wconf 87' lang='grc' dir='ltr'>Πατὴρ,</span> <span class='ocrx_word' id='word_1_291' title='bbox 1487 2312 1692 2384; x_wconf 81' lang='grc' dir='ltr'>ὁμοίως</span> <span class='ocrx_word' id='word_1_292' title='bbox 1732 2313 1790 2366; x_wconf 76' lang='grc' dir='ltr'><strong>δέ</strong></span> 
     </span>
    </p>
   </div>
   <div class='ocr_carea' id='block_1_38' title="bbox 230 2404 1792 2479">
    <p class='ocr_par' dir='ltr' id='par_1_38' title="bbox 230 2404 1792 2479">
     <span class='ocr_line' id='line_1_38' title="bbox 230 2404 1792 2479; baseline -0.004 -15"><span class='ocrx_word' id='word_1_293' title='bbox 230 2433 246 2464; x_wconf 87' lang='grc' dir='ltr'><strong>ι</strong></span> <span class='ocrx_word' id='word_1_294' title='bbox 282 2414 364 2466; x_wconf 79' lang='grc' dir='ltr'>καὶ</span> <span class='ocrx_word' id='word_1_295' title='bbox 409 2414 437 2466; x_wconf 86' lang='lat'><strong>6</strong></span> <span class='ocrx_word' id='word_1_296' title='bbox 491 2413 645 2474; x_wconf 78' lang='grc' dir='ltr'>Υἱὸς,</span> <span class='ocrx_word' id='word_1_297' title='bbox 705 2413 801 2466; x_wconf 71' lang='grc' dir='ltr'><strong>καὶ</strong></span> <span class='ocrx_word' id='word_1_298' title='bbox 843 2409 904 2463; x_wconf 71' lang='grc' dir='ltr'>τὸ</span> <span class='ocrx_word' id='word_1_299' title='bbox 953 2409 1197 2479; x_wconf 84' lang='grc' dir='ltr'>Πνεῦμα.</span> <span class='ocrx_word' id='word_1_300' title='bbox 1244 2405 1384 2459; x_wconf 77' lang='grc' dir='ltr'>Ἀλλ’</span> <span class='ocrx_word' id='word_1_301' title='bbox 1435 2406 1470 2476; x_wconf 80' lang='grc' dir='ltr'>ἡ</span> <span class='ocrx_word' id='word_1_302' title='bbox 1514 2404 1631 2468; x_wconf 78' lang='grc' dir='ltr'>ἐνὸς</span> <span class='ocrx_word' id='word_1_303' title='bbox 1681 2404 1792 2458; x_wconf 83' lang='grc' dir='ltr'>τῶν</span> 
     </span>
    </p>
   </div>
   <div class='ocr_carea' id='block_1_39' title="bbox 230 2495 1790 2572">
    <p class='ocr_par' dir='ltr' id='par_1_39' title="bbox 230 2495 1790 2572">
     <span class='ocr_line' id='line_1_39' title="bbox 230 2495 1790 2572; baseline -0.008 -16"><span class='ocrx_word' id='word_1_304' title='bbox 230 2523 246 2556; x_wconf 91' lang='grc' dir='ltr'><strong>ι</strong></span> <span class='ocrx_word' id='word_1_305' title='bbox 279 2504 683 2572; x_wconf 77' lang='grc' dir='ltr'>ὠνομασμένων</span> <span class='ocrx_word' id='word_1_306' title='bbox 726 2500 1093 2572; x_wconf 83' lang='grc' dir='ltr'>δημιουργικὴ</span> <span class='ocrx_word' id='word_1_307' title='bbox 1140 2497 1386 2566; x_wconf 84' lang='grc' dir='ltr'>θέλησις,</span> <span class='ocrx_word' id='word_1_308' title='bbox 1444 2495 1529 2564; x_wconf 79' lang='grc' dir='ltr'><strong>ἐφ’</strong></span> <span class='ocrx_word' id='word_1_309' title='bbox 1573 2495 1790 2564; x_wconf 84' lang='grc' dir='ltr'>ὅτῳπερ</span> 
     </span>
    </p>
   </div>
   <div class='ocr_carea' id='block_1_40' title="bbox 233 2585 1790 2662">
    <p class='ocr_par' dir='ltr' id='par_1_40' title="bbox 233 2585 1790 2662">
     <span class='ocr_line' id='line_1_40' title="bbox 233 2585 1790 2662; baseline -0.007 -15"><span class='ocrx_word' id='word_1_310' title='bbox 233 2617 248 2647; x_wconf 83' lang='grc' dir='ltr'><strong>ι</strong></span> <span class='ocrx_word' id='word_1_311' title='bbox 287 2596 346 2650; x_wconf 81' lang='grc' dir='ltr'><strong>ἂν</strong></span> <span class='ocrx_word' id='word_1_312' title='bbox 372 2595 584 2662; x_wconf 81' lang='grc' dir='ltr'>λέγοιτο</span> <span class='ocrx_word' id='word_1_313' title='bbox 615 2593 874 2662; x_wconf 75' lang='grc' dir='ltr'>γενέσθαι</span> <span class='ocrx_word' id='word_1_314' title='bbox 911 2591 1096 2661; x_wconf 81' lang='grc' dir='ltr'>τυχὸν,</span> <span class='ocrx_word' id='word_1_315' title='bbox 1141 2588 1427 2659; x_wconf 76' lang='grc' dir='ltr'><strong>ἐνέργημα</strong></span> <span class='ocrx_word' id='word_1_316' title='bbox 1468 2586 1566 2656; x_wconf 80' lang='grc' dir='ltr'><strong>μὲν</strong></span> <span class='ocrx_word' id='word_1_317' title='bbox 1599 2585 1790 2647; x_wconf 83' lang='grc' dir='ltr'>αὑτοῦ,</span> 
     </span>
    </p>
   </div>
   <div class='ocr_carea' id='block_1_41' title="bbox 233 2675 1793 2756">
    <p class='ocr_par' dir='ltr' id='par_1_41' title="bbox 233 2675 1793 2756">
     <span class='ocr_line' id='line_1_41' title="bbox 233 2675 1793 2756; baseline -0.006 -20"><span class='ocrx_word' id='word_1_318' title='bbox 233 2708 248 2736; x_wconf 82' lang='grc' dir='ltr'><strong>ι</strong></span> <span class='ocrx_word' id='word_1_319' title='bbox 287 2688 418 2756; x_wconf 73' lang='grc' dir='ltr'>πλὴν</span> <span class='ocrx_word' id='word_1_320' title='bbox 467 2685 559 2739; x_wconf 79' lang='grc' dir='ltr'><strong>διὰ</strong></span> <span class='ocrx_word' id='word_1_321' title='bbox 601 2684 787 2753; x_wconf 81' lang='grc' dir='ltr'>πάσης</span> <span class='ocrx_word' id='word_1_322' title='bbox 820 2682 1042 2755; x_wconf 72' lang='grc' dir='ltr'>ἔρχεται</span> <span class='ocrx_word' id='word_1_323' title='bbox 1090 2681 1190 2749; x_wconf 82' lang='grc' dir='ltr'>τῆς</span> <span class='ocrx_word' id='word_1_324' title='bbox 1235 2679 1509 2747; x_wconf 80' lang='grc' dir='ltr'>θεότητος.</span> <span class='ocrx_word' id='word_1_325' title='bbox 1557 2676 1654 2729; x_wconf 70' lang='grc' dir='ltr'><strong>καὶ</strong></span> <span class='ocrx_word' id='word_1_326' title='bbox 1693 2675 1793 2743; x_wconf 79' lang='grc' dir='ltr'>τῆς</span> 
     </span>
    </p>
   </div>
   <div class='ocr_carea' id='block_1_42' title="bbox 236 2766 1795 2848">
    <p class='ocr_par' dir='ltr' id='par_1_42' title="bbox 236 2766 1795 2848">
     <span class='ocr_line' id='line_1_42' title="bbox 236 2766 1795 2848; baseline -0.007 -19"><span class='ocrx_word' id='word_1_327' title='bbox 236 2799 250 2829; x_wconf 84' lang='grc' dir='ltr'><strong>ι</strong></span> <span class='ocrx_word' id='word_1_328' title='bbox 287 2779 418 2848; x_wconf 79' lang='grc' dir='ltr'>ὑπὲρ</span> <span class='ocrx_word' id='word_1_329' title='bbox 452 2778 637 2832; x_wconf 88' lang='grc' dir='ltr'>κτίσιν</span> <span class='ocrx_word' id='word_1_330' title='bbox 670 2777 818 2830; x_wconf 76' lang='grc' dir='ltr'>ἐστὶν</span> <span class='ocrx_word' id='word_1_331' title='bbox 843 2776 1035 2836; x_wconf 78' lang='grc' dir='ltr'>οὐσίας</span> <span class='ocrx_word' id='word_1_332' title='bbox 1061 2771 1412 2839; x_wconf 73' lang='grc' dir='ltr'>ἀποτέλεσμα</span> <span class='ocrx_word' id='word_1_333' title='bbox 1438 2783 1453 2798; x_wconf 75' lang='grc' dir='ltr'><strong>ο</strong></span> <span class='ocrx_word' id='word_1_334' title='bbox 1487 2767 1667 2822; x_wconf 77' lang='grc' dir='ltr'>κοινὸν</span> <span class='ocrx_word' id='word_1_335' title='bbox 1695 2766 1795 2836; x_wconf 76' lang='grc' dir='ltr'>μὲν</span> 
     </span>
    </p>
   </div>
   <div class='ocr_carea' id='block_1_43' title="bbox 236 2857 1796 2939">
    <p class='ocr_par' dir='ltr' id='par_1_43' title="bbox 236 2857 1796 2939">
     <span class='ocr_line' id='line_1_43' title="bbox 236 2857 1796 2939; baseline -0.008 -18"><span class='ocrx_word' id='word_1_336' title='bbox 236 2891 252 2921; x_wconf 83' lang='grc' dir='ltr'><strong>ι</strong></span> <span class='ocrx_word' id='word_1_337' title='bbox 288 2869 468 2939; x_wconf 79' lang='grc' dir='ltr'>ὥσπερ</span> <span class='ocrx_word' id='word_1_338' title='bbox 521 2887 599 2931; x_wconf 86' lang='grc' dir='ltr'>τι,</span> <span class='ocrx_word' id='word_1_339' title='bbox 655 2867 798 2938; x_wconf 81' lang='grc' dir='ltr'>πλὴν</span> <span class='ocrx_word' id='word_1_340' title='bbox 852 2868 948 2920; x_wconf 65' lang='grc' dir='ltr'>καὶ</span> <span class='ocrx_word' id='word_1_341' title='bbox 998 2863 1180 2926; x_wconf 83' lang='grc' dir='ltr'>ίδικῶς</span> <span class='ocrx_word' id='word_1_342' title='bbox 1237 2863 1452 2931; x_wconf 76' lang='grc' dir='ltr'>ἑκάστῳ</span> <span class='ocrx_word' id='word_1_343' title='bbox 1517 2857 1796 2930; x_wconf 81' lang='grc' dir='ltr'>προσώπῳ</span> 
     </span>
    </p>
   </div>
   <div class='ocr_carea' id='block_1_44' title="bbox 238 2951 1796 3031">
    <p class='ocr_par' dir='ltr' id='par_1_44' title="bbox 238 2951 1796 3031">
     <span class='ocr_line' id='line_1_44' title="bbox 238 2951 1796 3031; baseline -0.006 -20"><span class='ocrx_word' id='word_1_344' title='bbox 238 2981 254 3011; x_wconf 83' lang='grc' dir='ltr'><strong>ι</strong></span> <span class='ocrx_word' id='word_1_345' title='bbox 291 2962 514 3031; x_wconf 80' lang='grc' dir='ltr'>πρέπον.</span> <span class='ocrx_word' id='word_1_346' title='bbox 542 2961 618 3015; x_wconf 89' lang='lat' dir='ltr'><em>T6</em></span> <span class='ocrx_word' id='word_1_347' title='bbox 651 2961 833 3014; x_wconf 88' lang='grc' dir='ltr'>τοίνυν</span> <span class='ocrx_word' id='word_1_348' title='bbox 864 2959 927 3012; x_wconf 85' lang='grc' dir='ltr'><strong>ἐκ</strong></span> <span class='ocrx_word' id='word_1_349' title='bbox 975 2959 1109 3028; x_wconf 80' lang='grc' dir='ltr'>μιᾶς</span> <span class='ocrx_word' id='word_1_350' title='bbox 1153 2955 1373 3026; x_wconf 79' lang='grc' dir='ltr'>φύσεως</span> <span class='ocrx_word' id='word_1_351' title='bbox 1404 2951 1796 3024; x_wconf 85' lang='grc' dir='ltr'>ἐνεργούμενον</span> 
     </span>
    </p>
   </div>
   <div class='ocr_carea' id='block_1_45' title="bbox 236 3041 1795 3121">
    <p class='ocr_par' dir='ltr' id='par_1_45' title="bbox 236 3041 1795 3121">
     <span class='ocr_line' id='line_1_45' title="bbox 236 3041 1795 3121; baseline -0.006 -19"><span class='ocrx_word' id='word_1_352' title='bbox 236 3071 256 3102; x_wconf 75' lang='grc'><strong><em>4</em></strong></span> <span class='ocrx_word' id='word_1_353' title='bbox 292 3051 373 3104; x_wconf 73' lang='grc' dir='ltr'><strong>διὰ</strong></span> <span class='ocrx_word' id='word_1_354' title='bbox 401 3051 568 3121; x_wconf 84' lang='grc' dir='ltr'>τριῶν</span> <span class='ocrx_word' id='word_1_355' title='bbox 601 3049 959 3104; x_wconf 83' lang='grc' dir='ltr'>ύποστάσεων</span> <span class='ocrx_word' id='word_1_356' title='bbox 987 3047 1188 3117; x_wconf 82' lang='grc' dir='ltr'>πρέποι</span> <span class='ocrx_word' id='word_1_357' title='bbox 1230 3045 1297 3099; x_wconf 82' lang='grc' dir='ltr'><strong>ἃν</strong></span> <span class='ocrx_word' id='word_1_358' title='bbox 1341 3043 1523 3105; x_wconf 82' lang='grc' dir='ltr'>ίδικῶς</span> <span class='ocrx_word' id='word_1_359' title='bbox 1565 3041 1795 3111; x_wconf 80' lang='grc' dir='ltr'>ἑκάστῃ,</span> 
     </span>
    </p>
   </div>
   <div class='ocr_carea' id='block_1_46' title="bbox 2243 1935 3107 2004">
    <p class='ocr_par' dir='ltr' id='par_1_46' title="bbox 2243 1935 3107 2004">
     <span class='ocr_line' id='line_1_46' title="bbox 2243 1935 3107 2004; baseline -0.013 -10"><span class='ocrx_word' id='word_1_360' title='bbox 2243 1939 2497 2004; x_wconf 79' lang='lat' dir='ltr'><strong>Eiusdem</strong></span> <span class='ocrx_word' id='word_1_361' title='bbox 2529 1952 2593 1991; x_wconf 77' lang='lat' dir='ltr'><strong>ea:</strong></span> <span class='ocrx_word' id='word_1_362' title='bbox 2621 1935 2798 1990; x_wconf 81' lang='lat' dir='ltr'><strong>eodem</strong></span> <span class='ocrx_word' id='word_1_363' title='bbox 2849 1940 3107 1987; x_wconf 84' lang='lat' dir='ltr'><strong>tractatu.</strong></span> 
     </span>
    </p>
   </div>
   <div class='ocr_carea' id='block_1_47' title="bbox 1959 2018 3461 2094">
    <p class='ocr_par' dir='ltr' id='par_1_47' title="bbox 1959 2018 3461 2094">
     <span class='ocr_line' id='line_1_47' title="bbox 1959 2018 3461 2094; baseline -0.014 -2"><span class='ocrx_word' id='word_1_364' title='bbox 1959 2037 2115 2094; x_wconf 75' lang='lat' dir='ltr'><strong>XCV.</strong></span> <span class='ocrx_word' id='word_1_365' title='bbox 2144 2056 2163 2091; x_wconf 85' lang='grc' dir='ltr'><strong>ι</strong></span> <span class='ocrx_word' id='word_1_366' title='bbox 2193 2035 2368 2092; x_wconf 86' lang='lat' dir='ltr'><strong>Unius</strong></span> <span class='ocrx_word' id='word_1_367' title='bbox 2394 2031 2612 2088; x_wconf 80' lang='lat' dir='ltr'><strong>Deitatis</strong></span> <span class='ocrx_word' id='word_1_368' title='bbox 2637 2037 2831 2084; x_wconf 84' lang='lat' dir='ltr'><strong>natura</strong></span> <span class='ocrx_word' id='word_1_369' title='bbox 2853 2026 2905 2080; x_wconf 88' lang='lat' dir='ltr'><strong>in</strong></span> <span class='ocrx_word' id='word_1_370' title='bbox 2929 2032 3115 2080; x_wconf 87' lang='lat' dir='ltr'><strong>sancta</strong></span> <span class='ocrx_word' id='word_1_371' title='bbox 3139 2033 3192 2078; x_wconf 90' lang='lat' dir='ltr'><strong>et</strong></span> <span class='ocrx_word' id='word_1_372' title='bbox 3221 2018 3461 2076; x_wconf 84' lang='lat' dir='ltr'><strong>consub-</strong></span> 
     </span>
    </p>
   </div>
   <div class='ocr_carea' id='block_1_48' title="bbox 1896 2112 3459 2187">
    <p class='ocr_par' dir='ltr' id='par_1_48' title="bbox 1896 2112 3459 2187">
     <span class='ocr_line' id='line_1_48' title="bbox 1896 2112 3459 2187; baseline -0.013 -4"><span class='ocrx_word' id='word_1_373' title='bbox 1896 2152 1913 2183; x_wconf 80' lang='grc' dir='ltr'><strong>ι</strong></span> <span class='ocrx_word' id='word_1_374' title='bbox 1959 2129 2198 2187; x_wconf 88' lang='lat' dir='ltr'><strong>stantiali</strong></span> <span class='ocrx_word' id='word_1_375' title='bbox 2225 2127 2490 2182; x_wconf 87' lang='lat' dir='ltr'><strong>Trinitate</strong></span> <span class='ocrx_word' id='word_1_376' title='bbox 2519 2133 2632 2178; x_wconf 91' lang='lat' dir='ltr'><strong>tum</strong></span> <span class='ocrx_word' id='word_1_377' title='bbox 2661 2137 2688 2174; x_wconf 91' lang='lat' dir='ltr'><strong>a</strong></span> <span class='ocrx_word' id='word_1_378' title='bbox 2715 2119 2895 2185; x_wconf 91' lang='lat' dir='ltr'><strong>nobis,</strong></span> <span class='ocrx_word' id='word_1_379' title='bbox 2921 2127 3034 2172; x_wconf 88' lang='lat' dir='ltr'><strong>tum</strong></span> <span class='ocrx_word' id='word_1_380' title='bbox 3071 2131 3100 2170; x_wconf 88' lang='lat' dir='ltr'><strong>a</strong></span> <span class='ocrx_word' id='word_1_381' title='bbox 3135 2112 3340 2170; x_wconf 88' lang='lat' dir='ltr'><strong>sanctis</strong></span> <span class='ocrx_word' id='word_1_382' title='bbox 3364 2127 3459 2165; x_wconf 86' lang='lat' dir='ltr'><strong>an-</strong></span> 
     </span>
    </p>
   </div>
   <div class='ocr_carea' id='block_1_49' title="bbox 1897 2205 3461 2294">
    <p class='ocr_par' dir='ltr' id='par_1_49' title="bbox 1897 2205 3461 2294">
     <span class='ocr_line' id='line_1_49' title="bbox 1897 2205 3461 2294; baseline -0.012 -19"><span class='ocrx_word' id='word_1_383' title='bbox 1897 2245 1914 2275; x_wconf 80' lang='grc' dir='ltr'><strong>ι</strong></span> <span class='ocrx_word' id='word_1_384' title='bbox 1962 2223 2099 2294; x_wconf 82' lang='lat' dir='ltr'><strong>gelis</strong></span> <span class='ocrx_word' id='word_1_385' title='bbox 2161 2220 2502 2291; x_wconf 77' lang='lat' dir='ltr'><strong>agnoscitur,</strong></span> <span class='ocrx_word' id='word_1_386' title='bbox 2566 2224 2758 2283; x_wconf 82' lang='lat' dir='ltr'><strong>estque</strong></span> <span class='ocrx_word' id='word_1_387' title='bbox 2823 2209 3122 2268; x_wconf 79' lang='lat' dir='ltr'><strong>secundum</strong></span> <span class='ocrx_word' id='word_1_388' title='bbox 3188 2205 3461 2277; x_wconf 84' lang='lat' dir='ltr'><strong>propriam</strong></span> 
     </span>
    </p>
   </div>
   <div class='ocr_carea' id='block_1_50' title="bbox 1898 2291 3461 2383">
    <p class='ocr_par' dir='ltr' id='par_1_50' title="bbox 1898 2291 3461 2383">
     <span class='ocr_line' id='line_1_50' title="bbox 1898 2291 3461 2383; baseline -0.012 -18"><span class='ocrx_word' id='word_1_389' title='bbox 1898 2334 1914 2365; x_wconf 84' lang='grc' dir='ltr'><strong>ι</strong></span> <span class='ocrx_word' id='word_1_390' title='bbox 1955 2291 2291 2383; x_wconf 72' lang='lat' dir='ltr'><strong>bypustasim</strong></span> <span class='ocrx_word' id='word_1_391' title='bbox 2349 2305 2781 2380; x_wconf 76' lang='lat' dir='ltr'><strong>perfectissimus</strong></span> <span class='ocrx_word' id='word_1_392' title='bbox 2808 2302 2991 2363; x_wconf 88' lang='lat' dir='ltr'><strong>Pater,</strong></span> <span class='ocrx_word' id='word_1_393' title='bbox 3027 2296 3276 2352; x_wconf 87' lang='lat' dir='ltr'><strong>similiter</strong></span> <span class='ocrx_word' id='word_1_394' title='bbox 3293 2302 3348 2348; x_wconf 90' lang='lat' dir='ltr'><strong>et</strong></span> <span class='ocrx_word' id='word_1_395' title='bbox 3374 2291 3461 2348; x_wconf 80' lang='lat' dir='ltr'><strong>Fi-</strong></span> 
     </span>
    </p>
   </div>
   <div class='ocr_carea' id='block_1_51' title="bbox 1900 2384 3460 2474">
    <p class='ocr_par' dir='ltr' id='par_1_51' title="bbox 1900 2384 3460 2474">
     <span class='ocr_line' id='line_1_51' title="bbox 1900 2384 3460 2474; baseline -0.014 -16"><span class='ocrx_word' id='word_1_396' title='bbox 1900 2426 1917 2458; x_wconf 84' lang='grc' dir='ltr'><strong>ι</strong></span> <span class='ocrx_word' id='word_1_397' title='bbox 1959 2406 2063 2461; x_wconf 90' lang='lat' dir='ltr'><strong>lius</strong></span> <span class='ocrx_word' id='word_1_398' title='bbox 2088 2415 2142 2461; x_wconf 89' lang='lat' dir='ltr'><strong>et</strong></span> <span class='ocrx_word' id='word_1_399' title='bbox 2175 2402 2432 2474; x_wconf 88' lang='lat' dir='ltr'><strong>Spiritus,</strong></span> <span class='ocrx_word' id='word_1_400' title='bbox 2475 2398 2569 2456; x_wconf 88' lang='lat' dir='ltr'><strong>sed</strong></span> <span class='ocrx_word' id='word_1_401' title='bbox 2600 2397 2764 2452; x_wconf 86' lang='lat' dir='ltr'><strong>unius</strong></span> <span class='ocrx_word' id='word_1_402' title='bbox 2801 2409 2865 2448; x_wconf 79' lang='lat' dir='ltr'><strong>ex</strong></span> <span class='ocrx_word' id='word_1_403' title='bbox 2890 2392 3004 2462; x_wconf 86' lang='lat' dir='ltr'><strong>jam</strong></span> <span class='ocrx_word' id='word_1_404' title='bbox 3031 2389 3188 2444; x_wconf 88' lang='lat' dir='ltr'><strong>dictis</strong></span> <span class='ocrx_word' id='word_1_405' title='bbox 3217 2384 3460 2442; x_wconf 73' lang='lat' dir='ltr'><strong>eﬂectrix</strong></span> 
     </span>
    </p>
   </div>
   <div class='ocr_carea' id='block_1_52' title="bbox 1901 2481 3464 2564">
    <p class='ocr_par' dir='ltr' id='par_1_52' title="bbox 1901 2481 3464 2564">
     <span class='ocr_line' id='line_1_52' title="bbox 1901 2481 3464 2564; baseline -0.013 -15"><span class='ocrx_word' id='word_1_406' title='bbox 1901 2518 1918 2549; x_wconf 82' lang='grc' dir='ltr'><strong>ι</strong></span> <span class='ocrx_word' id='word_1_407' title='bbox 1973 2497 2227 2553; x_wconf 83' lang='lat' dir='ltr'><strong>voluntas</strong></span> <span class='ocrx_word' id='word_1_408' title='bbox 2257 2494 2324 2549; x_wconf 87' lang='lat' dir='ltr'><strong>de</strong></span> <span class='ocrx_word' id='word_1_409' title='bbox 2349 2503 2676 2564; x_wconf 88' lang='lat' dir='ltr'><strong>quocunque</strong></span> <span class='ocrx_word' id='word_1_410' title='bbox 2703 2486 2790 2540; x_wconf 90' lang='lat' dir='ltr'><strong>illa</strong></span> <span class='ocrx_word' id='word_1_411' title='bbox 2822 2498 3041 2555; x_wconf 89' lang='lat' dir='ltr'><strong>quoquo</strong></span> <span class='ocrx_word' id='word_1_412' title='bbox 3065 2481 3228 2535; x_wconf 86' lang='lat' dir='ltr'><strong>modo</strong></span> <span class='ocrx_word' id='word_1_413' title='bbox 3253 2491 3464 2532; x_wconf 88' lang='lat' dir='ltr'><strong>assera—</strong></span> 
     </span>
    </p>
   </div>
   <div class='ocr_carea' id='block_1_53' title="bbox 1902 2567 3466 2657">
    <p class='ocr_par' dir='ltr' id='par_1_53' title="bbox 1902 2567 3466 2657">
     <span class='ocr_line' id='line_1_53' title="bbox 1902 2567 3466 2657; baseline -0.013 -17"><span class='ocrx_word' id='word_1_414' title='bbox 1902 2611 1918 2640; x_wconf 81' lang='grc'><strong><em>‹</em></strong></span> <span class='ocrx_word' id='word_1_415' title='bbox 1964 2599 2072 2654; x_wconf 84' lang='lat' dir='ltr'><strong>tur,</strong></span> <span class='ocrx_word' id='word_1_416' title='bbox 2103 2586 2350 2657; x_wconf 87' lang='lat' dir='ltr'><strong>operatio</strong></span> <span class='ocrx_word' id='word_1_417' title='bbox 2393 2583 2614 2654; x_wconf 90' lang='lat' dir='ltr'><strong>quidem</strong></span> <span class='ocrx_word' id='word_1_418' title='bbox 2655 2580 2805 2635; x_wconf 90' lang='lat' dir='ltr'><strong>illius</strong></span> <span class='ocrx_word' id='word_1_419' title='bbox 2835 2586 2936 2640; x_wconf 87' lang='lat' dir='ltr'><strong>est,</strong></span> <span class='ocrx_word' id='word_1_420' title='bbox 2963 2582 3202 2629; x_wconf 86' lang='lat' dir='ltr'><strong>attamen</strong></span> <span class='ocrx_word' id='word_1_421' title='bbox 3228 2585 3324 2642; x_wconf 87' lang='lat' dir='ltr'><strong>per</strong></span> <span class='ocrx_word' id='word_1_422' title='bbox 3345 2567 3466 2622; x_wconf 84' lang='lat' dir='ltr'><strong>uni-</strong></span> 
     </span>
    </p>
   </div>
   <div class='ocr_carea' id='block_1_54' title="bbox 1902 2660 3464 2736">
    <p class='ocr_par' dir='ltr' id='par_1_54' title="bbox 1902 2660 3464 2736">
     <span class='ocr_line' id='line_1_54' title="bbox 1902 2660 3464 2736; baseline -0.012 -3"><span class='ocrx_word' id='word_1_423' title='bbox 1902 2704 1917 2733; x_wconf 81' lang='grc' dir='ltr'><strong>ι</strong></span> <span class='ocrx_word' id='word_1_424' title='bbox 1966 2696 2172 2736; x_wconf 87' lang='lat' dir='ltr'><strong>versam</strong></span> <span class='ocrx_word' id='word_1_425' title='bbox 2223 2679 2556 2734; x_wconf 81' lang='lat' dir='ltr'><strong>divinitatem</strong></span> <span class='ocrx_word' id='word_1_426' title='bbox 2609 2670 2872 2732; x_wconf 77' lang='lat' dir='ltr'><strong>excurrit,</strong></span> <span class='ocrx_word' id='word_1_427' title='bbox 2925 2666 3262 2733; x_wconf 80' lang='lat' dir='ltr'><strong>eil‘ectusque</strong></span> <span class='ocrx_word' id='word_1_428' title='bbox 3297 2660 3464 2723; x_wconf 87' lang='lat' dir='ltr'><strong>illius,</strong></span> 
     </span>
    </p>
   </div>
   <div class='ocr_carea' id='block_1_55' title="bbox 1904 2755 3466 2843">
    <p class='ocr_par' dir='ltr' id='par_1_55' title="bbox 1904 2755 3466 2843">
     <span class='ocr_line' id='line_1_55' title="bbox 1904 2755 3466 2843; baseline -0.013 -18"><span class='ocrx_word' id='word_1_429' title='bbox 1904 2794 1920 2825; x_wconf 73' lang='grc' dir='ltr'><strong>ι</strong></span> <span class='ocrx_word' id='word_1_430' title='bbox 1971 2789 2092 2843; x_wconf 64' lang='grc' dir='ltr'>(ιιιω</span> <span class='ocrx_word' id='word_1_431' title='bbox 2115 2786 2282 2842; x_wconf 85' lang='lat' dir='ltr'><strong>super</strong></span> <span class='ocrx_word' id='word_1_432' title='bbox 2319 2783 2534 2823; x_wconf 87' lang='lat' dir='ltr'><strong>omnem</strong></span> <span class='ocrx_word' id='word_1_433' title='bbox 2571 2772 2878 2820; x_wconf 85' lang='lat' dir='ltr'><strong>creaturam</strong></span> <span class='ocrx_word' id='word_1_434' title='bbox 2903 2767 3008 2824; x_wconf 70' lang='lat' dir='ltr'><strong>BSI,</strong></span> <span class='ocrx_word' id='word_1_435' title='bbox 3034 2755 3306 2815; x_wconf 63' lang='lat' dir='ltr'><strong>essentia,</strong></span> <span class='ocrx_word' id='word_1_436' title='bbox 3349 2761 3466 2806; x_wconf 85' lang='lat' dir='ltr'><strong>tau-</strong></span> 
     </span>
    </p>
   </div>
   <div class='ocr_carea' id='block_1_56' title="bbox 1907 2845 3467 2934">
    <p class='ocr_par' dir='ltr' id='par_1_56' title="bbox 1907 2845 3467 2934">
     <span class='ocr_line' id='line_1_56' title="bbox 1907 2845 3467 2934; baseline -0.017 -14"><span class='ocrx_word' id='word_1_437' title='bbox 1907 2887 1922 2914; x_wconf 80' lang='grc' dir='ltr'><strong>ι</strong></span> <span class='ocrx_word' id='word_1_438' title='bbox 1969 2880 2131 2934; x_wconf 87' lang='lat' dir='ltr'><strong>quam</strong></span> <span class='ocrx_word' id='word_1_439' title='bbox 2165 2861 2424 2918; x_wconf 87' lang='lat' dir='ltr'><strong>omnibus</strong></span> <span class='ocrx_word' id='word_1_440' title='bbox 2459 2854 2790 2916; x_wconf 87' lang='lat' dir='ltr'><strong>communis,</strong></span> <span class='ocrx_word' id='word_1_441' title='bbox 2843 2868 2941 2906; x_wconf 84' lang='lat' dir='ltr'><strong>nec</strong></span> <span class='ocrx_word' id='word_1_442' title='bbox 2969 2865 3074 2904; x_wconf 92' lang='lat' dir='ltr'><strong>non</strong></span> <span class='ocrx_word' id='word_1_443' title='bbox 3106 2857 3162 2904; x_wconf 87' lang='lat' dir='ltr'><strong>et</strong></span> <span class='ocrx_word' id='word_1_444' title='bbox 3183 2845 3467 2916; x_wconf 86' lang='lat' dir='ltr'><strong>speciatim</strong></span> 
     </span>
    </p>
   </div>
   <div class='ocr_carea' id='block_1_57' title="bbox 1905 2946 3467 3025">
    <p class='ocr_par' dir='ltr' id='par_1_57' title="bbox 1905 2946 3467 3025">
     <span class='ocr_line' id='line_1_57' title="bbox 1905 2946 3467 3025; baseline -0.012 -19"><span class='ocrx_word' id='word_1_445' title='bbox 1905 2976 1921 3006; x_wconf 85' lang='grc' dir='ltr'><strong>ι</strong></span> <span class='ocrx_word' id='word_1_446' title='bbox 1972 2955 2263 3025; x_wconf 89' lang='lat' dir='ltr'><strong>unicuique</strong></span> <span class='ocrx_word' id='word_1_447' title='bbox 2293 2966 2555 3021; x_wconf 62' lang='lat' dir='ltr'><strong>personae.</strong></span> <span class='ocrx_word' id='word_1_448' title='bbox 2611 2947 2767 3016; x_wconf 83' lang='lat' dir='ltr'><strong>Quod</strong></span> <span class='ocrx_word' id='word_1_449' title='bbox 2799 2946 2964 3015; x_wconf 74' lang='lat' dir='ltr'><strong>igitur</strong></span> <span class='ocrx_word' id='word_1_450' title='bbox 3011 2958 3080 2997; x_wconf 79' lang='lat' dir='ltr'><strong>ex</strong></span> <span class='ocrx_word' id='word_1_451' title='bbox 3141 2954 3245 2995; x_wconf 91' lang='lat' dir='ltr'><strong>una</strong></span> <span class='ocrx_word' id='word_1_452' title='bbox 3276 2947 3467 2993; x_wconf 85' lang='lat' dir='ltr'><strong>natura</strong></span> 
     </span>
    </p>
   </div>
   <div class='ocr_carea' id='block_1_58' title="bbox 1909 3028 3473 3116">
    <p class='ocr_par' dir='ltr' id='par_1_58' title="bbox 1909 3028 3473 3116">
     <span class='ocr_line' id='line_1_58' title="bbox 1909 3028 3473 3116; baseline -0.013 -17"><span class='ocrx_word' id='word_1_453' title='bbox 1909 3069 1924 3099; x_wconf 86' lang='grc' dir='ltr'><strong>ι</strong></span> <span class='ocrx_word' id='word_1_454' title='bbox 1966 3047 2196 3104; x_wconf 81' lang='lat' dir='ltr'><strong>eﬂicitur</strong></span> <span class='ocrx_word' id='word_1_455' title='bbox 2245 3060 2342 3116; x_wconf 85' lang='lat' dir='ltr'><strong>per</strong></span> <span class='ocrx_word' id='word_1_456' title='bbox 2365 3051 2478 3098; x_wconf 89' lang='lat' dir='ltr'><strong>tres</strong></span> <span class='ocrx_word' id='word_1_457' title='bbox 2535 3041 2878 3112; x_wconf 78' lang='lat' dir='ltr'><strong>ltypostases,</strong></span> <span class='ocrx_word' id='word_1_458' title='bbox 2911 3033 3128 3105; x_wconf 89' lang='lat' dir='ltr'><strong>propria</strong></span> <span class='ocrx_word' id='word_1_459' title='bbox 3178 3028 3473 3098; x_wconf 86' lang='lat' dir='ltr'><strong>unicuique</strong></span> 
     </span>
    </p>
   </div>
   <div class='ocr_carea' id='block_1_59' title="bbox 238 3123 1805 3226">
    <p class='ocr_par' dir='ltr' id='par_1_59' title="bbox 238 3130 1798 3212">
     <span class='ocr_line' id='line_1_59' title="bbox 238 3130 1798 3212; baseline -0.006 -20"><span class='ocrx_word' id='word_1_460' title='bbox 238 3161 257 3192; x_wconf 80' lang='grc' dir='ltr'><strong>ι</strong></span> <span class='ocrx_word' id='word_1_461' title='bbox 293 3143 620 3204; x_wconf 81' lang='grc' dir='ltr'>παντελείως</span> <span class='ocrx_word' id='word_1_462' title='bbox 642 3140 843 3212; x_wconf 81' lang='grc' dir='ltr'>ἐχούσῃ</span> <span class='ocrx_word' id='word_1_463' title='bbox 860 3138 981 3192; x_wconf 88' lang='grc' dir='ltr'>καθ’</span> <span class='ocrx_word' id='word_1_464' title='bbox 998 3138 1217 3206; x_wconf 78' lang='grc' dir='ltr'>ἑαυτήν.</span> <span class='ocrx_word' id='word_1_465' title='bbox 1249 3135 1494 3204; x_wconf 83' lang='grc' dir='ltr'>Ἐνεργεῖ</span> <span class='ocrx_word' id='word_1_466' title='bbox 1507 3130 1798 3202; x_wconf 82' lang='grc' dir='ltr'>τοιγαροῦν</span> 
     </span>
    </p>
   </div>
   <div class='ocr_carea' id='block_1_60' title="bbox 1918 3123 3477 3226">
    <p class='ocr_par' dir='ltr' id='par_1_60' title="bbox 1918 3123 3477 3210">
     <span class='ocr_line' id='line_1_60' title="bbox 1918 3123 3477 3210; baseline -0.012 -19"><span class='ocrx_word' id='word_1_467' title='bbox 1918 3161 1928 3191; x_wconf 84' lang='grc' dir='ltr'><strong>ι</strong></span> <span class='ocrx_word' id='word_1_468' title='bbox 1976 3150 2238 3210; x_wconf 90' lang='lat' dir='ltr'><strong>tanquam</strong></span> <span class='ocrx_word' id='word_1_469' title='bbox 2273 3151 2395 3206; x_wconf 81' lang='lat' dir='ltr'><strong>quae</strong></span> <span class='ocrx_word' id='word_1_470' title='bbox 2429 3149 2526 3206; x_wconf 89' lang='lat' dir='ltr'><strong>per</strong></span> <span class='ocrx_word' id='word_1_471' title='bbox 2557 3149 2615 3187; x_wconf 91' lang='lat' dir='ltr'><strong>se</strong></span> <span class='ocrx_word' id='word_1_472' title='bbox 2641 3129 3042 3202; x_wconf 80' lang='lat' dir='ltr'><strong>perfectissima</strong></span> <span class='ocrx_word' id='word_1_473' title='bbox 3073 3123 3341 3186; x_wconf 89' lang='lat' dir='ltr'><strong>subsistit,</strong></span> <span class='ocrx_word' id='word_1_474' title='bbox 3396 3128 3477 3174; x_wconf 88' lang='lat' dir='ltr'><strong>at-</strong></span> 
     </span>
    </p>
   </div>
   <div class='ocr_carea' id='block_1_61' title="bbox 242 3211 1805 3305">
    <p class='ocr_par' dir='ltr' id='par_1_61' title="bbox 242 3211 1800 3305">
     <span class='ocr_line' id='line_1_61' title="bbox 242 3211 1800 3305; baseline -0.006 -21"><span class='ocrx_word' id='word_1_475' title='bbox 242 3253 256 3284; x_wconf 84' lang='grc' dir='ltr'><strong>ι</strong></span> <span class='ocrx_word' id='word_1_476' title='bbox 292 3237 317 3288; x_wconf 91' lang='lat'><strong>6</strong></span> <span class='ocrx_word' id='word_1_477' title='bbox 340 3234 544 3305; x_wconf 78' lang='grc' dir='ltr'>Πατὴρ,</span> <span class='ocrx_word' id='word_1_478' title='bbox 580 3211 722 3287; x_wconf 65' lang='grc' dir='ltr'>ἀλλὰ</span> <span class='ocrx_word' id='word_1_479' title='bbox 749 3211 822 3285; x_wconf 11' lang='grc' dir='ltr'><strong>δι”ν</strong></span> <span class='ocrx_word' id='word_1_480' title='bbox 845 3229 976 3284; x_wconf 87' lang='grc' dir='ltr'>Υἱοῦ</span> <span class='ocrx_word' id='word_1_481' title='bbox 1007 3231 1066 3283; x_wconf 81' lang='grc' dir='ltr'><strong>ἐν</strong></span> <span class='ocrx_word' id='word_1_482' title='bbox 1103 3227 1380 3293; x_wconf 80' lang='grc' dir='ltr'>Πνεῦματι</span> <span class='ocrx_word' id='word_1_483' title='bbox 1403 3241 1420 3258; x_wconf 76' lang='grc'><strong><em>⁸</em></strong></span> <span class='ocrx_word' id='word_1_484' title='bbox 1448 3223 1664 3294; x_wconf 79' lang='grc' dir='ltr'>ἐνεργεῖ</span> <span class='ocrx_word' id='word_1_485' title='bbox 1705 3222 1800 3276; x_wconf 72' lang='grc' dir='ltr'><strong>καὶ</strong></span> 
     </span>
    </p>
   </div>
   <div class='ocr_carea' id='block_1_62' title="bbox 1918 3211 3474 3305">
    <p class='ocr_par' dir='ltr' id='par_1_62' title="bbox 1918 3211 3474 3299">
     <span class='ocr_line' id='line_1_62' title="bbox 1918 3211 3474 3299; baseline -0.013 -15"><span class='ocrx_word' id='word_1_486' title='bbox 1918 3254 1930 3284; x_wconf 87' lang='grc' dir='ltr'><strong>ι</strong></span> <span class='ocrx_word' id='word_1_487' title='bbox 1976 3232 2254 3286; x_wconf 87' lang='lat' dir='ltr'><strong>tribuitur.</strong></span> <span class='ocrx_word' id='word_1_488' title='bbox 2295 3229 2565 3299; x_wconf 88' lang='lat' dir='ltr'><strong>Operatur</strong></span> <span class='ocrx_word' id='word_1_489' title='bbox 2592 3226 2776 3292; x_wconf 87' lang='lat' dir='ltr'><strong>itaque</strong></span> <span class='ocrx_word' id='word_1_490' title='bbox 2822 3221 3002 3282; x_wconf 89' lang='lat' dir='ltr'><strong>Pater,</strong></span> <span class='ocrx_word' id='word_1_491' title='bbox 3029 3219 3123 3274; x_wconf 87' lang='lat' dir='ltr'><strong>sed</strong></span> <span class='ocrx_word' id='word_1_492' title='bbox 3153 3231 3252 3286; x_wconf 90' lang='lat' dir='ltr'><strong>per</strong></span> <span class='ocrx_word' id='word_1_493' title='bbox 3281 3211 3474 3268; x_wconf 87' lang='lat' dir='ltr'><strong>Filium</strong></span> 
     </span>
    </p>
   </div>
   <div class='ocr_carea' id='block_1_63' title="bbox 242 3314 1798 3392">
    <p class='ocr_par' dir='ltr' id='par_1_63' title="bbox 242 3314 1798 3392">
     <span class='ocr_line' id='line_1_63' title="bbox 242 3314 1798 3392; baseline -0.008 -12"><span class='ocrx_word' id='word_1_494' title='bbox 242 3347 256 3374; x_wconf 71' lang='grc' dir='ltr'><strong>ι</strong></span> <span class='ocrx_word' id='word_1_495' title='bbox 293 3330 318 3379; x_wconf 89' lang='lat'><strong>6</strong></span> <span class='ocrx_word' id='word_1_496' title='bbox 346 3325 487 3389; x_wconf 79' lang='grc' dir='ltr'>Υἱὸς,</span> <span class='ocrx_word' id='word_1_497' title='bbox 528 3326 649 3380; x_wconf 76' lang='grc' dir='ltr'>ἀλλ’</span> <span class='ocrx_word' id='word_1_498' title='bbox 681 3325 755 3386; x_wconf 82' lang='grc' dir='ltr'>ὡς</span> <span class='ocrx_word' id='word_1_499' title='bbox 788 3323 1019 3392; x_wconf 86' lang='grc' dir='ltr'>δύναμις</span> <span class='ocrx_word' id='word_1_500' title='bbox 1047 3319 1141 3375; x_wconf 86' lang='grc' dir='ltr'><strong>τοῦ</strong></span> <span class='ocrx_word' id='word_1_501' title='bbox 1183 3319 1419 3389; x_wconf 77' lang='grc' dir='ltr'>Πατρὸς,</span> <span class='ocrx_word' id='word_1_502' title='bbox 1454 3318 1513 3384; x_wconf 78' lang='grc' dir='ltr'>ἐξ</span> <span class='ocrx_word' id='word_1_503' title='bbox 1545 3314 1712 3368; x_wconf 81' lang='grc' dir='ltr'>αὑτοῦ</span> <span class='ocrx_word' id='word_1_504' title='bbox 1739 3331 1798 3368; x_wconf 82' lang='grc' dir='ltr'><strong>τε</strong></span> 
     </span>
    </p>
   </div>
   <div class='ocr_carea' id='block_1_64' title="bbox 243 3407 1799 3486">
    <p class='ocr_par' dir='ltr' id='par_1_64' title="bbox 243 3407 1799 3486">
     <span class='ocr_line' id='line_1_64' title="bbox 243 3407 1799 3486; baseline -0.008 -16"><span class='ocrx_word' id='word_1_505' title='bbox 243 3438 259 3470; x_wconf 90' lang='grc' dir='ltr'><strong>ι</strong></span> <span class='ocrx_word' id='word_1_506' title='bbox 301 3419 385 3470; x_wconf 71' lang='grc' dir='ltr'><strong>καὶ</strong></span> <span class='ocrx_word' id='word_1_507' title='bbox 439 3418 497 3469; x_wconf 87' lang='grc' dir='ltr'><strong>ἐν</strong></span> <span class='ocrx_word' id='word_1_508' title='bbox 556 3415 710 3486; x_wconf 86' lang='grc' dir='ltr'>αύτῷ</span> <span class='ocrx_word' id='word_1_509' title='bbox 769 3414 1062 3484; x_wconf 83' lang='grc' dir='ltr'>νοούμενος</span> <span class='ocrx_word' id='word_1_510' title='bbox 1130 3412 1252 3465; x_wconf 87' lang='grc' dir='ltr'>καθ’</span> <span class='ocrx_word' id='word_1_511' title='bbox 1302 3408 1538 3479; x_wconf 80' lang='grc' dir='ltr'>ὕπαρξιν</span> <span class='ocrx_word' id='word_1_512' title='bbox 1587 3407 1799 3478; x_wconf 74' lang='grc' dir='ltr'>ίδικήνο</span> 
     </span>
    </p>
   </div>
   <div class='ocr_carea' id='block_1_65' title="bbox 245 3496 1800 3584">
    <p class='ocr_par' dir='ltr' id='par_1_65' title="bbox 245 3496 1800 3584">
     <span class='ocr_line' id='line_1_65' title="bbox 245 3496 1800 3584; baseline -0.008 -17"><span class='ocrx_word' id='word_1_513' title='bbox 245 3517 502 3584; x_wconf 74' lang='grc' dir='ltr'>«ἐνεργεῖ</span> <span class='ocrx_word' id='word_1_514' title='bbox 557 3513 659 3566; x_wconf 75' lang='grc' dir='ltr'>καὶ</span> <span class='ocrx_word' id='word_1_515' title='bbox 711 3512 773 3565; x_wconf 83' lang='grc' dir='ltr'>τδ</span> <span class='ocrx_word' id='word_1_516' title='bbox 813 3509 1062 3579; x_wconf 87' lang='grc' dir='ltr'>Πνεῦμα.</span> <span class='ocrx_word' id='word_1_517' title='bbox 1103 3507 1330 3576; x_wconf 81' lang='grc' dir='ltr'>Πνεῦμα</span> <span class='ocrx_word' id='word_1_518' title='bbox 1380 3504 1488 3576; x_wconf 80' lang='grc' dir='ltr'>γάρ</span> <span class='ocrx_word' id='word_1_519' title='bbox 1546 3505 1664 3556; x_wconf 81' lang='grc' dir='ltr'>ἐστι</span> <span class='ocrx_word' id='word_1_520' title='bbox 1709 3496 1800 3555; x_wconf 82' lang='grc' dir='ltr'><strong>τοῦ</strong></span> 
     </span>
    </p>
   </div>
   <div class='ocr_carea' id='block_1_66' title="bbox 246 3598 1445 3678">
    <p class='ocr_par' dir='ltr' id='par_1_66' title="bbox 246 3598 1445 3678">
     <span class='ocr_line' id='line_1_66' title="bbox 246 3598 1445 3678; baseline -0.008 -20"><span class='ocrx_word' id='word_1_521' title='bbox 246 3626 262 3657; x_wconf 86' lang='grc' dir='ltr'><strong>ι</strong></span> <span class='ocrx_word' id='word_1_522' title='bbox 301 3607 504 3678; x_wconf 78' lang='grc' dir='ltr'>Πατρδς</span> <span class='ocrx_word' id='word_1_523' title='bbox 534 3607 634 3660; x_wconf 71' lang='grc' dir='ltr'>καὶ</span> <span class='ocrx_word' id='word_1_524' title='bbox 673 3604 766 3657; x_wconf 86' lang='grc' dir='ltr'><strong>τοῦ</strong></span> <span class='ocrx_word' id='word_1_525' title='bbox 799 3601 930 3656; x_wconf 84' lang='grc' dir='ltr'>Υίοῦ</span> <span class='ocrx_word' id='word_1_526' title='bbox 966 3598 1384 3670; x_wconf 84' lang='grc' dir='ltr'>παντουργικόν.</span> <span class='ocrx_word' id='word_1_527' title='bbox 1427 3615 1445 3648; x_wconf 69' lang='grc' dir='ltr'><strong>ι</strong></span> 
     </span>
    </p>
   </div>
   <div class='ocr_carea' id='block_1_67' title="bbox 842 3695 1220 3750">
    <p class='ocr_par' dir='ltr' id='par_1_67' title="bbox 842 3695 1220 3750">
     <span class='ocr_line' id='line_1_67' title="bbox 842 3695 1220 3750; baseline -0.011 0"><span class='ocrx_word' id='word_1_528' title='bbox 842 3695 1220 3750; x_wconf 82' lang='grc' dir='ltr'>Ἔπιστασιά.</span> 
     </span>
    </p>
   </div>
   <div class='ocr_carea' id='block_1_68' title="bbox 313 3782 1807 3859">
    <p class='ocr_par' dir='ltr' id='par_1_68' title="bbox 313 3782 1807 3859">
     <span class='ocr_line' id='line_1_68' title="bbox 313 3782 1807 3859; baseline -0.004 -16"><span class='ocrx_word' id='word_1_529' title='bbox 313 3810 331 3843; x_wconf 87' lang='grc' dir='ltr'><strong>ι</strong></span> <span class='ocrx_word' id='word_1_530' title='bbox 383 3789 655 3844; x_wconf 80' lang='grc' dir='ltr'>Ἐνταῦθα</span> <span class='ocrx_word' id='word_1_531' title='bbox 690 3787 788 3859; x_wconf 81' lang='grc' dir='ltr'>οὐχ</span> <span class='ocrx_word' id='word_1_532' title='bbox 829 3787 1018 3858; x_wconf 72' lang='grc' dir='ltr'>ἕτερόν</span> <span class='ocrx_word' id='word_1_533' title='bbox 1057 3803 1111 3840; x_wconf 87' lang='grc' dir='ltr'><strong>τι</strong></span> <span class='ocrx_word' id='word_1_534' title='bbox 1149 3784 1264 3838; x_wconf 80' lang='grc' dir='ltr'>ἀλλ’</span> <span class='ocrx_word' id='word_1_535' title='bbox 1305 3784 1337 3854; x_wconf 77' lang='grc' dir='ltr'>ἢ</span> <span class='ocrx_word' id='word_1_536' title='bbox 1383 3783 1485 3855; x_wconf 76' lang='grc' dir='ltr'>τὴν</span> <span class='ocrx_word' id='word_1_537' title='bbox 1534 3782 1674 3854; x_wconf 76' lang='grc' dir='ltr'>πρὸς</span> <span class='ocrx_word' id='word_1_538' title='bbox 1715 3782 1807 3837; x_wconf 74' lang='grc' dir='ltr'><strong>τὸν</strong></span> 
     </span>
    </p>
   </div>
   <div class='ocr_carea' id='block_1_69' title="bbox 253 3871 1805 3954">
    <p class='ocr_par' dir='ltr' id='par_1_69' title="bbox 253 3871 1805 3954">
     <span class='ocr_line' id='line_1_69' title="bbox 253 3871 1805 3954; baseline -0.005 -20"><span class='ocrx_word' id='word_1_539' title='bbox 253 3903 270 3934; x_wconf 82' lang='grc' dir='ltr'><strong>ι</strong></span> <span class='ocrx_word' id='word_1_540' title='bbox 304 3883 519 3954; x_wconf 79' lang='grc' dir='ltr'>Πατέρα</span> <span class='ocrx_word' id='word_1_541' title='bbox 535 3882 637 3937; x_wconf 79' lang='grc' dir='ltr'>καὶ</span> <span class='ocrx_word' id='word_1_542' title='bbox 660 3881 750 3936; x_wconf 87' lang='grc' dir='ltr'>τδν</span> <span class='ocrx_word' id='word_1_543' title='bbox 778 3880 904 3934; x_wconf 79' lang='grc' dir='ltr'>Υίδν</span> <span class='ocrx_word' id='word_1_544' title='bbox 917 3878 1310 3952; x_wconf 80' lang='grc' dir='ltr'>ὁμοουσιότητα</span> <span class='ocrx_word' id='word_1_545' title='bbox 1321 3876 1585 3942; x_wconf 74' lang='grc' dir='ltr'>διδάσκει,</span> <span class='ocrx_word' id='word_1_546' title='bbox 1621 3871 1805 3947; x_wconf 75' lang='grc' dir='ltr'>οἶμαι,</span> 
     </span>
    </p>
   </div>
   <div class='ocr_carea' id='block_1_70' title="bbox 253 3976 587 4047">
    <p class='ocr_par' dir='ltr' id='par_1_70' title="bbox 253 3976 587 4047">
     <span class='ocr_line' id='line_1_70' title="bbox 253 3976 587 4047; baseline -0.003 -18"><span class='ocrx_word' id='word_1_547' title='bbox 253 3996 272 4029; x_wconf 77' lang='grc' dir='ltr'><strong>ι</strong></span> <span class='ocrx_word' id='word_1_548' title='bbox 308 3976 523 4047; x_wconf 77' lang='grc' dir='ltr'>όᾶγιος.</span> <span class='ocrx_word' id='word_1_549' title='bbox 566 3997 587 4028; x_wconf 71' lang='grc' dir='ltr'><strong>ι</strong></span> 
     </span>
    </p>
   </div>
   <div class='ocr_carea' id='block_1_71' title="bbox 839 4066 1237 4135">
    <p class='ocr_par' dir='ltr' id='par_1_71' title="bbox 839 4066 1237 4135">
     <span class='ocr_line' id='line_1_71' title="bbox 839 4066 1237 4135; baseline -0.005 -16"><span class='ocrx_word' id='word_1_550' title='bbox 839 4066 1237 4135; x_wconf 57' lang='grc' dir='ltr'>Ἀντιβρησις.</span> 
     </span>
    </p>
   </div>
   <div class='ocr_carea' id='block_1_72' title="bbox 313 4153 1814 4232">
    <p class='ocr_par' dir='ltr' id='par_1_72' title="bbox 313 4153 1814 4232">
     <span class='ocr_line' id='line_1_72' title="bbox 313 4153 1814 4232; baseline -0.009 -14"><span class='ocrx_word' id='word_1_551' title='bbox 313 4161 458 4232; x_wconf 62' lang='lat' dir='ltr'><strong>Misi;</strong></span> <span class='ocrx_word' id='word_1_552' title='bbox 480 4162 514 4231; x_wconf 75' lang='grc' dir='ltr'>ἢ</span> <span class='ocrx_word' id='word_1_553' title='bbox 545 4161 685 4232; x_wconf 79' lang='grc' dir='ltr'>πρὸς</span> <span class='ocrx_word' id='word_1_554' title='bbox 705 4159 797 4213; x_wconf 78' lang='grc' dir='ltr'><strong>τὸν</strong></span> <span class='ocrx_word' id='word_1_555' title='bbox 818 4158 1039 4224; x_wconf 84' lang='grc' dir='ltr'>Πατέρα</span> <span class='ocrx_word' id='word_1_556' title='bbox 1072 4158 1168 4210; x_wconf 54' lang='grc' dir='ltr'><strong>καὶ¹</strong></span> <span class='ocrx_word' id='word_1_557' title='bbox 1195 4155 1285 4210; x_wconf 82' lang='grc' dir='ltr'>τὸν</span> <span class='ocrx_word' id='word_1_558' title='bbox 1312 4155 1439 4209; x_wconf 82' lang='grc' dir='ltr'><strong>Υἱδν</strong></span> <span class='ocrx_word' id='word_1_559' title='bbox 1458 4153 1814 4225; x_wconf 74' lang='grc' dir='ltr'>ὁμοουσιότης</span> 
     </span>
    </p>
   </div>
   <div class='ocr_carea' id='block_1_73' title="bbox 251 4244 1826 4324">
    <p class='ocr_par' dir='ltr' id='par_1_73' title="bbox 251 4244 1826 4324">
     <span class='ocr_line' id='line_1_73' title="bbox 251 4244 1826 4324; baseline -0.006 -19"><span class='ocrx_word' id='word_1_560' title='bbox 251 4249 337 4306; x_wconf 80' lang='grc' dir='ltr'><strong>τοῦ</strong></span> <span class='ocrx_word' id='word_1_561' title='bbox 385 4254 727 4324; x_wconf 85' lang='grc' dir='ltr'>Πνεύματος,</span> <span class='ocrx_word' id='word_1_562' title='bbox 777 4251 844 4322; x_wconf 76' lang='grc' dir='ltr'>ἢν</span> <span class='ocrx_word' id='word_1_563' title='bbox 905 4250 1180 4304; x_wconf 82' lang='grc' dir='ltr'>διδάσκειν</span> <span class='ocrx_word' id='word_1_564' title='bbox 1218 4245 1453 4300; x_wconf 84' lang='grc' dir='ltr'>ἐνταῦθα</span> <span class='ocrx_word' id='word_1_565' title='bbox 1493 4246 1674 4314; x_wconf 73' lang='grc' dir='ltr'>λέγεις</span> <span class='ocrx_word' id='word_1_566' title='bbox 1722 4244 1826 4296; x_wconf 79' lang='grc' dir='ltr'><strong>τὸν</strong></span> 
     </span>
    </p>
   </div>
   <div class='ocr_carea' id='block_1_74' title="bbox 254 4334 1816 4414">
    <p class='ocr_par' dir='ltr' id='par_1_74' title="bbox 254 4334 1816 4414">
     <span class='ocr_line' id='line_1_74' title="bbox 254 4334 1816 4414; baseline -0.006 -14"><span class='ocrx_word' id='word_1_567' title='bbox 254 4344 420 4414; x_wconf 68' lang='grc' dir='ltr'>ἄτιον,</span> <span class='ocrx_word' id='word_1_568' title='bbox 479 4347 583 4400; x_wconf 85' lang='grc' dir='ltr'><strong>ούκ</strong></span> <span class='ocrx_word' id='word_1_569' title='bbox 639 4343 864 4400; x_wconf 70' lang='grc' dir='ltr'>ἄλλοθέν</span> <span class='ocrx_word' id='word_1_570' title='bbox 905 4345 1075 4405; x_wconf 85' lang='grc' dir='ltr'>ἐστιν,</span> <span class='ocrx_word' id='word_1_571' title='bbox 1128 4339 1245 4394; x_wconf 78' lang='grc' dir='ltr'>ἀλλ’</span> <span class='ocrx_word' id='word_1_572' title='bbox 1299 4342 1362 4393; x_wconf 75' lang='grc' dir='ltr'><strong>ἐκ</strong></span> <span class='ocrx_word' id='word_1_573' title='bbox 1413 4334 1507 4393; x_wconf 88' lang='grc' dir='ltr'><strong>τοῦ</strong></span> <span class='ocrx_word' id='word_1_574' title='bbox 1560 4335 1701 4392; x_wconf 73' lang='grc' dir='ltr'>εἶναι</span> <span class='ocrx_word' id='word_1_575' title='bbox 1753 4336 1816 4391; x_wconf 88' lang='grc' dir='ltr'>τδ</span> 
     </span>
    </p>
   </div>
   <div class='ocr_carea' id='block_1_75' title="bbox 258 4430 1818 4510">
    <p class='ocr_par' dir='ltr' id='par_1_75' title="bbox 258 4430 1818 4510">
     <span class='ocr_line' id='line_1_75' title="bbox 258 4430 1818 4510; baseline -0.005 -19"><span class='ocrx_word' id='word_1_576' title='bbox 258 4437 469 4510; x_wconf 81' lang='grc' dir='ltr'>Πνεῦμα</span> <span class='ocrx_word' id='word_1_577' title='bbox 494 4439 584 4494; x_wconf 83' lang='grc' dir='ltr'><strong>διὰ</strong></span> <span class='ocrx_word' id='word_1_578' title='bbox 620 4436 716 4492; x_wconf 76' lang='grc' dir='ltr'><strong>τοῦ</strong></span> <span class='ocrx_word' id='word_1_579' title='bbox 759 4435 892 4491; x_wconf 74' lang='grc' dir='ltr'>Υίοῦ</span> <span class='ocrx_word' id='word_1_580' title='bbox 936 4431 1000 4489; x_wconf 78' lang='grc' dir='ltr'><strong>ἐκ</strong></span> <span class='ocrx_word' id='word_1_581' title='bbox 1035 4433 1129 4487; x_wconf 86' lang='grc' dir='ltr'><strong>τοῦ</strong></span> <span class='ocrx_word' id='word_1_582' title='bbox 1171 4433 1402 4502; x_wconf 79' lang='grc' dir='ltr'>Πατρός.</span> <span class='ocrx_word' id='word_1_583' title='bbox 1450 4430 1560 4485; x_wconf 72' lang='grc' dir='ltr'>Καὶ</span> <span class='ocrx_word' id='word_1_584' title='bbox 1595 4432 1629 4502; x_wconf 77' lang='grc' dir='ltr'><strong>ἡ</strong></span> <span class='ocrx_word' id='word_1_585' title='bbox 1673 4445 1818 4502; x_wconf 84' lang='grc' dir='ltr'>μαρ-</span> 
     </span>
    </p>
   </div>
   <div class='ocr_carea' id='block_1_76' title="bbox 257 4527 1817 4602">
    <p class='ocr_par' dir='ltr' id='par_1_76' title="bbox 257 4527 1817 4602">
     <span class='ocr_line' id='line_1_76' title="bbox 257 4527 1817 4602; baseline -0.003 -20"><span class='ocrx_word' id='word_1_586' title='bbox 257 4530 408 4600; x_wconf 87' lang='grc' dir='ltr'>τυρία</span> <span class='ocrx_word' id='word_1_587' title='bbox 444 4531 504 4584; x_wconf 79' lang='grc' dir='ltr'>οὗ</span> <span class='ocrx_word' id='word_1_588' title='bbox 552 4530 768 4602; x_wconf 76' lang='grc' dir='ltr'>πὸρῤω,</span> <span class='ocrx_word' id='word_1_589' title='bbox 815 4527 933 4583; x_wconf 85' lang='grc' dir='ltr'>ἀλλ’</span> <span class='ocrx_word' id='word_1_590' title='bbox 969 4531 1026 4582; x_wconf 81' lang='grc' dir='ltr'><strong>ἐν</strong></span> <span class='ocrx_word' id='word_1_591' title='bbox 1068 4530 1137 4598; x_wconf 75' lang='grc' dir='ltr'>τῇ</span> <span class='ocrx_word' id='word_1_592' title='bbox 1182 4527 1622 4598; x_wconf 79' lang='grc' dir='ltr'>προηγησαμένῃ</span> <span class='ocrx_word' id='word_1_593' title='bbox 1651 4540 1817 4593; x_wconf 85' lang='grc' dir='ltr'>περι-</span> 
     </span>
    </p>
   </div>
   <div class='ocr_carea' id='block_1_77' title="bbox 259 4611 1820 4694">
    <p class='ocr_par' dir='ltr' id='par_1_77' title="bbox 259 4611 1820 4694">
     <span class='ocr_line' id='line_1_77' title="bbox 259 4611 1820 4694; baseline -0.004 -19"><span class='ocrx_word' id='word_1_594' title='bbox 259 4626 415 4694; x_wconf 79' lang='grc' dir='ltr'>κοπῇ,</span> <span class='ocrx_word' id='word_1_595' title='bbox 442 4624 576 4678; x_wconf 82' lang='grc' dir='ltr'>ὅπου</span> <span class='ocrx_word' id='word_1_596' title='bbox 605 4623 667 4676; x_wconf 78' lang='grc' dir='ltr'><strong>τὸ</strong></span> <span class='ocrx_word' id='word_1_597' title='bbox 695 4621 924 4692; x_wconf 87' lang='grc' dir='ltr'>Πνεῦμα</span> <span class='ocrx_word' id='word_1_598' title='bbox 951 4621 978 4674; x_wconf 88' lang='lat'><strong>6</strong></span> <span class='ocrx_word' id='word_1_599' title='bbox 1026 4620 1183 4687; x_wconf 74' lang='grc' dir='ltr'>ἅγιος</span> <span class='ocrx_word' id='word_1_600' title='bbox 1219 4619 1420 4689; x_wconf 76' lang='grc' dir='ltr'>ἀμφοῖν</span> <span class='ocrx_word' id='word_1_601' title='bbox 1459 4613 1614 4670; x_wconf 75' lang='grc' dir='ltr'>εἶπεν</span> <span class='ocrx_word' id='word_1_602' title='bbox 1657 4611 1820 4682; x_wconf 77' lang='grc' dir='ltr'>εἶναι,</span> 
     </span>
    </p>
   </div>
   <div class='ocr_carea' id='block_1_78' title="bbox 258 4703 1828 4784">
    <p class='ocr_par' dir='ltr' id='par_1_78' title="bbox 258 4703 1828 4784">
     <span class='ocr_line' id='line_1_78' title="bbox 258 4703 1828 4784; baseline -0.003 -20"><span class='ocrx_word' id='word_1_603' title='bbox 258 4712 327 4776; x_wconf 83' lang='grc' dir='ltr'>ὡς</span> <span class='ocrx_word' id='word_1_604' title='bbox 361 4714 416 4766; x_wconf 79' lang='grc' dir='ltr'>ἓν</span> <span class='ocrx_word' id='word_1_605' title='bbox 462 4715 526 4768; x_wconf 78' lang='grc' dir='ltr'><strong>ἐκ</strong></span> <span class='ocrx_word' id='word_1_606' title='bbox 571 4713 787 4784; x_wconf 85' lang='grc' dir='ltr'>Πατρὸς</span> <span class='ocrx_word' id='word_1_607' title='bbox 821 4713 890 4766; x_wconf 86' lang='grc' dir='ltr'><strong>δι’</strong></span> <span class='ocrx_word' id='word_1_608' title='bbox 928 4710 1059 4765; x_wconf 84' lang='grc' dir='ltr'>Υίοῦ</span> <span class='ocrx_word' id='word_1_609' title='bbox 1093 4727 1106 4740; x_wconf 89' lang='grc'><strong>·</strong></span> <span class='ocrx_word' id='word_1_610' title='bbox 1153 4710 1248 4763; x_wconf 67' lang='grc' dir='ltr'><strong>κοιλ¹</strong></span> <span class='ocrx_word' id='word_1_611' title='bbox 1289 4706 1542 4763; x_wconf 85' lang='grc' dir='ltr'>ἐντεῦθεν</span> <span class='ocrx_word' id='word_1_612' title='bbox 1584 4703 1726 4761; x_wconf 72' lang='grc' dir='ltr'>εἶναι</span> <span class='ocrx_word' id='word_1_613' title='bbox 1766 4706 1828 4760; x_wconf 81' lang='grc' dir='ltr'>τὸ</span> 
     </span>
    </p>
   </div>
   <div class='ocr_carea' id='block_1_79' title="bbox 263 4800 1828 4875">
    <p class='ocr_par' dir='ltr' id='par_1_79' title="bbox 263 4800 1828 4875">
     <span class='ocr_line' id='line_1_79' title="bbox 263 4800 1828 4875; baseline -0.004 -18"><span class='ocrx_word' id='word_1_614' title='bbox 263 4807 538 4874; x_wconf 69' lang='grc' dir='ltr'>ὁμοούσιον</span> <span class='ocrx_word' id='word_1_615' title='bbox 571 4806 860 4871; x_wconf 82' lang='grc' dir='ltr'>συνιστῶν,</span> <span class='ocrx_word' id='word_1_616' title='bbox 915 4802 1215 4875; x_wconf 81' lang='grc' dir='ltr'>προσέθετο</span> <span class='ocrx_word' id='word_1_617' title='bbox 1262 4803 1352 4856; x_wconf 80' lang='grc' dir='ltr'><strong>διὰ</strong></span> <span class='ocrx_word' id='word_1_618' title='bbox 1382 4801 1483 4870; x_wconf 80' lang='grc' dir='ltr'>τὴν</span> <span class='ocrx_word' id='word_1_619' title='bbox 1512 4800 1828 4870; x_wconf 84' lang='grc' dir='ltr'>ταυτότητα</span> 
     </span>
    </p>
   </div>
   <div class='ocr_carea' id='block_1_80' title="bbox 265 4875 1827 4963">
    <p class='ocr_par' dir='ltr' id='par_1_80' title="bbox 265 4875 1827 4963">
     <span class='ocr_line' id='line_1_80' title="bbox 265 4875 1827 4963; baseline -0.004 -16"><span class='ocrx_word' id='word_1_620' title='bbox 265 4895 355 4963; x_wconf 79' lang='grc' dir='ltr'>τῆς</span> <span class='ocrx_word' id='word_1_621' title='bbox 382 4897 591 4957; x_wconf 73' lang='grc' dir='ltr'>οὐσίας.</span> <span class='ocrx_word' id='word_1_622' title='bbox 636 4894 920 4951; x_wconf 85' lang='grc' dir='ltr'>Ἐντεῦθεν</span> <span class='ocrx_word' id='word_1_623' title='bbox 945 4893 1056 4962; x_wconf 85' lang='grc' dir='ltr'><strong>γὰρ</strong></span> <span class='ocrx_word' id='word_1_624' title='bbox 1083 4894 1117 4962; x_wconf 80' lang='grc' dir='ltr'><strong>ἡ</strong></span> <span class='ocrx_word' id='word_1_625' title='bbox 1144 4891 1316 4963; x_wconf 78' lang='grc' dir='ltr'>Τριὰς</span> <span class='ocrx_word' id='word_1_626' title='bbox 1347 4893 1428 4956; x_wconf 75' lang='grc' dir='ltr'>εἰς</span> <span class='ocrx_word' id='word_1_627' title='bbox 1457 4891 1518 4944; x_wconf 80' lang='grc' dir='ltr'>τὸ</span> <span class='ocrx_word' id='word_1_628' title='bbox 1538 4889 1758 4959; x_wconf 78' lang='grc' dir='ltr'>συνεχές</span> <span class='ocrx_word' id='word_1_629' title='bbox 1773 4875 1827 4941; x_wconf 74' lang='grc' dir='ltr'><strong>τι</strong></span> 
     </span>
    </p>
   </div>
   <div class='ocr_carea' id='block_1_81' title="bbox 270 4984 1828 5060">
    <p class='ocr_par' dir='ltr' id='par_1_81' title="bbox 270 4984 1828 5060">
     <span class='ocr_line' id='line_1_81' title="bbox 270 4984 1828 5060; baseline -0.004 -19"><span class='ocrx_word' id='word_1_630' title='bbox 270 4991 358 5041; x_wconf 73' lang='grc' dir='ltr'><strong>καὶ</strong></span> <span class='ocrx_word' id='word_1_631' title='bbox 411 4991 677 5060; x_wconf 79' lang='grc' dir='ltr'>συμφυὲς,</span> <span class='ocrx_word' id='word_1_632' title='bbox 717 4988 860 5043; x_wconf 76' lang='grc' dir='ltr'>κατὰ</span> <span class='ocrx_word' id='word_1_633' title='bbox 907 4987 1001 5041; x_wconf 82' lang='grc' dir='ltr'>τὸν</span> <span class='ocrx_word' id='word_1_634' title='bbox 1068 4985 1233 5039; x_wconf 82' lang='grc' dir='ltr'>αὐτὸν</span> <span class='ocrx_word' id='word_1_635' title='bbox 1266 4985 1361 5038; x_wconf 74' lang='grc' dir='ltr'><strong>καὶ</strong></span> <span class='ocrx_word' id='word_1_636' title='bbox 1408 4984 1575 5037; x_wconf 83' lang='grc' dir='ltr'>πάλιν</span> <span class='ocrx_word' id='word_1_637' title='bbox 1628 4985 1828 5046; x_wconf 72' lang='grc' dir='ltr'>εἰπεῖν,</span> 
     </span>
    </p>
   </div>
   <div class='ocr_carea' id='block_1_82' title="bbox 273 5072 1832 5150">
    <p class='ocr_par' dir='ltr' id='par_1_82' title="bbox 273 5072 1832 5150">
     <span class='ocr_line' id='line_1_82' title="bbox 273 5072 1832 5150; baseline -0.003 -20"><span class='ocrx_word' id='word_1_638' title='bbox 273 5079 681 5150; x_wconf 82' lang='grc' dir='ltr'>ἀνασφίγγεται,</span> <span class='ocrx_word' id='word_1_639' title='bbox 719 5081 812 5133; x_wconf 73' lang='grc' dir='ltr'><strong>καὶ</strong></span> <span class='ocrx_word' id='word_1_640' title='bbox 839 5076 1116 5143; x_wconf 79' lang='grc' dir='ltr'>ἐντεῦθεν,</span> <span class='ocrx_word' id='word_1_641' title='bbox 1144 5075 1284 5130; x_wconf 88' lang='grc' dir='ltr'><strong>κατὰ</strong></span> <span class='ocrx_word' id='word_1_642' title='bbox 1306 5075 1398 5128; x_wconf 78' lang='grc' dir='ltr'>τὸν</span> <span class='ocrx_word' id='word_1_643' title='bbox 1424 5073 1588 5129; x_wconf 79' lang='grc' dir='ltr'>αὐτὸν</span> <span class='ocrx_word' id='word_1_644' title='bbox 1626 5073 1724 5128; x_wconf 77' lang='grc' dir='ltr'><strong>καὶ</strong></span> <span class='ocrx_word' id='word_1_645' title='bbox 1749 5072 1832 5127; x_wconf 78' lang='grc' dir='ltr'><strong>ἔτι</strong></span> 
     </span>
    </p>
   </div>
   <div class='ocr_carea' id='block_1_83' title="bbox 277 5165 1831 5246">
    <p class='ocr_par' dir='ltr' id='par_1_83' title="bbox 277 5165 1831 5246">
     <span class='ocr_line' id='line_1_83' title="bbox 277 5165 1831 5246; baseline -0.003 -23"><span class='ocrx_word' id='word_1_646' title='bbox 277 5175 462 5238; x_wconf 77' lang='grc' dir='ltr'>εἰπεῖν,</span> <span class='ocrx_word' id='word_1_647' title='bbox 490 5177 518 5246; x_wconf 81' lang='grc' dir='ltr'>ἡ</span> <span class='ocrx_word' id='word_1_648' title='bbox 551 5174 689 5241; x_wconf 83' lang='grc' dir='ltr'>πρὸς</span> <span class='ocrx_word' id='word_1_649' title='bbox 715 5171 920 5242; x_wconf 80' lang='grc' dir='ltr'>ἄλληλα</span> <span class='ocrx_word' id='word_1_650' title='bbox 953 5171 1162 5224; x_wconf 83' lang='grc' dir='ltr'>τούτων</span> <span class='ocrx_word' id='word_1_651' title='bbox 1195 5166 1528 5239; x_wconf 67' lang='grc' dir='ltr'>ἀπεμόολὴ.</span> <span class='ocrx_word' id='word_1_652' title='bbox 1553 5168 1621 5238; x_wconf 75' lang='grc' dir='ltr'><strong>ῆν</strong></span> <span class='ocrx_word' id='word_1_653' title='bbox 1653 5165 1831 5238; x_wconf 74' lang='grc' dir='ltr'>ἕτεροι</span> 
     </span>
    </p>
   </div>
   <div class='ocr_carea' id='block_1_84' title="bbox 278 5260 1409 5338">
    <p class='ocr_par' dir='ltr' id='par_1_84' title="bbox 278 5260 1409 5338">
     <span class='ocr_line' id='line_1_84' title="bbox 278 5260 1409 5338; baseline -0.003 -21"><span class='ocrx_word' id='word_1_654' title='bbox 278 5265 379 5318; x_wconf 80' lang='grc' dir='ltr'>τῶν</span> <span class='ocrx_word' id='word_1_655' title='bbox 414 5267 581 5334; x_wconf 78' lang='grc' dir='ltr'>ἁγίων</span> <span class='ocrx_word' id='word_1_656' title='bbox 616 5264 993 5338; x_wconf 80' lang='grc' dir='ltr'>περιχώρησιν</span> <span class='ocrx_word' id='word_1_657' title='bbox 1035 5260 1409 5331; x_wconf 84' lang='grc' dir='ltr'>ὠνομάκασιν.</span> 
     </span>
    </p>
   </div>
   <div class='ocr_carea' id='block_1_85' title="bbox 805 5444 1308 5514">
    <p class='ocr_par' dir='ltr' id='par_1_85' title="bbox 805 5444 1308 5514">
     <span class='ocr_line' id='line_1_85' title="bbox 805 5444 1308 5514; baseline 0.002 -15"><span class='ocrx_word' id='word_1_658' title='bbox 805 5448 903 5501; x_wconf 80' lang='grc' dir='ltr'>Ἐκ</span> <span class='ocrx_word' id='word_1_659' title='bbox 941 5445 1052 5514; x_wconf 77' lang='grc' dir='ltr'>τῆς</span> <span class='ocrx_word' id='word_1_660' title='bbox 1097 5444 1308 5512; x_wconf 83' lang='grc' dir='ltr'>αὐτῆς.</span> 
     </span>
    </p>
   </div>
   <div class='ocr_carea' id='block_1_86' title="bbox 352 5532 1840 5609">
    <p class='ocr_par' dir='ltr' id='par_1_86' title="bbox 352 5532 1840 5609">
     <span class='ocr_line' id='line_1_86' title="bbox 352 5532 1840 5609; baseline -0.007 -13"><span class='ocrx_word' id='word_1_661' title='bbox 352 5543 475 5605; x_wconf 54' lang='grc' dir='ltr'><strong>Ἀπ’.</strong></span> <span class='ocrx_word' id='word_1_662' title='bbox 515 5537 698 5594; x_wconf 77' lang='grc' dir='ltr'>«Οἶδεν</span> <span class='ocrx_word' id='word_1_663' title='bbox 739 5535 834 5594; x_wconf 85' lang='grc' dir='ltr'><strong>οῦν</strong></span> <span class='ocrx_word' id='word_1_664' title='bbox 883 5539 992 5609; x_wconf 73' lang='grc' dir='ltr'>ἄρα</span> <span class='ocrx_word' id='word_1_665' title='bbox 1031 5537 1092 5592; x_wconf 80' lang='grc' dir='ltr'><strong>τὸ</strong></span> <span class='ocrx_word' id='word_1_666' title='bbox 1119 5536 1346 5606; x_wconf 88' lang='grc' dir='ltr'>Πνεῦμα</span> <span class='ocrx_word' id='word_1_667' title='bbox 1378 5532 1470 5590; x_wconf 89' lang='grc' dir='ltr'><strong>τοῦ</strong></span> <span class='ocrx_word' id='word_1_668' title='bbox 1501 5533 1634 5590; x_wconf 86' lang='grc' dir='ltr'>Θεοῦ</span> <span class='ocrx_word' id='word_1_669' title='bbox 1667 5534 1736 5588; x_wconf 84' lang='grc' dir='ltr'>τὰ</span> <span class='ocrx_word' id='word_1_670' title='bbox 1780 5535 1840 5587; x_wconf 86' lang='grc' dir='ltr'>ἐν</span> 
     </span>
    </p>
   </div>
   <div class='ocr_carea' id='block_1_87' title="bbox 297 5623 1851 5700">
    <p class='ocr_par' dir='ltr' id='par_1_87' title="bbox 297 5623 1851 5700">
     <span class='ocr_line' id='line_1_87' title="bbox 297 5623 1851 5700; baseline -0.005 -18"><span class='ocrx_word' id='word_1_671' title='bbox 297 5647 312 5677; x_wconf 79' lang='grc' dir='ltr'><strong>ι</strong></span> <span class='ocrx_word' id='word_1_672' title='bbox 349 5630 512 5700; x_wconf 78' lang='grc' dir='ltr'>αὐτῷ,</span> <span class='ocrx_word' id='word_1_673' title='bbox 542 5630 634 5686; x_wconf 76' lang='grc' dir='ltr'>καὶ</span> <span class='ocrx_word' id='word_1_674' title='bbox 656 5630 811 5684; x_wconf 73' lang='grc' dir='ltr'>οὐδὲν</span> <span class='ocrx_word' id='word_1_675' title='bbox 835 5630 987 5700; x_wconf 83' lang='grc' dir='ltr'>αὺτῷ</span> <span class='ocrx_word' id='word_1_676' title='bbox 1016 5626 1398 5700; x_wconf 79' lang='grc' dir='ltr'>κεκρυμμένον</span> <span class='ocrx_word' id='word_1_677' title='bbox 1432 5625 1466 5698; x_wconf 77' lang='grc' dir='ltr'><strong>ἢ</strong></span> <span class='ocrx_word' id='word_1_678' title='bbox 1499 5623 1851 5696; x_wconf 71' lang='grc' dir='ltr'>ἀσυμφανές.,</span> 
     </span>
    </p>
   </div>
   <div class='ocr_carea' id='block_1_88' title="bbox 300 5716 1845 5793">
    <p class='ocr_par' dir='ltr' id='par_1_88' title="bbox 300 5716 1845 5793">
     <span class='ocr_line' id='line_1_88' title="bbox 300 5716 1845 5793; baseline -0.001 -21"><span class='ocrx_word' id='word_1_679' title='bbox 300 5739 315 5769; x_wconf 86' lang='grc' dir='ltr'><strong>ι</strong></span> <span class='ocrx_word' id='word_1_680' title='bbox 354 5717 493 5775; x_wconf 54' lang='grc' dir='ltr'><strong>Οἶδεν</strong></span> <span class='ocrx_word' id='word_1_681' title='bbox 525 5724 640 5785; x_wconf 85' lang='grc' dir='ltr'>πῶς</span> <span class='ocrx_word' id='word_1_682' title='bbox 673 5722 784 5793; x_wconf 85' lang='grc' dir='ltr'>γὰρ</span> <span class='ocrx_word' id='word_1_683' title='bbox 810 5721 870 5775; x_wconf 76' lang='grc' dir='ltr'>οὔ</span> <span class='ocrx_word' id='word_1_684' title='bbox 894 5739 909 5788; x_wconf 91' lang='grc'><strong>;</strong></span> <span class='ocrx_word' id='word_1_685' title='bbox 944 5721 1114 5790; x_wconf 82' lang='grc' dir='ltr'>Είπερ</span> <span class='ocrx_word' id='word_1_686' title='bbox 1143 5720 1237 5774; x_wconf 83' lang='grc' dir='ltr'><strong>οὖν</strong></span> <span class='ocrx_word' id='word_1_687' title='bbox 1260 5720 1378 5774; x_wconf 73' lang='grc' dir='ltr'>ἐστι</span> <span class='ocrx_word' id='word_1_688' title='bbox 1405 5719 1466 5772; x_wconf 80' lang='grc' dir='ltr'>τὸ</span> <span class='ocrx_word' id='word_1_689' title='bbox 1495 5717 1676 5772; x_wconf 79' lang='grc' dir='ltr'>πάντα</span> <span class='ocrx_word' id='word_1_690' title='bbox 1705 5716 1845 5781; x_wconf 81' lang='grc' dir='ltr'>είδὸς</span> 
     </span>
    </p>
   </div>
   <div class='ocr_carea' id='block_1_89' title="bbox 303 5807 1844 5887">
    <p class='ocr_par' dir='ltr' id='par_1_89' title="bbox 303 5807 1844 5887">
     <span class='ocr_line' id='line_1_89' title="bbox 303 5807 1844 5887; baseline 0 -23"><span class='ocrx_word' id='word_1_691' title='bbox 303 5831 320 5864; x_wconf 85' lang='grc' dir='ltr'><strong>ι</strong></span> <span class='ocrx_word' id='word_1_692' title='bbox 356 5813 418 5868; x_wconf 76' lang='grc' dir='ltr'>τὰ</span> <span class='ocrx_word' id='word_1_693' title='bbox 465 5815 520 5868; x_wconf 74' lang='grc' dir='ltr'><strong>ἐν</strong></span> <span class='ocrx_word' id='word_1_694' title='bbox 559 5814 632 5887; x_wconf 83' lang='grc' dir='ltr'>τῷ</span> <span class='ocrx_word' id='word_1_695' title='bbox 680 5815 876 5884; x_wconf 57' lang='lat' dir='ltr'><strong>Uerbi,</strong></span> <span class='ocrx_word' id='word_1_696' title='bbox 929 5813 1106 5869; x_wconf 83' lang='grc' dir='ltr'>καίτοι</span> <span class='ocrx_word' id='word_1_697' title='bbox 1147 5812 1395 5882; x_wconf 79' lang='grc' dir='ltr'>λέγοντος</span> <span class='ocrx_word' id='word_1_698' title='bbox 1436 5807 1616 5866; x_wconf 85' lang='grc' dir='ltr'>ἀκούω</span> <span class='ocrx_word' id='word_1_699' title='bbox 1658 5809 1844 5881; x_wconf 77' lang='grc' dir='ltr'>σαφῶς</span> 
     </span>
    </p>
   </div>
   <div class='ocr_carea' id='block_1_90' title="bbox 1851 4567 1899 4624">
    <p class='ocr_par' dir='ltr' id='par_1_90' title="bbox 1851 4567 1899 4624">
     <span class='ocr_line' id='line_1_90' title="bbox 1851 4567 1899 4624; baseline 0 0"><span class='ocrx_word' id='word_1_700' title='bbox 1851 4567 1899 4624; x_wconf 86' lang='lat' dir='ltr'><strong>D</strong></span> 
     </span>
    </p>
   </div>
   <div class='ocr_carea' id='block_1_91' title="bbox 1917 3305 3474 3393">
    <p class='ocr_par' dir='ltr' id='par_1_91' title="bbox 1917 3305 3474 3393">
     <span class='ocr_line' id='line_1_91' title="bbox 1917 3305 3474 3393; baseline -0.013 -16"><span class='ocrx_word' id='word_1_701' title='bbox 1917 3346 1933 3377; x_wconf 84' lang='grc' dir='ltr'><strong>ι</strong></span> <span class='ocrx_word' id='word_1_702' title='bbox 1991 3312 2046 3380; x_wconf 85' lang='lat' dir='ltr'><strong>in</strong></span> <span class='ocrx_word' id='word_1_703' title='bbox 2074 3324 2302 3393; x_wconf 90' lang='lat' dir='ltr'><strong>Spiritu,</strong></span> <span class='ocrx_word' id='word_1_704' title='bbox 2343 3331 2602 3391; x_wconf 85' lang='lat' dir='ltr'><strong>operatur</strong></span> <span class='ocrx_word' id='word_1_705' title='bbox 2632 3327 2684 3373; x_wconf 89' lang='lat' dir='ltr'><strong>et</strong></span> <span class='ocrx_word' id='word_1_706' title='bbox 2707 3315 2902 3377; x_wconf 88' lang='lat' dir='ltr'><strong>Filius,</strong></span> <span class='ocrx_word' id='word_1_707' title='bbox 2941 3311 3035 3368; x_wconf 89' lang='lat' dir='ltr'><strong>sed</strong></span> <span class='ocrx_word' id='word_1_708' title='bbox 3068 3320 3125 3364; x_wconf 93' lang='lat' dir='ltr'><strong>ut</strong></span> <span class='ocrx_word' id='word_1_709' title='bbox 3167 3310 3338 3362; x_wconf 87' lang='lat' dir='ltr'><strong>virtus</strong></span> <span class='ocrx_word' id='word_1_710' title='bbox 3374 3305 3474 3357; x_wconf 87' lang='lat' dir='ltr'><strong>Pa-</strong></span> 
     </span>
    </p>
   </div>
   <div class='ocr_carea' id='block_1_92' title="bbox 1918 3399 3478 3484">
    <p class='ocr_par' dir='ltr' id='par_1_92' title="bbox 1918 3399 3478 3484">
     <span class='ocr_line' id='line_1_92' title="bbox 1918 3399 3478 3484; baseline -0.011 -16"><span class='ocrx_word' id='word_1_711' title='bbox 1918 3438 1934 3468; x_wconf 81' lang='grc' dir='ltr'><strong>ι</strong></span> <span class='ocrx_word' id='word_1_712' title='bbox 1979 3417 2078 3472; x_wconf 88' lang='lat' dir='ltr'><strong>tris</strong></span> <span class='ocrx_word' id='word_1_713' title='bbox 2107 3432 2171 3470; x_wconf 81' lang='lat' dir='ltr'><strong>ex</strong></span> <span class='ocrx_word' id='word_1_714' title='bbox 2210 3417 2329 3484; x_wconf 90' lang='lat' dir='ltr'><strong>ipso</strong></span> <span class='ocrx_word' id='word_1_715' title='bbox 2357 3424 2411 3468; x_wconf 89' lang='lat' dir='ltr'><strong>et</strong></span> <span class='ocrx_word' id='word_1_716' title='bbox 2441 3413 2492 3466; x_wconf 89' lang='lat' dir='ltr'><strong>iu</strong></span> <span class='ocrx_word' id='word_1_717' title='bbox 2522 3413 2640 3482; x_wconf 90' lang='lat' dir='ltr'><strong>ipso</strong></span> <span class='ocrx_word' id='word_1_718' title='bbox 2670 3408 2974 3464; x_wconf 88' lang='lat' dir='ltr'><strong>intellectus</strong></span> <span class='ocrx_word' id='word_1_719' title='bbox 3005 3402 3304 3459; x_wconf 90' lang='lat' dir='ltr'><strong>secundum</strong></span> <span class='ocrx_word' id='word_1_720' title='bbox 3329 3399 3478 3453; x_wconf 79' lang='lat' dir='ltr'><strong>exsi-</strong></span> 
     </span>
    </p>
   </div>
   <div class='ocr_carea' id='block_1_93' title="bbox 1919 3497 3480 3577">
    <p class='ocr_par' dir='ltr' id='par_1_93' title="bbox 1919 3497 3480 3577">
     <span class='ocr_line' id='line_1_93' title="bbox 1919 3497 3480 3577; baseline -0.012 -15"><span class='ocrx_word' id='word_1_721' title='bbox 1919 3531 1936 3562; x_wconf 77' lang='grc' dir='ltr'><strong>ι</strong></span> <span class='ocrx_word' id='word_1_722' title='bbox 1979 3510 2231 3566; x_wconf 88' lang='lat' dir='ltr'><strong>stentiam</strong></span> <span class='ocrx_word' id='word_1_723' title='bbox 2268 3509 2543 3577; x_wconf 87' lang='lat' dir='ltr'><strong>propriam</strong></span> <span class='ocrx_word' id='word_1_724' title='bbox 2576 3521 2590 3556; x_wconf 89' lang='lat'><strong>:</strong></span> <span class='ocrx_word' id='word_1_725' title='bbox 2620 3508 2880 3570; x_wconf 90' lang='lat' dir='ltr'><strong>operatur</strong></span> <span class='ocrx_word' id='word_1_726' title='bbox 2899 3497 3222 3567; x_wconf 60' lang='lat' dir='ltr'><strong>etESpiritus,</strong></span> <span class='ocrx_word' id='word_1_727' title='bbox 3246 3507 3480 3559; x_wconf 86' lang='lat' dir='ltr'><strong>namque</strong></span> 
     </span>
    </p>
   </div>
   <div class='ocr_carea' id='block_1_94' title="bbox 1919 3588 3339 3665">
    <p class='ocr_par' dir='ltr' id='par_1_94' title="bbox 1919 3588 3339 3665">
     <span class='ocr_line' id='line_1_94' title="bbox 1919 3588 3339 3665; baseline -0.011 -10"><span class='ocrx_word' id='word_1_728' title='bbox 1919 3623 1936 3655; x_wconf 81' lang='grc' dir='ltr'><strong>ι</strong></span> <span class='ocrx_word' id='word_1_729' title='bbox 1991 3611 2074 3658; x_wconf 87' lang='lat' dir='ltr'><strong>est</strong></span> <span class='ocrx_word' id='word_1_730' title='bbox 2110 3601 2286 3657; x_wconf 90' lang='lat' dir='ltr'><strong>Patris</strong></span> <span class='ocrx_word' id='word_1_731' title='bbox 2314 3608 2368 3654; x_wconf 89' lang='lat' dir='ltr'><strong>et</strong></span> <span class='ocrx_word' id='word_1_732' title='bbox 2396 3597 2514 3652; x_wconf 87' lang='lat' dir='ltr'><strong>Filii</strong></span> <span class='ocrx_word' id='word_1_733' title='bbox 2550 3593 2786 3665; x_wconf 87' lang='lat' dir='ltr'><strong>Spiritus</strong></span> <span class='ocrx_word' id='word_1_734' title='bbox 2812 3590 3055 3646; x_wconf 88' lang='lat' dir='ltr'><strong>omnium</strong></span> <span class='ocrx_word' id='word_1_735' title='bbox 3100 3588 3339 3643; x_wconf 85' lang='lat' dir='ltr'><strong>ell‘cctor.</strong></span> 
     </span>
    </p>
   </div>
   <div class='ocr_carea' id='block_1_95' title="bbox 2472 3685 2896 3743">
    <p class='ocr_par' dir='ltr' id='par_1_95' title="bbox 2472 3685 2896 3743">
     <span class='ocr_line' id='line_1_95' title="bbox 2472 3685 2896 3743; baseline -0.009 0"><span class='ocrx_word' id='word_1_736' title='bbox 2472 3685 2896 3743; x_wconf 76' lang='lat' dir='ltr'><strong>Animadversio.</strong></span> 
     </span>
    </p>
   </div>
   <div class='ocr_carea' id='block_1_96' title="bbox 1993 3769 3479 3852">
    <p class='ocr_par' dir='ltr' id='par_1_96' title="bbox 1993 3769 3479 3852">
     <span class='ocr_line' id='line_1_96' title="bbox 1993 3769 3479 3852; baseline -0.015 -10"><span class='ocrx_word' id='word_1_737' title='bbox 1993 3809 2011 3842; x_wconf 87' lang='grc' dir='ltr'><strong>ι</strong></span> <span class='ocrx_word' id='word_1_738' title='bbox 2048 3787 2147 3843; x_wconf 81' lang='lat' dir='ltr'><strong>Hic</strong></span> <span class='ocrx_word' id='word_1_739' title='bbox 2173 3801 2282 3842; x_wconf 93' lang='lat' dir='ltr'><strong>non</strong></span> <span class='ocrx_word' id='word_1_740' title='bbox 2308 3784 2478 3851; x_wconf 89' lang='lat' dir='ltr'><strong>aliud,</strong></span> <span class='ocrx_word' id='word_1_741' title='bbox 2526 3796 2689 3852; x_wconf 89' lang='lat' dir='ltr'><strong>quam</strong></span> <span class='ocrx_word' id='word_1_742' title='bbox 2724 3792 2851 3850; x_wconf 77' lang='lat' dir='ltr'><strong>erga</strong></span> <span class='ocrx_word' id='word_1_743' title='bbox 2911 3775 3125 3831; x_wconf 85' lang='lat' dir='ltr'><strong>Patrem</strong></span> <span class='ocrx_word' id='word_1_744' title='bbox 3171 3783 3226 3829; x_wconf 90' lang='lat' dir='ltr'><strong>et</strong></span> <span class='ocrx_word' id='word_1_745' title='bbox 3279 3769 3479 3826; x_wconf 78' lang='lat' dir='ltr'><strong>Filium</strong></span> 
     </span>
    </p>
   </div>
   <div class='ocr_carea' id='block_1_97' title="bbox 1923 3863 3484 3945">
    <p class='ocr_par' dir='ltr' id='par_1_97' title="bbox 1923 3863 3484 3945">
     <span class='ocr_line' id='line_1_97' title="bbox 1923 3863 3484 3945; baseline -0.019 -2"><span class='ocrx_word' id='word_1_746' title='bbox 1923 3884 1970 3945; x_wconf 77' lang='grc' dir='ltr'><strong>«ἶ</strong></span> <span class='ocrx_word' id='word_1_747' title='bbox 1997 3877 2468 3938; x_wconf 85' lang='lat' dir='ltr'><strong>consubstantiale</strong></span> <span class='ocrx_word' id='word_1_748' title='bbox 2498 3883 2722 3932; x_wconf 86' lang='lat' dir='ltr'><strong>sanctus</strong></span> <span class='ocrx_word' id='word_1_749' title='bbox 2769 3872 2960 3928; x_wconf 85' lang='lat' dir='ltr'><strong>doctor</strong></span> <span class='ocrx_word' id='word_1_750' title='bbox 3005 3867 3218 3931; x_wconf 91' lang='lat' dir='ltr'><strong>edocet,</strong></span> <span class='ocrx_word' id='word_1_751' title='bbox 3278 3872 3337 3917; x_wconf 89' lang='lat' dir='ltr'><strong>ut</strong></span> <span class='ocrx_word' id='word_1_752' title='bbox 3369 3863 3484 3930; x_wconf 81' lang='lat' dir='ltr'><strong>ipse</strong></span> 
     </span>
    </p>
   </div>
   <div class='ocr_carea' id='block_1_98' title="bbox 1924 3977 2263 4048">
    <p class='ocr_par' dir='ltr' id='par_1_98' title="bbox 1924 3977 2263 4048">
     <span class='ocr_line' id='line_1_98' title="bbox 1924 3977 2263 4048; baseline -0.027 -15"><span class='ocrx_word' id='word_1_753' title='bbox 1924 3996 1942 4028; x_wconf 86' lang='grc' dir='ltr'><strong>ι</strong></span> <span class='ocrx_word' id='word_1_754' title='bbox 1991 3977 2204 4048; x_wconf 91' lang='lat' dir='ltr'><strong>opinor.</strong></span> <span class='ocrx_word' id='word_1_755' title='bbox 2244 3991 2263 4024; x_wconf 73' lang='grc' dir='ltr'><strong>ι</strong></span> 
     </span>
    </p>
   </div>
   <div class='ocr_carea' id='block_1_99' title="bbox 2563 4060 2858 4128">
    <p class='ocr_par' dir='ltr' id='par_1_99' title="bbox 2563 4060 2858 4128">
     <span class='ocr_line' id='line_1_99' title="bbox 2563 4060 2858 4128; baseline -0.024 -10"><span class='ocrx_word' id='word_1_756' title='bbox 2563 4060 2858 4128; x_wconf 74' lang='grc' dir='ltr'>Βθιιιιαιίο.</span> 
     </span>
    </p>
   </div>
   <div class='ocr_carea' id='block_1_100' title="bbox 1991 4142 3490 4235">
    <p class='ocr_par' dir='ltr' id='par_1_100' title="bbox 1991 4142 3490 4235">
     <span class='ocr_line' id='line_1_100' title="bbox 1991 4142 3490 4235; baseline -0.021 -14"><span class='ocrx_word' id='word_1_757' title='bbox 1991 4165 2174 4235; x_wconf 81' lang='lat' dir='ltr'><strong>Ipsum</strong></span> <span class='ocrx_word' id='word_1_758' title='bbox 2190 4176 2316 4232; x_wconf 74' lang='lat' dir='ltr'><strong>erga</strong></span> <span class='ocrx_word' id='word_1_759' title='bbox 2336 4159 2548 4214; x_wconf 86' lang='lat' dir='ltr'><strong>Patrem</strong></span> <span class='ocrx_word' id='word_1_760' title='bbox 2572 4166 2624 4210; x_wconf 89' lang='lat' dir='ltr'><strong>et</strong></span> <span class='ocrx_word' id='word_1_761' title='bbox 2640 4153 2838 4208; x_wconf 87' lang='lat' dir='ltr'><strong>Filium</strong></span> <span class='ocrx_word' id='word_1_762' title='bbox 2868 4147 3106 4220; x_wconf 86' lang='lat' dir='ltr'><strong>Spiritus</strong></span> <span class='ocrx_word' id='word_1_763' title='bbox 3121 4142 3490 4200; x_wconf 83' lang='lat' dir='ltr'><strong>consubstan-</strong></span> 
     </span>
    </p>
   </div>
   <div class='ocr_carea' id='block_1_101' title="bbox 1920 4227 3491 4320">
    <p class='ocr_par' dir='ltr' id='par_1_101' title="bbox 1920 4227 3491 4320">
     <span class='ocr_line' id='line_1_101' title="bbox 1920 4227 3491 4320; baseline -0.017 -14"><span class='ocrx_word' id='word_1_764' title='bbox 1920 4227 2070 4315; x_wconf 77' lang='lat' dir='ltr'><strong>tiale,</strong></span> <span class='ocrx_word' id='word_1_765' title='bbox 2101 4227 2515 4320; x_wconf 37' lang='lat' dir='ltr'><strong>quodvedocere</strong></span> <span class='ocrx_word' id='word_1_766' title='bbox 2547 4242 2635 4297; x_wconf 91' lang='lat' dir='ltr'><strong>hic</strong></span> <span class='ocrx_word' id='word_1_767' title='bbox 2661 4248 2908 4297; x_wconf 86' lang='lat' dir='ltr'><strong>sanctum</strong></span> <span class='ocrx_word' id='word_1_768' title='bbox 2933 4232 3201 4304; x_wconf 75' lang='lat' dir='ltr'><strong>opinaris.</strong></span> <span class='ocrx_word' id='word_1_769' title='bbox 3253 4244 3364 4284; x_wconf 92' lang='lat' dir='ltr'><strong>non</strong></span> <span class='ocrx_word' id='word_1_770' title='bbox 3393 4227 3491 4282; x_wconf 87' lang='lat' dir='ltr'><strong>all-</strong></span> 
     </span>
    </p>
   </div>
   <div class='ocr_carea' id='block_1_102' title="bbox 1922 4321 3494 4412">
    <p class='ocr_par' dir='ltr' id='par_1_102' title="bbox 1922 4321 3494 4412">
     <span class='ocr_line' id='line_1_102' title="bbox 1922 4321 3494 4412; baseline -0.016 -15"><span class='ocrx_word' id='word_1_771' title='bbox 1922 4342 2367 4412; x_wconf 9' lang='lat' dir='ltr'><strong>undeeproventt,</strong></span> <span class='ocrx_word' id='word_1_772' title='bbox 2402 4350 2566 4407; x_wconf 90' lang='lat' dir='ltr'><strong>quam</strong></span> <span class='ocrx_word' id='word_1_773' title='bbox 2600 4332 2742 4404; x_wconf 89' lang='lat' dir='ltr'><strong>quod</strong></span> <span class='ocrx_word' id='word_1_774' title='bbox 2798 4329 3034 4400; x_wconf 88' lang='lat' dir='ltr'><strong>Spiritus</strong></span> <span class='ocrx_word' id='word_1_775' title='bbox 3078 4339 3140 4378; x_wconf 79' lang='lat' dir='ltr'><strong>ex</strong></span> <span class='ocrx_word' id='word_1_776' title='bbox 3173 4321 3336 4376; x_wconf 88' lang='lat' dir='ltr'><strong>Patre</strong></span> <span class='ocrx_word' id='word_1_777' title='bbox 3395 4333 3494 4389; x_wconf 90' lang='lat' dir='ltr'><strong>per</strong></span> 
     </span>
    </p>
   </div>
   <div class='ocr_carea' id='block_1_103' title="bbox 1927 4415 3497 4498">
    <p class='ocr_par' dir='ltr' id='par_1_103' title="bbox 1927 4415 3497 4498">
     <span class='ocr_line' id='line_1_103' title="bbox 1927 4415 3497 4498; baseline -0.017 -9"><span class='ocrx_word' id='word_1_778' title='bbox 1927 4433 2124 4488; x_wconf 84' lang='lat' dir='ltr'><strong>Filium</strong></span> <span class='ocrx_word' id='word_1_779' title='bbox 2155 4437 2260 4487; x_wconf 90' lang='lat' dir='ltr'><strong>est.</strong></span> <span class='ocrx_word' id='word_1_780' title='bbox 2290 4427 2478 4498; x_wconf 79' lang='lat' dir='ltr'><strong>Neque</strong></span> <span class='ocrx_word' id='word_1_781' title='bbox 2509 4425 2637 4480; x_wconf 87' lang='lat' dir='ltr'><strong>hinc</strong></span> <span class='ocrx_word' id='word_1_782' title='bbox 2685 4422 2845 4488; x_wconf 74' lang='lat' dir='ltr'><strong>longe</strong></span> <span class='ocrx_word' id='word_1_783' title='bbox 2895 4415 3267 4474; x_wconf 89' lang='lat' dir='ltr'><strong>testimonium</strong></span> <span class='ocrx_word' id='word_1_784' title='bbox 3310 4419 3497 4480; x_wconf 84' lang='lat' dir='ltr'><strong>peten-</strong></span> 
     </span>
    </p>
   </div>
   <div class='ocr_carea' id='block_1_104' title="bbox 1927 4506 3506 4588">
    <p class='ocr_par' dir='ltr' id='par_1_104' title="bbox 1927 4506 3506 4588">
     <span class='ocr_line' id='line_1_104' title="bbox 1927 4506 3506 4588; baseline -0.018 -7"><span class='ocrx_word' id='word_1_785' title='bbox 1927 4525 2056 4581; x_wconf 92' lang='lat' dir='ltr'><strong>dum</strong></span> <span class='ocrx_word' id='word_1_786' title='bbox 2075 4531 2177 4586; x_wconf 89' lang='lat' dir='ltr'><strong>est,</strong></span> <span class='ocrx_word' id='word_1_787' title='bbox 2202 4521 2299 4577; x_wconf 87' lang='lat' dir='ltr'><strong>sed</strong></span> <span class='ocrx_word' id='word_1_788' title='bbox 2319 4535 2384 4574; x_wconf 84' lang='lat' dir='ltr'><strong>ex</strong></span> <span class='ocrx_word' id='word_1_789' title='bbox 2414 4513 2738 4588; x_wconf 81' lang='lat' dir='ltr'><strong>praecedenti</strong></span> <span class='ocrx_word' id='word_1_790' title='bbox 2761 4511 3034 4581; x_wconf 84' lang='lat' dir='ltr'><strong>pericopa.</strong></span> <span class='ocrx_word' id='word_1_791' title='bbox 3056 4506 3112 4560; x_wconf 89' lang='lat' dir='ltr'><strong>in</strong></span> <span class='ocrx_word' id='word_1_792' title='bbox 3141 4519 3249 4574; x_wconf 90' lang='lat' dir='ltr'><strong>qua</strong></span> <span class='ocrx_word' id='word_1_793' title='bbox 3273 4509 3506 4558; x_wconf 74' lang='lat' dir='ltr'><strong>sanctus</strong></span> 
     </span>
    </p>
   </div>
   <div class='ocr_carea' id='block_1_105' title="bbox 1931 4592 3500 4682">
    <p class='ocr_par' dir='ltr' id='par_1_105' title="bbox 1931 4592 3500 4682">
     <span class='ocr_line' id='line_1_105' title="bbox 1931 4592 3500 4682; baseline -0.018 -10"><span class='ocrx_word' id='word_1_794' title='bbox 1931 4616 2219 4682; x_wconf 88' lang='lat' dir='ltr'><strong>utriusque</strong></span> <span class='ocrx_word' id='word_1_795' title='bbox 2241 4625 2364 4667; x_wconf 87' lang='lat' dir='ltr'><strong>esse</strong></span> <span class='ocrx_word' id='word_1_796' title='bbox 2395 4607 2657 4678; x_wconf 89' lang='lat' dir='ltr'><strong>Spiritum</strong></span> <span class='ocrx_word' id='word_1_797' title='bbox 2714 4602 2872 4666; x_wconf 78' lang='lat' dir='ltr'><strong>dixit,</strong></span> <span class='ocrx_word' id='word_1_798' title='bbox 2921 4609 3178 4668; x_wconf 85' lang='lat' dir='ltr'><strong>tanquam</strong></span> <span class='ocrx_word' id='word_1_799' title='bbox 3229 4592 3323 4664; x_wconf 85' lang='lat' dir='ltr'><strong>qui</strong></span> <span class='ocrx_word' id='word_1_800' title='bbox 3356 4604 3500 4646; x_wconf 87' lang='lat' dir='ltr'><strong>unus</strong></span> 
     </span>
    </p>
   </div>
   <div class='ocr_carea' id='block_1_106' title="bbox 1927 4682 3500 4775">
    <p class='ocr_par' dir='ltr' id='par_1_106' title="bbox 1927 4682 3500 4775">
     <span class='ocr_line' id='line_1_106' title="bbox 1927 4682 3500 4775; baseline -0.02 -9"><span class='ocrx_word' id='word_1_801' title='bbox 1927 4722 2012 4767; x_wconf 88' lang='lat' dir='ltr'><strong>est</strong></span> <span class='ocrx_word' id='word_1_802' title='bbox 2057 4724 2122 4763; x_wconf 81' lang='lat' dir='ltr'><strong>ex</strong></span> <span class='ocrx_word' id='word_1_803' title='bbox 2151 4706 2308 4762; x_wconf 86' lang='lat' dir='ltr'><strong>Patre</strong></span> <span class='ocrx_word' id='word_1_804' title='bbox 2331 4720 2428 4775; x_wconf 90' lang='lat' dir='ltr'><strong>per</strong></span> <span class='ocrx_word' id='word_1_805' title='bbox 2482 4700 2718 4764; x_wconf 83' lang='lat' dir='ltr'><strong>Filium;</strong></span> <span class='ocrx_word' id='word_1_806' title='bbox 2757 4695 2989 4762; x_wconf 90' lang='lat' dir='ltr'><strong>indeque</strong></span> <span class='ocrx_word' id='word_1_807' title='bbox 3033 4682 3500 4746; x_wconf 86' lang='lat' dir='ltr'><strong>consubstantiale</strong></span> 
     </span>
    </p>
   </div>
   <div class='ocr_carea' id='block_1_107' title="bbox 1931 4775 3503 4863">
    <p class='ocr_par' dir='ltr' id='par_1_107' title="bbox 1931 4775 3503 4863">
     <span class='ocr_line' id='line_1_107' title="bbox 1931 4775 3503 4863; baseline -0.02 -6"><span class='ocrx_word' id='word_1_808' title='bbox 1931 4811 2110 4857; x_wconf 91' lang='lat' dir='ltr'><strong>ortum</strong></span> <span class='ocrx_word' id='word_1_809' title='bbox 2147 4800 2347 4855; x_wconf 89' lang='lat' dir='ltr'><strong>ducere</strong></span> <span class='ocrx_word' id='word_1_810' title='bbox 2376 4791 2760 4863; x_wconf 88' lang='lat' dir='ltr'><strong>comprobans,</strong></span> <span class='ocrx_word' id='word_1_811' title='bbox 2791 4784 3320 4850; x_wconf 59' lang='lat' dir='ltr'><strong>adnexum-propter</strong></span> <span class='ocrx_word' id='word_1_812' title='bbox 3347 4775 3503 4829; x_wconf 82' lang='lat' dir='ltr'><strong>iden-</strong></span> 
     </span>
    </p>
   </div>
   <div class='ocr_carea' id='block_1_108' title="bbox 1930 4869 3524 4952">
    <p class='ocr_par' dir='ltr' id='par_1_108' title="bbox 1930 4869 3524 4952">
     <span class='ocr_line' id='line_1_108' title="bbox 1930 4869 3524 4952; baseline -0.02 -1"><span class='ocrx_word' id='word_1_813' title='bbox 1930 4896 2141 4952; x_wconf 90' lang='lat' dir='ltr'><strong>titatem</strong></span> <span class='ocrx_word' id='word_1_814' title='bbox 2183 4890 2454 4946; x_wconf 75' lang='lat' dir='ltr'><strong>essentite.</strong></span> <span class='ocrx_word' id='word_1_815' title='bbox 2517 4884 2656 4937; x_wconf 83' lang='lat' dir='ltr'><strong>Hinc</strong></span> <span class='ocrx_word' id='word_1_816' title='bbox 2707 4881 2852 4935; x_wconf 91' lang='lat' dir='ltr'><strong>enim</strong></span> <span class='ocrx_word' id='word_1_817' title='bbox 2903 4874 3144 4931; x_wconf 83' lang='lat' dir='ltr'><strong>Trinitas</strong></span> <span class='ocrx_word' id='word_1_818' title='bbox 3199 4869 3524 4926; x_wconf 87' lang='lat' dir='ltr'><strong>secundum-</strong></span> 
     </span>
    </p>
   </div>
   <div class='ocr_carea' id='block_1_109' title="bbox 1931 4967 3499 5046">
    <p class='ocr_par' dir='ltr' id='par_1_109' title="bbox 1931 4967 3499 5046">
     <span class='ocr_line' id='line_1_109' title="bbox 1931 4967 3499 5046; baseline -0.02 -2"><span class='ocrx_word' id='word_1_819' title='bbox 1931 4985 2344 5046; x_wconf 87' lang='lat' dir='ltr'><strong>continuitatem</strong></span> <span class='ocrx_word' id='word_1_820' title='bbox 2369 4990 2422 5036; x_wconf 88' lang='lat' dir='ltr'><strong>et</strong></span> <span class='ocrx_word' id='word_1_821' title='bbox 2446 4975 2750 5033; x_wconf 86' lang='lat' dir='ltr'><strong>naturalem</strong></span> <span class='ocrx_word' id='word_1_822' title='bbox 2791 4967 3254 5040; x_wconf 83' lang='lat' dir='ltr'><strong>conjunctionem,</strong></span> <span class='ocrx_word' id='word_1_823' title='bbox 3285 4968 3345 5016; x_wconf 89' lang='lat' dir='ltr'><strong>ut</strong></span> <span class='ocrx_word' id='word_1_824' title='bbox 3375 4975 3499 5015; x_wconf 89' lang='lat' dir='ltr'><strong>cum</strong></span> 
     </span>
    </p>
   </div>
   <div class='ocr_carea' id='block_1_110' title="bbox 1937 5051 3500 5141">
    <p class='ocr_par' dir='ltr' id='par_1_110' title="bbox 1937 5051 3500 5141">
     <span class='ocr_line' id='line_1_110' title="bbox 1937 5051 3500 5141; baseline -0.024 -4"><span class='ocrx_word' id='word_1_825' title='bbox 1937 5080 2130 5137; x_wconf 91' lang='lat' dir='ltr'><strong>eodem</strong></span> <span class='ocrx_word' id='word_1_826' title='bbox 2167 5088 2356 5130; x_wconf 88' lang='lat' dir='ltr'><strong>rursus</strong></span> <span class='ocrx_word' id='word_1_827' title='bbox 2390 5072 2602 5141; x_wconf 88' lang='lat' dir='ltr'><strong>loquar,</strong></span> <span class='ocrx_word' id='word_1_828' title='bbox 2635 5064 2946 5135; x_wconf 79' lang='lat' dir='ltr'><strong>colligatur,</strong></span> <span class='ocrx_word' id='word_1_829' title='bbox 2979 5067 3034 5111; x_wconf 89' lang='lat' dir='ltr'><strong>et</strong></span> <span class='ocrx_word' id='word_1_830' title='bbox 3068 5055 3176 5116; x_wconf 83' lang='lat' dir='ltr'><strong>hic,</strong></span> <span class='ocrx_word' id='word_1_831' title='bbox 3203 5061 3265 5108; x_wconf 92' lang='lat' dir='ltr'><strong>ut</strong></span> <span class='ocrx_word' id='word_1_832' title='bbox 3309 5051 3500 5105; x_wconf 78' lang='lat' dir='ltr'><strong>iterum</strong></span> 
     </span>
    </p>
   </div>
   <div class='ocr_carea' id='block_1_111' title="bbox 1937 5144 3498 5227">
    <p class='ocr_par' dir='ltr' id='par_1_111' title="bbox 1937 5144 3498 5227">
     <span class='ocr_line' id='line_1_111' title="bbox 1937 5144 3498 5227; baseline -0.02 -3"><span class='ocrx_word' id='word_1_833' title='bbox 1937 5170 2084 5225; x_wconf 89' lang='lat' dir='ltr'><strong>illius</strong></span> <span class='ocrx_word' id='word_1_834' title='bbox 2110 5165 2292 5221; x_wconf 90' lang='lat' dir='ltr'><strong>verbis</strong></span> <span class='ocrx_word' id='word_1_835' title='bbox 2324 5169 2469 5227; x_wconf 88' lang='lat' dir='ltr'><strong>utar,</strong></span> <span class='ocrx_word' id='word_1_836' title='bbox 2502 5164 2691 5213; x_wconf 87' lang='lat' dir='ltr'><strong>mut-ua</strong></span> <span class='ocrx_word' id='word_1_837' title='bbox 2731 5167 2922 5209; x_wconf 89' lang='lat' dir='ltr'><strong>eorum</strong></span> <span class='ocrx_word' id='word_1_838' title='bbox 2952 5149 3094 5203; x_wconf 88' lang='lat' dir='ltr'><strong>inter</strong></span> <span class='ocrx_word' id='word_1_839' title='bbox 3121 5147 3267 5217; x_wconf 88' lang='lat' dir='ltr'><strong>ipsos</strong></span> <span class='ocrx_word' id='word_1_840' title='bbox 3328 5144 3498 5196; x_wconf 11' lang='lat' dir='ltr'><strong>intro:</strong></span> 
     </span>
    </p>
   </div>
   <div class='ocr_carea' id='block_1_112' title="bbox 1937 5233 3502 5326">
    <p class='ocr_par' dir='ltr' id='par_1_112' title="bbox 1937 5233 3502 5326">
     <span class='ocr_line' id='line_1_112' title="bbox 1937 5233 3502 5326; baseline -0.021 -10"><span class='ocrx_word' id='word_1_841' title='bbox 1937 5257 2147 5323; x_wconf 88' lang='lat' dir='ltr'><strong>ductio,</strong></span> <span class='ocrx_word' id='word_1_842' title='bbox 2178 5269 2343 5326; x_wconf 89' lang='lat' dir='ltr'><strong>quam</strong></span> <span class='ocrx_word' id='word_1_843' title='bbox 2393 5251 2485 5307; x_wconf 89' lang='lat' dir='ltr'><strong>alii</strong></span> <span class='ocrx_word' id='word_1_844' title='bbox 2511 5255 2850 5310; x_wconf 85' lang='lat' dir='ltr'><strong>sanctorum,</strong></span> <span class='ocrx_word' id='word_1_845' title='bbox 2896 5247 3140 5297; x_wconf 88' lang='lat' dir='ltr'><strong>mutuam</strong></span> <span class='ocrx_word' id='word_1_846' title='bbox 3170 5233 3502 5292; x_wconf 76' lang='lat' dir='ltr'><strong>circumitio-</strong></span> 
     </span>
    </p>
   </div>
   <div class='ocr_carea' id='block_1_113' title="bbox 1939 5333 2714 5406">
    <p class='ocr_par' dir='ltr' id='par_1_113' title="bbox 1939 5333 2714 5406">
     <span class='ocr_line' id='line_1_113' title="bbox 1939 5333 2714 5406; baseline -0.021 1"><span class='ocrx_word' id='word_1_847' title='bbox 1939 5365 2062 5406; x_wconf 88' lang='lat' dir='ltr'><strong>nem</strong></span> <span class='ocrx_word' id='word_1_848' title='bbox 2085 5355 2439 5403; x_wconf 85' lang='lat' dir='ltr'><strong>vocaverunt.</strong></span> <span class='ocrx_word' id='word_1_849' title='bbox 2711 5333 2714 5336; x_wconf 74' lang='grc'><strong>’</strong></span> 
     </span>
    </p>
   </div>
   <div class='ocr_carea' id='block_1_114' title="bbox 2570 5431 2908 5489">
    <p class='ocr_par' dir='ltr' id='par_1_114' title="bbox 2570 5431 2908 5489">
     <span class='ocr_line' id='line_1_114' title="bbox 2570 5431 2908 5489; baseline -0.024 -1"><span class='ocrx_word' id='word_1_850' title='bbox 2570 5436 2656 5489; x_wconf 74' lang='lat' dir='ltr'><em>Ex</em></span> <span class='ocrx_word' id='word_1_851' title='bbox 2670 5431 2872 5486; x_wconf 80' lang='lat' dir='ltr'><strong>eadem.</strong></span> <span class='ocrx_word' id='word_1_852' title='bbox 2899 5463 2908 5475; x_wconf 81' lang='lat'><strong>.</strong></span> 
     </span>
    </p>
   </div>
   <div class='ocr_carea' id='block_1_115' title="bbox 2011 5514 3504 5596">
    <p class='ocr_par' dir='ltr' id='par_1_115' title="bbox 2011 5514 3504 5596">
     <span class='ocr_line' id='line_1_115' title="bbox 2011 5514 3504 5596; baseline -0.015 -9"><span class='ocrx_word' id='word_1_853' title='bbox 2011 5530 2198 5587; x_wconf 82' lang='lat' dir='ltr'><strong>XCVI.</strong></span> <span class='ocrx_word' id='word_1_854' title='bbox 2227 5549 2246 5582; x_wconf 84' lang='grc' dir='ltr'><strong>ι</strong></span> <span class='ocrx_word' id='word_1_855' title='bbox 2273 5521 2846 5596; x_wconf 81' lang='lat' dir='ltr'><strong>SeititaqueSpiritus</strong></span> <span class='ocrx_word' id='word_1_856' title='bbox 2879 5515 3132 5584; x_wconf 71' lang='lat' dir='ltr'><strong>Dei,qute</strong></span> <span class='ocrx_word' id='word_1_857' title='bbox 3154 5514 3206 5568; x_wconf 90' lang='lat' dir='ltr'><strong>in</strong></span> <span class='ocrx_word' id='word_1_858' title='bbox 3229 5516 3338 5569; x_wconf 86' lang='lat' dir='ltr'><strong>Deo</strong></span> <span class='ocrx_word' id='word_1_859' title='bbox 3357 5523 3504 5572; x_wconf 84' lang='lat' dir='ltr'><strong>sunt.</strong></span> 
     </span>
    </p>
   </div>
   <div class='ocr_carea' id='block_1_116' title="bbox 1950 5607 3523 5691">
    <p class='ocr_par' dir='ltr' id='par_1_116' title="bbox 1950 5607 3523 5691">
     <span class='ocr_line' id='line_1_116' title="bbox 1950 5607 3523 5691; baseline -0.009 -15"><span class='ocrx_word' id='word_1_860' title='bbox 1950 5641 1969 5676; x_wconf 83' lang='grc' dir='ltr'><strong>ι</strong></span> <span class='ocrx_word' id='word_1_861' title='bbox 2009 5635 2064 5679; x_wconf 90' lang='lat' dir='ltr'><strong>et</strong></span> <span class='ocrx_word' id='word_1_862' title='bbox 2087 5622 2224 5690; x_wconf 85' lang='lat' dir='ltr'><strong>nihil</strong></span> <span class='ocrx_word' id='word_1_863' title='bbox 2249 5621 2354 5691; x_wconf 89' lang='lat' dir='ltr'><strong>ipsi</strong></span> <span class='ocrx_word' id='word_1_864' title='bbox 2381 5617 2670 5680; x_wconf 87' lang='lat' dir='ltr'><strong>occulitur,</strong></span> <span class='ocrx_word' id='word_1_865' title='bbox 2721 5621 2818 5667; x_wconf 89' lang='lat' dir='ltr'><strong>aut</strong></span> <span class='ocrx_word' id='word_1_866' title='bbox 2843 5611 3196 5668; x_wconf 89' lang='lat' dir='ltr'><strong>obscuratur.</strong></span> <span class='ocrx_word' id='word_1_867' title='bbox 3225 5607 3372 5673; x_wconf 85' lang='lat' dir='ltr'><strong>Scit;</strong></span> <span class='ocrx_word' id='word_1_868' title='bbox 3399 5624 3523 5679; x_wconf 84' lang='lat' dir='ltr'><strong>qua-</strong></span> 
     </span>
    </p>
   </div>
   <div class='ocr_carea' id='block_1_117' title="bbox 1955 5697 3511 5772">
    <p class='ocr_par' dir='ltr' id='par_1_117' title="bbox 1955 5697 3511 5772">
     <span class='ocr_line' id='line_1_117' title="bbox 1955 5697 3511 5772; baseline -0.01 -6"><span class='ocrx_word' id='word_1_869' title='bbox 1955 5735 1973 5766; x_wconf 80' lang='grc' dir='ltr'><strong>ι</strong></span> <span class='ocrx_word' id='word_1_870' title='bbox 2014 5716 2156 5771; x_wconf 88' lang='lat' dir='ltr'><strong>enim</strong></span> <span class='ocrx_word' id='word_1_871' title='bbox 2191 5712 2400 5768; x_wconf 87' lang='lat' dir='ltr'><strong>ratione</strong></span> <span class='ocrx_word' id='word_1_872' title='bbox 2449 5708 2606 5763; x_wconf 90' lang='lat' dir='ltr'><strong>aliter</strong></span> <span class='ocrx_word' id='word_1_873' title='bbox 2651 5704 2768 5761; x_wconf 81' lang='lat' dir='ltr'><strong>ﬁeri</strong></span> <span class='ocrx_word' id='word_1_874' title='bbox 2805 5700 3049 5772; x_wconf 83' lang='lat' dir='ltr'><strong>poterit?</strong></span> <span class='ocrx_word' id='word_1_875' title='bbox 3079 5697 3137 5754; x_wconf 90' lang='lat' dir='ltr'><strong>Si</strong></span> <span class='ocrx_word' id='word_1_876' title='bbox 3191 5697 3374 5768; x_wconf 88' lang='lat' dir='ltr'><strong>itaque</strong></span> <span class='ocrx_word' id='word_1_877' title='bbox 3405 5710 3511 5760; x_wconf 85' lang='lat' dir='ltr'><strong>cst,</strong></span> 
     </span>
    </p>
   </div>
   <div class='ocr_carea' id='block_1_118' title="bbox 1955 5791 3514 5877">
    <p class='ocr_par' dir='ltr' id='par_1_118' title="bbox 1955 5791 3514 5877">
     <span class='ocr_line' id='line_1_118' title="bbox 1955 5791 3514 5877; baseline -0.011 -14"><span class='ocrx_word' id='word_1_878' title='bbox 1955 5828 1972 5862; x_wconf 88' lang='grc' dir='ltr'><strong>ι</strong></span> <span class='ocrx_word' id='word_1_879' title='bbox 2019 5807 2110 5877; x_wconf 89' lang='lat' dir='ltr'><strong>qui</strong></span> <span class='ocrx_word' id='word_1_880' title='bbox 2143 5805 2326 5861; x_wconf 81' lang='lat' dir='ltr'><strong>omnia</strong></span> <span class='ocrx_word' id='word_1_881' title='bbox 2350 5802 2516 5866; x_wconf 88' lang='lat' dir='ltr'><strong>novit,</strong></span> <span class='ocrx_word' id='word_1_882' title='bbox 2566 5814 2686 5870; x_wconf 84' lang='lat' dir='ltr'><strong>quae</strong></span> <span class='ocrx_word' id='word_1_883' title='bbox 2714 5804 2843 5854; x_wconf 90' lang='lat' dir='ltr'><strong>sunt</strong></span> <span class='ocrx_word' id='word_1_884' title='bbox 2869 5794 2925 5851; x_wconf 88' lang='lat' dir='ltr'><strong>in</strong></span> <span class='ocrx_word' id='word_1_885' title='bbox 2955 5791 3136 5857; x_wconf 85' lang='lat' dir='ltr'><strong>Patre,</strong></span> <span class='ocrx_word' id='word_1_886' title='bbox 3163 5791 3397 5864; x_wconf 82' lang='lat' dir='ltr'><strong>etplane</strong></span> <span class='ocrx_word' id='word_1_887' title='bbox 3428 5792 3514 5846; x_wconf 58' lang='lat' dir='ltr'><strong>iu.</strong></span> 
     </span>
    </p>
   </div>
  </div>
