3800 6568
426 326 531 390 535

428 551 449 582 ι
493 533 665 589 multa
706 534 880 591 habeo
908 538 1059 594 vobis
1091 540 1293 606 dicere,
1327 545 1418 597 sed
1451 560 1558 599 non
1592 548 1821 616 potestis
1866 565 1991 619 por-

425 643 445 675 ι
488 633 605 681 tare
637 629 798 683 modo
825 628 915 683 ’δε
956 648 974 681 ι
1008 660 1078 670 -
1110 649 1128 682 ι
1163 647 1289 686 cum
1309 650 1436 689 vero
1461 639 1671 692 venerit-
1718 640 1807 695 ille
1836 640 1996 696 Para-

429 733 449 765 ι
496 716 688 781 cletus,
726 716 963 787 Spiritus
1020 721 1355 787 veritatis",
1420 744 1438 777 ι
1475 729 1744 785 conducet
1794 748 1891 786 vos
1940 733 1993 786 in

430 826 448 859 ι
493 821 710 863 omnem
740 812 1062 867 veritatem:
1103 832 1122 865 ι
1176 830 1282 869 non
1313 817 1457 871 enim
1501 835 1567 873 ex
1614 836 1673 875 se
1721 821 1990 891 loquetur,

425 919 445 950 ι
490 905 584 954 sed
613 916 954 974 quaecunque
997 904 1180 960 audiet
1210 906 1484 976 loquetur,
1515 921 1569 965 et
1614 928 1735 980 qua:
1767 910 1991 968 ventura

426 1011 443 1040 ι
488 1000 638 1056 sunt,
670 994 1018 1049 annuntiabit
1051 997 1226 1051 vobis.
1256 997 1352 1053 Ille
1381 1016 1462 1054 me
1483 990 1823 1071 gloriﬁcaliit,
1862 1005 1989 1074 quia

426 1102 443 1132 ι
500 1084 564 1137 de
583 1098 703 1137 meo
736 1085 986 1156 accipiet,
1024 1098 1078 1142 et
1106 1090 1452 1145 annuntiabit
1512 1094 1666 1149 vobis
1690 1095 1758 1148 ".
1799 1114 1817 1145 ι
1877 1095 1991 1147 Λιι-

426 1192 445 1223 ι
498 1189 605 1227 non
634 1175 728 1229 tibi
753 1176 865 1245 jam
897 1186 1046 1247 patet
1074 1182 1218 1249 quod
1248 1192 1405 1239 antra
1458 1186 1680 1240 allatum
1734 1197 1818 1240 est
1872 1188 1989 1241 elo-

423 1285 441 1309 ο
491 1266 723 1335 quium?
772 1267 937 1325 Vides
995 1270 1259 1342 Spiritum
1345 1278 1588 1332 veritatis
1624 1280 1987 1335 'Paracletum

421 1376 439 1405 ι
493 1362 874 1429 nuncupasse?
905 1362 962 1417 Id
997 1379 1125 1417 vero
1146 1365 1560 1437 insinuatﬁeum
1592 1385 1657 1422 ex
1688 1369 1844 1423 Patre
1866 1384 1992 1440 pro-

420 1464 442 1497 ι
494 1448 669 1516 gredi,
710 1467 1054 1525 quaecunque
1103 1456 1280 1512 Patris
1310 1467 1456 1513 sunt.
1488 1461 1588 1515 sibi
1626 1461 1839 1532 propria
1868 1476 1988 1518 esse

344 1534 368 1544 ‘
419 1557 441 1590 ι
486 1541 862 1601 manifestans.
896 1565 917 1598 ι

998 1643 1421 1700 Animadversio.

492 1744 511 1779 ι
553 1726 655 1783 Hic
694 1746 885 1785 rursus
946 1731 1183 1803 Spiritus
1242 1739 1680 1807 progressionem
1722 1757 1789 1797 ex
1826 1743 1986 1800 Patre

423 1835 442 1869 ι
488 1817 645 1874 docet
676 1836 690 1874 :
721 1825 995 1892 proprium
1030 1840 1159 1881 vero
1192 1803 1425 1882 illum'ct
1456 1827 1576 1883 Filii
1600 1832 1815 1897 asserit,
1842 1833 1983 1904 quod
2018 1803 2059 1859 Β

420 1926 439 1959 ι
486 1911 646 1966 unius
676 1912 1032 1985 ejusdemque
1063 1930 1186 1971 cum
1222 1917 1315 1972 illo
1345 1928 1552 1974 natura:
1580 1930 1685 1977 est.
1726 1940 1744 1974 ι

1112 2106 1405 2177 Refutatio.

483 2214 952 2278 Quemadmodum
993 2232 1159 2275 antea
1214 2225 1420 2294 digesta
1468 2226 1723 2295 pericope
1767 2235 1985 2296 propter

411 2304 746 2362 identitatem
781 2310 1063 2366 etl'usionis
1093 2322 1147 2368 et
1176 2316 1541 2384 processionis
1566 2318 1889 2373 ostendebat
1916 2334 1981 2373 ex

410 2397 571 2455 Patre
600 2411 654 2456 et
687 2400 825 2458 Filio
850 2420 971 2459 esse
1018 2404 1279 2476 Spiritum
1311 2426 1326 2463 :
1361 2412 1560 2464 etenim
1626 2410 1671 2465 si
1702 2410 1844 2465 idem
1900 2421 1984 2466 est

410 2493 466 2549 in
515 2494 674 2552 Patre
724 2499 927 2555 eﬂundi
981 2504 1389 2573 tit-procedere,
1424 2521 1593 2574 quare
1630 2510 1872 2563 nouerit
1916 2523 1983 2563 ex

414 2599 653 2656 utroque
701 2594 844 2660 quod
880 2608 947 2647 ex
1008 2605 1238 2664 utroque
1269 2597 1606 2653 effunditur?
1636 2598 1759 2654 Pari
1820 2602 1981 2656 modo

407 2690 485 2743 et,
520 2696 641 2750 quae
681 2699 827 2738 nunc
853 2685 1016 2741 allata
1052 2695 1156 2754 est,
1190 2689 1292 2744 hoc
1337 2689 1480 2745 idem
1514 2701 1800 2758 monstrat,
1853 2709 1976 2746 cum

406 2772 549 2826 enim
573 2786 795 2830 sanctus
825 2780 1169 2848 interrogans
1199 2783 1343 2836 dicat
1376 2798 1388 2833 :
1422 2782 1560 2837 Num
1589 2784 1770 2841 vidisti
1807 2785 1981 2856 Spirio

408 2877 523 2921 tum
559 2869 807 2926 veritatis
839 2870 1181 2928 Paracletum
1215 2878 1604 2946 nuncupasse?
1648 2878 1702 2932 ld
1738 2894 1866 2933 vero
1899 2880 1980 2934 in.

406 2961 606 3024 sinuat,
635 2976 757 3015 cum
791 2964 865 3016 ait
894 2980 1019 3019 eum
1050 2982 1115 3019 ex
1156 2966 1315 3023 Patre
1346 2969 1620 3039 progredi.
1651 2969 1804 3037 Quod
1829 2972 1975 3026 enim

408 3051 657 3111 Salvator
711 3059 1009 3125 procedere,
1073 3060 1321 3129 progredi
1367 3071 1591 3117 sanctus
1650 3063 1973 3129 nominavit,

1444 341 1654 405 ῘΟΑΝ.
1688 346 1908 407 VEOCI
1944 349 2059 412 (ΣΡ.
2097 354 2611 422 ΡΔΤΒΙΔΒΟΗΒ

433 458 450 490 ι
493 438 674 511 telligo
722 443 791 499 ad
823 453 1045 503 sanctos
1097 450 1373 519 apostolos
1423 453 1678 523 proferri.
1735 475 1754 508 ι
1813 458 1981 513 Λάιιω

2114 484 2134 518 ι
2173 473 2284 533 τοῖς
2317 472 2494 539 ἁγίοις
2537 476 2855 543 ἀποστόλοις
2886 496 2900 511 ·
2957 499 2976 533 ι
3018 482 3137 535 Ἔτι

3518 382 3609 449 5'36

3184 482 3344 538 πολλὰ
3382 482 3482 558 ἰχω
3507 495 3609 563 ὑμῖν

2108 577 2126 607 ι
2165 558 2370 629 λέγειν,
2403 564 2520 618 ἀλλ’
2542 568 2601 619 ού
2636 568 2863 623 δύνασθε
2896 570 3184 641 βαστάζειν
3211 574 3346 641 ἄρτι.
3392 558 3609 636 Ὀταντδὲ

2105 666 2124 697 ι
2164 648 2290 721 ἔλθῃ
2327 653 2531 715 ἐκεῖνος
2566 659 2592 709 ὁ
2623 659 2981 730 Παρακλητος
3021 662 3080 712 τὸ
3125 663 3336 730 Πνεῦμα
3377 670 3613 745 τῆςβλη-

2103 759 2121 791 ι
2164 742 2335 807 θείας,
2372 746 2630 817 ὁδηγήσει
2683 752 2828 818 ὑμᾶς
2884 754 2961 814 είς
3012 757 3191 807 πᾶσαν
3235 756 3329 827 τὴν
3374 742 3612 830 ἀλήθειαν.

2100 850 2119 881 ι
2164 834 2239 887 Οὐ
2281 836 2391 906 γὰρ
2423 838 2648 908 λαλήσει
2696 841 2791 910 ἀφ’
2821 844 3037 910 ἑαυτοῦ,
3085 844 3201 898 ἀλλ’
3237 847 3332 900 ὅσα
3357 847 3416 900 ἂν
3440 851 3612 926 ἀκούσῃ

2101 942 2119 974 ι
2162 924 2410 995 λαλήσει,
2451 931 2544 983 καὶ
2578 933 2644 986 τὰ
2666 934 2935 1003 ἐρχόμενα
2969 936 3263 1003 ἀναγγελεῖ
3291 939 3431 1006 ὑμῖν.
3471 924 3611 998 Ἑκεῖλ

2100 1034 2119 1068 ι
2160 1035 2247 1075 νος
2280 1020 2377 1089 ἐμὲ
2426 1021 2662 1090 δοξάσει,
2712 1026 2794 1078 ὅτι
2838 1027 2901 1079 ὲκ
2943 1027 3038 1078 τοῦ
3093 1027 3227 1097 ἐμοῦ
3282 1028 3513 1099 λήψεται,
3541 1041 3613 1090 καὶ

2098 1129 2117 1160 ι
2164 1112 2449 1180 ἀναγγελεῖ
2465 1116 2611 1184 ὑμῖν,
2642 1135 2661 1166 ι
2690 1111 2836 1189 Ἀρά
2858 1136 2939 1171 σοι
2967 1121 3135 1187 σαφὲς
3173 1120 3231 1172 τὸ
3255 1125 3525 1190 παροισθέν
3547 1144 3614 1181 σοι

2098 1220 2117 1253 ι
2159 1201 2377 1269 λόγιον;
2418 1208 2526 1259 Καὶ
2560 1209 2958 1279 προσδέδορκας
2987 1211 3069 1264 ὅτι
3119 1212 3336 1281 Πνεῦμα
3379 1215 3470 1282 μὲν
3506 1217 3615 1287 ἀλη-

2099 1314 2118 1347 ι
2159 1294 2309 1359 θείας
2337 1300 2697 1369 κατιονὸμασε
2725 1301 2816 1354 τὸν
2850 1302 3207 1372 Παράκλητον
3236 1319 3250 1368 ;
3287 1305 3423 1373 Ἐφη
3451 1323 3505 1374 γε
3530 1310 3615 1382 μὴν

2098 1387 2231 1475 κὼς
2259 1389 2539 1459 πρόσεισιν
2564 1392 2627 1443 ἐκ
2653 1393 2886 1462 Πατρὺς,
2925 1392 3034 1447 ῐδια
3074 1395 3254 1447 πάντα
3290 1395 3489 1461 δεικνὺς
3512 1399 3617 1451 lau-

2098 1499 2116 1531 ι
2159 1480 2250 1533 τοῦ
2275 1482 2339 1534 τὰ
2366 1483 2460 1536 τοῦ
2493 1485 2728 1551 Πατρός.
2765 1506 2786 1539 ι

2692 1677 3066 1732 Ἐπιστασιά.

2165 1782 2182 1813 ι
2231 1761 2492 1817 Ἐνταῦθα
2516 1764 2571 1817 δὲ
2603 1763 2765 1820 πάλιν
2794 1767 2892 1837 τὴν
2914 1767 3140 1838 πρόοδον
3167 1767 3267 1837 μὲν
3290 1763 3377 1822 τοῦ
3406 1770 3617 1838 Πνεῦμα-

2099 1876 2116 1907 ι
2155 1874 2245 1919 τος
2275 1856 2515 1910 διδάσκει
2552 1858 2615 1911 ἐκ
2647 1857 2738 1910 τοῦ
2772 1859 3004 1930 Πατρὸς,
3056 1861 3186 1914 ἴδιον
3224 1860 3282 1913 δὲ
3331 1861 3457 1915 αὐτὸ
3492 1862 3614 1931 λέγει

2097 1967 2114 2000 ι
2154 1950 2247 2002 καὶ
2290 1949 2385 2001 τοῦ
2437 1949 2569 2003 Υίοῦ
2616 1950 2705 2005 διὰ
2745 1951 2807 2004 τὸ
2857 1953 2987 2021 μιᾶς
3045 1954 3140 2007 καὶ
3195 1952 3296 2022 τῆς
3321 1951 3615 2023 catmum

2096 2058 2113 2091 ι
2155 2040 2387 2109 φύσεως.
2439 2060 2456 2093 ι

2110 2138 2121 2147 ’
2687 2136 3047 2205 Ἀντᾷὔρησις
3060 2176 3073 2190 .

2160 2253 2373 2317 Ὠσπερ
2409 2252 2442 2321 ἡ
2476 2250 2849 2322 κροῤῥηθεῖσα
2896 2249 3173 2321 περικοπὴ
3219 2251 3303 2305 διὰ
3334 2251 3428 2321 τῆς
3456 2254 3621 2305 ταντόο

2084 2361 2245 2412 τητος
2283 2343 2374 2397 τοῦ
2429 2343 2749 2415 προχεῖσθαι
2796 2346 2890 2397 καὶ
2966 2342 3359 2413 ἐκπορεύεσθαι
3415 2341 3615 2395 ἐδείκνυε

2085 2436 2146 2488 τὸ
2180 2437 2245 2489 ὲκ
2292 2435 2505 2505 Πατρὸς
2561 2436 2655 2488 καὶ
2709 2433 2841 2487 Υἱοῦ
2895 2430 3036 2485 εἶναι
3083 2433 3142 2485 τὸ
3180 2430 3417 2500 Πνεῦμα⁶
3457 2432 3500 2484 εἰ
3529 2434 3618 2500 γὰρ

2084 2527 2280 2580 ταυτὸν
2310 2528 2401 2579 ἐπὶ
2433 2525 2527 2579 τοῦ
2587 2524 2903 2594 Πνεύματος
2953 2524 3014 2576 τὸ
3048 2523 3367 2593 προχεῖσθαι
3412 2524 3497 2575 καὶ
3536 2523 3616 2574 ὲκ-

2084 2618 2430 2689 πορεύεσθαι,
2492 2619 2609 2679 πῶς
2662 2617 2792 2671 οὐκἸ
2824 2617 2884 2681 ἐξ
2911 2618 3115 2685 ἀμφοῖν
3177 2616 3239 2668 τὸ
3293 2613 3618 2685 προχεόμενον

2082 2713 2144 2778 ἐξ
2173 2713 2377 2781 ἀμφοῖν
2397 2730 2409 2776 ;
2430 2711 2574 2765 οὕτω
2638 2712 2732 2764 καὶ
2762 2713 2796 2780 ἡ
2828 2709 2922 2764 νῦν
2954 2709 3185 2780 ῥηθεῖσα
3216 2706 3475 2776 περικοπή
3501 2707 3617 2756 ἀπο-

2082 2806 2316 2860 δεικνύει
2346 2806 2406 2858 τὸ
2436 2806 2587 2866 αὐτὸ,
2620 2804 2714 2857 τοῦ
2744 2803 2899 2871 ἁγίου
2931 2801 3053 2856 κατ’
3082 2800 3353 2869 ἐρώτησιν
3373 2797 3612 2865 λέγοντος,

2080 2896 2227 2971 *Αρα
2254 2898 2673 2970 προσδέδορκας,
2703 2897 2787 2950 ὅτι
2820 2894 3044 2960 Πνεῦμα
3068 2893 3169 2964 μὲν
3188 2892 3437 2961 ἀληθείας
3468 2908 3616 2944 κατω·

2079 2993 2286 3062 νόμασε
2334 2992 2424 3044 τὸν
2463 2990 2851 3061 Παρὰκλητον;
2887 2988 3029 3058 Ἔφη
3059 3002 3123 3054 γε
3150 2985 3257 3056 μὴν
3292 2985 3366 3047 ὡς
3408 2985 3619 3054 πρόεισιν

2080 3086 2145 3137 ἐκ
2174 3084 2403 3151 Πατρός.
2427 3085 2491 3135 Ὃ
2521 3083 2627 3151 γὰρ
2647 3080 3048 3148 ἐκπορεύεται,
3077 3080 3104 3130 ὁ
3130 3077 3323 3146 Σωτὴρ
3354 3075 3472 3144 ἔφη,
3495 3079 3617 3142 πρό-

407 3144 617 3199 nullum
648 3145 787 3202 inter
810 3147 974 3203 hasce
1010 3149 1279 3205 dictiones
1315 3153 1609 3207 discrimen
1647 3168 1968 3228 agnoscens.

2099 3192 2232 3247 πίστιν
2261 3144 2472 3243 δᾰγιος
2503 3144 2648 3238 sine,
2685 3144 3122 3251 μηδενρίόμενος
3156 3144 3435 3238 διαφέρειν
3483 3167 3618 3236 ἀλλή-

405 3356 491 3410 Ea:
519 3357 697 3417 eodem
730 3357 799 3413 ad
833 3357 1111 3413 Hermian:
1151 3368 1384 3416 tractatu
1422 3363 1487 3418 de
1512 3362 1721 3434 Spiritu
1764 3376 1976 3423 sancto.

474 3545 680 3605 XCVII.
719 3566 741 3600 ι
763 3549 842 3605 Ita
863 3560 966 3614 est,
995 3550 1073 3606 ait
1099 3569 1114 3607 :
1143 3552 1309 3609 Deum
1340 3556 1663 3624 agnovimus
1689 3555 1899 3612 Patrem
1924 3567 1979 3614 et

409 3660 426 3689 ι
474 3637 695 3705 Filium,
740 3648 797 3695 at
826 3655 934 3695 non
979 3642 1108 3696 item
1155 3642 1437 3714 Spiritum.
1473 3643 1672 3702 Verum
1720 3663 1818 3703 nos
1868 3665 1975 3702 non

412 3752 430 3783 ι
488 3732 635 3795 illos,
670 3732 763 3801 qui
796 3741 979 3786 mente
1011 3735 1267 3789 excaecati
1301 3743 1455 3801 sunt,
1493 3737 1547 3790 in
1580 3737 1814 3793 medium
1847 3738 1977 3793 ail‘e-

407 3843 424 3874 ι
488 3838 696 3884 remus.
719 3820 835 3877 Non
854 3824 999 3882 enim
1037 3824 1327 3893 spiritibus
1353 3826 1663 3891 erronibus,
1728 3838 1787 3882 ut
1837 3828 1978 3883 Scri-

408 3938 424 3965 ι
474 3926 632 3986 ptura
678 3917 772 3979 ait,
803 3904 1391 3982 attendemus,’inesse
1419 3936 1550 3974 vero
1598 3921 1801 3992 potius,
1836 3935 1890 3978 et
1919 3924 1972 3978 in

2079 3271 2188 3325 λων
2218 3270 2390 3323 ταῦτα
2426 3267 2498 3320 τὰ
2534 3268 2778 3339 ῥήματα.

2086 3377 2198 3432 Τοῦ
2224 3377 2413 3432 αὐτοῦ
2440 3379 2510 3431 ἐκ
2540 3376 2649 3431 τοῦ
2675 3376 2745 3429 ἐν
2772 3374 2847 3443 τῇ
2872 3375 3022 3443 πρὸς
3063 3373 3344 3444 Ἑρμείαν
3383 3386 3617 3439 πραγμα-

2218 3453 2346 3517 τείᾳ
2374 3447 2508 3517 περὶ
2556 3446 2663 3500 τοῦ
2702 3447 2876 3516 ἁγίου
2910 3448 3263 3515 Πνεύιιατος
3302 3446 3498 3513 λόγου.

2149 3557 2261 3626 ῑ.,Ζ’⁸
2301 3578 2320 3610 ι
2359 3558 2487 3621 Ναὶ.
2561 3558 2717 3630 φησὶ,
2753 3556 2886 3611 Θεὸν
2935 3557 3264 3625 ἐγνώκαμεν
3310 3553 3399 3606 τὸν
3429 3550 3618 3619 Πατέρα

2085 3671 2102 3703 ι
2148 3651 2362 3705 καὶτὸν
2392 3650 2554 3704 Υιόν⁶
2601 3650 2720 3721 οὐχὶ
2763 3650 2821 3703 δὲ
2865 3649 2930 3719 δὴ
2971 3649 3067 3703 καὶ
3115 3646 3177 3700 τὸ
3214 3646 3453 3717 Πνεῦμα.
3500 3642 3616 3696 Ἀλλ’

2084 3766 2103 3798 ι
2147 3746 2208 3798 οὐ
2255 3747 2367 3809 τοῖς
2396 3743 2705 3814 διεφθορόσι
2753 3743 2843 3797 τὸν
2907 3743 3043 3797 ῐδιον
3097 3740 3229 3794 νοῦν
3267 3735 3614 3810 μυσταγωγοῖς

2083 3859 2101 3891 ι
2151 3836 2485 3911 χρησόμεθα.
2508 3835 2851 3908 Προσέξομεν
2867 3835 2924 3889 δὲ
2962 3835 3087 3905 οὐχὶ
3113 3832 3388 3903 πνεύμασι
3427 3828 3616 3886 πλάνοις

2083 3952 2101 3985 ι
2155 3932 2297 3986 κατὰ
2343 3930 2442 3995 τὰς
2493 3931 2748 4002 Γραφάςο
2784 3930 2985 3982 ἐνεῖναι
3039 3926 3096 3980 δὲ
3139 3926 3344 3997 μᾶλλον
3376 3923 3466 3978 καὶ
3510 3921 3613 3972 tw-

410 4027 427 4057 ι
484 4007 595 4063 Deo
618 4008 884 4064 exsistere
906 4008 1556 4080 essentialiterﬁpiritum
1584 4022 1831 4069 sanctum
1852 4030 1973 4069 cre-

2099 4047 2101 4076 :
2149 4026 2382 4096 πάρχειν
2403 4023 2677 4088 οὑσιωδῶς
2700 4020 3063 4090 πιστεύσομεν
3088 4016 3166 4088 τῷ
3183 4016 3305 4087 Θεῷ
3331 4015 3388 4068 τὸ
3421 4010 3615 4077 Πνεῦμα

408 4121 427 4152 ι
473 4100 689 4166 demus,
730 4101 1192 4170 quemadmodum
1224 4111 1280 4158 et
1321 4103 1375 4157 in
1406 4103 1621 4160 homine
1655 4106 1974 4161 humanum.

2099 4139 2101 4170 :
2149 4117 2210 4169 τὸ
2258 4118 2435 4185 ἅγιον,
2498 4114 2640 4168 καθὰ
2679 4113 2774 4168 καὶ
2831 4111 3106 4182 ἀνθρώπῳ
3160 4108 3225 4162 τὸ
3280 4105 3611 4178 ἀνθρώπινον.

403 4213 424 4243 ι
477 4191 544 4253 Et
596 4194 1052 4261 quemadmodum
1116 4194 1160 4250 si
1222 4197 1346 4267 quis
1393 4197 1550 4252 nobis
1588 4207 1682 4253 aut
1733 4200 1972 4265 Petrum,

2099 4230 2100 4235 η
2143 4208 2254 4262 Καὶ
2289 4206 2477 4277 ὥσπερ
2504 4206 2559 4259 εἴ
2595 4222 2680 4269 τις
2712 4205 2748 4276 ἢ
2776 4204 2980 4275 Πέτρον
3007 4203 3140 4273 ἡμῖν
3169 4199 3206 4272 ἢ
3252 4198 3495 4266 Ἰωάννην
3514 4193 3614 4246 ὀνο-

410 4304 427 4331 ι
475 4282 849 4341 autJoannem
886 4283 1024 4340 forte
1071 4287 1452 4355 nominaverit,
1486 4304 1591 4343 una
1640 4291 1803 4345 simul
1847 4306 1973 4346 cum

2099 4320 2102 4351 τ
2152 4301 2313 4369 μᾴσοι
2367 4298 2552 4367 τυχὸν,
2609 4295 2953 4368 συνεσήμανέ
3013 4310 3117 4348 που
3177 4292 3364 4353 αὐτοῖς
3416 4287 3506 4340 καὶ
3559 4283 3609 4335 τὸ

405 4393 423 4425 ι
474 4374 607 4444 ipsis
636 4383 689 4429 et
719 4376 971 4445 spiritum
1026 4391 1214 4431 eorum
1248 4379 1554 4448 proprium,
1595 4382 1687 4449 qui
1752 4383 1805 4436 in
1863 4382 1974 4438 illis

2147 4391 2281 4446 ῐδιον
2319 4389 2522 4452 αὐτῶν,
2556 4390 2649 4442 καὶ
2682 4391 2741 4441 ὲν
2766 4389 2949 4449 αὐτοῖς
2982 4385 3227 4454 πνεῦμα,
3259 4383 3354 4437 καὶ
3386 4379 3475 4435 τοῦ
3502 4394 3615 4431 παν-

404 4484 425 4519 ι
475 4474 578 4531 est,
610 4467 891 4531 indicavit,
940 4480 992 4522 et
1024 4468 1290 4539 integrum
1323 4471 1526 4527 animal
1557 4482 1968 4539 commonstrat,

2099 4507 2100 4512 η
2146 4483 2236 4548 τὸς
2294 4481 2436 4548 ζώου
2495 4484 2733 4535 ποιεῖται
2781 4480 2877 4550 τὴν
2916 4478 3167 4548 δήλωσιν,
3224 4476 3320 4529 καὶ
3358 4472 3446 4526 τὸν
3474 4467 3612 4573 οἰστὸν

402 4577 422 4609 ι
476 4560 665 4634 eadem
683 4562 877 4629 opinor
913 4560 1124 4618 ratione
1156 4560 1406 4628 de'Patre
1439 4573 1494 4619 et
1526 4562 1664 4619 Filio
1696 4566 1971 4627 disseren-

2099 4593 2103 4628 ι
2146 4570 2300 4644 οἶμαι
2326 4573 2527 4643 τρόπον
2558 4572 2649 4623 ἐπὶ
2680 4570 2775 4624 τοῦ
2815 4568 3026 4639 Πατρδς
3059 4567 3153 4621 καὶ
3178 4566 3274 4622 τοῦ
3301 4563 3449 4619 Υίοῦ.
3500 4560 3615 4625 Συγ-

404 4672 424 4704 ι
474 4652 602 4709 dum
662 4662 789 4710 est:
821 4653 985 4708 simul
1017 4653 1161 4708 enim
1209 4669 1333 4713 cum
1381 4671 1717 4729 unoquoque
1746 4674 1812 4720 ex
1844 4661 1979 4730 ipsis

2099 4687 2102 4719 :
2147 4667 2620 4738 κατασημαίνεται
2668 4663 2777 4734 γὰρ
2819 4661 3067 4732 ἐκατέρῳ
3131 4660 3192 4713 τὸ
3252 4656 3487 4728 Πνεῦμα,
3534 4650 3611 4704 καὶ

401 4763 422 4798 ι
470 4754 526 4800 et
555 4746 782 4814 spiritus
806 4746 1099 4811 indicatur,
1137 4762 1243 4803 non
1276 4759 1535 4820 tanquam
1560 4752 1705 4808 illius
1728 4755 1974 4822 pars,§uti

2099 4780 2103 4811 ι
2146 4760 2243 4829 οὐχ
2274 4759 2349 4821 ὡς
2386 4759 2551 4828 μέρος
2586 4755 2648 4812 ὃν
2684 4754 2877 4819 αὑτοῦ,
2910 4753 3053 4808 καθὰ
3075 4752 3170 4806 καὶ
3201 4751 3290 4805 ἐπ’
3340 4745 3612 4819 ἀνθρώπων

403 4860 422 4891 ι
471 4839 526 4899 in
557 4839 872 4898 hominibus
916 4841 1282 4911 concipimus.
1336 4840 1602 4899 Subsistit
1644 4844 1789 4899 enim
1850 4861 1977 4915 pro-

2145 4850 2396 4920 νοοῦμεν.
2449 4849 2755 4918 ’Υφέστηκε
2808 4846 2917 4917 γὰρ
2983 4845 3188 4909 ίδικῶς,
3242 4844 3340 4897 καὶ
3406 4837 3603 4909 προΐησι
3654 4857 3658 4861 ’

400 4951 420 4983 ι
476 4932 614 4999 prie,
642 4939 699 4987 et
730 4932 1074 5003 progreditur
1101 4951 1166 4989 ex
1208 4935 1423 5003 propria
1475 4945 1691 5002 natura,
1720 4938 1974 5008 suppedi-

2147 4946 2245 5015 μὲν
2274 4944 2331 5011 ἐξ
2382 4944 2520 5007 ίδιας
2565 4943 2700 4997 αὐτὸ
2751 4941 2969 5013 φύσεως
2996 4940 3024 4992 ὁ
3055 4937 3268 5009 Πατὴρ,
3325 4926 3606 5007 χορηγείὁὲ

399 5046 421 5079 ι
472 5034 552 5081 tat
578 5040 708 5085 vero
738 5025 917 5094 dignis
945 5038 1000 5087 et
1029 5027 1144 5098 ipse
1174 5026 1365 5083 Filius.
1408 5046 1427 5079 ι

2137 5040 2251 5101 τοῖς
2283 5036 2455 5107 ἀξίοις
2499 5037 2596 5095 καὶ
2627 5035 2789 5097 αὐτὸς
2819 5036 2847 5087 ὁ
2879 5032 3025 5097 Υίός.
3067 5051 3087 5083 ι

2672 5150 3047 5205 Ἐπιστασία.

2150 5263 2169 5296 ι
2211 5244 2468 5298 Μάνθανε
2526 5243 2805 5299 κάνταῦθα
2845 5242 3104 5315 προϊέντα
3161 5241 3260 5311 μὲν
3318 5236 3376 5290 τὸ
3405 5230 3603 5302 Πνεῦμα

2071 5355 2095 5389 ι
2136 5337 2225 5391 τὸν
2258 5337 2496 5408 Πατέρα,
2530 5337 2873 5408 χορηγοῦντα
2908 5334 2967 5388 δὲ
2992 5334 3084 5389 τὸν
3104 5332 3253 5387 Υἰόν.
3294 5350 3314 5381 ι

2640 5451 3025 5520 Ἀντίρῤησις.

2138 5543 2201 5595 Ei
2236 5543 2335 5612 μὲν
2373 5543 2447 5614 μὴ
2479 5538 2637 5613 εὗρες
2680 5541 2949 5612 μυριαχοῦ
2985 5539 3085 5610 τῆς
3109 5535 3333 5609 Γραφῆς
3388 5532 3476 5585 καὶ
3523 5527 3600 5578 τὸν

2048 5630 2196 5689 ’Υιὸν
2227 5637 2486 5705 προϊέντα
2515 5637 2575 5689 τὸ
2606 5634 2852 5705 Πνεῦμα,
2886 5632 3068 5696 καλῶς
3097 5631 3162 5687 ἂν
3194 5623 3382 5683 ἐποιοῦ
3411 5623 3601 5676 διαστο-

962 5140 1388 5196 Αηὲηιαάυειεείο.
1434 5136 1451 5143 ”

467 5250 489 5285 ι
524 5232 740 5290 ‘Discito
768 5248 833 5289 ex
865 5233 948 5288 his
966 5248 1185 5305 quoque
1212 5234 1419 5289 aPatre
1446 5235 1664 5304 quidem
1699 5233 1959 5305 Spiritum

398 5345 418 5379 ι
475 5326 751 5399 progredi,
785 5342 816 5382 a
838 5325 980 5382 Filio
1007 5341 1138 5382 vero
1169 5326 1527 5395 suppeditari.
1562 5346 1589 5394 ι

1040 5437 1331 5509 Refutatio.

465 5531 659 5588 Sinon
695 5532 967 5587 invenires
995 5534 1298 5589 innumeris
1336 5547 1502 5603 prope
1555 5533 1963 5605 Scripturarum

394 5626 530 5681 locis
577 5638 608 5679 a
639 5622 780 5679 Filio
809 5622 1069 5693 Spiritum
1122 5626 1394 5697 progredi,
1447 5635 1571 5697 apte
1635 5630 1850 5697 quidem
1886 5629 1959 5684 di-

479 5811 526 5846 ”
548 5808 705 5866 Joan.
738 5826 850 5877 xvi,
887 5808 973 5864 12.
1008 5810 1056 5841 ’⁸
1079 5809 1211 5867 ibid.
1240 5826 1329 5877 xv,
1357 5812 1445 5868 2o.
1526 5812 1571 5844 "
1594 5813 1722 5869 ibid.
1760 5830 1869 5882 xw,
1912 5815 1975 5872 l3
2000 5830 2122 5885 sqq.
