3882 6574
149 389 233 459 531
1062 382 1146 443 ΙΝ
1184 380 1581 444 CAMATERI
1623 381 2375 449 ANIMADVERSIONES.
3252 386 3355 455 538

147 508 230 571 λάς
274 500 358 557 τοῦ
406 497 647 567 προϊέναι
697 496 791 549 καὶ⁸
840 496 1096 565 χορηγεῖν
1125 513 1139 528 ο
1188 496 1313 549 ἐπεὶ
1368 494 1426 548 δὲ
1456 494 1534 564 πῆ
1572 494 1669 564 μὲν

1821 499 2026 554 :rimina
2062 501 2461 571 progressionis
2500 498 2950 555 commentareris
3002 518 3016 553 :
3069 515 3190 553 cum
3227 515 3354 555 vero

146 600 436 667 γέγραπται,
492 588 566 651 ὡς
614 588 680 641 ἐκ
732 588 833 657 τῆς
874 584 1006 647 ἰδίας
1063 585 1276 653 φύσεως
1330 585 1390 636 τὸ
1448 584 1671 652 Πνεῦμα

1824 590 2082 659 liquando
2106 592 2382 648 scribatur
2406 609 2470 647 ex
2503 592 2716 662 propria
2742 600 2936 645 natura
2973 588 3149 644 Patris
3181 590 3357 658 Spiri-

148 687 366 758 προῖησιν
392 684 419 734 ὁ
450 679 663 748 Πατὴρ,
692 679 770 747 πῆ
825 677 883 730 δὲ
926 677 1001 740 ὡς
1028 678 1092 729 ὲκ
1121 676 1219 745 τῆς
1252 676 1387 737 ἰδίας
1446 674 1669 745 προΐησι

1822 697 1901 735 um
1948 684 2221 753 progredi,
2270 685 2567 754 aliquando
2610 700 2675 739 ex
2731 682 2944 754 propria
2987 691 3178 736 natura
3232 681 3355 737 Filii

146 781 327 852 φύσεως
363 774 489 828 αὐτὸ
521 772 669 826 καὶὸ
703 770 854 834 Υἱὸς,
912 769 963 821 τί
1010 768 1110 831 τὰς
1162 766 1255 821 τοῦ
1294 766 1545 837 προϊέναι
1580 766 1671 817 καὶ

1823 776 2053 844 regredi,
2088 777 2215 844 quid
2239 778 2398 831 nobis
2424 776 2824 861 progressionis
2855 786 3019 845 atque
3048 776 3356 844 processio-

144 873 365 946 χορηγεῖν
391 865 706 938 ἁναπλάττῃ
735 862 1020 925 διαστολάς
1047 878 1062 927 ;

1047 878 1062 927 ;
1778 867 1866 921 nis
1893 866 2213 947 discrimina
2253 868 2560 937 contingis?

480 958 591 1014 Τοῦ
619 956 810 1012 αὐτοῦ
870 957 937 1009 ἐκ
973 956 1078 1008 τοῦ
1110 953 1318 1008 αὑτοῦ.

1191 953 1318 1007 τοῦ·
1879 1028 1884 1033 ,
2415 960 2499 1014 Ea:
2523 962 2722 1015 eodem.

200 1051 307 1122 hﬂ'.
359 1071 377 1103 ι
406 1050 574 1104 Οὐδὲν
602 1045 695 1103 οὖν
725 1048 832 1118 ἄρα
877 1046 937 1098 τὸ
969 1044 1259 1115 παρωθοῦν
1303 1042 1397 1096 καὶ
1429 1043 1671 1110 ἐξεῖργον

1851 1047 2084 1106 XCVlll.
2106 1070 2124 1101 ι
2153 1049 2300 1105 Nihil
2324 1052 2505 1117 itaque
2523 1061 2604 1105 est
2631 1050 2773 1118 quod
2798 1064 2897 1105 nos
2919 1053 3255 1111 submoveat,
3280 1057 3359 1113 ιιι-

148 1173 163 1205 ι
198 1151 268 1203 ἔτι
296 1145 384 1199 τοῦ
438 1147 538 1211 τῆς
567 1142 720 1203 θείας
771 1138 986 1208 φύσεως
1043 1132 1185 1189 εἶναι
1218 1134 1497 1188 πιστεύειν
1541 1132 1673 1187 ῐδιον

1842 1157 1948 1211 que
1986 1142 2263 1212 impediat,
2303 1142 2504 1197 divinae
2535 1151 2738 1196 naturae
2775 1144 3051 1211 proprimn
3089 1156 3210 1195 esse
3243 1154 3358 1192 cre-

152 1241 251 1296 ιτδ
302 1236 357 1302 ἐξ
414 1234 586 1303 αὐτῆς
640 1248 705 1298 τε
760 1229 858 1283 καὶ
917 1230 974 1280 ἐν
1027 1227 1163 1297 αὐτῇ
1217 1224 1462 1295 φυσικῶς
1516 1223 1672 1291 ἆγιον

1853 1234 1999 1299 dere,
2015 1234 2106 1303 qui
2125 1251 2189 1289 ex
2209 1235 2322 1303 ipsa
2343 1244 2447 1296 est,
2466 1234 2588 1288 etin
2608 1234 2746 1302 ipsa,
2765 1235 3079 1287 naturaliter
3097 1233 3355 1301 Spiritum

152 1356 168 1388 ι
203 1328 425 1397 Πνεῦμα,
456 1326 560 1380 κᾶν
591 1326 641 1377 εἰ
677 1323 815 1394 μήτε
842 1319 1054 1389 Πατὴρ,
1105 1319 1242 1387 μήτε
1276 1314 1383 1386 μὴν
1412 1312 1538 1376 Υἱὸς
1585 1312 1669 1383 εἴη

1852 1337 2124 1387 sanctum,
2154 1329 2285 1382 licet
2321 1342 2498 1395 neque
2528 1326 2705 1389 Pater,
2740 1341 2916 1392 neque
2948 1324 3120 1380 Filius
3148 1326 3237 1388 sit,
3266 1325 3358 1379 sed

152 1448 166 1480 ι
201 1426 256 1480 ἂν
284 1419 393 1476 ἀλλ’
427 1420 549 1489 ἥτις
582 1416 717 1469 ποτε
753 1416 899 1467 ἐστιν
929 1413 961 1481 ἡ
996 1409 1086 1463 τοῦ
1137 1407 1453 1476 Πνεύματος
1487 1408 1671 1474 φύσις,

1855 1432 2189 1487 quaecunque
2215 1418 2305 1472 illa
2337 1422 2407 1472 sit
2435 1417 2668 1487 Spiritus
2695 1427 2906 1479 natura,
2945 1417 3355 1487 disquirendum

149 1539 167 1572 ι
202 1508 656 1581 πολυπραγμονεῖν
705 1505 1024 1571 ἀναγκαῖον,
1084 1500 1185 1571 τὴν
1231 1499 1337 1552 τῶν
1394 1497 1672 1566 ὀνομάτων

1852 1514 1958 1571 εει,
1987 1506 2267 1561 nominum
2311 1509 2640 1578 proprietate
2682 1507 3043 1576 inpraesentia
3101 1507 3359 1575 neglecta,

152 1630 168 1661 ι
203 1606 419 1670 ἰδιότητα
455 1599 724 1672 μεθέντας
761 1596 840 1657 εἰς
865 1593 926 1646 τὸ
958 1590 1154 1660 παρὸν,
1188 1590 1308 1662 οὐχὶ
1352 1589 1453 1659 τῆς
1487 1588 1673 1659 θεότη-

1857 1613 1977 1666 quae
2011 1613 2118 1653 non
2177 1599 2433 1656 deitatem
2483 1601 2740 1662 ostendit,
2779 1600 2870 1654 sed
2901 1599 3233 1669 singulorum
3268 1613 3362 1652 no-

153 1715 279 1759 ιτος
302 1690 460 1749 οὖσαν
510 1689 815 1759 δεικτικὴν,
863 1682 980 1740 ἀλλ’
1029 1685 1261 1738 ἑκάστου
1309 1681 1419 1735 τῶν
1462 1680 1676 1749 ὠνομα-

1859 1692 2207 1758 minatorum,
2235 1692 2773 1760 qualisfexsistentia:
2806 1694 2942 1746 ratio
2967 1707 2996 1745 a
3030 1690 3188 1744 nobis
3227 1704 3360 1743 con-

151 1813 166 1845 ι
202 1790 416 1860 σμένων,
439 1784 522 1847 τίς
548 1782 616 1837 ἂν
643 1784 816 1835 νοοῖτο
860 1778 994 1849 πρὸς
1022 1776 1177 1846 ἡμῶν
1206 1776 1236 1829 6
1263 1776 1360 1844 τῆς
1390 1773 1675 1844 ὑπάρξεως

1852 1781 2081 1850 CiPiatur
2105 1783 2352 1851 apprime
2393 1785 2636 1839 denotat.
2669 1782 2970 1838 Generasse
2988 1773 3130 1836 enim
3161 1794 3356 1833 nomen

152 1907 167 1938 ι
199 1851 378 1955 τρόπος
398 1851 479 1933 *εὖ
515 1878 667 1946 μάλα
714 1873 1250 1941 Μτασημαὶνουσαν.
1308 1868 1430 1922 Ὅτι
1459 1867 1566 1937 γὰρ
1596 1865 1683 1918 τέ-

1860 1872 2035 1926 Patris
2063 1875 2287 1940 indicat,
2320 1884 2638 1946 generatum
2663 1891 2787 1930 esse
2836 1874 2960 1929 Filii
2991 1871 3303 1928 manifestat
3342 1889 3356 1926 ς

152 1996 168 2027 ι
200 1990 311 2027 tmte
343 1970 491 2041 δηλοῖ
513 1967 599 2033 τὶ),
651 1967 864 2036 Πατὴρ,
901 1965 996 2018 καὶ
1024 1964 1106 2016 ὅτι
1136 1961 1462 2029 γεγέννηται
1492 1958 1680 2012 διεσά-

1859 1965 1937 2019 sic
1965 1965 2127 2020 etiam
2191 1967 2457 2036 Spiritum
2509 1983 2631 2022 esse
2674 1983 2739 2022 ex
2770 1967 2881 2021 Deo
2935 1974 2989 2020 et
3018 1964 3199 2028 Patre,
3240 1977 3364 2032 pro-

152 2087 167 2119 ι
203 2080 326 2135 φησι
348 2062 428 2126 τὸ,
462 2061 610 2122 Υίός.
648 2060 758 2112 Καὶ
797 2057 903 2127 μὴν
930 2054 1095 2109 ὅτιτὸ
1150 2051 1373 2120 Πνεῦμά
1426 2053 1574 2104 ἐστιν
1611 2050 1675 2102 ὲκ

1951 2060 2049 2109 um‘
2069 2071 2196 2111 vero
2217 2056 2371 2123 Filii,
2406 2059 2580 2113 instar
2608 2058 2781 2112 nostri
2830 2056 3162 2125 humanique
3186 2053 3363 2125 Spiri-
3471 2040 3475 2044 ’

152 2179 168 2210 ι
204 2156 320 2211 Θεοῦ
345 2156 433 2208 καὶ
490 2152 732 2221 Πατρδς,
764 2151 898 2204 ἴδιον
929 2148 985 2201 δὲ
1017 2148 1114 2201 καὶ
1168 2144 1335 2199 αὐτοῦ
1375 2142 1466 2196 τοῦ
1527 2141 1679 2205 Υίοῦ,

1857 2155 1964 2211 tus,
1990 2148 2113 2202 licet
2143 2150 2196 2203 in
2232 2149 2509 2220 hypostasi
2552 2149 2906 2219 intelligatur,
2951 2156 3008 2204 et
3061 2163 3188 2203 vere
3220 2145 3365 2203 exsi-

153 2272 168 2304 ι
203 2250 340 2319 δίκην
364 2246 458 2300 τοῦ
489 2244 619 2299 καθ’
646 2245 817 2314 ἡμᾶς,
847 2244 944 2297 καὶ
972 2238 1319 2309 ἀνθρωπίνου
1351 2234 1681 2304 πνεύματος,

1569 2250 1681 2297 τος,
1792 2256 1809 2288 ι
1859 2247 1987 2303 stat,
2023 2242 2359 2311 nuncupatio
2388 2241 2505 2312 ipsa
2543 2240 2778 2312 Spiritus
2802 2241 3044 2296 denotat.
3083 2257 3102 2291 ι

155 2362 170 2394 ι
207 2342 247 2394 εί
268 2341 354 2393 καὶ
389 2341 449 2393 ἐν
480 2338 787 2390 ὑποστάσει
823 2336 997 2387 νοεῖτο
1030 2331 1126 2386 καὶ
1158 2329 1405 2399 ὑπάρχον
1439 2325 1679 2398 ἀληθῶς,

158 2454 172 2488 ι
210 2432 597 2504 διαμεμήνυκεν
624 2431 662 2501 ἠ
693 2428 908 2497 κλῆσις.
950 2443 969 2477 ι
2636 2409 2668 2447 Ι

707 2517 1083 2575 Ἐπιστασία.
2369 2519 2788 2573 Ληὶηιαάυεηῑο.

210 2638 229 2672 ι
264 2618 388 2674 Μετ’
418 2613 752 2675 ἐπιστασίας
783 2609 1086 2681 ὲμὸάθυνον
1128 2609 1198 2678 τῇ
1238 2604 1491 2677 παρούσῃ
1524 2619 1683 2673 περι-

1867 2631 1886 2663 (
1924 2614 2164 2677 Διιεηιε,
2218 2622 2580 2680 accurateque
2637 2610 2765 2665 huic
2824 2624 3090 2680 perrecpae
3130 2598 3364 2663 inentcm

156 2733 172 2765 ι
208 2715 354 2782 κοπῇ.
408 2708 699 2778 Γλαφυρόν
746 2723 801 2759 τι
853 2705 964 2775 γὰρ
997 2702 1092 2757 καὶ
1147 2700 1207 2767 ἐξ
1240 2699 1413 2782 αὐτῆς
1444 2696 1682 2767 δυνηθῇς

1866 2707 2035 2775 tigilo.
2062 2704 2302 2773 Namque
2329 2718 2394 2757 ex
2423 2702 2539 2769 ipsa
2572 2702 2908 2757 concinnum
2937 2699 3220 2769 quidpiam
3250 2699 3365 2755 eol-

157 2826 173 2857 ι
210 2779 572 2869 ἀναλέξασθαι,
607 2798 709 2854 καὶ
736 2797 1041 2867 θαυμάσεις
1070 2794 1171 2859 τὴν
1201 2779 1298 2844 τοῦ
1329 2791 1491 2857 ἁγίου
1526 2787 1684 2857 ἀκρί-

1869 2798 2035 2867 ligere
2066 2796 2290 2866 poteris,
2345 2804 2399 2848 et
2427 2801 2675 2849 exactam
2703 2792 2880 2849 sancti
2906 2792 3243 2861 diligentiam
3267 2790 3367 2845 ad-

156 2916 174 2948 ι
210 2897 363 2950 δειαν.
414 2896 525 2964 Τῆς
571 2894 687 2962 γὰρ
742 2890 894 2948 θείας
937 2887 1151 2956 φύσεως
1206 2883 1375 2937 εἰπὼν
1430 2877 1569 2935 εἶναι
1623 2879 1684 2933 τὸ

1877 2888 2184 2944 miraberis.
2211 2885 2346 2941 Cum
2368 2887 2512 2943 enim
2536 2884 2766 2940 dixisset
2794 2884 2989 2939 divinae
3007 2899 3130 2939 esse
3159 2893 3367 2938 natura:

159 3009 175 3041 t
213 2990 411 3058 Πνεῦμα
438 2987 500 3039 τὺ
531 2985 717 3053 ἅγιον,
751 2983 846 3036 καὶ
875 2979 1049 3042 οὕτως
1073 2976 1367 3045 ἐπαγαγὼν
1394 2975 1453 3027 τὸ
1481 2974 1550 3039 ἐξ
1578 2975 1684 3029 αὐ·

1859 2978 2118 3050 Spiritum
2145 2986 2417 3039 sanctum,
2448 2986 2503 3030 et
2523 2977 2602 3033 sic
2633 2975 2951 3039 addidisset,
2985 2974 3118 3029 illud
3152 2988 3217 3029 ea:
3246 2973 3366 3039 ipsa

154 3063 177 3132 ῗ
208 3080 304 3148 τῆς
323 3078 496 3132 καὶέν
524 3073 712 3143 αὐτῇ,
741 3073 835 3126 καὶ
864 3070 953 3124 διὰ
979 3069 1075 3139 μὲν
1097 3066 1190 3120 τοῦ
1221 3066 1291 3129 ἐξ
1317 3062 1508 3131 αὐτῆς
1536 3063 1595 3116 τὸ
1620 3065 1684 3116 ἐκ

1874 3079 1927 3127 ει
1966 3072 2022 3124 in
2051 3071 2186 3138 ipsa,
2223 3077 2276 3123 et
2310 3083 2405 3138 per
2436 3069 2565 3121 illud
2602 3083 2665 3122 ea:
2701 3069 2813 3135 ipsa
2841 3081 2907 3121 ex
2946 3064 3128 3129 Patre,
3182 3080 3277 3134 per
3308 3064 3368 3117 il-

160 3194 175 3226 ι
208 3171 534 3238 τοῦΠατρὸς,
569 3168 664 3221 διὰ
712 3166 768 3219 δὲ
796 3165 890 3218 τοῦ
921 3165 990 3217 ἐν
1017 3161 1194 3229 αὐτῇ,
1239 3158 1303 3210 τὸ
1348 3160 1406 3211 ὲν
1434 3155 1512 3225 τῷ
1546 3153 1678 3223 Υίῷ,

1875 3165 1964 3218 Iud
1994 3177 2126 3218 vero
2174 3163 2228 3215 in
2266 3162 2381 3229 ipsa
2435 3160 2489 3213 in
2527 3159 2687 3225 Filio,
2724 3168 2785 3214 ut
2831 3160 2949 3229 ipse
3004 3157 3165 3227 plane
3222 3170 3366 3219 reor,

159 3287 174 3318 ι
206 3267 269 3328 ὡς
299 3267 415 3335 ἐμοὶ
447 3265 582 3326 τέως
621 3259 936 3330 νομίζεται,
971 3255 1047 3326 μὴ
1077 3253 1249 3307 θέλων
1279 3250 1358 3312 είς
1394 3248 1561 3309 ἄλλας
1589 3248 1683 3299 καὶ

1865 3256 2055 3310 nolens
2096 3256 2146 3308 in
2180 3254 2317 3308 alias
2373 3263 2537 3320 atque
2577 3252 2714 3307 alias
2750 3252 3053 3308 sententias
3104 3252 3365 3319 legentem

158 3379 173 3409 ι
207 3357 350 3420 ἄλλας
378 3355 587 3417 ἑννοίας
639 3350 940 3418 ἐπαγαγεῖν
985 3347 1077 3400 τὸν
1103 3340 1555 3410 ἀναγινώσκοντα
1595 3336 1685 3390 διὰ

1872 3347 2144 3401 attrahere
2169 3354 2389 3414 pr0pter
2423 3344 2832 3408 obscuritatem,
2859 3358 2923 3398 ex
2963 3340 3351 3410 subsequenti-

160 3471 174 3500 ι
212 3450 296 3520 τὴν
322 3449 606 3517 ἀσάφειαν,
665 3445 731 3497 ὲκ
780 3440 889 3494 τῶν
921 3437 1122 3508 ἐφεξῆς
1155 3435 1217 3488 τὸ
1267 3431 1514 3485 τοιοῦτον
1548 3430 1686 3482 ἀσα-

1870 3439 1989 3502 bus,
2020 3436 2161 3505 quod
2205 3437 2499 3492 obscurum
2562 3436 2738 3492 fuerat
2791 3436 3126 3505 explanavit,
3184 3438 3368 3501 aperte

162 3563 177 3594 ι
211 3544 291 3611 φὶς
310 3541 713 3613 διηυκρίνησεν,
742 3533 911 3588 εἰπὼν
937 3529 1187 3601 φανερῶς
1215 3528 1296 3580 ὅτι
1325 3543 1343 3575 ι
1377 3523 1437 3576 τὸ
1462 3520 1687 3613 Πνεῦμα

1877 3529 2065 3584 dicens
2096 3527 2360 3597 Spiritum
2394 3543 2513 3583 esse
2538 3543 2603 3583 ex
2638 3528 2749 3584 Deo
2774 3538 2827 3585 et
2859 3529 3035 3591 Patre,
3088 3523 3362 3594 proprium

168 3654 182 3684 ι
220 3610 350 3687 ἔστιν
380 3610 444 3687 εκ
467 3610 605 3685 Θεοῦ
640 3628 735 3682 καὶ
762 3625 997 3695 Πατρδς,
1033 3622 1164 3675 ἴδιον
1191 3618 1249 3673 δὲ
1273 3618 1366 3672 καὶ
1391 3612 1557 3668 αὑτοῦ
1590 3610 1685 3665 τοῦ

1110 3636 1164 3673 ον
1191 3618 1249 3673 δὲ
1273 3618 1366 3672 καὶ
1391 3612 1557 3668 αὑτοῦ
1590 3610 1685 3665 τοῦ
1800 3642 1817 3674 ι
1879 3637 2005 3677 vero
2038 3622 2203 3677 etiam
2236 3621 2408 3691 ipsius
2441 3620 2586 3676 Filii.
2625 3639 2643 3672 ι

163 3747 180 3777 ι
216 3725 349 3779 Υἱοῦ.
382 3744 402 3777 ι
980 3712 989 3717 ’
2000 3764 2005 3769 λ

731 3811 1121 3880 Ἁντίρῤησις.

2416 3807 2710 3879 Refutalto.

213 3912 311 3965 Οὐκ
341 3911 606 3981 εὐστόχως
656 3906 719 3959 τὸ
748 3907 847 3974 τῆς
900 3895 1503 3973 ῥηθείσηςπερικοπῆς
1548 3896 1684 3962 γλαη

1865 3902 2016 3957 Haud
2052 3902 2188 3959 scite
2217 3901 2376 3956 dicta:
2399 3903 2685 3972 pericopes
2740 3902 3069 3956 concinnum
3114 3900 3368 3971 colligere

160 4003 298 4070 φορὸν
325 3998 684 4065 ἀναλέξασθαι
711 3993 996 4064 ἐδυνήθης.
1054 3992 1126 4042 Τὸ
1157 3989 1266 4059 γὰρ
1298 3986 1513 4057 ἀληθῶς
1553 3984 1687 4052 γλα-

1830 3996 2038 4050 otuisti.
2084 3993 2238 4060 Quod
2269 3994 2414 4048 enim
2454 4009 2584 4048 vere
2618 3993 2950 4048 concinnum
2993 3993 3048 4048 in
3099 3994 3240 4049 dicta
3275 4009 3363 4062 pc-

160 4092 300 4160 φυρὸν
344 4091 497 4143 τοῦτό
545 4090 701 4142 ἐστιν
750 4086 809 4137 ὲν
864 4085 930 4154 τῇ
987 4078 1359 4151 προρῤηθείσῃ
1411 4075 1687 4145 περικοπῇ

1832 4088 1979 4153 lcope
2005 4087 2338 4151 continetur,
2369 4093 2472 4149 est,
2500 4085 2763 4155 Spiritum
2798 4094 3075 4148 sanctum,
3099 4085 3179 4140 sic
3221 4085 3365 4139 enim

159 4183 326 4236 ἐνεῖναι
360 4180 435 4251 τῷ
471 4178 593 4250 Θεῷ
624 4177 686 4229 τὸ
724 4172 957 4243 Πνεῦμα
991 4174 1018 4224 ὁ
1048 4170 1204 4257 ἅγιος
1235 4170 1362 4239 ἔφη,
1394 4164 1540 4220 καθὰ
1595 4164 1690 4217 καὶ

1832 4186 2020 4232 anctus
2052 4176 2270 4242 astruit,
2303 4190 2425 4230 esse
2453 4174 2507 4229 in
2558 4174 2692 4239 Deo,
2734 4176 3188 4244 quemadmodum
3230 4186 3283 4229 et
3315 4175 3365 4228 in

160 4269 395 4339 ἀνθρώπῳ
428 4271 486 4324 τὸ
511 4263 881 4338 ἀνθρώπινον.
927 4262 1017 4314 Ἑν
1070 4254 1128 4313 δὲ
1176 4261 1242 4328 τῇ
1305 4259 1408 4326 ήδη
1461 4254 1687 4326 ῥηθείσῃ

1835 4268 2336 4335 omine'humanus,
2361 4267 2414 4321 in
2439 4282 2546 4336 qua
2570 4267 3030 4336 etiam'proprium
3066 4268 3213 4320 illum
3245 4282 3367 4320 esse

161 4365 398 4433 περικοπῇ
428 4362 558 4416 [διον
584 4361 681 4413 καὶ
701 4356 799 4409 τοῦ
820 4355 950 4408 Υἱοῦ
974 4354 1083 4420 ἔφη
1110 4349 1239 4402 αὐτὸ
1260 4347 1416 4417 δίκην
1442 4345 1534 4398 τοῦ
1566 4341 1689 4396 καθ’

1841 4360 1916 4414 iiii
1946 4359 2181 4414 asseruit
2218 4358 2391 4413 instar
2422 4357 2642 4411 humani
2680 4355 3026 4426 spiritus.-Et
3056 4358 3179 4410 inde
3214 4357 3370 4410 colli-

160 4458 279 4525 ἡμᾶς
309 4458 399 4509 καὶ
453 4451 798 4524 ἀνθρωπίνου
855 4445 1193 4515 Πνεύματος.
1241 4441 1352 4493 Καὶ
1396 4437 1689 4505 συνάγεται

1834 4449 1940 4502 itur
1972 4449 2038 4502 ab
2066 4462 2154 4509 eo,
2185 4449 2276 4514 qui
2309 4463 2433 4501 vere
2463 4448 2608 4501 hisce
2644 4447 2912 4518 pericopis
2956 4455 3189 4501 mentem
3237 4446 3367 4514 ﬁgit,

161 4546 384 4600 ἐντεῦθεν
412 4547 491 4615 τῷ
521 4543 741 4612 ἀληθῶς
773 4540 999 4600 ταύταις
1028 4538 1148 4598 ταῖς
1207 4532 1535 4604 περικοπαῖς
1592 4530 1691 4611 sp...

1832 4541 2060 4608 pii-itum
2109 4539 2281 4594 Patris
2303 4540 2581 4608 esse,quia
2617 4555 2680 4592 cx
2710 4538 2869 4593 Patre
2900 4545 3003 4601 est,
3030 4546 3083 4589 ct
3109 4536 3365 4605 Spiritum

161 4636 411 4691 ὁαθύνοντι
442 4638 525 4690 ὅτι
556 4636 654 4689 καὶ
691 4631 916 4699 Πνεῦμα
942 4626 1157 4695 Πατρός
1187 4625 1359 4687 ἐστιν,
1392 4623 1472 4673 ὅτι
1505 4620 1570 4671 ἐκ
1596 4617 1690 4670 τοῦ

1837 4633 1944 4689 ’ilii.
1968 4634 2094 4702 quia
2124 4646 2217 4701 per
2233 4631 2431 4687 Filium
2456 4640 2510 4685 et
2541 4647 2605 4685 ex
2626 4629 2765 4689 Filio
2792 4640 2896 4684 est.
2923 4630 3081 4695 Cum,
3107 4638 3159 4681 ut
3188 4643 3370 4680 exem-

162 4726 362 4799 Πατρὸς,
400 4728 494 4782 καὶ
531 4725 760 4794 Πνεῦμα
791 4722 943 4784 Υἰοῦ,
970 4721 1052 4773 ὅτι
1079 4718 1166 4771 διὰ
1196 4716 1289 4769 τοῦ
1320 4712 1453 4766 Υἱοῦ
1508 4727 1568 4763 τε
1600 4710 1695 4763 καὶ

1825 4725 1948 4779 ilum
1984 4724 2203 4789 evincit,
2235 4722 2415 4778 omnis
2440 4723 2714 4783 humanus
2771 4720 2998 4788 spiritus
3031 4734 3123 4789 per
3162 4718 3358 4772 humav

162 4822 212 4871 ἐκ
254 4821 341 4874 τοῦ
369 4822 518 4875 Υίοῦ.
560 4819 717 4873 Ἐπεὶ
771 4815 912 4870 κατὰ
967 4813 1027 4867 τὸ
1058 4811 1410 4883 παράδειγμα
1457 4806 1553 4859 καὶ
1587 4805 1694 4856 πᾶν

1364 4822 1410 4861 ια
1457 4806 1553 4859 καὶ
1587 4805 1694 4856 πᾶν
1801 4832 1954 4877 num,
1978 4817 2093 4871 sive
2111 4830 2178 4871 ex
2210 4815 2449 4871 humano
2470 4812 2752 4884 egreditur
2781 4826 2897 4867 ore.

160 4910 459 4981 ἀνθρώπινον
487 4909 727 4978 πνεῦμα,
767 4905 857 4960 διὰ
878 4904 971 4957 τοῦ
1005 4902 1345 4972 ἀνθρωπείου
1397 4898 1430 4968 ἢ
1487 4900 1550 4951 ὲκ
1601 4892 1691 4946 τοῦ

162 4998 464 5069 ἀνθρωπείου
498 5000 615 5053 ἐστὶ
654 4995 1055 5067 προερχόμενον
1086 4992 1375 5059 στόματος.

529 5089 641 5143 Τοῦ
663 5086 852 5141 αὑτοῦ
885 5084 954 5137 ἐκ
986 5080 1092 5136 τοῦ
1116 5079 1325 5135 αὐτοῦ.

1237 5079 1325 5134 οὗ·
2462 5092 2550 5148 Ετ
2571 5094 2770 5149 eadem.

224 5181 325 5246 ιια.
350 5184 508 5254 ιΠερὶ
530 5185 586 5235 δέ
615 5198 678 5250 γε
706 5179 800 5233 τοῦ
830 5174 1147 5245 Πνεύματος
1181 5177 1291 5236 τοῖς
1322 5171 1498 5240 ἁγίοις
1524 5167 1698 5238 μαθη-

1872 5187 2059 5244 XCIX.
2106 5207 2124 5241 ι
2160 5187 2234 5244 De
2263 5186 2465 5257 Spiritu
2495 5201 2623 5241 vero
2656 5185 2864 5241 sanctis
2905 5184 3188 5254 discipulis
3237 5186 3310 5237 ait
3352 5202 3364 5237 :

171 5290 185 5319 ι
221 5277 323 5336 ταῖς
377 5293 539 5346 φησιν
570 5289 583 5304 ·
647 5292 668 5325 ‹
707 5273 872 5325 Ὀταν
921 5268 979 5322 δὲ
1011 5266 1140 5338 ἔλθῃ
1170 5268 1197 5318 ὁ
1222 5262 1596 5335 Παράκλητος,
1634 5259 1692 5313 ὂν

1886 5297 1905 5331 ι
1937 5281 2070 5334 Cum
2097 5293 2223 5334 vero
2246 5277 2454 5332 venerit
2477 5275 2816 5339 Paracletus,
2842 5289 3002 5345 quem
3034 5289 3134 5343 ego
3161 5272 3366 5327 mittant

174 5383 185 5411 ι
226 5366 322 5432 ἐγὼ
351 5369 547 5439 πέμψω
590 5369 718 5437 ὑμῖν
773 5362 925 5435 παρὰ
976 5360 1071 5415 τοῦ
1119 5360 1353 5429 Πατρὺς,
1384 5358 1444 5409 τὸ
1474 5354 1692 5423 Πνεῦμα

1870 5371 2046 5437 vobis,
2069 5370 2328 5440 Spiritum
2350 5369 2615 5433 veritatis,
2636 5368 2774 5437 quia
2794 5369 2954 5421 Patre
2974 5365 3235 5433 procedit,
3256 5364 3368 5433 ipse

175 5476 187 5502 ι
227 5458 311 5526 τῆς
335 5460 605 5531 ἀληθείας,
657 5458 685 5510 ὃ
735 5457 885 5526 παρὰ
904 5454 1000 5508 τοῦ
1036 5453 1249 5522 Πατρος
1303 5447 1691 5519 ἐκπορεύεται,

1872 5464 2238 5521 testimonium
2253 5460 2557 5531 perhibebit
2577 5460 2645 5515 de
2668 5475 2754 5514 me
2775 5459 2844 5512 ⁸⁸.
2880 5476 2901 5510 ι
2932 5458 3125 5511 Annon
3144 5456 3364 5510 eviden-

177 5566 190 5595 ι
225 5550 405 5616 ἐκεῖνος
467 5552 804 5622 μαρτυρήσει
837 5550 967 5618 περὶ
991 5544 1144 5617 ἐμοῦ.
1183 5564 1200 5596 ι
1231 5540 1356 5613 'Ap’
1389 5542 1511 5610 οὐχὶ
1563 5538 1696 5600 Θεὸς

1879 5564 1959 5611 ιει·
1990 5556 2131 5610 Deus
2155 5563 2257 5620 est,
2291 5554 2382 5624 qui
2411 5556 2488 5608 uti
2516 5553 2658 5607 Deus
2680 5552 3016 5622 agnoscitur,
3040 5558 3095 5604 et
3122 5550 3176 5603 in
3210 5547 3364 5602 nobis

176 5659 192 5689 ι
229 5642 454 5712 ἐναργῶς
480 5645 543 5697 τὸ
568 5644 643 5707 ὡς
695 5643 830 5705 Θεὸς
889 5639 1252 5709 ἐγνωσμένον,
1309 5636 1404 5690 xai.
1450 5631 1693 5687 ἐνοικοῦν

1878 5647 2159 5712 inhabitat,
2185 5662 2291 5703 non
2315 5646 2390 5701 uti
2414 5654 2685 5710 creatura,
2724 5651 2778 5699 et
2801 5642 2999 5707 tactus,
3024 5638 3364 5705 etscrvituti,
3382 5645 3411 5682 ν

229 5822 268 5852 ’⁸
286 5824 431 5882 Joan.
459 5844 541 5885 ιγ.
568 5828 652 5884 illi.
