3800 6564
451 370 555 434 539

1472 373 1684 433 J0.-\N.
1730 373 1941 433 VECCI
1979 373 2089 432 ΟΡ.
2130 368 2639 432 ΡᾹΤΒῘΑΒΟΗᾹΞ
2695 419 2701 424 .

3213 211 3295 257 δ

3575 373 3660 436 ιιι

461 497 478 527 ι
519 492 628 546 qua
653 492 752 534 nos
784 478 1100 549 premimur,
1123 481 1414 543 obnoxius,
1451 489 1544 535 sed
1579 486 1653 536 uti
1685 497 1877 537 natura
1901 484 2036 537 liber

2207 483 2358 552 ὑμῖν,
2389 483 2487 551 οὐχ
2544 482 2620 544 ὡς
2649 481 2854 551 κτίσμα
2898 483 2991 535 καὶ
3042 483 3292 551 γενητὸν,
3343 484 3438 537 καὶ
3479 483 3665 558 δουλείᾳ

461 590 476 618 ι
527 577 580 623 et
606 570 777 638 ipsius
805 571 1045 624 veritatis
1074 570 1310 639 Spiritus
1329 574 1620 637 exsistens,
1644 575 1892 644 quinimo
1915 575 2030 643 ipsa

464 680 480 708 ι
526 663 820 713 secundum
845 661 1103 713 unitatem
1129 675 1250 714 cum
1275 659 1416 716 Filio
1444 665 1666 728 veritas,
1690 674 1750 718 ut
1781 664 2028 734 Scriptu-

462 769 479 799 ι
534 765 606 803 rae
632 751 870 815 tradunt,
900 751 1101 806 veritas
1152 767 1282 806 vero
1310 753 1564 810 Christus
1593 756 1707 810 est?
1750 755 1885 824 Erga
1941 755 2033 810 Fi-

467 858 484 888 ι
533 837 665 891 lium
702 838 870 906 igitur
911 838 1178 892 naturalis
1231 839 1505 909 identitas,
1560 841 1818 912 Spiritum
1862 842 2031 896 Deum

463 948 479 978 ι
534 945 656 983 esse
689 930 753 982 ad
791 939 1036 984 nostram
1073 932 1454 989 certitudinem
1511 942 1564 988 et
1608 914 2033 990 demonstratio-

465 1039 484 1071 ι
533 1035 656 1075 nem
682 1022 816 1078 satis
851 1036 1126 1092 superque
1163 1032 1268 1079 est.
1309 1042 1329 1076 ι

1032 1208 1458 1268 Animadversio.

547 1315 565 1347 ι
597 1296 848 1353 Praesens
886 1299 1146 1370 pericope
1202 1301 1466 1367 insinuat,
1519 1302 1779 1374 Spiritum
1816 1303 2033 1372 quidem

469 1407 488 1439 ι
535 1390 829 1457 procedere
857 1405 922 1445 ex
958 1391 1139 1456 Patre,
1158 1407 1280 1447 esse
1335 1409 1466 1447 vero
1491 1403 1546 1448 et
1589 1395 1830 1450 veritatis
1865 1393 2038 1466 Spiri-

472 1499 492 1533 ι
539 1489 677 1548 ιιιιιι,
713 1482 828 1537 sive
851 1480 975 1537 Filii
1009 1494 1230 1554 propter
1255 1485 1502 1540 eamdem
1543 1494 1817 1566 naturam.
1855 1505 1876 1538 ι

1095 1671 1401 1741 Rcfutatio.

535 1759 654 1815 Non
703 1760 793 1816 ltic
841 1777 871 1817 a
915 1773 1110 1826 sancto
1135 1764 1420 1832 quaeritur,
1453 1763 1633 1831 Quare
1681 1764 1916 1836 Spiritus
1949 1784 2039 1826 ve-

467 1853 646 1908 ritatis
699 1853 938 1923 Spiritus
987 1855 1226 1920 dicatur,
1282 1864 1342 1909 ut
1391 1856 1487 1910 tibi
1542 1856 1778 1912 facultas
1832 1858 1924 1914 liat
1954 1860 2041 1914 di-

467 1946 648 2011 cendi,
680 1956 1006 2014 praesentem
1039 1947 1239 2001 docere
1286 1947 1621 2017 pericopem,
1662 1949 1812 2002 illum
1863 1949 2042 2020 Spiri-

469 2049 584 2092 tum
625 2054 750 2094 esse
778 2041 1046 2105 veritatis,
1081 2050 1309 2110 propter
1348 2041 1596 2094 eamdem
1629 2051 1904 2096 naturam.
1937 2043 2040 2099 Sed

474 2137 650 2183 totum
714 2132 894 2186 sancti
950 2131 1192 2186 studium
1249 2132 1395 2187 inid
1441 2134 1655 2197 nititur,
1710 2133 1879 2188 Deum
1922 2151 2044 2190 esse

479 2222 768 2289 Spiritum,
816 2226 960 2293 quod
1015 2225 1103 2278 ille
1159 2235 1245 2281 est
1299 2225 1546 2280 veritatis
1595 2226 1858 2295 Spiritus,
1907 2239 1956 2283 et
2014 2245 2043 2283 a

482 2314 644 2368 Patre
676 2318 941 2386 procedit,
974 2320 1117 2387 quod
1143 2328 1199 2372 et
1225 2319 1540 2390 syllogismo
1576 2322 1872 2387 concludit,
1899 2323 2044 2378 illius

479 2409 740 2473 medium,
766 2410 1392 2464 consubsmntialitatem
1419 2426 1542 2465 cum
1577 2410 1716 2466 Filio
1747 2430 2042 2484 usurpans.

477 2502 635 2556 llunc
680 2504 823 2556 enim
859 2503 910 2556 in
959 2503 1179 2556 tnodum
1231 2517 1454 2558 sanctus
1499 2506 1872 2575 syllogismum
1917 2523 2048 2560 con-

480 2596 670 2650 nectit.
721 2595 1172 2666 Quandoquidem
1219 2596 1458 2666 Spiritus
1491 2601 1761 2661 veritatis,
1796 2615 1922 2671 erga
1955 2600 2049 2655 Fi-

442 2688 612 2741 ~lrum
656 2689 984 2742 naturalem
1043 2689 1383 2742 identitatem
1428 2691 1677 2756 obtinet,
1736 2708 1863 2761 erga
1917 2708 2048 2747 vero

480 2778 678 2833 Filium
732 2781 1006 2835 naturalis
1053 2781 1312 2837 identitas
1363 2783 1428 2836 ad
1467 2793 1712 2837 nostram
1763 2785 2051 2838 certitudi-

481 2889 604 2927 nem
633 2883 686 2928 et
713 2875 1232 2928 demonstrationem
1267 2876 1399 2930 satis
1433 2892 1708 2945 superque
1731 2885 1838 2938 est,
1870 2875 2048 2946 Spiri-

483 2974 598 3018 tum
638 2981 760 3020 esse
793 2965 992 3020 Deum.
1025 2967 1185 3021 Aliud
1213 2984 1376 3037 porro
1405 2980 1489 3023 est
1516 2971 1570 3023 in
1595 2970 1741 3023 dicta
1775 2971 2047 3037 pericope,

483 3061 570 3112 cui
607 3070 844 3113 mentem
891 3062 1058 3130 {igere
1107 3064 1370 3117 attentius
1403 3063 1692 3117 debueras.
1727 3061 2053 3127 Quodnam?

2140 593 2157 622 ι
2203 577 2268 642 τῇ
2302 573 2422 626 καθ’
2453 575 2600 643 ἡμᾶς
2632 575 2964 643 ἐνεχόμενον,
2989 574 3106 627 ἀλλ’
3135 575 3212 637 ὡς
3241 575 3523 644 ἐλεύθερον
3548 591 3667 632 κατα

2140 682 2156 714 ι
2203 662 2387 731 φύσιν,
2446 665 2538 717 καὶ
2591 664 2764 734 αὐτῆς
2821 664 3069 735 ὑπάρχον
3139 667 3239 734 τῆς
3327 665 3579 736 ἀληθείας
3619 670 3668 721 τὺ

2140 775 2157 806 ι
2205 757 2453 824 Πνεῦμα,
2483 755 2683 824 μᾶλλον
2709 757 2762 810 δέ
2796 757 2890 809 καὶ
2913 756 3050 828 αὐτὴ
3073 756 3198 810 καθ’
3229 758 3424 811 ἕνωσιν
3444 758 3540 826 τὴν
3559 759 3667 825 πρδς

2140 867 2159 898 ι
2205 846 2294 901 τὸν
2341 847 2468 899 Υίὸν
2494 847 2719 910 ἀλήθεια
2765 851 2909 903 κατά
2937 850 3037 908 τὰς
3087 849 3335 920 Γραφάς,
3369 847 3588 917 ἀλήθεια
3626 853 3670 904 δέ

2140 960 2158 992 ι
2202 939 2230 992 δ
2260 941 2531 1009 Χριστόςς
2573 940 2640 992 Ἠ
2675 941 2808 1009 πρὸς
2837 941 2929 994 τὸν
2963 942 3086 994 Υίὸν
3113 943 3220 1011 ἀρα
3252 941 3458 1010 φυσικὴ
3510 944 3670 994 ταυτό-

2141 1049 2158 1081 ι
2202 1047 2327 1099 της,
2365 1031 2441 1094 ὡς
2466 1033 2552 1102 εἴη
2591 1034 2652 1084 τὸ
2685 1033 2907 1103 Πνεῦμα
2936 1032 3090 1096 Θεὸς,
3143 1032 3364 1103 ἀπόχρη
3397 1031 3529 1102 πρὸς
3560 1033 3670 1086 ἀπό-

2141 1141 2159 1174 ι
2203 1123 2373 1191 δειξιν
2405 1124 2500 1178 καὶ
2523 1124 2896 1196 πληροφορίαν
2927 1126 3080 1195 ἡμῖν.
3119 1143 3139 1176 ι

2759 1215 3142 1271 Ἐπιστασία.

2213 1326 2232 1358 ι
2263 1307 2328 1358 Ἡ
2361 1306 2609 1379 παροῦσα
2655 1307 2894 1361 διδάσκει
2943 1306 3241 1380 περικοπή,
3273 1306 3342 1359 ἐκ
3371 1305 3468 1359 τοῦ
3497 1306 3674 1376 Πατρὶς

2146 1417 2164 1448 ι
2226 1399 2325 1468 μέν
2360 1399 2756 1469 ἐκπορεύεσθαι
2796 1399 2859 1451 τὸ
2912 1399 3156 1468 Πνεῦμα,
3191 1394 3332 1452 εἶναι
3358 1398 3417 1452 δὲ
3479 1399 3674 1468 καὶτῆς

2147 1509 2166 1542 ι
2214 1491 2478 1561 ἀληθείας
2508 1493 2754 1564 Πνεῦμα,
2805 1493 2928 1564 ἤτοι
2977 1491 3072 1546 τοῦ
3123 1491 3276 1557 Υίοῦ,
3309 1491 3399 1546 διὰ
3421 1492 3484 1545 τὸ
3506 1494 3676 1564 ὁμοσύ-

2145 1603 2164 1635 1
2209 1601 2344 1639 σιον.
2380 1603 2400 1638 D

2742 1677 3129 1746 'Artlppnatc.

2211 1769 2325 1822 Οὐκ
2381 1768 2528 1823 ἔστιν
2567 1769 2799 1825 ἐνταῦθα
2853 1771 2933 1840 τῷ
2993 1771 3133 1842 ἁγίῳ
3179 1771 3212 1841 ὴ
3263 1769 3510 1840 ζήτησις.
3565 1769 3685 1824 duri

2144 1860 2363 1930 Πνεῦμα
2387 1862 2488 1931 τῆς
2535 1861 2793 1931 ἀληθείας
2824 1861 3045 1931 λέγεται
3073 1863 3134 1915 τὸ
3182 1862 3433 1931 Πνεῦμα,
3482 1860 3567 1914 ίνα
3622 1880 3685 1916 σοι

2142 1953 2232 2004 ἐπ’
2283 1953 2466 2015 ἀδείας
2519 1953 2674 2007 ἐσται
2723 1957 2900 2010 εἰπεῖν
2951 1955 3027 2019 ὼς
3076 1956 3111 2025 ἡ
3157 1952 3408 2024 παροῦσα
3471 1954 3687 2008 διδάσκει

2143 2045 2440 2115 περικοπὴ,
2471 2041 2611 2098 εἶναι
2641 2045 2775 2098 αὐτὸ
2824 2045 3048 2115 Πνεῦμα
3085 2045 3186 2112 τῆς
3239 2045 3498 2115 ἀληθείας
3537 2045 3691 2099 tum

2141 2134 2447 2201 ὀμοοὺσιον.
2485 2135 2625 2188 Ἀλλ’
2653 2137 2800 2189 ἐστιν
2830 2138 2862 2207 ἡ
2897 2139 3047 2190 πᾶσα
3082 2134 3284 2204 σπουδὴ
3311 2134 3388 2202 τῷ
3411 2133 3549 2203 ἁγίῳ
3581 2132 3690 2186 Θεδν

2143 2221 2423 2288 ἀποδεῖξαι
2443 2223 2504 2275 τὸ
2525 2225 2902 2294 Πνεῦμαμάπὸ
2924 2225 3016 2277 τοῦ
3043 2225 3310 2294 ὑπάρχειν
3335 2224 3464 2276 αὐτὸ
3492 2223 3690 2293 Πνεῦμα

2146 2315 2244 2383 τῆς
2283 2314 2562 2384 ἀληθείας,
2598 2318 2692 2370 καὶ
2743 2317 2896 2387 παρά
2925 2315 3020 2368 τοῦ
3059 2317 3270 2386 Πατρδς
3301 2312 3692 2384 ἐκπορεύεσθαι,

2147 2409 2240 2460 καὶ
2287 2409 2624 2462 ἀποδεικνύει
2676 2407 3100 2477 συλλογιστικῶς
3145 2408 3322 2469 τοῦτο,
3373 2407 3448 2469 ὡς
3503 2405 3590 2458 διὰ
3622 2408 3697 2474 μὲο

2149 2518 2243 2555 σου
2279 2503 2430 2572 ὅρου,
2463 2504 2563 2572 τῆς
2599 2501 2734 2572 πρὸς
2763 2501 2856 2554 τὸν
2895 2501 3020 2554 Υιδν
3055 2499 3473 2568 ὁμοουσιότητος
3515 2497 3695 2550 αὐτοῦ.

2149 2595 2326 2651 Οίονεὶ
2354 2597 2462 2665 γάρ
2489 2612 2610 2647 τινα
2637 2593 2879 2648 τοιοῦτον
2901 2591 3258 2659 συλλογισμὸν
3281 2593 3310 2644 ὁ
3333 2589 3696 2658 ἅγιοςπλέκει,

2150 2689 2381 2756 ἐπείπερ
2414 2687 2637 2757 Πνεῦμα
2685 2687 2784 2755 τῆς
2817 2685 3071 2756 ἀληθείας
3120 2684 3220 2752 τὴν
3268 2682 3404 2752 πρὸς
3453 2682 3545 2734 τὸν
3597 2682 3700 2734 Υἰὸν
3798 2737 3800 2740 ,

2153 2781 2390 2850 φυσικὴν
2422 2780 2730 2850 ταυτότητα
2770 2779 2903 2849 ἔχει,
2938 2779 2972 2847 ἡ
2998 2770 3056 2830 δέ
3089 2775 3224 2846 πρὸς
3251 2775 3342 2828 τὸν
3365 2774 3492 2827 Υἰδν
3522 2777 3702 2842 φυσικὴ

2153 2876 2419 2937 ταυτότης
2470 2874 2685 2944 ἀπόχρη
2721 2871 3028 2942 ἡμῖνπρὺς
3076 2868 3353 2931 ἀπόδειξιν
3400 2867 3495 2920 καὶ
3528 2865 3708 2934 πληρο-

2155 2966 2348 3037 φορίαν
2373 2969 2466 3041 τεοῦ
2527 2967 2658 3018 Θεὸν
2682 2961 2820 3018 εἶναι
2851 2967 2910 3018 τὸ
2944 2962 3188 3031 Πνεῦμα.
3225 2959 3388 3013 Ἄλλο
3408 2959 3466 3012 δέ
3495 2959 3550 3011 τί
3584 2959 3708 3041 ἐστιν

2157 3061 2214 3112 ἐν
2269 3061 2335 3129 τῇ
2377 3039 2604 3128 ῥηθείσῃ
2639 3049 3310 3126 περικοπῇῷἐμόαθῦναί
3368 3069 3427 3104 σε
3475 3051 3604 3104 ἔδει.
3657 3039 3710 3102 Ti

486 3121 956 3214 Auimadvertere:
991 3155 1213 3221 quando
1241 3153 1461 3221 quidem
1495 3153 1663 3206 Deum
1701 3121 1836 3206 dicit
1878 3150 2051 3220 Spiri-

2167 3149 2314 3204 τοῦτο
2338 3166 2353 3217 ;
2379 3150 2787 3218 Συνεωρακέναι
2809 3147 2883 3208 ὡς
2904 3143 3091 3213 ἐπειδὴ
3113 3143 3245 3195 Θεὸν
3263 3142 3412 3208 λέγει
3432 3144 3493 3194 τὸ
3511 3138 3712 3208 Πνεῦμα
3798 3165 3800 3206 ε

488 3251 601 3295 tum
631 3253 898 3307 sanctum,
929 3244 1058 3312 quia
1092 3245 1182 3298 ille
1229 3252 1314 3298 est
1363 3244 1604 3313 Spiritus
1636 3243 1902 3308 veritatis,
1939 3252 1992 3296 et
2023 3257 2051 3295 a

2167 3243 2219 3296 τὸ
2253 3243 2429 3310 ἅγιον,
2461 3241 2566 3294 ἀπὸ
2593 3240 2688 3294 τοῦ
2728 3234 2870 3292 εἶναι
2901 3236 3031 3289 αὐτὸ
3075 3234 3296 3302 Πνεῦμα
3324 3234 3424 3300 τῆς
3456 3231 3714 3303 ἀληθείας,

491 3332 651 3388 Patre
688 3336 953 3402 procedit,
993 3337 1200 3392 dictum
1238 3337 1612 3406 evangelicum
1661 3351 1942 3399 asserens,
1987 3350 2052 3390 ex

491 3425 648 3479 Patre
679 3427 830 3479 illum
859 3428 1176 3495 procedere,
1203 3428 1554 3497 :equipollere
1585 3429 1738 3480 alteri
1767 3427 2055 3488 asserenti,

491 3532 616 3569 cum
647 3517 911 3586 Spiritum
955 3519 1226 3572 veritatis.
1283 3518 1394 3572 Nec
1430 3532 1536 3571 non
1587 3516 1935 3572 considerare
1967 3531 2060 3584 per

493 3612 582 3664 illa
620 3614 807 3665 eadem
847 3615 1014 3675 dicta,
1048 3629 1170 3667 esse
1217 3613 1482 3682 Spiritum
1525 3610 2058 3666 consubstantialem

491 3698 657 3768 filio,
684 3707 810 3772 quia
843 3705 1077 3772 Spiritus
1106 3703 1231 3757 Filii
1263 3713 1368 3768 est,
1405 3721 1513 3758 non
1553 3713 1733 3757 autem
1763 3702 1890 3772 quia
1924 3716 2059 3755 con-

494 3795 882 3850 inlibsiilllilalis
913 3808 994 3849 est
1032 3794 1190 3858 Filio,
1229 3796 1350 3850 ideo
1380 3794 1643 3864 Spiritum
1670 3793 1788 3849 Filii
1817 3809 1960 3849 esse.

710 4004 792 4056 Ea:
819 4000 1093 4056 duodecim
1139 4003 1400 4073 capitibus
1431 4017 1586 4072 caput
1630 4021 1845 4058 nonum.

569 4169 630 4222 t1.
675 4152 694 4218 ι
733 4167 789 4225 Si
834 4167 961 4239 quis
989 4167 1134 4226 dicit.
1159 4184 1324 4224 unum
1361 4168 1646 4222 Dominum
1690 4167 1876 4224 .lesum
1907 4167 2069 4224 Citri-

503 4281 521 4313 ι
562 4271 706 4316 stum
767 4264 1131 4335 glorillcatum
1208 4277 1331 4316 esse
1391 4277 1422 4315 a
1483 4259 1730 4331 Spiritu,
1805 4269 2064 4329 tanquam

505 4376 520 4403 ι
561 4357 736 4409 aliena
768 4356 970 4410 virtute
1002 4371 1098 4424 per
1129 4353 1283 4408 illum
1337 4368 1520 4418 usum,
1571 4363 1626 4408 et
1673 4355 1950 4423 accepisse
1991 4351 2069 4407 fa-

497 4469 518 4500 4
561 4449 815 4503 cultatem
850 4448 918 4502 ab
951 4448 1092 4516 ipso,
1140 4457 1199 4500 ut
1245 4446 1460 4513 Operari
1505 4455 1689 4515 posset
1722 4455 1914 4500 contra
1961 4445 2067 4499 im-

2158 3338 2251 3389 καὶ
2286 3335 2437 3406 παρὰ
2493 3332 2589 3386 τοῦ
2651 3331 2860 3400 Πατρδς
2906 3327 3040 3382 αὐτὸ
3087 3325 3507 3396 ἐκπορεύεσθαι,
3563 3325 3716 3377 ἐκεῖνο

2159 3430 2382 3485 δύναται
2438 3429 2470 3498 ἡ
2537 3425 2866 3494 εὐαγγελικὴ
2927 3421 3088 3493 ῥῆσις
3135 3421 3168 3490 ὴ
3209 3419 3446 3487 λέγουσα
3515 3419 3582 3471 ἐκ
3639 3415 3717 3469 τοῦ

2163 3519 2375 3591 Πατρδς
2401 3519 2535 3571 αὐτὸ
2561 3513 2974 3584 ἐκπορεύεσθαι,
2999 3512 3136 3582 ὅπερ
3158 3511 3256 3562 καὶ
3289 3510 3322 3579 ὴ
3347 3508 3584 3576 λέγουσα
3608 3507 3718 3560 αὐτὸ

2163 3614 2389 3682 Πνεῦμα
2419 3611 2518 3681 τῆς
2547 3608 2828 3678 ἀληθείας.
2861 3604 2970 3658 Καὶ
3002 3603 3085 3656 ἔτι
3124 3603 3181 3654 δὲ
3211 3600 3489 3668 σκοπῆσαί
3528 3616 3586 3652 σε
3632 3599 3721 3652 ἔδει

2162 3706 2249 3759 διά
2286 3705 2464 3774 μέσων
2497 3700 2605 3754 τῶν
2630 3696 2957 3769 εἰρημένων,
2979 3694 3054 3756 ὠς
3082 3692 3191 3745 ἀπὸ
3212 3690 3308 3744 τοῦ
3349 3686 3487 3743 εἶναι
3520 3689 3724 3758 Πνεῦμα

2165 3795 2318 3854 Υίοῦ,
2347 3793 2492 3846 ἐστιν
2527 3790 2811 3859 ὁμοοὺσιον
2845 3785 2975 3854 Υίῷ,
3001 3783 3264 3852 οῦμενουν
3304 3779 3417 3834 ἀπὸ
3455 3779 3553 3833 τοῦ
3601 3775 3722 3832 εἶναι

2162 3887 2445 3958 ὀμοούσιον
2481 3885 2596 3953 Υἱῴ
2653 3883 2767 3934 ἐστι
2804 3879 3026 3946 Πνεῦμα
3071 3875 3222 3931 Υἰοῦ.

2171 3999 2282 4055 Τοῦ
2335 3997 2523 4061 αὐτοῦ
2593 3997 2660 4049 ἐκ
2713 3992 2833 4046 τῶν
2883 3990 3112 4061 δώδεκα
3161 3987 3512 4056 κεφαλαίων
3563 3982 3728 4054 πείρα·

2818 4066 2995 4116 λαιον
3019 4059 3091 4115 θ’.

2239 4163 2299 4217 P'
2331 4181 2350 4214 ι
2391 4163 2458 4216 Et
2483 4177 2568 4223 τις
2593 4159 2685 4212 τὸν
2713 4157 2811 4210 ἐνα
2839 4154 3046 4218 Κύριον
3085 4149 3294 4218 Ἰησοῦν
3325 4148 3570 4220 Χριστὸν
3608 4147 3730 4200 δεδο-

2177 4274 2192 4305 0
2243 4254 2439 4321 ξάσθαι
2488 4250 2637 4318 λέγει
2687 4246 2837 4316 παρὰ
2882 4243 2978 4296 τοῦ
3022 4241 3360 4308 Πνεῦματος,
3389 4239 3464 4303 ὡς
3495 4239 3735 4308 ἀλλοτρίᾳ

2181 4366 2198 4398 ι
2237 4311 2483 4414 δυνάμει,
2512 4311 2578 4413 cii
2609 4339 2676 4393 δι’
2704 4311 2870 4391 αὑ-τοῦ
2912 4333 3214 4406 χρώμενον,
3246 4332 3340 4384 καὶ
3399 4332 3536 4401 παρ’
3591 4311 3764 4388 αὐτοῦέ

2182 4460 2196 4490 ι
2245 4437 2480 4491 λαϐόντα
2531 4434 2592 4488 τὸ
2625 4431 2872 4502 ἐνεργεῖν
2911 4425 3174 4480 δύνασθαι
3221 4425 3363 4479 κατά
3418 4424 3738 4493 πνευμάτων

503 4563 521 4591 ι
562 4541 798 4594 mundos
855 4514 1106 4608 spiritus,
1167 4549 1220 4592 et
1264 4514 1571 4606 adimplere
1631 4537 1685 4589 in
1751 4535 2051 4590 hominibus

2174 4556 2190 4586 ι
2236 4530 2578 4600 ἀκαθάρτων,
2602 4525 2776 4579 καὶτὸ
2796 4519 3036 4592 πληροῦν
3058 4519 3139 4580 είς
3164 4516 3487 4588 ἀνθρώπους
3511 4516 3615 4579 τὰς
3639 4514 3737 4608 θεοῖ

505 4651 521 4684 ι
563 4633 748 4686 divina
786 4631 966 4699 signa,
1007 4638 1062 4684 et
1099 4644 1206 4684 non
1239 4630 1414 4698 magis
1441 4628 1722 4698 proprium
1749 4627 1869 4698 ejus
1903 4629 2067 4697 spiri-

506 4746 523 4776 ι
560 4737 672 4779 tum
711 4725 876 4784 dicat.
911 4739 1008 4792 per
1046 4737 1208 4792 quem
1255 4732 1308 4775 et
1357 4721 1542 4774 divina
1575 4719 1733 4790 signa
1779 4717 2069 4774 elIicaciter

504 4838 523 4870 ι
562 4828 822 4888 operatus
859 4826 962 4870 est.
1005 4815 1311 4869 Anathema
1346 4813 1439 4868 sit.
1483 4830 1502 4864 ι

1065 4905 1493 4960 Animadversio.

579 5022 597 5053 ι
636 5001 872 5056 Videsne
898 5002 1032 5056 locis
1058 5001 1112 5054 in
1143 5001 1402 5054 omnibus
1431 4999 1574 5051 inme
1596 5005 1843 5052 sanctum
1874 4995 2074 5050 docere

508 5116 526 5146 ι
566 5095 824 5164 Spiritum
861 5109 985 5148 esse
1009 5095 1289 5162 proprium
1328 5091 1470 5155 Filii,
1504 5090 1795 5159 procedere
1835 5105 1961 5144 vero
2007 5107 2072 5144 ex

514 5205 530 5238 ι
570 5187 687 5257 ipso
727 5185 1038 5256 nusquam?
1069 5204 1088 5236 ι

1158 5275 1450 5345 Rcfutatia.

585 5373 642 5426 Si
692 5373 950 5427 attentius
1004 5372 1162 5425 dicta:
1209 5369 1475 5438 pericopaa
1529 5376 1763 5421 mentem
1829 5366 2080 5431 ﬁxisses,

513 5463 834 5533 agnovisses
864 5461 1051 5529 utique
1079 5468 1132 5513 et
1162 5473 1290 5513 vere
1336 5458 1600 5510 rationem
1637 5455 1708 5509 ob
1737 5469 1903 5524 quam
1955 5469 2084 5508 san-

2177 4645 2195 4675 ι
2246 4621 2499 4690 σημείας,
2556 4622 2651 4669 καὶ
2722 4611 2844 4683 οὐχὶ
2896 4610 2959 4681 δὴ
3023 4607 3222 4678 μᾶλλον
3286 4607 3418 4661 ίδιον
3475 4607 3650 4661 αὐτοῦ
3695 4604 3742 4654 τί)

2177 4735 2193 4766 ι
2239 4711 2466 4781 Πνεῦμα
2493 4708 2648 4779 φησι,
2679 4704 2748 4759 δι’
2789 4695 2850 4756 οὗ
2882 4702 2976 4755 καὶ
3019 4699 3244 4769 ἐνήργει
3277 4698 3374 4761 τὰς
3403 4697 3722 4768 θεοσημείας

2179 4827 2194 4856 ι
2247 4803 2514 4859 ἀνάθεμα.
2553 4818 2572 4850 ι

2774 4883 3150 4939 Ἐπιστασία.

2252 5004 2270 5038 ι
2330 4984 2536 5054 Ὀρᾷς;
2590 4978 2721 5032 [διον
2759 4975 2859 5044 μὲν
2887 4971 3166 5042 πανταχοῦ
3196 4971 3288 5025 τοῦ
3348 4970 3481 5024 Υίοῦ
3515 4971 3745 5024 διδάσκει

2187 5097 2203 5127 ι
2251 5077 2314 5128 τὺ
2367 5072 2591 5141 Πνεῦμα
2619 5069 2647 5122 ὁ
2681 5068 2858 5136 ἅγιος,
2912 5065 2971 5130 ἐξ
3017 5061 3184 5116 αὑτοῦ
3232 5061 3290 5115 δὲ
3328 5060 3749 5132 ἐκπορευόμενον

2185 5192 2203 5222 ι
2245 5168 2492 5238 οὐδαμῶς
2520 5183 2535 5233 ;
2564 5183 2584 5218 ο

2731 5253 3126 5321 Ἀντιῤῥησις.

2253 5355 2317 5409 El
2349 5353 2426 5423 τῷ
2466 5349 2656 5417 σκοπῷ
2695 5349 2794 5417 τῆς
2842 5343 3100 5415 ρηθείσης
3131 5340 3440 5411 περικοπῆς
3501 5335 3750 5392 ἐνεὸάθυ-

2186 5463 2304 5509 νας,
2331 5444 2500 5513 ἔγνως
2540 5443 2604 5495 ἂν
2628 5438 2843 5510 ἀληθῶς
2872 5437 2966 5489 καὶ
2991 5435 3084 5486 τὸν
3105 5433 3287 5501 λόγον,
3317 5429 3436 5485 καθ’
3460 5430 3530 5483 ὃν
3559 5430 3590 5482 ὀ
3617 5429 3752 5495 ἅγιος

517 5523 642 5608 cius
675 5523 1105 5622 prOprium-Filii
1146 5547 1425 5602 vocaverit
1457 5523 1904 5615 SpiritunnCum
1936 5544 2051 5598 enir

2189 5541 2318 5593 ῐδιον
2347 5535 2478 5590 Υίοῦ
2525 5533 2673 5601 λέγει
2705 5530 2768 5584 τὸ
2822 5527 3061 5598 Πνεῦμα.
3104 5525 3260 5579 Ἐπεὶ
3303 5523 3464 5592 γάρὸ
3498 5523 3753 5590 θεομάχος

517 5645 721 5714 impius
771 5642 1060 5698 Nestorius
1106 5640 1423 5709 blaspheme
1469 5635 1847 5700 contenderet,
1899 5632 2086 5688 Domi-

2192 5629 2531 5698 ἐὸλασφήμει
2549 5625 2861 5695 Νεστόριος,
2879 5621 2952 5683 ὼς
2971 5622 3000 5672 ὁ
3017 5619 3218 5688 Κύριος
3240 5617 3396 5687 ἡμῶν
3410 5614 3758 5682 ’ῐησοῦςΧρισ

526 5707 656 5792 nuin
732 5744 979 5790 nostrum
1042 5707 1242 5787 losum
1303 5731 1626 5793 Christum,
1699 5727 1881 5782 divina
1933 5727 2050 5796 sign

2195 5723 2318 5786 στός
2337 5721 2432 5783 τὰς
2457 5719 2780 5789 θεοσημείας
2801 5716 3087 5786 είργάζετο
3099 5713 3173 5776 ὡς
3190 5712 3434 5778 ἀλλοτρία
3451 5707 3688 5777 δυνάμει
3702 5708 3758 5775 τῇ

533 5828 880 5899 adimplessc,
920 5825 994 5880 uti
1027 5836 1248 5880 externa
1279 5824 1475 5878 virtute
1507 5837 1568 5878 ea
1607 5837 1726 5893 quae
1766 5827 1885 5877 erat
1914 5818 2088 5890 Spiri-

2195 5816 2280 5869 διὰ
2307 5813 2396 5868 τοῦ
2435 5812 2747 5882 Πνεύματος
2772 5809 3069 5882 χρώμενος,
3103 5810 3130 5860 6
3158 5805 3314 5875 ἅγιος
3346 5802 3486 5856 κατὰ
3525 5801 3628 5872 τῆς
3650 5799 3761 5854 691-
