3882 6570
146 400 225 465 fill
1034 395 1117 455 ΙΝ
1156 394 1545 455 CAMATERI
1587 395 2333 458 ANIMADVERSIONES.
3218 392 3323 459 542

147 517 322 588 φημίας
353 511 545 582 ταύτης
569 510 892 583 μαχόμενος,
921 511 1222 582 ἀναθέματι
1255 512 1547 566 ΰπσοαλλει
1567 513 1658 566 τὸν

1789 530 1887 574 us.
1951 524 2227 575 utentem.
2289 522 2512 568 sanctus
2558 520 2748 568 contra
2809 509 3043 565 similem
3075 510 3322 579 blasphe-

145 613 333 676 λεγοντα
359 602 647 674 κεχρῆσθαι
670 602 760 654 τὸν
785 603 933 667 Υἱδν,
963 603 1038 665 ὡς
1076 604 1334 677 ἀλλοτρίᾳ
1358 605 1537 676 τῇ,διά
1563 605 1656 658 τοῦ

1786 607 1922 659 niam
1951 607 2288 676 depugnans.
2325 605 2668 658 anathemate
2695 602 2818 656 ferit
2860 600 3131 656 dicentem
3161 616 3319 668 usum

144 695 416 764 Πνεύματος
435 693 676 762 δυνάμει.
718 692 1025 762 Σκοπητέον
1049 691 1180 761 γοῦν
1216 694 1428 762 μήποτε
1452 697 1518 763 τῇ
1551 711 1662 747 τοι-

1794 699 1932 753 uisse
1953 697 2229 752 Christum
2262 697 2337 750 uti
2373 696 2546 749 aliena
2584 694 2822 763 Spiritus
2851 692 3124 746 facultate.
3175 689 3327 745 Con-

147 794 260 858 αὐτῃ
278 784 579 855 βλασφημίᾳ
603 784 948 854 συνεμπίπτῃ
974 784 1032 836 τὸ
1053 784 1229 855 νόημα
1256 785 1367 836 τῶν
1391 785 1657 852 λεγόντων

1797 791 2116 845 iderandum
2163 806 2294 860 ergo
2328 800 2508 842 estne
2555 790 2609 841 in
2647 788 2882 842 similem
2931 786 3323 854 blasphemiam

149 882 206 949 μὴ
224 874 348 930 εἶναι
370 877 425 928 τὸ
449 875 667 942 Πνεῦμα
689 875 778 928 διὰ
810 876 905 928 τοῦ
930 877 1057 929 Υἱοῦ
1081 893 1138 930 τε
1168 876 1265 930 καὶ
1295 877 1360 930 ἐκ
1386 876 1480 929 τοῦ
1508 877 1661 932 Υἱοῦ.

1792 891 1972 950 rrepat
2009 896 2197 936 eorum
2236 880 2442 948 opinio,
2483 879 2574 949 qui
2602 887 2876 938 asserunt.
2909 877 3170 944 Spiritum
3219 891 3325 928 non

146 969 285 1023 Πόθεν
310 969 411 1036 γὰρ
450 965 513 1019 ἂν
570 964 794 1020 ἄλλοθεν
838 966 1197 1039 διαγνωσθείη
1254 967 1512 1038 ἀλλοτρία
1564 968 1660 1022 τοῦ

1800 990 1888 1030 sse
1943 989 2036 1042 per
2085 971 2320 1035 Filium,
2377 981 2430 1025 et
2495 986 2558 1025 ex
2617 969 2788 1026 Filio.
2833 967 3119 1023 Uudenam
3181 968 3329 1020 enim

146 1056 251 1109 Υίοῦ
277 1057 404 1124 ήδιᾶ
433 1054 523 1106 τοῦ
579 1055 898 1123 Πνεῦματος
931 1057 1182 1126 δύναμις,
1217 1058 1266 1110 εί
1304 1057 1378 1127 μὴ
1411 1057 1518 1110 ἀπὸ
1545 1058 1665 1122 ἐνὸς

1792 1068 1988 1122 ιιὶυιιᾱθ
2017 1073 2342 1137 agnoscatur
2375 1065 2550 1118 aliena
2596 1061 2740 1126 Filii,
2777 1077 2898 1131 quae
2932 1076 3026 1129 per
3063 1060 3325 1128 Spiritum

147 1150 302 1218 μόνου,
330 1145 418 1199 τοῦ
458 1147 531 1216 μὴ
565 1145 832 1217 ὑπάρχειν
862 1149 994 1202 αὐτὸ
1039 1151 1105 1201 ἐκ
1138 1150 1230 1202 τοῦ
1264 1149 1395 1202 Υίοῦ
1422 1168 1449 1227 ;_
1485 1151 1668 1203 Ἄλλοι

1801 1171 1870 1224 st,
1904 1160 2101 1222 virtus,
2132 1157 2236 1212 nisi
2278 1156 2346 1210 ab
2382 1169 2492 1209 uno
2534 1165 2588 1208 et
2636 1155 2778 1219 solo,
2814 1155 2990 1221 ipsum
3023 1152 3232 1206 scilicet
3264 1165 3331 1203 ex

146 1241 332 1306 τρέωσις
357 1240 461 1309 γὰρ
493 1239 626 1310 άλλη
657 1241 756 1294 οὑκ
776 1241 928 1294 ἔσται
949 1240 1043 1295 τοῦ
1073 1242 1390 1312 Πνεύματος
1416 1242 1475 1308 ἐξ
1506 1242 1664 1307 Υίοῦ,

1795 1249 1907 1304 "ilio
1937 1265 2043 1303 non
2075 1247 2377 1303 exsistere?
2406 1247 2521 1300 Alia
2553 1245 2819 1314 siquidem
2853 1242 3092 1312 Spiritus
3127 1258 3155 1295 a
3189 1239 3328 1294 Filio

149 1335 184 1385 si
213 1332 275 1401 μὴ
307 1332 360 1382 τὸ
383 1332 648 1402 ὑπάρχειν
683 1334 818 1387 αὐτὸ
853 1335 917 1386 ἐκ
945 1335 1039 1387 τοῦ
1071 1335 1290 1405 Πατρδς
1332 1336 1518 1404 μόνου,
1573 1337 1668 1388 καὶ

1796 1341 2028 1394 ιιίειισιὶυ
2068 1339 2213 1393 nulla
2250 1337 2431 1399 fuerit,
2463 1336 2567 1389 nisi
2608 1336 2732 1402 quia
2762 1335 2876 1402 ipse
2908 1350 2972 1387 ex
3021 1333 3136 1387 Solo
3168 1330 3329 1385 Patre

150 1423 245 1492 οὐχὶ
272 1423 352 1476 διὰ
379 1425 468 1476 τοῦ
515 1423 669 1479 Υἱοῦ.
702 1426 813 1478 Καὶ
839 1425 999 1479 τοῦτο
1024 1428 1052 1479 6
1082 1426 1244 1489 αὐτὸς
1282 1426 1454 1496 μέγας
1483 1429 1669 1480 διασα-

1800 1435 2038 1495 »ιοοειιὶι,
2072 1442 2126 1486 et
2165 1448 2269 1484 non
2310 1447 2338 1484 a
2368 1428 2529 1483 Filio.
2571 1427 2736 1493 Quod
2760 1428 2900 1481 idem
2939 1427 3050 1494 ipse
3095 1425 3333 1496 Cyrillus

149 1514 488 1586 φείΚύριλ).ος
534 1517 592 1568 ἐν
645 1520 712 1590 τῇ
746 1517 1013 1588 ἑρμηνείᾳ
1067 1517 1160 1570 τοῦ
1209 1519 1350 1572 κατὰ
1415 1519 1671 1589 Ἰωάννην

1801 1526 2118 1593 κρειιίεεὶιιιε
2173 1524 2414 1577 declarat
2471 1521 2816 1588 expositione
2869 1519 2922 1572 in
2976 1517 3334 1586 Evangelium

149 1607 306 1678 ῥητοῦ,
347 1607 459 1672 τοῦ,
496 1624 516 1658 ι
555 1609 728 1663 Ὅταν
756 1605 851 1663 οὖν
884 1609 1018 1680 ἐλθῃ
1047 1611 1074 1662 6
1106 1609 1488 1680 Παράκλητος,
1523 1629 1542 1661 ι
1577 1611 1671 1678 φά-

1807 1617 2022 1679 oannis,
2071 1615 2124 1669 in
2166 1615 2394 1678 dictum,
2438 1631 2455 1664 ι
2495 1613 2630 1666 Cum
2683 1612 2864 1676 itaque
2914 1609 3124 1662 venerit
3170 1607 3339 1662 Para-

150 1715 266 1751 σκων
292 1697 423 1752 οὕτω
468 1700 653 1771 ῥητῶς
679 1716 696 1731 ο
731 1720 751 1752 ι
789 1701 933 1772 Πρὸς
972 1701 1031 1755 δὲ
1078 1703 1190 1765 τοῖς
1221 1701 1538 1773 εἰρημένοις
1577 1704 1674 1755 κά-

1812 1709 1950 1762 letus
1975 1708 2045 1771 θ’,
2079 1725 2096 1757 ι
2155 1706 2238 1760 his
2289 1702 2576 1774 ipsissimis
2631 1701 2812 1754 verbis
2860 1715 2874 1752 :
2925 1717 2942 1749 ι
2979 1698 3182 1752 Praeter
3228 1697 3339 1764 jam

150 1789 266 1838 κεῖνο
319 1787 495 1840 λοιπὸν
551 1789 626 1852 ὡς
684 1789 744 1856 ἐξ
793 1790 1043 1860 ἀνάγκης
1089 1791 1428 1860 εἰσϐήσεται.
1472 1793 1532 1843 Εἰ
1563 1793 1672 1862 γὰρ

1808 1799 1944 1862 .icta,
1980 1797 2109 1850 illud
2140 1809 2358 1864 quoque
2406 1791 2722 1846 necessario
2768 1797 3157 1858 consequetur.
3205 1783 3341 1838 Nam

152 1879 415 1948 ὑπουργίαν
456 1879 776 1952 διακονικὴν
803 1883 1156 1953 ἀποπληροῦν
1186 1883 1364 1936 οἴεσθε
1395 1887 1486 1936 τὸν
1513 1885 1664 1948 Υίὸν,

1812 1891 1823 1944 i
1863 1888 2058 1943 servile
2086 1885 2448 1940 ministerium
2483 1881 2783 1952 opinamini
2808 1879 3050 1934 exerceri
3118 1892 3148 1930 a
3171 1875 3345 1941 ,Filio,

151 1971 197 2018 τὸ
221 1968 478 2038 ἀλλότριον
513 1973 670 2040 ἡμῖν,
707 1973 957 2025 τουτέστι
983 1975 1042 2026 τὸ
1068 1974 1220 2043 παρά
1248 1974 1342 2027 τοῦ
1384 1975 1522 2028 Θεοῦ
1573 1978 1669 2029 καὶ

1815 1993 1904 2033 nm
1942 1977 2180 2031 alienum
2222 1973 2403 2037 nobis,
2437 1973 2538 2026 hoc
2573 1980 2658 2026 est
2701 1985 2731 2024 a
2762 1970 2872 2049 Deo
2921 1978 2977 2024 et
3011 1968 3170 2021 Patre
3215 1983 3345 2036 supn

152 2061 325 2130 [ἰατρὸς
350 2065 762 2132 κεχορηγηκότα
787 2064 942 2133 ἅγιον
975 2064 1034 2118 ὃν
1064 2067 1204 2120 κατὰ
1233 2066 1396 2134 φύσιν
1423 2067 1669 2137 Πνεῦμα,

1816 2073 2005 2136 editat,
2059 2071 2189 2123 dum
2243 2066 2482 2137 Spiritus
2531 2074 2728 2120 natura
2791 2078 2889 2118 sua
2948 2073 3175 2116 sanctus
3237 2069 3346 2124 est,

152 2154 199 2202 οὐ
224 2153 345 2205 κατά
375 2156 532 2222 φύσιν
563 2154 721 2224 ἆγιος
759 2159 785 2209 6
815 2157 967 2223 Θεὸς,
993 2161 1131 2213 κατὰ
1166 2159 1383 2228 μέθεξιν
1409 2160 1464 2212 δὲ
1489 2159 1677 2228 ὥσπερ

1814 2181 1891 2218 ton
1939 2172 2135 2218 natura
2180 2159 2322 2214 Deus
2365 2167 2590 2212 sanctus
2617 2164 2722 2219 est,
2761 2153 3175 2225 participatione
3215 2166 3347 2204 vero

153 2246 353 2312 ἡμεῖς.»
403 2245 566 2317 Ὀρᾷς
619 2248 786 2300 πόθεν
844 2250 874 2301 6
934 2253 1091 2314 ἅγιος
1149 2251 1377 2321 συνάγει
1427 2256 1530 2321 τὴν
1580 2252 1677 2305 τοῦ

1816 2257 1946 2313 icuti
1993 2271 2114 2311 nos.
2156 2275 2174 2306 ι
2233 2252 2473 2308 Videsne
2528 2249 2796 2304 undenam
2850 2253 3078 2300 sanctus
3131 2242 3349 2311 colligat

155 2329 422 2402 Πνεύματος
447 2340 554 2392 ἀπὸ
589 2339 686 2392 τοῦ
748 2339 875 2392 Υἱοῦ
928 2341 1351 2411 ἀλλοτριότητα;
1386 2343 1511 2395 Ἐάν
1564 2360 1672 2408 τις,

1820 2345 2020 2414 piritus
2052 2358 2081 2397 a
2133 2341 2271 2396 Filio
2318 2337 2739 2395 alienationem?
2793 2334 2850 2389 Si
2882 2335 3024 2402 quis,
3067 2334 3163 2396 ait,
3217 2328 3353 2385 dicit

155 2433 310 2497 φησὶν,
341 2428 468 2503 λέγῃ
503 2433 563 2484 τὸ
593 2432 1049 2503 ὁμολογουμένως
1077 2451 1150 2486 πα
1163 2436 1228 2504 ρά
1261 2434 1356 2488 τοῦ
1413 2435 1550 2487 Θεοῦ
1584 2438 1681 2489 καὶ

1816 2438 2066 2507 φίιίιυιιι,
2103 2436 2194 2504 qui
2222 2435 2427 2503 absque
2455 2431 2621 2486 dubio
2658 2446 2686 2484 a
2718 2430 2826 2483 Deo
2851 2439 2904 2482 et
2926 2425 3086 2480 Patre
3111 2424 3349 2488 exsistit,

157 2522 336 2591 ιΞατρὸς
397 2525 653 2594 ὑπάρχον
717 2525 943 2596 Πνεῦμα
993 2527 1318 2590 διακονικῶς
1371 2528 1525 2598 παρὰ
1583 2527 1679 2582 τοῦ

1816 2531 1965 2585 ervili
2011 2530 2174 2583 modo
2213 2543 2242 2581 a
2289 2525 2428 2580 Filio
2463 2523 2824 2594 suppeditari,
2876 2521 3114 2575 alienum
3150 2517 3283 2572 dicit
3321 2532 3349 2569 a

157 2613 264 2664 Υίοῦ
299 2618 670 2686 χορηγεῖσθαι,
721 2618 1012 2690 ἀλλότριον
1069 2619 1224 2673 ἔσται
1275 2619 1372 2674 τοῦ
1432 2619 1568 2674 Υίοῦ
1623 2623 1682 2674 τι

1812 2623 1923 2679 “ilio
1970 2623 2362 2694 Spiritumzet
2413 2627 2921 2688 sequetur,.neque
2967 2619 3164 2666 natura
3223 2624 3345 2664 eum

157 2705 361 2775 Πνεῦμα,
398 2711 487 2762 καὶ
535 2710 906 2782 ἀκολουθήσει
969 2713 1106 2783 μηδέ
1135 2714 1277 2768 κατὰ
1325 2713 1490 2782 φύσιν
1524 2713 1683 2783 ἆγιον

1816 2729 2033 2774 anetum
2078 2731 2220 2779 esse,
2285 2714 2400 2777 sed,
2471 2721 2681 2766 tantum
2727 2706 3147 2778 participatione
3187 2703 3345 2756 sicuti

155 2794 268 2852 εἶναι
293 2801 463 2861 αὐτὸν.
501 2804 650 2858 κατὰ
691 2805 915 2873 μέθεξιν
949 2806 1007 2858 δὲ
1046 2806 1237 2877 ὥσπερ
1267 2809 1449 2875 ἡμεῖς.
1481 2809 1681 2861 Τοιαύ-

1825 2828 1907 2867 os.
1972 2811 2031 2864 In
2084 2809 2182 2863 has
2229 2805 2497 2861 absurdas
2556 2801 2839 2872 opiniones
2902 2797 3153 2850 videntur
3217 2792 3350 2846 mihi

158 2907 254 2954 ταις
286 2909 368 2961 μοι
423 2894 676 2951 δοκοῦσιν
711 2899 1010 2968 ἐμπίπτειν
1060 2903 1180 2964 ταῖς
1226 2900 1483 2963 ἀτοπίαις
1524 2904 1576 2954 ol
1611 2902 1686 2972 μὴ

1818 2903 2018 2965 τοιαδὶ,
2049 2901 2144 2972 qui
2193 2913 2299 2953 non
2338 2896 2578 2952 fatentur
2621 2893 2891 2948 exsistere
2945 2887 3210 2958 Spiritum
3255 2900 3351 2954 per

161 2983 370 3077 λέγοντες
401 2989 674 3060 ὑπάρχειν
699 2992 760 3045 τὸ
790 2993 1016 3062 Πνεῦμα
1053 2994 1146 3046 διὰ
1196 2993 1290 3047 τοῦ
1323 2993 1474 3048 Υἱοῦ.
1788 2996 2009 3052 Filium.

221 3076 517 3148 Ἐρμηνεία
563 3083 678 3137 τοῦ
729 3086 916 3140 αὑτοῦ
962 3085 1217 3141 ἐννάτου
1261 3087 1616 3155 κεφαλαίου.

1500 3087 1616 3140 [ου.
2107 3085 2389 3155 Expositio
2413 3080 2633 3150 hujusce
2667 3094 2789 3132 nam
2818 3076 3033 3142 capitis.

213 3169 321 3225 PA'.
353 3192 372 3224 ι
395 3173 614 3237 cessa;
641 3177 779 3248 ἔφην
804 3181 888 3232 ὅτι
914 3181 1029 3242 τοῖς
1062 3179 1360 3250 Νεστορίου
1417 3180 1683 3252 βατταρί-
1713 3201 1746 3263 ς

1860 3181 1947 3238 Cl.
1991 3201 2009 3235 ι
2049 3183 2179 3234 Item
2211 3178 2344 3242 dixi,
2378 3174 2526 3245 quod
2569 3171 2806 3227 Nestorii
2858 3168 3042 3239 nugis,
3091 3180 3188 3220 seu
3241 3162 3356 3217 hla-

165 3281 178 3312 t
214 3281 409 3334 σμασιν,
441 3271 611 3336 ἡγουν
643 3270 975 3340 δυσφημίαις
1005 3275 1098 3324 καὶ
1125 3275 1237 3338 τοῖς
1272 3272 1414 3341 ἄγαν
1480 3275 1689 3342 ἀτημε-

1866 3275 2153 3343 ςρίιειιιίίε,
2203 3283 2256 3325 et
2306 3269 2426 3338 ejus
2490 3267 2653 3320 dictis
2709 3261 3002 3315 admodum
3057 3254 3361 3312 temerariis

166 3371 180 3404 t
215 3354 315 3422 λώςν
329 3358 644 3432 sim-utimr;
672 3363 704 3435 ἡ
729 3363 842 3418 τῶν
885 3365 1196 3434 κεφαλαίων
1259 3367 1494 3436 μάχεται
1524 3364 1688 3417 δύνα-

1860 3367 2034 3420 virtus
2095 3363 2452 3431 capitulorum
2499 3363 2815 3426 repugnat:
2849 3353 2940 3406 illo
2993 3363 3228 3417 namque
3277 3347 3365 3399 di-

168 3466 182 3496 t
219 3468 314 3520 μις.
361 3456 596 3509 Ἐκείνου
638 3460 746 3528 γὰρ
772 3458 1021 3526 λέγοντος
1051 3459 1180 3529 περὶ
1209 3459 1302 3512 τοῦ
1333 3459 1486 3526 ἁγίου
1515 3457 1688 3511 Πνεῦ-

1863 3469 2014 3512 cente
2049 3459 2117 3510 de
2151 3454 2357 3524 Spiritu
2411 3459 2635 3506 sancto:
2666 3447 2715 3502 Is
2747 3449 2837 3516 qui
2883 3453 3102 3498 tantam
3141 3440 3361 3495 Christo

171 3560 184 3591 ι
219 3560 387 3610 ματος.
417 3546 588 3600 Τοῦτο
643 3549 707 3620 δὴ
756 3550 1094 3621 τηλικαύτην
1146 3551 1294 3620 αὐτῷ
1324 3550 1692 3620 χαρισάμενον

1863 3549 2086 3619 gloriam
2134 3545 2383 3611 contulit,
2421 3559 2541 3597 eum
2591 3539 2929 3594 daeinonibus
2978 3535 3108 3589 fecit
3154 3532 3363 3586 terribi-

173 3653 185 3683 t
222 3634 452 3708 δύναμιν,
488 3642 549 3694 τὸ
573 3641 829 3712 δαίμοσιν
864 3643 998 3697 αὐτὸ
1027 3644 1258 3715 φοϐερὸν
1308 3646 1690 3714 ἐργασάμενον

1865 3642 1990 3705 lem,
2045 3635 2378 3702 donavitque
2427 3633 2474 3686 ei
2528 3631 2593 3684 ad
2643 3629 2811 3684 caelos
2854 3625 3258 3686 ascensionem,
3310 3630 3363 3673 et

171 3744 184 3774 ι
221 3728 272 3780 τὸ
295 3732 387 3800 τὴν
416 3733 687 3804 ἀνάληψιν
721 3735 868 3806 αὐτῷ
891 3735 988 3804 τὴν
1021 3739 1102 3799 είς
1128 3735 1358 3806 οὐρανὸν
1391 3735 1696 3804 χαρισάμε-

1867 3746 2122 3802 tanquam
2159 3731 2226 3784 de
2255 3728 2435 3796 aliquo
2481 3723 2784 3779 secundum
2827 3735 2926 3774 nos
2961 3716 3179 3771 homine
3209 3730 3362 3770 com-

173 3835 186 3866 ι
223 3835 315 3886 νον,
361 3826 451 3876 καὶ
483 3824 558 3888 ὡς
593 3828 726 3897 περί
759 3845 902 3890 τινος
951 3829 1056 3881 τῶν
1100 3827 1222 3880 καθ’
1272 3829 1440 3898 ἡμᾶς.
1485 3825 1698 3895 ἀνθρώ·

1873 3826 2022 3882 muni
2073 3826 2186 3878 haec
2237 3821 2633 3882 deblaterante,
2695 3816 2870 3869 factus
2921 3823 3006 3867 est
3056 3808 3362 3877 necessario

173 3929 184 3957 ι
226 3927 314 3966 που
333 3917 505 3971 κοινοῦ
527 3919 754 3973 τοιαῦτα
782 3921 1247 3991 πεφλυαρηκότος.
1273 3923 1499 3990 γέγονεν
1525 3921 1698 3991 ἀναγ-

1927 3917 2386 3975 rathematismus,
2424 3927 2532 3966 nun
2581 3911 2844 3964 adversus
2887 3923 3004 3970 eos,
3037 3904 3128 3973 qui
3155 3902 3366 3962 dicunt,

174 4021 187 4050 ι
225 4005 374 4068 καίως
405 4011 432 4062 6
458 4012 932 4081 ἀναθεματισμὸς.
969 4014 1028 4066 οὐ
1069 4016 1210 4068 κατά
1244 4031 1306 4082 γε
1343 4013 1452 4066 τῶν
1512 4011 1699 4080 λεγόν-

1868 4013 2224 4068 clariﬁcatum
2279 4025 2309 4062 a
2363 4005 2573 4075 Spiritu
2634 4011 2826 4056 sancto
2872 3997 3084 4059 Jesum,
3142 3995 3246 4048 ltoc
3287 4000 3372 4046 est

176 4108 190 4136 ι
227 4110 319 4146 των
362 4097 676 4164 δεδοξάσθαι
729 4104 884 4173 παρὰ
934 4102 1028 4156 τοῦ
1061 4104 1571 4175 ἀγίουιιίνεύματος
1604 4102 1696 4157 τὸν

1872 4107 2287 4161 inhumanatum
2335 4099 2427 4152 Dei
2479 4096 2757 4160 Verbum;
2807 4092 2904 4146 sed
2943 4089 3124 4160 potius
3178 4094 3366 4139 contra

177 4201 189 4229 ι
229 4184 360 4255 Υἱὺν,
397 4195 682 4246 τουτέστιν
712 4195 1236 4266 ἐνανθρωπήσαντα,
1287 4197 1410 4248 κατ’
1468 4194 1698 4247 ἐκείνων

1868 4199 2013 4260 illos,
2047 4195 2142 4265 qui
2175 4193 2517 4261 impudenter
2554 4203 2679 4242 eum
2725 4187 2925 4239 virtute
2965 4197 3062 4252 per
3106 4179 3367 4248 Spiritum

179 4294 192 4324 ι
227 4277 275 4331 δὲ
303 4285 514 4352 μᾶλλον,
547 4286 600 4339 οἶ
625 4288 718 4340 καὶ
741 4289 934 4357 ἀνέδην
958 4289 1147 4354 αὑτὸν,
1188 4287 1264 4351 ὡς
1317 4289 1578 4358 ἀλλοτρία
1603 4286 1702 4340 δυ-

1873 4302 2130 4359 tanquam
2178 4285 2354 4338 aliena
2405 4297 2562 4335 usum
2599 4292 2720 4333 esse
2769 4276 2981 4330 dicunt.
3026 4269 3371 4325 Meminimus

179 4387 192 4417 ι
231 4373 460 4447 νάμειτῇ
491 4377 581 4431 διὰ
632 4377 729 4431 τοῦ
780 4379 1103 4450 Πνεύματος
1159 4380 1465 4450 κεχρῆσθαί
1512 4396 1699 4448 φασιν.

1876 4381 2019 4438 enim
2046 4393 2170 4432 eum
2198 4384 2385 4446 aperte
2415 4373 2619 4426 dixisse
2647 4371 2713 4424 de
2742 4375 2930 4422 sancto
2960 4365 3185 4434 Spiritu,
3225 4379 3244 4412 ι
3285 4359 3375 4414 Ille

178 4480 190 4509 ι
229 4463 547 4538 Μεμνήμεθα
575 4469 633 4523 δὲ
649 4471 896 4535 είπὸντος
924 4471 1162 4541 περὶτοῦ
1179 4472 1335 4540 ἁγίου
1361 4471 1704 4540 Πνεῦματος,

1879 4491 1961 4528 me
1986 4469 2307 4528 clariﬁcahit
2330 4469 2368 4520 ¹.
2385 4485 2404 4517 ι
2430 4464 2692 4519 Novimus
2714 4462 2778 4516 ad
2809 4461 2911 4515 hoc
2933 4455 3109 4512 sancti
3138 4454 3377 4523 Spiritus

179 4569 193 4599 ι
241 4554 456 4623 Ἐκεῖνος
486 4563 585 4630 ἐμὲ
615 4562 848 4626 δοξάσει,
886 4563 1043 4632 ἴσμεν
1073 4579 1133 4615 τε
1165 4561 1301 4632 πρὸς
1322 4562 1494 4633 τούτῳ
1511 4565 1580 4633 τῇ
1609 4560 1703 4614 τοῦ

1874 4565 2188 4635 operatione
2215 4568 2585 4616 conterentem
2625 4553 2991 4624 nequissimas
3031 4546 3376 4602 immuudas-

180 4659 191 4687 ⁶
233 4645 370 4710 ἁγίου
419 4651 740 4722 Πνεῦματος
786 4654 1038 4726 ἐνεργείᾳ
1069 4654 1168 4716 τάς
1212 4655 1454 4724 πονηράς
1489 4670 1550 4706 τε
1609 4653 1704 4706 καὶ

1871 4672 1977 4727 que
2023 4657 2253 4708 virtutes
2289 4670 2304 4718 ;
2343 4649 2435 4706 sed
2487 4663 2594 4703 non
2635 4647 2708 4700 ita
2749 4645 2987 4700 dicimus
3046 4655 3173 4696 eum
3230 4639 3374 4691 sicut

180 4749 195 4780 ι
235 4737 556 4811 ἀκαθάρτους
577 4743 832 4814 δυνάμεις
856 4744 1230 4815 συντρίϐονταο
1258 4744 1376 4798 ἀλλ’
1406 4745 1502 4814 οὐχ
1530 4741 1704 4806 οὕτως

1881 4762 2324 4816 unumquemque
2379 4743 2590 4798 scilicet
2625 4746 2964 4800 sanctorum,
3008 4733 3206 4786 virtute
3255 4728 3374 4796 Spi-

183 4847 198 4875 t
239 4832 398 4900 φαμὲν
425 4835 608 4902 αὑτὸν,
643 4835 892 4906 καθάπερ
915 4835 1140 4890 καὶτῶν
1166 4836 1334 4904 ἁγίων
1354 4836 1605 4900 ἕκαστον,
1635 4835 1711 4897 ὡς

1887 4843 2024 4896 ritus
2057 4841 2232 4895 sancti
2273 4849 2531 4906 tanquam
2565 4833 2742 4887 aliena
2772 4843 2929 4884 usum
2964 4833 3120 4880 :erat
3148 4823 3290 4877 enim
3329 4828 3384 4874 et

183 4938 196 4966 ε
236 4922 472 4996 ἀλλοτρίᾳ
490 4928 716 4996 δυνάμει
748 4929 1045 4998 κεχρῆσθαι
1065 4932 1130 4999 τῇ
1159 4927 1252 4981 τοῦ
1275 4929 1431 4996 ἁγίου
1457 4928 1715 4998 Πνεῦμα-

1882 4945 1964 4988 est
2002 4934 2122 5003 ejus
2166 4929 2404 5000 Spiritus
2455 4924 2615 4982 sicuti
2657 4933 2806 4977 certe
2848 4926 2902 4974 et
2944 4918 3142 4972 Patris.
3185 4912 3251 4968 Et
3280 4912 3383 4965 hoc

185 5030 198 5058 ι
235 5029 335 5077 τος.
361 5012 464 5070 Ἦν
490 5021 600 5088 γὰρ
631 5019 893 5090 καὶρστιν
921 5018 1084 5073 αὐτοῦ
1110 5019 1170 5071 τὸ
1192 5018 1431 5085 Πνεῦμα,
1463 5016 1714 5087 καθάπερ

1884 5027 2040 5082 nobis
2072 5025 2212 5080 bene
2261 5022 2398 5077 satis
2441 5021 2699 5089 explanat
2743 5014 2962 5069 divinus
2999 5009 3204 5063 Paulus
3246 5005 3382 5060 scri-

187 5121 200 5150 ‘
239 5106 410 5175 ἀμέλει
436 5113 530 5165 καὶ
548 5112 636 5165 τοῦ
661 5113 895 5182 Πατρός.
915 5113 1024 5165 Καὶ
1037 5111 1196 5164 τοῦτο
1212 5112 1342 5180 ἡμῖν
1370 5109 1428 5164 εὖ
1460 5110 1606 5179 μάλα
1624 5125 1716 5160 σα-

1887 5116 2059 5169 bens:
2098 5132 2116 5164 ι
2154 5112 2256 5178 Qui
2293 5120 2474 5164 autem
2513 5109 2567 5161 in
2613 5120 2778 5159 carne
2832 5109 2978 5167 sunt,
3015 5101 3123 5154 Deo
3167 5097 3381 5168 placere

192 5215 205 5244 ‘
246 5205 416 5270 φηνιεῖ
441 5203 732 5274 γεγραφὼς
758 5206 786 5258 6
816 5204 1102 5265 θεσπέσιος
1127 5202 1338 5266 Παῦλος
1369 5218 1382 5231 ·
1421 5220 1440 5253 ι
1477 5203 1538 5254 Οἱ
1565 5200 1621 5253 δὲ
1653 5201 1710 5253 ἐν

1882 5222 1985 5259 ιιυιι
2030 5202 2326 5273 possunt‘.
2385 5198 2496 5253 Vos
2532 5208 2714 5252 autem
2768 5211 2880 5250 non
2940 5191 3071 5247 estis
3114 5192 3167 5243 in
3198 5199 3381 5248 carne,

197 5307 209 5336 ι
250 5297 399 5364 σαρκὶ
420 5297 567 5361 ὄντες
583 5297 702 5368 Θεῷ
727 5299 923 5368 ἀρέσαι
955 5297 1016 5350 οὐ
1037 5297 1308 5350 δύνανται.
1324 5295 1517 5365 Ὑμεῖς
1545 5294 1600 5347 δὲ
1621 5293 1719 5346 οὐκ

1883 5298 1975 5351 sed
2015 5296 2069 5350 in
2110 5293 2339 5364 Spiritu,
2371 5292 2416 5347 si
2449 5302 2630 5345 tamen
2677 5287 2900 5358 spiritus
2932 5283 3024 5336 Dei
3075 5278 3278 5334 habitat
3327 5277 3380 5328 in

195 5401 208 5427 ί
249 5385 356 5439 ἐστὶ
391 5389 448 5442 ἐν
479 5392 666 5461 σαρκὶ,
711 5367 826 5445 ἀλλ’
861 5393 917 5442 ἐν
964 5389 1257 5458 πνεύματι,
1300 5388 1460 5458 εἴπερ
1493 5386 1716 5447 Πνεῦμα

1888 5389 2066 5442 vobis.
2104 5385 2161 5439 Si
2203 5386 2327 5457 quis
2373 5391 2554 5437 autem
2602 5380 2856 5449 spiritum
2893 5373 3095 5428 Christi
3139 5384 3245 5422 non
3282 5367 3383 5420 ha-

193 5493 207 5523 t
247 5477 367 5531 Θεοῦ
395 5481 531 5542 eius!
556 5459 612 5537 ἐν
637 5485 786 5548 ὑμῖν.
817 5482 886 5537 Εἴ
905 5500 990 5545 τις
1015 5483 1071 5536 δὲ
1099 5482 1324 5549 Πνεῦμα
1352 5479 1588 5552 Χριστοῦ
1616 5479 1715 5532 οὐκ

1886 5482 1998 5542 bet,
2032 5478 2121 5534 hic
2148 5493 2253 5532 non
2283 5485 2366 5532 est
2391 5475 2531 5545 ejus.
2566 5491 2584 5524 ι
2621 5468 2873 5525 Procedit
2907 5465 3052 5521 enim
3086 5477 3150 5516 ex
3182 5459 3291 5512 Deo
3333 5469 3387 5512 et

200 5586 212 5616 ι
249 5569 366 5640 ἔχει,
389 5568 537 5639 οὗτος
561 5577 660 5630 οὐκ
689 5577 836 5630 ἐστιν
863 5575 1046 5631 αὐτοῦ.
1065 5574 1456 5646 Ἐκπορεύεται
1486 5575 1582 5644 μὲν
1609 5574 1716 5643 γὰρ

1883 5573 2042 5630 Patre
2067 5573 2305 5643 Spiritus
2339 5583 2564 5628 sanctus
2600 5565 2900 5622 secundum
2936 5556 3237 5616 Salvatoris
3283 5570 3384 5611 vo-

200 5679 212 5707 ι
251 5663 305 5714 ἐκ
328 5667 415 5720 τοῦ
445 5668 576 5722 θεοῦ
604 5671 698 5723 καὶ
721 5669 933 5739 Πατρὸς
958 5670 1019 5722 τὸ
1041 5667 1264 5738 Πνεῦμα
1310 5666 1374 5720 τὸ
1399 5665 1553 5734 ἅγιον
1580 5667 1720 5720 κατὰ

1883 5683 2022 5734 cem,
2055 5666 2146 5723 sed
2189 5680 2296 5721 non
2338 5671 2422 5721 est
2467 5662 2678 5716 alienus
2727 5673 2756 5713 a
2799 5655 2957 5712 Filio.
3000 5649 3192 5707 Omnia
3238 5647 3382 5718 enim

253 5823 288 5848 ⁵³³
311 5819 461 5882 Joaa.
486 5840 576 5894 xv,
601 5825 690 5882 26.
770 5827 785 5858 ¹
808 5824 961 5882 Joan.
997 5843 1105 5892 xvr,
1139 5829 1222 5881 Η.
1300 5828 1319 5858 ’
1343 5825 1500 5882 Rom.
1533 5839 1647 5889 wn,
1681 5825 1732 5880 8.
