3800 6580
510 413 616 477 5l3

1557 416 1766 479 JOAN.
1809 416 2022 481 VECCI
2062 426 2072 476 i

2214 402 2725 479 PATRI'ARCHIE
3576 439 3655 500 su

509 542 527 575 ι
565 526 728 578 hahrt
763 540 886 579 cum
918 523 1079 581 Patre
1128 536 1182 581 et
1225 528 1330 582 hoe
1364 527 1478 599 ipse
1526 526 1744 584 cclccuit
1770 532 1961 587 dicens
2004 532 2072 587 de

2184 551 2201 585 ι
2245 535 2342 603 τὴν
2359 533 2450 586 τοῦ
2472 534 2623 603 ἳωτῆ
2634 551 2723 604 ρος
2744 530 2950 603 φωνὴν,
2970 529 3085 585 ἀλλ’
3105 530 3202 584 οὐκ
3220 531 3461 607 ἀλλότριόν
3482 544 3653 608 tati-rm)

509 627 529 652 ι
566 611 775 677 Spiritu
824 624 1015 668 saneto
1049 631 1063 669 :
1101 633 1119 665 ι
1150 613 1345 670 Omnia
1395 633 1737 690 qumunque
1779 621 1944 677 habet
1972 624 2075 678 Pa-

509 721 527 750 «r
566 713 667 765 tcr,
715 719 831 758 mea
888 717 1035 760 sunt.
1085 709 1381 778 Propterea
1429 710 1539 765 dixi
1589 714 1777 776 vobis,
1825 718 1953 785 quia
2006 718 2073 771 de

507 810 524 840 ο
569 810 690 847 meo
718 795 972 864 accipiet,
1002 812 1056 851 et
1082 801 1432 855 annuntiabit
1464 804 1617 859 vobis
1639 804 1682 860 ³.
1722 824 1741 857 ι
1776 807 1920 876 Ergo
1963 808 2074 861 ela-

508 904 526 932 r
568 886 798 939 rilicavit
827 888 1045 956 quidem
1069 889 1257 945 Jesum
1293 892 1532 962 Spiritus
1561 907 1784 952 sanctus
1831 899 2071 954 admira-

510 995 529 1027 ι
569 977 697 1031 bilia
740 995 997 1047 operans,
1046 994 1422 1039 verumtamen
1455 996 1515 1041 ut
1549 987 1785 1058 Spiritus
1818 991 1964 1061 ejus,
2017 1003 2073 1048 et

508 1090 529 1119 ‹
562 1084 668 1122 non
694 1080 752 1124 ut
776 1073 948 1127 aliena
979 1074 1153 1130 virtus
1184 1086 1238 1131 et
1266 1092 1331 1132 eo
1358 1081 1735 1148 praestantior,
1766 1086 2069 1139 secundum

507 1180 525 1211 ε
564 1162 708 1230 quod
772 1164 1099 1236 intelligitur
1166 1167 1333 1225 Deus.
1394 1169 1512 1225 Non
1575 1174 2073 1243 blasphemavimus

509 1270 527 1303 ι
565 1253 734 1321 igitur
767 1255 822 1309 in
854 1268 1079 1314 sanctos
1109 1262 1353 1330 angelos,
1388 1279 1489 1319 nec
1525 1265 1577 1318 in
1604 1267 1895 1335 prophetas
1930 1269 2073 1324 sicut

509 1362 527 1393 ι
567 1346 748 1400 dicere
774 1352 1145 1419 praesumpsit,
1183 1354 1272 1420 qui
1307 1355 1652 1412 solummodo
1680 1375 1941 1415 accusare
1971 1378 2071 1414 no-

507 1456 525 1487 ι
562 1438 661 1491 vit.
696 1438 831 1502 Quia
868 1455 996 1495 vero
1026 1445 1365 1512 propositum
1399 1448 1521 1515 ejus
1551 1458 1605 1502 et
1642 1452 1917 1505 sociorum
1965 1462 2068 1518 est,

506 1547 523 1581 ι
563 1539 621 1583 ut
670 1547 836 1585 unum
891 1533 944 1586 in
996 1535 1137 1589 duos
1183 1535 1431 1593 Christus
1482 1540 1767 1607 dividant,
1814 1554 1867 1596 et
1917 1545 2069 1599 illum

509 1635 528 1668 ι
565 1618 783 1685 quidem
817 1621 1134 1688 clariﬁcari,
1167 1635 1220 1678 et
1253 1626 1319 1679 ad
1354 1630 1689 1696 operandum
1735 1635 2069 1701 promoveri,

519 1727 537 1758 ι
578 1709 725 1765 hunc
763 1727 892 1767 vero
926 1726 978 1768 et
1010 1715 1310 1773 clariﬁcare
1339 1727 1394 1773 et
1433 1723 1649 1790 operari
1688 1724 1873 1778 dicant
1903 1743 1917 1780 :
1949 1725 2071 1781 ideo

507 1818 526 1850 t
561 1814 794 1873 carpunt
850 1805 1174 1876 insipienter
1232 1826 1450 1866 omnem
1506 1831 1814 1870 sermonem
1885 1820 2067 1887 pium,

508 1911 527 1944 ι
563 1904 617 1948 et
648 1898 740 1965 qui
797 1898 947 1968 ipsos
989 1916 1018 1954 a
1064 1904 1159 1956 tali
1194 1919 1449 1975 perversa
1492 1910 1763 1973 sententia
1810 1912 2069 1966 dimovet.

508 2007 526 2037 ι
565 1987 800 2045 Proinde
830 2002 883 2047 et
916 1996 982 2048 de
1027 1997 1185 2053 beato
1226 1998 1476 2057 Gahriele
1511 2002 1716 2059 faciens
1764 2020 2071 2059 sermonem

508 2098 527 2130 ι
566 2082 929 2139 calumniator
984 2088 1087 2143 iste
1132 2093 1380 2147 :eteuim
1432 2096 1731 2150 secundum
1803 2113 2026 2153 carnem
2058 2137 2072 2163 ,

509 2194 528 2225 ι
566 2176 767 2246 inquit,
801 2179 1081 2237 Christum
1128 2200 1193 2239 ex
1224 2185 1433 2258 Spiritu
1468 2199 1663 2245 sancto
1700 2202 1889 2245 natum
1925 2208 2074 2257 esse,

506 2285 524 2315 ι
562 2269 772 2337 primus
837 2272 969 2337 ille,
1027 2285 1083 2330 et
1131 2287 1255 2333 ante
1299 2278 1681 2337 formationem
1739 2285 2071 2354 praulicavit.

507 2376 527 2409 ι
566 2360 720 2417 Alius
756 2364 923 2433 igitur
950 2376 1033 2422 est
1066 2369 1322 2426 Christus
1352 2372 1462 2434 ille,
1497 2374 1589 2444 qui
1622 2377 1923 2431 secundum
1952 2393 2075 2432 car-

508 2470 526 2500 ι
565 2465 714 2517 nem,
757 2466 809 2509 ct
846 2457 985 2512 alius
1016 2462 1248 2516 seorsim
1280 2462 1538 2520 Christus
1582 2483 1773 2523 rursus
1807 2467 2073 2537 Verbum,

509 2560 526 2591 ι
567 2545 708 2609 quod
746 2560 809 2599 ex
845 2544 956 2601 Deo
982 2547 1142 2605 Patre
1179 2560 1283 2606 est.
1320 2550 1422 2607 Ubi
1452 2552 1617 2622 igitur
1644 2556 1818 2609 uuio?
1868 2566 1922 2611 et
1952 2575 2076 2625 qua:

509 2650 528 2683 ι
571 2635 695 2688 inde
717 2639 925 2693 utilitas
952 2642 996 2695 si
1030 2642 1140 2695 duo
1168 2642 1372 2697 Christi
1402 2653 1456 2699 et
1477 2647 1706 2701 seorsim
1737 2662 1801 2701 ac
1830 2647 2073 2715 divisim,

511 2743 528 2774 ι
568 2736 624 2780 ut
657 2737 885 2799 uterque
927 2732 1282 2804 intelligatur,
1319 2752 1385 2791 ac
1430 2738 1799 2807 praedicetur?
1864 2740 2073 2808 Eapro-

510 2837 528 2866 ι
568 2827 682 2885 pter
714 2820 840 2876 licet
878 2824 1098 2893 pietatis
1127 2842 1358 2894 persona
1410 2843 1468 2883 se
1499 2830 1749 2895 induant,
1805 2840 1858 2884 et
1905 2846 2073 2885 unum

510 2925 530 2957 ‹
567 2909 751 2963 dicant
808 2929 929 2967 esse
993 2914 1311 2983 Christum,
1371 2933 1495 2972 vere
1543 2931 1725 2974 tamen
1771 2920 1908 2976 duos
1954 2938 2077 2977 esse

511 3018 530 3047 ι
571 3008 847 3068 putantes,
881 3005 1108 3059 audiant
1137 3023 1166 3060 a
1193 3008 1350 3062 nobis
1377 3025 1390 3062 :
1431 3008 1725 3079 Usquequo
1752 3011 2075 3066 claudicatis

512 3108 530 3138 ι
572 3090 624 3144 in
656 3094 924 3149 ambobus
954 3096 1275 3165 poplitibus.
1326 3096 1511 3152 Satius
1538 3100 1687 3154 enim
1730 3100 1897 3155 fuerit
1931 3110 2075 3156 recte

2182 644 2201 677 ‹
2247 624 2399 678 Υἱοῦ.
2424 626 2610 678 Πάντα
2632 625 2741 693 γάρ
2765 626 2877 694 ἔχει
2910 625 3051 695 μετὰ
3078 623 3168 675 τοῦ
3205 625 3416 697 Πατρδς,
3444 637 3654 701 καὶτοῦτο

2180 734 2198 768 ι
2246 715 2407 776 αὐτὸς
2446 714 2681 778 ἐδίδαξεν
2716 714 2887 768 είπὼν
2913 720 3041 784 περὶ
3077 717 3169 768 τοῦ
3211 718 3355 785 ἁγίου
3381 723 3654 797 Πνεὺματοςο

2179 821 2198 855 t
2252 824 2269 855 ι
2285 805 2464 857 Πάντα
2486 806 2584 858 ὅσα
2611 805 2722 873 ἔχει
2745 808 2772 859 ὁ
2791 806 2981 875 Πατὴρ
3008 806 3118 874 ἐμά
3144 806 3275 861 ἐστι.
3297 812 3384 864 Διὰ
3399 815 3532 870 τοῦτο
3546 817 3656 876 εἷπον

2181 906 2200 940 α
2255 890 2382 953 ὑμῖν
2408 891 2489 942 ὅτι
2521 892 2585 943 ἐκ
2607 892 2700 944 τοῦ
2725 893 2858 961 ἐμοῦ
2890 893 3120 962 λήψεται
3138 896 3502 971 καὶάναγγελεῖ
3520 908 3655 976 ὑμῖν.»
3774 890 3775 981 1

2186 994 2206 1028 ι
2253 977 2463 1030 Οὐκοῦν
2488 979 2704 1043 ἐδόξασε
2741 982 2841 1049 μὲν
2863 984 2923 1033 τὸ
2952 981 3173 1051 Πνεῦμα
3192 984 3248 1036 τὸ
3277 985 3439 1054 άγιον,
3463 995 3658 1065 ἐνεργοῦν
3725 981 3733 992 ⁸

2180 1083 2200 1117 r
2247 1070 2314 1119 τὰ
2352 1069 2652 1138 παράδοξα,
2702 1070 2842 1141 πλὴν
2872 1071 2947 1134 ὡς
2994 1072 3216 1142 Πνεῦμα
3260 1077 3434 1143 αὑτοῦ,
3475 1086 3553 1137 καὶ
3590 1092 3660 1144 οὐκ

2183 1175 2201 1209 ι
2255 1158 2512 1229 ἀλλοτρία
2565 1160 2818 1232 δύναμις,
2907 1164 3002 1216 καὶ
3055 1165 3312 1233 κρείττων
3359 1172 3522 1239 αὐταῦ,
3565 1183 3662 1235 καθὸ

2183 1268 2205 1301 ‹
2264 1255 2464 1305 νοεῖται
2512 1252 2663 1316 Θεός.
2738 1255 2813 1308 Οὐ
2868 1255 3359 1328 δεδυσφημήκαμεν
3406 1268 3560 1321 τοίνυν
3605 1278 3659 1338 εἰς

2181 1360 2200 1392 ‹
2246 1341 2434 1410 ἁγίους
2463 1346 2751 1413 ἀγγέλους,
2785 1346 2908 1401 οὕτε
2961 1350 3070 1418 μὴν
3115 1351 3196 1410 είς
3243 1356 3522 1424 προφήτας,
3556 1366 3657 1419 καθὰ

2182 1451 2201 1485 ι
2246 1438 2583 1506 τετόλμηκεν
2617 1441 2799 1493 εἰπεῖν
2852 1440 2881 1492 ὁ
2909 1441 3065 1511 μόνοι,
3112 1440 3266 1505 εἰδὼς
3299 1445 3353 1495 τὸ
3377 1457 3661 1521 κακηγορεῖν,

2184 1545 2203 1578 ι
2260 1529 2419 1580 Ἐπεὶ
2446 1530 2501 1582 δέ
2533 1532 2648 1583 ἐστι
2675 1532 2871 1594 σκοπὸς
2907 1533 3055 1602 αὐτῷ
3085 1550 3142 1585 τε
3162 1535 3256 1586 καὶ
3282 1538 3387 1599 τοῖς
3415 1542 3521 1592 κατ’
3548 1546 3663 1599 αὐτὸν

2179 1636 2200 1672 r
2254 1621 2315 1673 τὸ
2359 1620 2586 1690 διαιρεῖν
2644 1625 2725 1686 εἰς
2756 1624 2848 1677 δῦο
2890 1625 3162 1695 Χριστοὺς
3204 1626 3291 1678 τὸν
3329 1626 3440 1691 ἐνα,
3483 1634 3562 1685 καὶ
3603 1639 3665 1689 τὸν

2180 1727 2200 1762 ι
2252 1710 2348 1780 μὲν
2406 1711 2765 1785 δοξαζόμενόν
2824 1733 2884 1769 τε
2935 1717 3027 1770 καὶ
3091 1720 3487 1791 ἐνεργούμενον,
3525 1728 3598 1781 τὸν
3628 1731 3668 1785 δέ
3714 1716 3723 1758 ί

2183 1823 2201 1855 ι
2246 1805 2534 1871 δοξάζοντά
2585 1825 2643 1861 τε
2698 1809 2793 1863 καὶ
2846 1810 3175 1879 ἐνεργοῦντα
3204 1811 3413 1881 λέγειν’
3444 1823 3667 1875 κατασκώ·
3773 1842 3775 1881 i

2189 1914 2206 1945 ι
2263 1912 2488 1951 πτουςιν
2556 1900 2832 1964 άτυνέτως
2892 1902 3067 1955 πάντα
3120 1904 3289 1972 ,λόγον
3338 1908 3535 1977 εὐσεϐῆ,
3606 1915 3669 1966 καὶ

2183 2006 2200 2038 ε
2249 1992 2345 2057 τῆς
2423 1994 2685 2062 τοιαύτης
2740 1995 2935 2055 αὐτοὺς
3012 1996 3327 2062 ἀφιστῶντα
3399 2003 3669 2070 κακοδοξίας,

2183 2097 2202 2131 r
2250 2083 2358 2135 Kal
2381 2083 2512 2151 γοῦν
2546 2089 2673 2156 περὶ
2701 2086 2791 2139 τοῦ
2847 2090 3121 2160 μακαρίου
3183 2091 3415 2163 Γαϐριὴλ
3443 2097 3520 2149 τὸν
3556 2099 3670 2168 λόγον

2179 2190 2200 2225 ‹
2250 2174 2568 2245 ποιούμενος
2618 2179 2647 2230 ὁ
2682 2177 2945 2246 φιλαίτιος
2989 2182 3204 2247 οὐτοσὶ,
3258 2184 3358 2238 Τὸν
3423 2188 3519 2255 γὰρ
3572 2192 3673 2244 κατὰ

2182 2285 2200 2319 ι
2250 2272 2449 2336 σάρκα,
2506 2271 2660 2339 φησι,
2692 2271 2927 2340 Χριστὸν
2987 2272 3052 2327 ἐκ
3088 2274 3402 2345 Πνεύματος
3438 2278 3573 2346 άγίου
3609 2301 3674 2349 γε·

2183 2378 2203 2411 ί
2249 2359 2511 2427 γενῆσθαι
2560 2363 2774 2433 πρῶτος
2803 2363 3036 2429 ἐκεῖνος,
3092 2365 3190 2418 καὶ
3248 2367 3351 2437 πρὸ
3382 2370 3473 2438 τῆς
3506 2370 3676 2425 omniai-

2185 2468 2204 2502 ι
2255 2468 2390 2514 σεως
2436 2451 2727 2522 ἐκήρυξεν.
2797 2453 3029 2523 Ἕτερος
3076 2451 3175 2509 οὖν
3210 2457 3319 2527 ἄρα
3350 2459 3459 2513 ἐστὶ
3493 2462 3673 2532 Χριστὸς

2186 2559 2206 2599 ι
2255 2541 2349 2594 καὶ
2381 2542 2567 2615 ἕτερος
2602 2543 2787 2607 ῖδικῶς
2818 2545 3051 2614 Χριστὸς
3083 2549 3110 2600 ὀ
3154 2549 3299 2602 κατὰ
3326 2551 3511 2621 σάρκα,
3536 2556 3612 2606 καὶ
3629 2558 3674 2625 δὴ

2183 2652 2202 2685 ι
2257 2634 2417 2687 πάλιν
2449 2639 2476 2687 ὁ
2509 2641 2572 2689 ἐκ
2604 2635 2740 2690 Θεοῦ
2769 2639 2981 2707 Πατρδς
3025 2638 3224 2707 Λόγος.
3262 2641 3370 2695 Ποῦ
3400 2645 3558 2697 τοίνυν
3596 2647 3681 2714 ήέ·

2184 2745 2204 2778 r
2268 2744 2452 2791 νωσις,
2480 2729 2574 2780 καὶ
2604 2727 2657 2780 τί
2719 2729 2781 2780 τὸ
2812 2729 3063 2783 ἐντεῦθεν
3118 2730 3338 2800 ϐφελος,
3387 2735 3433 2786 εί
3474 2733 3554 2786 δύο
3586 2734 3680 2803 Χρι-

2184 2838 2203 2871 ‹
2267 2822 2380 2873 στοὶ
2428 2820 2608 2882 ίδικῶς
2633 2822 2725 2873 καὶ
2776 2823 2879 2873 ἀνά
2927 2822 3093 2893 μέρος
3147 2824 3376 2887 ἕκαστος
3406 2827 3581 2879 νοεῖται
3615 2828 3682 2879 καὶ
3773 2836 3775 2887 1

2190 2926 2209 2959 ι
2251 2908 2502 2977 λέγεταις
2530 2908 2738 2962 Οὐκοῦν
2765 2910 2868 2962 κᾶν
2899 2912 2967 2975 εξ,
2998 2913 3056 2963 τὸ
3088 2913 3191 2983 τῆς
3224 2913 3493 2977 εὐσεϐείας
3510 2931 3678 2983 προσω-
3774 2964 3775 2967 η

2183 3019 2203 3053 ι
2263 3005 2413 3054 πεῖον
2442 3003 2658 3064 ἑαυτοῖς
2687 3004 3169 3075 περιπλάττοντες,
3208 3006 3308 3060 ενα
3334 3007 3525 3076 λέγωσι
3560 3009 3688 3079 Χρισ-
3770 3028 3775 3081 j

2189 3110 2208 3143 ι
2270 3093 2381 3157 τὸν,
2417 3093 2509 3147 δύο
2540 3096 2864 3167 φρονοῦντες
2900 3100 3040 3151 κατά
3074 3098 3363 3168 ἀλήθειαν,
3394 3103 3687 3155 άκουέτωσαν
3774 3128 3775 3149 γ

513 3200 531 3232 ε
573 3183 848 3252 incedere,
890 3187 1050 3243 ﬁdem
1101 3190 1367 3246 habentes
1412 3207 1605 3261 puram
1654 3201 1709 3248 et
1749 3195 1983 3261 firmam,
2020 3203 2072 3249 et

2186 3203 2203 3235 ι
2260 3185 2400 3255 πρὸς
2427 3185 2605 3255 ἡμῶν,
2632 3186 2778 3251 Ἕως
2808 3189 2939 3241 πότε
2967 3190 3264 3259 χωλανεῖτε
3285 3194 3374 3244 ἐπ’
3408 3192 3690 3263 ἀμφοτέραις
3774 3220 3775 3255 ι

515 3294 533 3326 ι
574 3291 680 3332 non
708 3278 887 3334 stultis
914 3280 1266 3350 Opinionibus
1292 3282 1709 3342 claudicantem.
1746 3304 1763 3337 ι

1068 3589 1499 3648 Αιιὶηιαάυεηίο.

586 3720 605 3754 ι
645 3701 932 3772 Perspicua
963 3703 1255 3759 admodum
1285 3714 1372 3760 est
1402 3715 1458 3761 et
1510 3706 1598 3761 hic
1633 3721 1855 3775 quoque
1900 3719 2074 3763 sancti

515 3812 534 3846 ι
574 3794 840 3876 doc‘rina.
875 3796 1085 3852 Rursus
1121 3797 1265 3851 enim
1311 3798 1513 3853 ibidem
1558 3799 1775 3861 asserit,
1818 3815 1886 3852 ex
1916 3798 2078 3854 Patre

516 3903 533 3934 ι
577 3884 840 3954 Spiritum
908 3888 1237 3956 procedere.
1311 3898 1364 3943 et
1413 3889 1683 3959 dogmatis
1751 3892 2073 3960 magistrum

516 4000 535 4028 ι
574 3979 910 4033 Salvatorem
945 3982 1120 4050 ipsum
1143 3982 1382 4046 adducit,
1410 3985 1688 4053 proprium
1711 4000 1837 4040 vero
1858 3984 2001 4053 Filii,
2021 3996 2078 4044 et

514 4090 532 4119 ι
573 4088 677 4124 non
703 4073 941 4127 alienum
973 4084 1231 4147 tanquam
1256 4079 1800 4136 consubstantialem.
1834 4100 1853 4133 ι

1116 4188 1439 4259 ΔΙίεῙιιειιιὶο.

584 4292 872 4363 Proprium
915 4295 1038 4351 Filii
1072 4298 1211 4354 dicis
1263 4299 1528 4369 Spiritum
1575 4311 1631 4357 et
1662 4319 1773 4358 non
1815 4304 2075 4375 alienum,

510 4390 639 4455 quia
675 4391 1183 4447 eonsubstantialis.
1232 4391 1345 4464 Ego
1381 4410 1512 4450 vero
1558 4395 1789 4451 dixerim
1835 4400 2076 4456 consub-

2183 3295 2202 3330 ι
2258 3281 2378 3339 ταῖς
2431 3278 2643 3347 ἰγνύαις
2689 3280 2883 3350 ὑμῶν;
2927 3282 3281 3351 Ὀρθοποδεϊν
3343 3286 3448 3354 γάρ
3494 3286 3687 3353 ἄμεινον,

2183 3390 2203 3423 ‹
2261 3370 2445 3424 πίστιν
2490 3372 2715 3441 ἔχοντας
2746 3373 2847 3444 τὴν
2881 3375 3152 3445 ἀϐέϐηλον
3185 3375 3283 3428 καὶ
3328 3376 3690 3449 ἐρηρεισμένην,

2185 3483 2204 3515 ε
2256 3465 2349 3517 καὶ
2374 3466 2473 3518 οὐκ
2495 3465 2777 3530 άσυνέτοις
2805 3468 3116 3532 σκάζουσαν
3145 3469 3448 3541 λογισμοῖς.
3485 3489 3501 3520 ι

2768 3583 3151 3640 Ἐπιστασῐα.

2200 3702 2219 3755 1
2254 3712 2272 3746 ι
2333 3695 2519 3766 Σαφὴς
2543 3695 2683 3749 πάνυ
2711 3694 2991 3749 κάνταῦθα
3018 3696 3173 3767 ήςτοῦ
3209 3696 3369 3763 ἁγίου
3411 3694 3693 3748 διδασκαλία·
3774 3694 3775 3767 ξ

2184 3804 2204 3837 Ι
2252 3786 2413 3853 Λέγει
2452 3786 2560 3856 γὰρ
2582 3787 2676 3840 καὶ
2706 3785 2871 3839 πάλιν
2897 3785 3304 3857 ἐκπορεύεσθαι
3334 3787 3394 3840 τὸ
3419 3785 3620 3855 Πνεῦμα
3652 3789 3698 3837 ἐκ

2184 3894 2204 3928 ι
2256 3877 2471 3947 Πατρὸς
2505 3877 2826 3931 διδάσκαλον
2852 3877 2947 3931 τοῦ
2990 3881 3243 3932 τοιούτου
3275 3879 3536 3950 δόγματος
3576 3877 3698 3930 αὐτὸν

2187 3986 2206 4020 ι
2264 3967 2354 4022 τὸν
2386 3968 2618 4038 Σωτῆρα
2640 3968 2929 4036 παράγων,
2961 3968 3092 4021 ἴδιον
3117 3968 3177 4021 δέ
3208 3964 3353 4022 εἶναι
3384 3968 3473 4022 τοῦ
3507 3966 3613 4021 Υἱοῦ
3633 3965 3701 4018 καὶ

2184 4079 2205 4111 ι
2263 4062 2365 4115 οὐκ
2390 4060 2700 4134 ἀλλότριον,
2727 4061 2802 4126 ὠς
2822 4061 3132 4130 ὁμοούσιον.
3175 4080 3196 4112 ι

2735 4178 3117 4247 Ἆντιρῤησις.

2254 4292 2418 4345 Ἰδιον
2445 4292 2541 4346 τοῦ
2574 4291 2709 4346 Υίοῦ
2737 4292 2918 4361 λέγεις
2943 4291 3003 4345 τὸ
3037 4292 3267 4362 Πνεῦμα
3309 4291 3403 4345 καὶ
3444 4291 3540 4343 οὐκ
3580 4285 3703 4340 ἀλλά.

2176 4399 2352 4451 τριον,
2387 4384 2469 4436 ὃτι
2493 4380 2780 4452 ὁμοοὺσιον
2826 4382 2957 4451 Υίῷ.
3002 4380 3147 4451 Ἐγὼ
3183 4382 3243 4435 δέ
3278 4399 3423 4451 φημι
3465 4377 3703 4448 ὀμοούσοον

508 4483 815 4536 stantialem
844 4482 984 4538 Filio
1016 4483 1305 4553 Spiritum,
1353 4488 1479 4557 quia
1528 4486 1650 4543 Filii
1689 4494 1968 4561 proprius,
2006 4509 2072 4548 ne

2184 4474 2296 4545 Υίῷ
2310 4474 2370 4528 τὸ
2386 4473 2632 4543 Πνεῦμα,
2651 4475 2734 4528 ὅτι
2755 4474 2888 4528 ῐδιον
2910 4474 3064 4538 Υίοῦ,
3086 4475 3175 4527 ἵνα
3202 4472 3280 4544 μὴ
3299 4471 3620 4582 ἀκολουθήσέ
3636 4466 3703 4574 καὶ

506 4582 794 4642 sequatur,
828 4573 1025 4630 Filium
1064 4578 1347 4647 pr0prium
1389 4579 1608 4647 quidem
1662 4581 1902 4651 Spiritus
1940 4584 2071 4649 dici,

2184 4567 2270 4621 τδν
2302 4566 2428 4620 Υίδν
2453 4567 2587 4619 ἴδιον
2605 4564 2700 4619 τοῦ
2731 4566 3050 4635 Πνεῦματος
3079 4566 3369 4633 λέγεσθαι,
3397 4565 3471 4627 ὡς
3489 4565 3559 4634 τῷ
3580 4562 3707 4677 [1:515-

507 4676 766 4738 tanquam
823 4672 915 4739 qui
971 4671 1454 4726 consubstantialis
1497 4672 1727 4742 Spiritui
1782 4685 1887 4730 est.
1934 4675 2071 4731 Cum

2184 4677 2310 4732 ματι
2345 4659 2655 4729 ὀμοούσιον.
2706 4660 2794 4712 Ἐν
2826 4659 2884 4712 δὲ
2934 4660 3013 4729 τῷ
3061 4659 3250 4728 λέγειν
3281 4658 3358 4735 ὡς
3394 4660 3422 4710 ὁ
3453 4654 3704 4760 ﬁrm-K6"

506 4777 636 4816 vero
671 4762 811 4818 dicis
841 4772 1093 4818 sanetum
1123 4762 1385 4834 Cyrillum
1415 4763 1756 4819 Salvatorem
1797 4766 2072 4823 adducere

2184 4753 2356 4824 ριλλος
2413 4752 2735 4807 διδάσκαλον
2785 4753 2879 4807 τὸν
2944 4753 3178 4824 Σωτῆρα
3244 4754 3489 4822 παράγει
3536 4747 3618 4801 τοῦ
3646 4745 3704 4853 fi

507 4854 832 4922 magistrum
873 4856 1148 4909 dicentem
1184 4854 1448 4924 Spiritum
1473 4856 1766 4925 procedere
1799 4873 1865 4912 ex
1890 4857 2070 4928 Patre,

2184 4843 2400 4914 Πνεῦμα
2448 4843 2849 4915 ἐκπορεύεσθαι
2903 4846 2968 4897 ἐκ
3022 4845 3270 4917 Πατρδς,
3312 4843 3509 4897 εἰδέναι
3557 4856 3607 4892 σε
3642 4836 3703 4889 δεῖ

506 4944 789 4999 sciendum
808 4955 894 5000 est
923 4945 1041 5010 tibi,
1074 4953 1134 4999 ut
1174 4955 1229 5000 et
1258 4946 1311 5000 in
1341 4946 1461 5000 aliis
1499 4946 1924 5012 insinuavimus,
1968 4949 2072 5002 Do-

2184 4936 2319 4990 καθὰ
2345 4937 2442 4990 καὶ
2471 4938 2529 4989 ἐν
2554 4936 2737 4999 ἄλλοις
2765 4938 3087 5007 εἰρήκειμεν
3140 4938 3221 4999 ὡς
3243 4940 3279 5007 ἠ
3317 4932 3563 5036 Κυριακῗι
3590 4929 3707 5036 et:th
3774 5010 3775 5013 η

506 5034 768 5087 minicam
810 5049 996 5089 vocem
1048 5034 1191 5088 sumi
1237 5051 1264 5088 a
1300 5046 1489 5089 saneto
1537 5036 1599 5088 ad
1635 5036 2070 5091 conﬁrmandum

2184 5026 2252 5096 τῷ
2286 5026 2426 5094 ἁγίῳ
2455 5026 2947 5096 παραλαμϐάνεται
2986 5028 3068 5090 εῑς
3092 5026 3418 5096 μαρτυρίαν
3459 5024 3548 5078 τοῦ
3600 5016 3708 5100 εἶναι
3774 5046 3775 5095 3

507 5122 770 5191 Spiritum
817 5138 885 5178 ex
932 5122 1092 5178 Patre
1142 5138 1266 5178 esse
1302 5124 1759 5192 quemadmodum
1814 5125 1949 5180 locis
2017 5128 2072 5180 in

2184 5118 2236 5171 τὸ
2286 5117 2512 5189 Πνεῦμα
2553 5119 2619 5171 ἐκ
2646 5117 2742 5170 τοῦ
2791 5118 3024 5187 Πατρός.
3067 5118 3289 5188 Ὥσπερ
3319 5115 3418 5172 οὖν
3460 5120 3515 5169 ἐν
3562 5113 3710 5171 ἄλλοις

508 5216 633 5271 aliis
658 5216 726 5270 ab
754 5217 873 5285 ipso
904 5226 1096 5271 sancto
1121 5216 1346 5287 Cyrillo,
1380 5228 1436 5271 et
1464 5216 1532 5271 ab
1556 5218 1679 5273 aliis
1706 5219 1888 5275 multis
1918 5220 2072 5274 theo-

2184 5210 2323 5280 αὑτῷ
2361 5226 2421 5262 τε
2458 5209 2537 5280 τῷ
2576 5208 2718 5281 ἁγίῳ
2751 5210 3025 5281 Κυρίλλῳ,
3054 5211 3146 5262 καὶ
3176 5210 3407 5272 πολλοῖς
3432 5207 3602 5268 ἄλλοις
3626 5207 3710 5256 τῶν
3774 5220 3775 5243 1

2177 5299 2446 5369 θεολόγων
2503 5300 2764 5372 Πατέρων
2812 5302 2867 5353 αῖ
2918 5300 3076 5355 ἄλλαι
3125 5302 3423 5372 Κυριακαὶ
3473 5297 3645 5370 φωναὶ,
3686 5293 3709 5360 ἡ

2175 5392 2402 5461 Πνεῦμα
2459 5391 2716 5459 ἀληθείας
2769 5390 2972 5463 δηλαδὴ
3003 5391 3249 5460 λέγουσα
3302 5392 3369 5445 τὸ
3432 5387 3634 5457 Πνεῦμα
3666 5381 3709 5433 τὸ

2178 5484 2357 5554 ἅγιον,
2388 5485 2480 5537 καὶ
2524 5485 2557 5553 ἡ
2587 5485 2651 5537 ἐκ
2695 5482 2790 5537 τοῦ
2824 5484 2955 5536 Υἱοῦ
2984 5484 3298 5553 λαμϐάνειν
3324 5483 3558 5554 δηλοῦσα
3592 5476 3710 5534 αὐτὸ.

2176 5580 2258 5642 εἰς
2292 5579 2605 5649 μαρτυρίαν
2656 5577 3187 5651 παραλαμϐάνονται
3240 5577 3341 5631 τοῦ
3398 5578 3491 5631 καὶ
3548 5576 3604 5626 ἐκ
3640 5583 3709 5620 του

2174 5670 2309 5725 Υίοῦ
2347 5669 2502 5727 εἶναι
2546 5673 2697 5729 αὐτό.

502 5304 646 5375 logis
701 5305 954 5361 Patribus
1013 5307 1132 5361 alia:
1200 5306 1496 5363 Dominicze
1563 5309 1870 5379 dictiones,
1932 5312 2075 5367 inter

501 5414 662 5467 quas,
706 5409 760 5454 et
785 5416 908 5470 qua:
952 5401 1173 5465 asserit,
1217 5399 1481 5470 Spiritum
1513 5404 1756 5459 veritatis
1805 5404 2068 5474 Spiritum

499 5500 751 5544 sanetum
780 5504 925 5555 esse,
973 5500 1026 5543 et
1067 5504 1189 5559 quae
1232 5505 1299 5544 ex
1332 5490 1471 5545 Filio
1505 5491 1655 5546 illum
1700 5492 1945 5567 accipere
1978 5494 2071 5547 de-

500 5579 699 5643 clarat.
731 5582 797 5636 ad
852 5580 1319 5651 comprobandum
1367 5598 1433 5639 ex
1478 5582 1616 5639 Filio
1646 5598 1864 5655 quoque
1912 5600 2068 5640 eum-

499 5674 621 5728 dem
659 5690 801 5728 esse.

570 5854 766 5909 'Juan.
804 5854 1030 5923 “1,15.
