3882 6578
118 401 204 465 ηε
1015 387 1099 450 IN
1141 385 1530 448 CAMATERI
1570 385 2316 471 ANIMADVERSIONES.
3202 390 3305 456 545

122 508 212 566 τοῦ
231 502 399 560 αὐτοῦ
425 502 491 555 ἐκ
520 497 626 566 τῆς
655 500 805 568 πρὸς
834 499 1167 570 Νεστόριον
1188 496 1236 569 τ’
1272 496 1631 566 ἐπιστολῆς.

1626 541 1631 552 ,
1666 505 1707 560 Α
1884 496 2135 566 Ejusdem
2177 515 2242 553 ex
2266 499 2492 567 epistola
2527 498 2686 552 tertia
2720 498 2789 552 ad
2832 495 3159 552 Nestorium.

177 619 277 671 l’B’.
313 614 502 676 ι,’οταν
522 613 577 666 δὲ
601 611 739 684 λέγῃ
759 612 884 682 περὶ
913 611 1009 665 τοῦ
1035 612 1375 681 Πνεύματος,
1405 630 1422 663 ι
1453 610 1635 664 Ἐκεῖο

1809 609 1921 665 Cll.
1975 630 1993 663 ι
2027 611 2162 666 Cum
2215 614 2283 667 de
2340 612 2548 682 Spiritu
2610 621 2802 668 sancto
2854 612 2929 665 ait
2968 627 2983 664 :
3022 630 3039 663 ι
3072 611 3165 667 Ille
3218 627 3307 669 me

123 736 136 764 ι
179 726 253 772 νος
281 706 370 775 ἐμὲ
392 704 628 768 δοξάσει,
663 722 683 756 ι
722 703 972 767 νοοῦντες
1003 704 1203 774 ὀρθῶς,
1231 702 1334 772 οὐχ
1365 702 1441 764 ὡς
1475 701 1633 771 δόξης

1803 703 2194 772 glorificabit‘,
2229 723 2249 757 ι
2319 704 2425 760 nisi
2495 720 2681 760 errare
2712 705 2967 768 velimus,
3023 704 3303 761 Christum

122 824 133 851 ι
169 800 333 852 ἐπιδεᾶ
362 796 459 865 τῆς
481 796 613 864 παρ’
642 795 835 864 ἑτέρου
873 795 1052 864 φαμὲν
1097 793 1190 845 τὸν
1254 794 1350 846 ἕνα
1396 792 1635 862 Χριστὸν

1807 794 1897 849 Dei
1921 794 2120 849 Filium
2154 796 2318 850 veluti
2349 796 2552 863 gloriae,
2580 813 2703 865 quae
2744 797 2965 852 aliunde
3003 796 3306 866 proficisci-

122 916 134 945 ι
168 895 243 946 χαί
270 891 406 952 Υίὶν,
455 888 555 957 τὴν
585 888 740 956 παρὰ
777 886 874 939 τοῦ
913 886 1071 953 ἁγίου
1126 884 1444 954 Πνεύματος
1478 882 1637 946 δόξαν

1808 896 1915 952 tur,
1950 887 2192 956 indigum
2246 903 2273 940 a
2308 888 2512 957 Spiritu
2564 898 2760 943 sancto
2801 889 3165 958 glorificatum
3204 904 3301 943 ne-

122 1010 132 1035 ι
170 985 294 1054 ἔχειν
336 984 412 1035 ὅτι
446 980 582 1050 μηδὲ
615 982 865 1051 κρεῖττον
908 978 1050 1049 ὑπὲρ
1090 977 1250 1031 αὑτὸν
1292 978 1352 1029 τὸ
1414 974 1638 1044 Πνεῦμα

1803 991 2077 1048 quaquam
2112 979 2380 1033 dicemus.
2417 978 2699 1048 Siquidem
2747 977 2988 1048 Spiritus
3015 979 3166 1034 illius
3207 992 3306 1032 ne:

121 1100 133 1131 ι
166 1075 327 1132 αὐτοῦ.
372 1074 520 1126 Ἐπεὶ
543 1071 611 1124 ’δὲ
658 1073 742 1134 είς
772 1071 996 1135 ἔνδειξιν
1028 1072 1127 1138 τῆς
1160 1068 1326 1123 αὑτοῦ
1387 1068 1636 1135 θεότητος

1802 1085 1910 1139 que
1957 1070 2050 1125 illo
2106 1071 2320 1134 melior,
2386 1086 2563 1140 neque
2612 1070 2704 1126 illo
2749 1087 2967 1125 rursum
3016 1072 3309 1128 sublimior

122 1191 135 1222 ι
171 1167 346 1238 ἐχρῆτο
371 1164 445 1234 τῷ
501 1163 964 1233 ἰδίῳΙΠνεύματι
1020 1162 1157 1232 πρὸς
1210 1158 1635 1230 μεγαλουργίαν,

1802 1170 1910 1219 est.
1953 1161 2151 1216 Verum
2189 1163 2335 1231 quod
2359 1165 2424 1217 ad
2457 1163 2761 1218 divinitatis
2809 1181 2922 1219 sua:
2952 1165 3310 1242 significatio;-

123 1260 446 1325 «δεδοξάσθαι
497 1259 633 1329 παρ’
663 1258 833 1311 αὐτοῦ
890 1274 1075 1326 φησιν,
1111 1257 1300 1325 ὥσπερ
1332 1256 1397 1308 ἂν
1439 1258 1488 1307 εἰ
1545 1255 1637 1308 καί

1798 1268 1920 1307 nem
1961 1269 2064 1308 suo
2095 1254 2329 1309 subinde
2388 1252 2598 1320 Spiritu
2647 1255 2704 1314 in
2732 1252 3047 1326 insignium
3080 1238 3307 1327 ορεῖἷῖῖΐί

125 1375 138 1406 ι
168 1371 237 1415 τις
260 1354 384 1422 λέγῃ
406 1350 513 1401 τῶν
541 1349 667 1402 καθ’
700 1350 849 1418 ἡμᾶς
882 1351 1011 1419 περὶ
1038 1350 1136 1417 τῆς
1169 1348 1397 1415 ἐνούσης
1454 1346 1638 1416 ἰσχύος

1806 1347 2211 1432 perpetratione
2245 1356 2509 1413 uteretur,
2552 1347 2624 1403 ob
2654 1348 2711 1403 id
2740 1363 2814 1403 -se
2849 1350 2918 1403 ab
2960 1349 3055 1404 illo
3100 1348 3310 1419 glorifi-

123 1466 136 1497 ι
168 1442 294 1512 αὑτῴ
316 1441 491 1519 τμχδν,
542 1441 576 1511 ἢ
618 1438 753 1508 γοῦν
804 1441 1117 1509 ἐπιστήμης
1161 1440 1258 1508 τῆς
1295 1437 1380 1508 ἐφ’
1412 1436 1635 1508 ὁτῳοῦν.

1807 1438 1918 1492 cari
1949 1438 2329 1507 profitebatur,
2365 1440 2591 1510 perinde
2620 1456 2685 1496 ac
2728 1442 2772 1496 si
2800 1443 2923 1511 quis
2965 1451 3212 1497 nostrum
3244 1442 3313 1496 de

122 1556 136 1589 t
173 1538 238 1589 ὅτι
266 1535 578 1597 Δοξάσουσιν
609 1532 732 1601 ἐμέ.
766 1532 826 1584 Et
857 1532 965 1602 γὰρ
998 1532 1091 1585 καὶ
1117 1531 1269 1584 ἔστιν
1311 1528 1370 1583 ιν
1408 1530 1640 1583 ὑποστάς

1807 1544 1902 1583 sua
1937 1528 2282 1598 fortitudine,
2313 1542 2410 1587 aut
2455 1534 2704 1603 cujusvis
2755 1534 2832 1588 rei
2867 1534 3094 1588 scientia
3123 1534 3308 1587 dicat:

123 1648 135 1678 ι
166 1643 234 1679 σει
258 1625 313 1678 τὸ
338 1621 555 1691 Πνεῦμα
588 1621 757 1690 ίδικῇ,
782 1621 876 1674 καὶ
910 1623 1110 1674 νοεῖται
1136 1619 1258 1673 καθ’
1292 1617 1477 1682 ἑαυτὸ,
1505 1615 1642 1670 καθὸ

1808 1619 1925 1673 Mea
1956 1636 2041 1673 me
2065 1621 2263 1687 virtus,
2298 1633 2394 1678 aut
2423 1623 2652 1679 scientia
2683 1624 3033 1693 glorificabit.
3072 1621 3207 1678 Nam
3257 1631 3313 1676 et

119 1739 132 1767 ι
166 1714 356 1783 Πνεῦμά
380 1716 491 1764 ἐστι
520 1714 615 1763 καὶ
641 1711 741 1779 οὐχ
772 1711 920 1773 Υἱὸς,
954 1708 1072 1762 ἀλλ’
1097 1708 1213 1777 οὖν,
1241 1709 1340 1760 οὐκ
1363 1706 1641 1776 ἀλλότριόν

1806 1710 1851 1765 si
1884 1708 2120 1779 Spiritus
2151 1712 2205 1765 in
2236 1713 2453 1782 propria
2481 1729 2711 1783 persona
2737 1715 3023 1780 subsistat,
3056 1724 3311 1769 eatenus-

121 1826 133 1856 ι
172 1807 295 1857 ἔστιν
324 1801 510 1855 αὑτοῦ.
550 1800 778 1869 Πνεῦμα
827 1801 936 1870 γὰρ
982 1799 1243 1867 ἀληθείας
1296 1797 1633 1866 ὠνόμασται.

1810 1816 1917 1870 que
1970 1803 2024 1855 in
2057 1817 2117 1856 se
2156 1804 2275 1872 ipso
2316 1805 2718 1869 consideretur,
2751 1819 3024 1874 quatenus
3070 1804 3312 1874 Spiritus

118 1897 383 1965 «καθάπερ
408 1893 602 1963 ἀμέλει
634 1895 731 1947 καί
780 1894 847 1945 ἐκ
909 1891 1002 1945 τῡῦ
1055 1890 1191 1943 θεοῦ
1250 1891 1344 1943 καὶ
1396 1890 1627 1958 Πατρός.

1800 1903 1884 1947 est
1910 1903 1963 1947 et
2003 1908 2111 1947 non
2149 1895 2346 1959 Filius,
2375 1912 2482 1949 non
2526 1906 2815 1951 esttamen
2855 1898 2924 1951 ab
2959 1911 3023 1950 eo
3054 1896 3309 1950 alienus:

116 2009 129 2039 ι
175 1989 475 2056 Ἐνεργῆσαν
504 1984 801 2056 τοιγαροῦν
830 1987 892 2038 τὸ
914 1983 1140 2053 Πνεῦμα
1181 1984 1273 2035 καὶ
1309 1983 1396 2036 διὰ
1432 1981 1632 2052 χειρῶν

1804 1986 2240 2054 quandoquidem
2269 1987 2504 2056 Spiritus
2529 1989 2772 2042 veritatis
2795 1989 3130 2042 nominatur.
3149 1987 3310 2042 Chri-

118 2102 130 2130 ι
165 2079 251 2131 τῶν
275 2078 433 2146 ἁγίων
454 2079 774 2131 ἀποστόλων
799 2079 866 2130 τὰ
894 2076 1193 2147 παράδοξα,
1230 2075 1370 2144 μετὰ
1390 2074 1450 2128 τὺ
1480 2074 1629 2128 ἁνελο

1805 2089 1927 2133 stus
1960 2090 2140 2133 autem
2175 2081 2375 2133 veritas
2398 2091 2517 2147 est;
2549 2081 2642 2135 sed
2669 2089 2725 2135 et
2754 2082 2979 2149 perinde
2999 2094 3216 2150 quoque
3243 2079 3310 2134 ab

114 2190 129 2223 t
171 2172 263 2224 θεῖν
290 2173 374 2223 τὸν
428 2168 637 2239 Κύριον
666 2170 826 2240 ἡμῶν
872 2169 1079 2238 Ἰησοῦν
1126 2169 1359 2238 Χριστὸν
1413 2167 1492 2229 είς
1538 2167 1632 2218 τὸν

1812 2168 1904 2222 illo
1939 2183 2103 2238 atque
2139 2186 2167 2222 a
2200 2171 2308 2224 Deo
2333 2168 2494 2224 Patre
2536 2171 2906 2240 profunditur.
2950 2172 3083 2225 Cum
3126 2170 3311 2238 itaque

119 2261 379 2333 «οὐρανὸν,
441 2261 695 2326 ἐδόξασεν
738 2261 932 2314 αὐτόν.
994 2258 1328 2326 Ἐπιστεύθη
1390 2260 1498 2326 γὰρ
1545 2259 1631 2309 ὅτι

1802 2259 2035 2315 Domino
2092 2274 2284 2317 nostro
2351 2265 2417 2317 ad
2470 2265 2669 2318 caelum
2732 2275 3017 2333 assumpto
3072 2263 3311 2330 Spiritus

117 2375 129 2405 ι
165 2356 270 2417 Θεὸς
300 2354 431 2407 κατὰ
468 2353 632 2420 φύσιν
657 2355 796 2407 ἐστί.
839 2354 1006 2408 Πάλιν
1056 2354 1215 2416 αὐτὸς
1272 2352 1512 2420 ἐνεργῶν
1541 2351 1629 2403 διὰ

1802 2364 2024 2408 sanctus
2064 2356 2328 2424 smpenda
2384 2356 2628 2425 prodigia
2675 2369 2768 2423 per
2821 2365 3136 2409 sanctorum
3181 2365 3312 2421 apo-

117 2466 132 2498 ι
167 2447 240 2499 τοῦ
267 2448 408 2514 ἁγίου
443 2440 769 2517 Πνεύματὸς
802 2448 1038 2515 ἔφασκεν
1067 2448 1147 2499 ὅτι
1183 2465 1202 2497 ι
1256 2445 1350 2499 Ἐκ
1371 2444 1463 2498 τοῦ
1490 2445 1626 2515 ἐμοῦ

1798 2449 2064 2498 stolarum
2099 2462 2294 2501 manus
2337 2446 2544 2514 ederet,
2590 2456 2720 2500 tunc
2753 2461 2879 2500 vere
2920 2446 3073 2500 illum
3109 2443 3314 2515 glorifi-

118 2556 129 2584 ι
166 2536 362 2605 λήψεται
394 2540 484 2589 καὶ
515 2537 814 2605 ἀναγγελεῖ
844 2537 993 2607 ὑμῖν.
1031 2556 1050 2588 ι
1084 2537 1195 2589 Καὶ
1223 2535 1337 2588 οὔτι
1390 2537 1491 2587 πού
1526 2552 1630 2602 φα-

1801 2538 1966 2591 cavit.
2009 2537 2286 2592 Creditum
2331 2548 2414 2592 est
2452 2539 2596 2592 enim
2635 2540 2780 2608 quod
2827 2538 2967 2592 Deus
3006 2538 3300 2592 secundum

121 2649 132 2675 ι
173 2644 252 2696 μεν
280 2629 344 2692 ὡς
378 2631 438 2681 ὲκ
468 2630 706 2699 μετοχῆς
740 2630 802 2682 τὸ
836 2628 1061 2700 Πνεῦμὰ
1094 2631 1232 2693 ἐστι,
1265 2628 1427 2696 σοφόν
1456 2644 1513 2680 τε
1539 2627 1634 2680 καλ⁵

1805 2640 2054 2681 naturam
2092 2639 2257 2692 esset,
2298 2645 2396 2696 per
2449 2627 2712 2699 Spiritum
2750 2647 2905 2687 suum
2951 2631 3103 2684 illum
3131 2631 3311 2684 denuo

118 2737 130 2766 ι
166 2720 354 2771 δυνατόν
378 2733 391 2747 ·
417 2720 741 2773 παντέλειον
768 2720 877 2788 γὰρ
908 2726 1003 2772 καί
1027 2718 1325 2787 ἀπροσδεές
1351 2720 1468 2769 ἐστι
1499 2734 1633 2769 παν-

1805 2720 2041 2787 operari.
2110 2720 2404 2789 Pr0pterea
2465 2738 2686 2792 quoque
2753 2722 3020 2777 Dominus
3055 2722 3236 2777 aiebat
3289 2738 3305 2777 :

121 2830 134 2858 ι
167 2808 239 2871 τδς
264 2809 473 2878 ἀγαθοῦ.
518 2811 680 2864 Ἐπεὶ
708 2811 765 2864 δὲ
817 2811 916 2881 τῆς
959 2809 1056 2862 τοῦ
1086 2810 1300 2879 Πατρδς
1352 2809 1634 2878 δυνάμεως

1804 2808 2071 2874 Quoniam
2129 2812 2195 2865 de
2241 2828 2360 2867 meo
2412 2814 2665 2883 accipiet,
2714 2825 2769 2868 et
2818 2812 3167 2867 annuntiabit
3213 2794 3311 2866 vo-

121 2919 134 2948 ι
170 2901 245 2952 καὶ
269 2902 465 2969 σοφίας,
495 2904 751 2956 τουτέστι
782 2901 875 2955 τοῦ
906 2900 1296 2977 ΥἱοῦΟΠνεῦμά
1324 2903 1494 2964 ἐστιν,
1534 2903 1634 2953 αύ-

1805 2903 1888 2956 bis
1914 2903 1955 2954 ⁵.
1996 2920 2014 2952 ι
2080 2903 2194 2956 Hoc
2253 2913 2429 2958 tamen
2480 2920 2587 2959 non
2640 2907 2716 2959 ita
2756 2905 3134 2973 accipiendum
3183 2912 3307 2969 est,

121 3009 135 3040 ι
164 2993 380 3064 τόχρημα
406 2996 568 3065 σοφία
600 2994 727 3049 ἐστὶ
753 2996 849 3049 καὶ
874 2994 1126 3063 δύναμις.
1166 3013 1185 3047 ι

1813 2996 1967 3062 quasi
2005 2994 2245 3063 Spiritus
2291 3008 2516 3051 sanctus
2548 3012 2642 3066 per
2673 2997 2967 3066 quamdam
3010 2994 3309 3066 participa-

124 3085 331 3140 ttionem
379 3091 594 3158 sapiens
653 3096 749 3142 aut
801 3094 995 3157 potens
1041 3086 1112 3140 sit
1172 3103 1187 3139 :
1244 3093 1330 3142 est
1376 3085 1520 3140 enim
1583 3084 1673 3138 ille
1728 3088 1971 3140 numeris
2033 3088 2288 3142 omnibus
2349 3087 2646 3157 perfectus,
2701 3090 3015 3157 nulliusque
3090 3085 3310 3158 penitus

122 3178 611 3248 iindiguszverum
679 3183 808 3252 quia
903 3182 1207 3251 potentiae,
1261 3191 1317 3236 et
1379 3182 1665 3251 sapientia:
1727 3179 1928 3248 Patris,
1970 3182 2076 3238 hoc
2117 3194 2203 3238 est
2267 3181 2390 3237 Filii
2432 3183 2666 3253 Spiritus
2726 3193 2829 3248 est,
2872 3185 3001 3238 binc
3070 3195 3124 3236 et
3179 3180 3297 3252 ipse

123 3292 136 3322 ι
167 3288 350 3344 quoque
382 3292 437 3329 re
465 3276 581 3347 ipsa
630 3277 872 3347 pctentia
897 3285 952 3339 et
983 3276 1253 3346 sapientia
1286 3285 1388 3331 est.
1424 3293 1443 3327 ι

218 3380 225 3385 '
674 3370 1058 3423 Ἐπιστασία.
1666 3373 1712 3436 c

1666 3373 1712 3436 ο
2314 3367 2744 3432 Αηίηιαίίυενείο.]

180 3474 195 3505 ι
232 3457 451 3523 Συνετῶς
481 3459 580 3530 τῆς
619 3462 926 3532 περικοπῆς
976 3460 1183 3531 ταύτης
1216 3462 1402 3525 ἄκουε,
1434 3461 1530 3516 καὶ
1563 3460 1640 3533 μὴ

1821 3459 2173 3531 ιυΡτιιόεηιει·
2196 3460 2338 3516 hanc
2369 3464 2675 3530 periciipem
2705 3459 3018 3529 intelligito,
3048 3474 3222 3527 neque
3253 3466 3308 3516 te

125 3563 137 3591 ι
172 3547 365 3615 θροείτω
390 3568 447 3603 σε
472 3553 534 3605 τὸ
558 3554 746 3621 λέγειν
778 3553 869 3606 τὸν
903 3557 1060 3621 ᾶγιον
1086 3556 1146 3605 ὲν
1194 3553 1395 3626 tati-cn,
1419 3555 1641 3624 προχεῖ-

1810 3552 2009 3618 turbet,
2040 3569 2162 3606 cum
2196 3552 2252 3605 in
2297 3567 2360 3606 ea
2392 3561 2618 3607 sanctus
2665 3552 2799 3605 dicit
2831 3549 3085 3620 profundi
3134 3551 3309 3620 Spiri-

126 3658 138 3685 α
172 3640 270 3692 σθαι
290 3643 343 3695 τὺ
364 3644 580 3716 Πνεῦμα
616 3648 764 3716 παρὰ
785 3646 878 3699 τοῦ
904 3645 1059 3711 Υἰοῦ,
1097 3647 1346 3716 καθάπερ
1373 3649 1465 3698 καὶ
1491 3646 1641 3717 παρὰ

1816 3662 1915 3700 .uin
1967 3661 1997 3699 a
2047 3642 2207 3710 Filio,
2254 3644 2479 3715 perinde
2525 3655 2689 3714 atque
2729 3661 2761 3699 a
2811 3644 2922 3698 Deo
2971 3644 3150 3698 l’atrc.
3199 3641 3349 3699 Sed.

128 3749 139 3778 ι
173 3731 248 3786 τοῦ
277 3735 469 3806 Πατρός
493 3753 510 3770 ο
555 3739 697 3794 ἀλλά
718 3740 816 3802 τὰς
853 3741 979 3802 ὅλας
1007 3739 1167 3801 εὐθὺς
1197 3739 1515 3807 ἀναλογίζου
1544 3738 1637 3792 τοῦ

1808 3756 2001 3799 omnes
2033 3742 2218 3797 statim
2244 3742 2487 3813 ejusdem
2517 3748 2789 3813 uniusque
2822 3742 2994 3796 sancti
3028 3742 3308 3812 pericopas

128 3840 139 3869 ί
183 3823 319 3877 αὐτοῦ
360 3829 449 3880 καὶ
480 3830 602 3893 ἑνὸς
650 3831 804 3899 ἁγίου
856 3833 1180 3902 περικοπὰς,
1222 3832 1321 3894 τὰς
1382 3831 1640 3901 ἀνωτέρω

1802 3836 1856 3889 in
1912 3842 2146 3889 mentem
2195 3849 2389 3889 revoca
2444 3851 2607 3901 supra
2668 3837 2927 3904 digestas,
2969 3845 3025 3887 et
3069 3848 3193 3888 cum
3252 3832 3310 3887 in

127 3931 140 3961 ι
178 3921 648 3990 καταστρωθείσας,
676 3925 770 3976 καὶ
793 3924 1064 3990 εὑρίσκων
1086 3927 1142 3976 ὲν
1161 3925 1395 3986 ἐκείναις
1416 3925 1636 3986 πάσαις,

1806 3925 1913 3979 illis
1942 3924 2197 3979 omnibus
2230 3925 2471 3993 reperies
2505 3920 2747 3993 Spiritus
2780 3923 3189 3993 processionem
3227 3936 3298 3976 ex

130 4020 142 4050 τ
189 4005 243 4058 ὲκ
267 4009 347 4062 τοῦ
373 4012 578 4082 [ἰατρὸς
610 4018 1065 4084 μαρτυρουμένην
1084 4013 1179 4083 τὴν
1201 4014 1294 4066 τοῦ
1322 4016 1639 4083 Πνεῦματος

1804 4015 1960 4071 Patre
1998 4024 2377 4079 contestatam,
2415 4017 2690 4070 dationem
2731 4026 2935 4080 autem,
2986 4015 3069 4069 vel
3099 4029 3303 4084 suppe-

131 4113 144 4142 I
191 4098 506 4169 ὲκπόρευσιν,
530 4107 633 4174 τὴν
663 4106 719 4158 δὲ
751 4106 919 4171 δόσιν,
951 4107 984 4174 ἢ
1031 4111 1130 4176 τὴν
1162 4106 1444 4177 χορηγίαν,
1479 4105 1512 4173 ἢ
1540 4107 1638 4172 τὴν

1800 4103 2144 4173 dilationem,
2200 4110 2283 4161 vel
2341 4108 2655 4161 missionem
2704 4116 2759 4161 et
2808 4107 3007 4162 similia
3055 4121 3086 4161 a
3144 4104 3306 4167 Filio,

132 4205 145 4237 ι
189 4191 478 4266 ἀποστολὴν,
515 4201 615 4252 καὶ
638 4199 707 4251 τὰ
732 4198 941 4260 τούτοις
969 4201 1129 4268 ὃμοια
1178 4200 1329 4267 παρὰ
1360 4195 1454 4249 τοῦ
1482 4196 1635 4259 Υἱοῦ,

1802 4200 2089 4269 intelligito
2142 4197 2230 4251 hic
2263 4212 2485 4267 quoque
2535 4198 2930 4266 profusionem,
2984 4197 3064 4252 sic
3104 4198 3311 4266 absque

132 4299 145 4329 ι
192 4283 283 4335 νόει
312 4288 582 4342 κάνταῦθα
637 4290 734 4360 τὴν
791 4291 1052 4359 πρόχυσιν
1086 4289 1442 4349 ἁδιαστίκτως
1470 4285 1612 4338 οὕτω

1805 4290 1913 4342 ulla
1958 4286 2309 4342 distinctione
2349 4288 2655 4356 appositam
2710 4286 2858 4340 aliud
2907 4286 3187 4356 quidpiam
3240 4291 3309 4337 ab

130 4390 144 4420 ι
191 4375 428 4443 τεθεῖσαν,
481 4383 610 4436 ἄλλο
639 4401 690 4435 τι
746 4383 896 4452 παρὰ
936 4382 1034 4451 τὴν
1096 4381 1444 4450 ὲκπόρευσιν,
1491 4379 1637 4433 δόσιν

1798 4380 1913 4449 ipsa
1964 4378 2314 4448 processione
2373 4377 2621 4440 innuere,
2676 4378 2953 4432 dationem
3000 4375 3163 4442 forte,
3209 4388 3304 4430 aut

131 4482 143 4509 ι
184 4470 334 4537 τυχὸν,
362 4474 393 4539 ἢ
428 4476 752 4545 ἀποστολὴν,
786 4474 821 4544 ἢ
854 4474 1041 4543 ἕτερον
1065 4476 1268 4542 ὅμοιον.
1309 4491 1327 4523 ι

1205 4491 1268 4527 ›ν.
1309 4491 1327 4523 ι
1745 4488 1762 4519 ι
1803 4471 2147 4528 missionem,
2180 4475 2274 4519 aut
2301 4465 2446 4520 aliud
2479 4466 2681 4521 simile.
2721 4485 2738 4517 ι

670 4566 1055 4632 Ἀντιξρῤησις.

2368 4555 2670 4624 Refntatio.

189 4642 237 4694 ’0
259 4646 399 4714 ἆγιος
449 4654 683 4707 ἐνταῦθα
727 4656 1048 4723 προχεῖσθαι
1103 4654 1251 4721 λέγει
1301 4654 1363 4705 τὸ
1409 4652 1635 4721 Πνεῦμα

1814 4646 2047 4701 Sanctus
2106 4647 2192 4701 hic
2237 4650 2435 4700 astruit
2486 4646 2747 4716 Spiritum
2793 4646 3049 4717 profundi
3092 4660 3123 4699 a
3172 4643 3310 4699 Εἰιιυ

130 4736 248 4801 ’³³³Ρά
273 4740 357 4791 τοῦ
391 4741 540 4809 Υιοῦ,
595 4745 849 4813 καθάπερ
903 4748 1094 4812 ἀμέλει
1138 4745 1231 4796 atati.
1275 4746 1340 4796 ἐκ
1370 4741 1463 4795 τοῦ
1507 4740 1642 4797 Θεοῦ

1778 4742 1970 4795 erinde
2014 4752 2179 4809 atque
2227 4754 2258 4793 a
2308 4738 2421 4792 Deo
2450 4737 2632 4793 Patre.
2675 4737 2733 4793 Si
2776 4740 2982 4806 itaque,
3014 4746 3075 4791 ut
3119 4748 3172 4790 tu
3206 4742 3311 4799 ais,

130 4823 203 4872 καὶ
227 4825 435 4898 Πατρός.
464 4836 522 4887 Εἰ
559 4836 712 4902 γοῦν,
744 4838 817 4896 ὡς
858 4836 923 4886 σὺ
958 4835 1082 4905 om,
1130 4836 1230 4903 τὴν
1275 4836 1422 4887 δόσιν
1450 4836 1639 4904 τυχὸν,

1780 4833 2012 4885 atinnem
2050 4832 2211 4897 forte,
2245 4840 2337 4886 aut
2397 4832 2717 4887 missionem
2770 4832 3019 4901 profusio
3067 4831 3313 4889 denotat.

131 4911 256 4983 ἦτὴν
276 4918 564 4997 ἀποστολὴν
592 4927 848 4995 ἐμφαίνει
880 4928 919 4996 ἠν
950 4930 1234 4996 πρόχυσις,
1261 4925 1323 4976 τὸ
1351 4927 1407 4989 ἐξ
1438 4926 1643 4993 ἀμφοῖν

1782 4927 1884 4976 uod
1931 4940 1995 4977 ex
2025 4934 2258 4991 utroque
2292 4923 2665 4992 profunditur,
2707 4938 2769 4977 ex
2819 4934 3056 4997 utroque
3102 4924 3312 4982 datum,

134 5009 443 5079 προχεόμενον
496 4990 555 5084 ἐξ
592 4990 796 5088 ἀ-μξροῖν
824 4990 1119 5087 διδομένου,
1175 5018 1209 5086 ἢ
1244 4990 1645 5085 ἀποστελλόμε-

1784 5027 1834 5070 ut
1864 5018 2094 5071 missum
2137 5018 2345 5070 fuerit:
2383 5026 2438 5071 et
2482 5017 2526 5069 si
2562 5015 2797 5081 Spiritus
2833 4990 3169 5083 intelligatur
3217 5014 3317 5068 da-

133 5108 200 5146 νον
223 5098 377 5157 ἔσται.
410 5110 515 5164 Καὶ
544 5111 590 5163 εί
621 5111 721 5180 μὲν
747 5110 966 5179 νοηθείη
1001 5109 1062 5163 τὸ
1113 5108 1338 5177 Πνεῦμα
1369 5108 1644 5178 διδόμενον

1781 5124 1851 5173 is,
1895 5109 2117 5171 missus,
2167 5116 2261 5160 aut
2291 5109 2450 5160 datus
2506 5106 2575 5160 ab
2631 5118 2888 5176 utroque,
2934 5117 3193 5174 tanquam
3242 5105 3314 5159 ab

134 5183 608 5269 ἧάποστελλόμενον
652 5198 727 5266 ’ἐξ
757 5202 979 5268 ἀμφοῖν,
1021 5198 1096 5261 ὡς
1136 5199 1195 5264 ἐξ
1228 5201 1431 5267 ἀμφοῖν
1466 5198 1645 5266 ὑπάρ-

1786 5211 1979 5267 troque
2026 5199 2340 5263 exsistens,
2395 5199 2540 5265 quod
2600 5202 2900 5268 quaerimus
2956 5199 3082 5252 inde
3146 5196 3310 5252 etiam

135 5285 315 5350 λονντδ,
343 5288 663 5364 ζητούμενον
685 5297 816 5364 ἡμῖν
850 5293 1099 5347 ἐντεῦθεν
1135 5293 1472 5357 συνίσταται,
1500 5293 1637 5362 ὅπερ

1814 5291 2213 5358 mprobabitur,
2248 5290 2393 5358 quod
2435 5298 2541 5357 est,
2593 5306 2660 5344 ex
2687 5299 2920 5359 utroque
2956 5289 3230 5343 dationem
3259 5296 3342 5367 ﬂ.

138 5378 227 5421 mi
249 5378 302 5429 τὸ
346 5383 438 5453 τὴν
488 5388 547 5451 ἐξ
573 5390 776 5456 ἀμφοῖν
810 5387 956 5438 δόσιν
987 5401 1043 5438 τε
1079 5386 1173 5438 καὶ
1212 5384 1521 5454 ἀποστολὴν
1571 5386 1637 5454 τῇ

1786 5382 2089 5443 rissionem,
2146 5395 2208 5434 ex
2260 5388 2493 5450 utroque
2529 5382 2902 5435 exsistentiam
2946 5380 3182 5448 Spiritus
3229 5393 3314 5430 se-

140 5475 183 5519 εέ
213 5465 389 5535 ἀμφοῖν
417 5477 643 5544 ὑπαρξει
671 5478 763 5530 τοῦ
786 5477 1105 5546 Πνεύματος
1133 5476 1449 5530 ἀκολουθεῖν
1468 5492 1483 5508 ⁸
1511 5476 1558 5528 εί
1582 5476 1639 5528 δὲ

1786 5473 1864 5525 ui.
1895 5472 2050 5537 Quod
2078 5472 2122 5524 si
2147 5473 2306 5526 datus
2333 5486 2385 5526 et
2414 5476 2614 5526 missus
2652 5475 2722 5525 ab
2753 5484 2986 5540 utroque
3046 5468 3314 5537 intelliga-

139 5556 365 5624 ὔιόόμενον
397 5571 483 5623 καὶ
512 5572 976 5637 ἀποστελλόμενον
1002 5568 1218 5635 νοηθείη
1248 5567 1308 5632 ἐξ
1333 5569 1534 5637 ἀμφοῖν
1564 5568 1638 5628 ὡς

1777 5580 1837 5618 ur
1905 5580 2012 5617 non
2055 5572 2314 5632 tanquam
2357 5564 2427 5616 ab
2464 5572 2696 5630 utroque
2734 5565 3025 5627 exsistens,
3060 5576 3171 5630 prae
3213 5561 3310 5612 tri-

141 5644 361 5722 επιρχον.
395 5660 647 5735 οὐμενοῦν
680 5663 740 5728 ἐξ
773 5664 997 5733 αμφοίν,
1031 5660 1160 5716 ἄλλο
1214 5663 1364 5731 παρὰ
1404 5661 1471 5715 τὰ
1512 5659 1641 5728 τρία

1781 5674 1850 5712 υε
1885 5657 2033 5711 liiscc
2058 5655 2357 5711 diiinitatis
2383 5657 2629 5726 personis
2660 5656 2765 5709 alia
2790 5664 3082 5724 quaeretur,
3113 5666 3179 5708 ex
3208 5666 3314 5722 una

197 5801 362 5868 ~Joan.
392 5834 496 5885 xvi,
531 5820 613 5878 ιιι.
690 5822 709 5851 ⁸
739 5819 869 5874 ibid.
