3882 6576
566 382 706 465 tr."

1593 404 1802 466 ῙΟΑΝ.
1838 405 2054 466 VECCI
2092 405 2201 466 ΟΡ.
2243 401 2757 469 PATRIARCH/E

3691 417 3794 481 5B

563 514 799 585 Spiritus
865 519 1122 582 exsistat,
1195 518 1342 590 quod
1402 518 1632 590 impium
1708 529 1828 587 est,
1905 532 1958 577 et
2021 521 2130 577 bla-

2247 523 2422 578 ταῦτα
2452 525 2715 596 πρόσωπα
2742 527 2840 595 τῆς
2877 524 3128 595 θεότητος
3165 525 3493 596 ζητηθήσετ⁹
3535 527 3615 591 ἂν,
3649 530 3711 593 ἐξ
3742 523 3800 583 οῦ

562 605 882 674 sphemum.

564 807 813 877 Ejusdem
852 827 916 864 ea:
966 815 1401 884 interpretatione
1447 817 1503 870 in
1534 825 1777 870 sanctum
1805 815 2136 887 Symbolum.

631 995 766 1050 CIII.
809 1017 828 1050 ι
863 998 1216 1055 Profunditur
1249 1002 1417 1068 enim,
1456 1019 1652 1073 nempe
1689 1005 1934 1072 procedit
1971 1007 2139 1062 veluti

564 1100 585 1133 ι
619 1099 648 1138 a
679 1084 828 1140 fonte
859 1088 967 1144 Deo
999 1099 1052 1144 et
1081 1090 1260 1157 Patre,
1299 1095 1674 1162 suppeditatur
1710 1109 1838 1148 vero
1875 1106 2140 1151 creatum

558 1193 584 1229 ς
619 1191 714 1244 per
746 1177 965 1234 Filium.
1008 1200 1028 1233 ι

1140 1277 1241 1330 Ani
1248 1278 1564 1334 madversio.

640 1382 662 1417 ι
699 1364 1039 1434 Compendio
1075 1370 1346 1423 redditum
1379 1380 1461 1426 est
1501 1371 1597 1425 tibi
1637 1373 1934 1442 superioris
1965 1373 2140 1429 adno-
2221 1377 2223 1380 ⁴

563 1474 580 1507 ι
623 1458 843 1512 tationis
883 1459 1259 1515 testimonium
1305 1477 1402 1532 per
1444 1472 1761 1531 praesentem
1805 1467 2136 1534 pericOpem.

561 1567 579 1598 ι
618 1548 979 1604 Considerato
1010 1554 1155 1606 enim
1203 1553 1289 1607 hic
1333 1556 1509 1609 sancti
1554 1566 1862 1612 accuratam
1907 1557 2138 1627 diligen-

561 1660 578 1691 ι
621 1642 749 1696 tiam
783 1659 799 1696 :
849 1643 1224 1713 profusionem
1259 1647 1403 1701 enim
1442 1663 1567 1701 cum
1615 1649 1876 1710 dixisset,
1907 1663 2138 1719 eamque

562 1751 582 1783 ε
626 1736 1034 1803 processionem
1072 1748 1216 1792 esset
1265 1741 1672 1808 interpretatus,
1707 1756 1773 1794 ex
1816 1740 1976 1795 Patre
2019 1742 2137 1795 solo

2245 617 2487 687 ὑπάρχον
2535 618 2689 672 ἔσται
2741 620 2801 674 τὸ
2852 618 3100 689 Πνεῦμα,
3159 619 3298 689 ὅπερ
3347 617 3541 683 ἀσεδές
3588 637 3649 672 τε
3711 623 3802 674 καὶ

2244 709 2588 781 βλάσφημον.

2248 824 2356 878 Τοῦ
2385 825 2573 878 αὐτοῦ
2597 826 2666 879 ἐκ
2698 824 2810 895 τῆς
2839 827 2929 892 είς
2955 825 3022 950 τό
3042 825 3216 895 ἅγιον
3265 825 3580 896 Σύμϐολον
3629 825 3800 894 ἑρμη-

2927 913 2994 950 νε
3021 913 3114 950 ac.

2927 913 3114 963 νειας.

2312 1007 2434 1063 PI".
2480 1029 2498 1062 ι
2545 1011 2834 1081 Προχείται
2885 1009 2985 1081 μὲν
3044 1011 3173 1081 γὰρ,
3222 1011 3392 1080 ἤγουν
3424 1009 3792 1080 ἐκπορεύεται,

2248 1118 2267 1152 ι
2328 1099 2581 1170 καθάπερ
2613 1101 2723 1154 ἀπὸ
2771 1101 2956 1173 πηγῆς
2986 1101 3079 1155 τοῦ
3106 1100 3240 1154 Θεοῦ
3267 1115 3360 1154 και
3387 1102 3618 1172 Πατρός,
3647 1120 3796 1175 1091;-

2247 1212 2266 1245 ι
2329 1195 2506 1262 γείται
2553 1194 2610 1248 δὲ
2643 1198 2711 1266 τῇ
2747 1195 2920 1248 κτίσει
2956 1194 3043 1248 διὰ
3074 1194 3168 1247 τοῦ
3203 1193 3354 1250 Υἰοῦ.

2836 1288 3212 1345 Ἐπιστασία.

2317 1396 2337 1430 ι
2393 1379 2683 1450 Συντόμως
2711 1379 3029 1436 ἀποδέδοταί
3065 1398 3146 1437 σοι
3177 1386 3210 1455 ἡ
3256 1385 3355 1455 τῆς
3387 1384 3596 1439 ἄνωθεν
3623 1402 3789 1455 παρα-

2246 1490 2264 1523 ι
2329 1471 2684 1542 σημειώσεως
2715 1477 2996 1548 μαρτυρία
3019 1477 3107 1531 διὰ
3136 1478 3236 1548 τῆς
3272 1481 3556 1550 παρούσης
3583 1497 3788 1547 περικο-

2245 1583 2264 1616 ‹
2311 1568 2441 1636 πῆς.
2475 1566 2621 1638 Ὅρα
2651 1572 2762 1638 γὰρ
2794 1569 3027 1624 ἐνταῦθα
3057 1570 3157 1644 τὴν
3186 1571 3281 1625 τοῦ
3313 1573 3474 1640 ἁγίου
3497 1574 3784 1645 ἀκρίϐειαν·

2245 1673 2264 1707 ι
2328 1657 2598 1727 πρόχυσιν
2657 1662 2766 1732 γὰρ
2817 1660 2989 1715 είπὼν
3044 1665 3140 1716 καὶ
3199 1665 3533 1735 ὲκπόρευσιν
3601 1668 3789 1736 ταύτην

2242 1766 2264 1801 ι
2324 1751 2694 1822 ἑρμηνεύσας,
2745 1753 2809 1806 ἑκ
2847 1754 2942 1807 τοῦ
2975 1756 3187 1826 Πατρὸς
3249 1756 3409 1825 μόνου
3456 1758 3659 1827 ταύτην
3697 1759 3789 1811 irii-

560 1842 578 1874 ι
620 1839 738 1878 eam
767 1827 982 1879 edocuit
1016 1829 1555 1898 :‘suppeditationem
1596 1846 1725 1885 vero
1767 1830 1905 1886 Filio
1954 1833 2130 1886 vindi-

2245 1859 2262 1892 ι
2325 1841 2451 1906 δαξε
2479 1858 2493 1872 ⁸
2525 1843 2622 1913 τὴν
2653 1844 2707 1897 δὲ
2734 1847 2996 1916 χορηγίαν
3029 1847 3107 1916 τῷ
3147 1847 3263 1920 Υίῷ
3292 1850 3604 1918 ἀπένειμεν.
3641 1852 3786 1903 Ὥστε

559 1933 577 1964 ι
615 1916 778 1969 cavit.
845 1916 1023 1982 Quare
1083 1921 1336 1988 profundi
1375 1922 1690 1990 simpliciter
1727 1923 1805 1978 sic
1835 1924 2067 1992 positum
2103 1941 2130 1979 a

2245 1952 2262 1983 ι
2321 1935 2382 1987 τὸ
2414 1936 2757 2006 προχεῖσθαι,
2786 1938 2956 2007 ψιλῶς
2990 1938 3132 1992 οὕτω
3161 1916 3315 1993 τεθὲν
3351 1916 3501 2011 παρά
3528 1941 3617 1994 τοῦ
3642 1943 3783 2012 ἁγίου

562 2023 581 2055 ι
617 2017 809 2061 sancto
843 2010 895 2062 in
929 2014 1200 2081 superiori
1231 2014 1505 2082 pericope,
1535 2015 1683 2070 aliud
1715 2017 1995 2086 quidpiam
2042 2018 2143 2075 in-.

559 2115 578 2146 ι
619 2097 788 2164 dicat,
818 2109 871 2156 et
897 2116 1006 2157 non
1045 2104 1470 2173 processionem.
1515 2124 1533 2156 ι

1201 2217 1494 2289 Befutatio.

589 2301 708 2357 ‘Tu
751 2306 971 2377 quidem
1029 2309 1109 2363 uti
1164 2317 1218 2364 et
1266 2327 1429 2380 supra
1482 2313 1750 2368 diversam
1796 2313 2132 2383 profusionis

557 2396 1008 2464 significationem
1044 2403 1503 2468 coniminisceris,
1539 2405 1684 2458 unde
1713 2406 1944 2476 colligis,
1982 2408 2129 2462 aliud

559 2489 836 2558 quidpiam
908 2491 1207 2547 diotionem
1276 2505 1485 2561 notare,
1537 2511 1659 2550 cum
1708 2513 1772 2552 ex
1830 2498 1987 2553 Patre
2045 2500 2130 2554 di-

560 2577 701 2631 citur
751 2579 988 2647 Spiritus
1043 2581 1338 2652 profundi,
1379 2593 1433 2638 et
1487 2586 1631 2639 aliud
1673 2604 1797 2641 cum
1852 2604 1918 2643 ex
1971 2589 2128 2644 Filio.

562 2667 948 2724 Verumtamen
1007 2673 1500 2728 Alexandrinorum
1535 2692 1598 2730 ac
1643 2678 1792 2733 orbis
1823 2678 2008 2734 lumen
2044 2682 2132 2734 ili-

558 2760 879 2817 vinissimus
905 2764 1144 2834 Cyrillus
1171 2766 1223 2820 in
1249 2782 1416 2836 supra
1442 2769 1606 2823 allata
1639 2771 1910 2839 pericope,
1947 2791 1966 2823 ι
2001 2789 2130 2842 pro-

556 2851 709 2906 fundi
751 2871 771 2904 ι
819 2854 956 2909 dixit
989 2875 1006 2908 ι
1053 2871 1081 2910 a
1121 2858 1254 2913 Filio
1306 2859 1601 2929 Spiritum,
1640 2864 1863 2929 perinde
1901 2874 2063 2934 atque
2099 2883 2128 2921 a

554 2943 665 2999 Deo
707 2953 760 2999 et
807 2945 992 3002 Patre.
1040 2966 1058 2999 ι
1108 2947 1173 3002 Ει
1207 2967 1499 3019 quemnam
1543 2955 1645 3006 hoc
1685 2957 1786 3009 fide
1825 2956 2128 3027 digniorem

554 3046 745 3089 testem
781 3042 1209 3110 conquirernus,
1252 3043 1305 3096 in
1341 3047 1628 3115 utriusque
1666 3049 1920 3102 dictionis
1955 3049 2131 3120 signi-

555 3124 812 3181 ficatione
846 3131 1000 3184 nullo
1034 3133 1244 3200 uspiam
1279 3136 1442 3189 modo
1474 3137 1716 3192 variari?
1743 3138 1897 3204 Quod
1927 3142 1970 3195 si
2003 3145 2127 3211 quia

2245 2045 2262 2075 ι
2323 2027 2382 2078 ἐν
2410 2030 2476 2097 τῇ
2523 2029 2634 2081 ἄνω
2667 2033 2966 2100 περικοπῇ,
2997 2032 3129 2085 ἄλλο
3167 2051 3219 2086 τι
3245 2033 3440 2104 ἐνοήθη
3479 2034 3655 2101 τοῦτο,
3704 2039 3784 2091 καὶ

2245 2134 2264 2167 ι
2309 2116 2432 2188 οὐχὶ
2463 2120 2818 2191 ὲκπόρευσις.’
2854 2141 2873 2174 ι

2832 2234 3224 2304 Ἀντιξρῤησις.

2308 2321 2379 2374 Σὺ
2411 2322 2530 2391 μὲν,
2567 2324 2640 2386 ὡς
2673 2327 2768 2379 καὶ
2795 2327 3070 2397 ἀνωτέρω,
3102 2328 3359 2400 διάφορόν
3383 2348 3505 2384 τινα
3537 2332 3637 2402 τῆς
3669 2350 3782 2403 προσ

2237 2417 2450 2483 χεῖσθαι
2501 2417 2696 2481 λέξεως
2745 2420 2844 2486 τὴν
2881 2422 3157 2490 εημασίαν
3201 2423 3499 2487 διδάσκεις,
3555 2426 3780 2493 συνάγων

2237 2507 2487 2560 ἐντεῦθεν
2517 2509 2646 2562 ἄλλο
2683 2511 2782 2580 μέν
2809 2528 2862 2564 τι
2902 2515 3192 2582 σημαίνειν
3238 2515 3336 2588 τὴν
3367 2516 3532 2582 λέξιν,
3567 2519 3695 2571 ὅταν
3728 2521 3779 2571 ἐκ

2239 2599 2452 2668 [Iazpr
2482 2601 2706 2670 λέγηται
2734 2604 3059 2674 προχεῖσθαι
3090 2605 3150 2658 τι
3187 2607 3432 2677 Πνεῦμα,
3479 2608 3608 2664 ἄλλο
3660 2610 3713 2664 δέ
3738 2629 3778 2661 τι

2244 2693 2562 2760 σημαίνειν.
2601 2696 2732 2748 ὅταν
2769 2697 2834 2750 ὲκ
2891 2696 2987 2750 τοῦ
3039 2698 3170 2753 Υίοῦ
3218 2699 3446 2769 λέγηται
3483 2704 3779 2774 προχεῖσθαι

2237 2783 2456 2836 αὐτό·ό
2483 2785 2539 2838 δὲ
2562 2785 2672 2838 τῶν
2725 2787 3122 2859 Ἀλεξανδρέων
3173 2791 3266 2843 καὶ
3327 2793 3426 2860 τῆς
3470 2793 3778 2863 οἰκουμένης

2239 2875 2465 2945 φωστὴρ
2514 2877 2782 2948 Κύριλλος
2812 2879 2840 2931 ὁ
2883 2879 3160 2943 Θειότατος
3205 2883 3262 2933 ἐν
3320 2885 3385 2954 τῇ
3421 2885 3773 2956 προρρηθείση

2237 2970 2508 3039 περικοπῇ
2557 2986 2577 3019 ι
2621 2970 2946 3040 προχεῖσθαι
2976 2989 2997 3022 ι
3035 2970 3140 3041 ἔφη
3178 2989 3198 3022 ι
3259 2975 3413 3044 παρὰ
3450 2976 3541 3028 τοῦ
3577 2976 3703 3029 Υίοῦ
3731 2981 3778 3027 τὸ

2235 3061 2484 3130 Πνεῦμα,
2516 3062 2772 3133 καθάπερ
2812 3064 3010 3132 ἀμέλει
3068 3065 3166 3117 καὶ
3213 3068 3366 3137 παρά
3401 3066 3497 3120 τοῦ
3541 3067 3672 3120 Θεοῦ
3700 3070 3778 3121 καὶ

2236 3155 2469 3224 Πατρός.
2494 3172 2514 3205 ι
2542 3154 2790 3208 Καὶτίνα
2808 3157 2992 3208 λοιπὸν
3019 3157 3462 3229 ἀξιοπιστότερον
3493 3161 3778 3231 ζητήσομεν

555 3229 780 3271 sanctus
839 3220 1169 3286 profundere
1227 3224 1373 3278 Patri
1436 3229 1724 3289 attribuit,
1788 3236 2130 3301 suppeditare

2242 3220 2488 3317 μάρτυρα
2516 3247 2607 3300 τοῦ
2634 3248 2925 3318 ἀδιάφορον
2950 3248 3038 3301 ἐπ’
3072 3253 3276 3319 ἀμφοῖν
3308 3220 3450 3304 εἶναι
3613 3220 3777 3322 σημα-

553 3324 682 3363 vero
722 3310 866 3366 Filio
910 3315 961 3366 iu
1009 3316 1152 3370 dicta
1200 3319 1492 3389 pericope,,
1535 3334 1820 3392 propterea
1862 3341 1926 3379 ex
1977 3327 2130 3384 Patre

2242 3310 2360 3390 σίαν
2396 3310 2497 3409 τῆς
2527 3340 2726 3406 λέξεως
2758 3310 2862 3407 {Ei
2886 3341 2943 3395 δὲ
2971 3345 3053 3394 ὅτι
3077 3310 3123 3394 ό.
3144 3310 3300 3410 dno;
3330 3345 3393 3396 τὸ
3429 3310 3544 3414 μὲν.
3581 3310 3776 3415 προξεί-

552 3403 768 3469 quidem
794 3407 874 3459 vis
896 3422 1016 3462 csse
1041 3409 1324 3479 Spiritum,
1355 3425 1423 3472 ex,
1445 3411 1586 3467 Filio
1618 3431 1744 3468 vero
1766 3432 2130 3488 nequaquam,

545 3492 657 3562 jam
693 3499 908 3551 tandem
955 3514 984 3552 a
1024 3510 1074 3554 te
1117 3503 1530 3558 concedendum
1559 3516 1663 3569 est,
1690 3521 1757 3560 ex
1803 3507 1936 3561 Filio
1980 3512 2130 3564 illum

548 3585 855 3652 exsistere,
895 3600 1151 3658 tanquam
1200 3595 1293 3661 qui
1335 3609 1364 3646 a
1403 3594 1541 3648 Filio
1587 3598 1936 3664 profunditur
1970 3602 2130 3655 veluti

550 3691 580 3728 a
617 3675 790 3740 fonte,
825 3695 889 3732 ex
920 3680 1079 3740 Patre
1110 3699 1238 3736 vero
1271 3700 1391 3737 cum
1429 3687 1652 3756 minime
1684 3693 1974 3756 exsistere,
2012 3703 2132 3746 tan-

549 3783 710 3835 quam
737 3773 828 3838 qui
860 3773 927 3824 ab
961 3775 1078 3841 ipso
1109 3787 1382 3831 creaturis
1410 3784 1810 3847 suppeditatur.

556 4091 842 4159 Ejusdem"
862 4108 926 4145 ea:
967 4093 1188 4160 epistola
1237 4097 1304 4148 ad
1345 4095 1608 4153 Joannem
1654 4103 2038 4160 Autiochenum
2063 4108 2128 4162 de

1254 4183 1401 4234 pace.

621 4273 753 4329 CIV.
803 4295 821 4326 ι
853 4275 1014 4331 Nullo
1053 4285 1234 4331 autem
1273 4279 1434 4333 modo
1464 4279 1722 4349 patimur,
1756 4294 1814 4337 ut
1846 4284 1915 4338 ab
1942 4286 2128 4356 aliquo

555 4389 574 4420 ι
617 4369 751 4424 fides
779 4369 892 4431 illa,
925 4369 1040 4425 sive
1066 4370 1190 4424 fidei
1226 4369 1544 4440 Symbolum
1578 4378 1947 4442 concutiatur,
1983 4380 2126 4447 quod

556 4476 574 4509 ι
614 4473 645 4512 a
687 4459 891 4512 sanctis
937 4460 1212 4532 quondam
1261 4459 1516 4516 Patribus
1563 4462 1767 4516 editum
1805 4473 1909 4519 est.
1938 4464 2125 4534 Neque

2232 3448 2323 3484 ται
2351 3431 2553 3484 δέδωκε
2585 3433 2664 3502 τῷ
2703 3433 3010 3503 Πατρὶ,”τδ
3031 3433 3086 3486 δὲ
3126 3439 3450 3506 χορηγείται
3479 3437 3554 3506 τῷ
3595 3438 3699 3506 Υίῷ
3727 3441 3772 3488 ἐν

2235 3525 2302 3593 τῇ
2341 3523 2440 3594 ἤδη
2473 3524 2702 3594 ῥηθείσῃ
2751 3529 3057 3596 περικοπῇ,
3101 3527 3190 3579 διὰ
3243 3528 3400 3580 τοῦτο
3447 3531 3510 3580 ὲκ
3550 3529 3643 3598 μὲν
3691 3528 3769 3579 τοῦ

2233 3616 2447 3684 Πατρός
2479 3617 2651 3682 Θέλεις
2692 3613 2835 3672 εἶναι
2871 3620 2931 3672 τὸ
2958 3619 3200 3691 Πνεῦμα,
3231 3623 3295 3674 ὲκ
3322 3622 3380 3674 δὲ
3425 3623 3534 3686 τοῦ,
3559 3622 3682 3675 Υίοῦ
3710 3627 3770 3691 μὴ

2230 3700 2369 3757 εἶναι
2410 3709 2566 3773 αὐτὸ,
2605 3709 2723 3778 ὥρα
2767 3727 2851 3763 σοι
2899 3712 2993 3764 καὶ
3049 3714 3114 3764 ὲκ
3165 3714 3266 3782 μὲν
3313 3715 3408 3766 τοῦ
3447 3714 3576 3767 Υίοῦ
3613 3714 3769 3782 λέγειν

2231 3795 2499 3865 ὑπάρχειν
2530 3799 2682 3860 αὐτὸ,
2704 3801 2778 3860 ὡς
2806 3801 3176 3870 προχεόμενον
3201 3803 3337 3872 παρ’
3357 3804 3524 3857 αὐτοῦ
3547 3804 3768 3872 καθάπερ

2230 3887 2339 3939 ἀπὸ
2371 3891 2578 3959 πηγῆς,
2609 3892 2672 3942 ἐκ
2697 3892 2751 3943 δὲ
2778 3892 2871 3945 ’τοῦ
2907 3892 3122 3962 Πατρὸς
3173 3893 3247 3965 μὴ
3289 3895 3470 3961 λέγειν
3527 3898 3768 3964 ὑπάρχειν

2227 3977 2381 4044 αὐτὸ,
2415 3981 2489 4040 ὼς
2528 3984 2594 4052 τῇ
2627 3984 2802 4034 κτίσει
2830 3985 3235 4054 χορηγούμενον
3263 3985 3395 4056 παρ’
3431 3986 3610 4040 αὐτοῦ.

2233 4088 2345 4142 Τοῦ
2365 4091 2554 4146 αὑτοῦ
2577 4093 2646 4146 ἐκ
2669 4093 2778 4162 τῆς
2800 4097 2952 4168 πρὸς
2981 4097 3262 4168 Ἰωάννην
3284 4099 3627 4168 Ἀντιοχείας
3645 4099 3764 4166 περὶ

2695 4166 2934 4232 εἰρήνης
2971 4167 3324 4238 ἐπιστολῆς.

2295 4273 2413 4330 PA’.
2449 4295 2468 4329 ι
2507 4278 2644 4332 Κατ’
2667 4279 2856 4333 οὐδένα
2877 4281 3078 4349 τρόπον
3105 4283 3438 4339 σαλεύεσθαι
3473 4285 3616 4356 παρά
3639 4301 3764 4345 τινος

2233 4387 2251 4420 ι
2305 4369 2615 4440 ἀνεχόμεθα
2669 4372 2768 4442 τὴν
2828 4374 3140 4441 ὁρισθεῖσαν
3189 4375 3438 4446 πίστινῆ
3477 4376 3650 4446 τὸτῆς
3686 4374 3761 4426 πίο

2233 4479 2250 4512 ι
2311 4477 2480 4526 στεως
2517 4461 2797 4533 Σύμὸολον
2831 4465 2978 4536 παρὰ
3007 4466 3117 4518 τῶν
3141 4467 3311 4535 ἁγίων
3343 4468 3598 4538 Πατέρων
3617 4482 3632 4498 ο
3658 4465 3761 4519 οὕτε

558 4571 576 4602 ι
612 4552 756 4605 enim
798 4561 891 4606 aut
922 4553 1080 4605 nobis
1111 4560 1206 4604 aut
1237 4550 1332 4604 ulli
1369 4553 1596 4606 omnino
1625 4554 1804 4620 alteri,
1843 4556 1925 4610 vel
1959 4572 2120 4610 unam

2242 4570 2253 4603 I
2307 4553 2413 4622 μὴν
2446 4554 2814 4625 ἐπιτρέπομεν
2835 4556 3051 4621 ἑαυτοῖς
3081 4559 3114 4629 ἢ
3159 4559 3368 4629 ἑτέροις
3393 4560 3426 4629 ἢ
3468 4561 3607 4624 λέξιν
3627 4560 3759 4627 ἀμεί-

557 4663 574 4695 ι
621 4644 865 4698 vucuiam
900 4644 972 4697 ibi
1006 4644 1250 4711 positam
1287 4646 1600 4709 immutare,
1635 4652 1731 4698 aut
1765 4661 1928 4701 unam
1955 4650 2122 4704 etiam

555 4758 573 4789 ι
617 4737 880 4808 syllabam
927 4738 1208 4806 praeterire
1248 4741 1650 4807 permittimus;
1696 4755 1966 4796 memores
2003 4743 2123 4810 ejus

556 4849 574 4880 ι
614 4829 706 4897 qui
738 4829 877 4882 dixit
903 4845 917 4880 :
948 4827 1027 4883 Ne
1059 4827 1362 4883 transferas
1394 4829 1660 4884 terminos
1678 4830 1952 4898 antiquos,
1983 4847 2124 4901 quos

556 4940 573 4970 ι
613 4931 915 4990 posuerunt
950 4921 1141 4977 Patres
1172 4922 1271 4977 tui.
1299 4921 1418 4976 Non
1456 4922 1602 4976 enim
1632 4923 1734 4992 ipsi
1769 4923 1930 4978 locuti
1971 4934 2121 4993 sunt,

557 5030 576 5061 ι
618 5012 710 5066 sed
746 5014 858 5080 ipse
894 5012 1130 5080 Spiritus
1171 5013 1260 5066 Dei
1297 5027 1362 5066 ac
1385 5013 1580 5079 Patris,
1610 5016 1705 5083 qui
1736 5015 1973 5082 procedit
2002 5018 2125 5084 qui-

560 5126 575 5154 ι
614 5105 736 5158 dem
765 5122 827 5158 ex
855 5106 1010 5174 ipso;
1042 5122 1140 5159 nec
1165 5107 1236 5160 ob
1259 5107 1308 5159 id
1332 5116 1512 5160 tamen
1542 5108 1843 5161 secundum
1870 5112 2122 5164 essentia:

557 5218 573 5247 ι
613 5199 902 5261 rationem,
941 5197 1152 5252 alienus
1180 5208 1261 5250 est
1295 5213 1324 5252 a
1358 5197 1517 5251 Filio.
1549 5217 1569 5249 ›

1126 5313 1546 5367 Animadversio.
1681 5371 1686 5375 ,

625 5421 642 5452 ι
685 5401 916 5456 Videsne
945 5403 1247 5458 doctrinam
1281 5405 1668 5467 clarissimam,
1709 5405 1972 5474 Spiritum
2001 5409 2120 5474 qui-

553 5515 572 5547 ι
612 5496 734 5549 dem
765 5512 831 5548 ex
870 5496 1026 5550 Patre
1055 5499 1388 5565 procedere;
1433 5500 1731 5553 secundum
1769 5514 1898 5552 vero
1931 5514 2118 5553 esseu-

552 5611 570 5642 ι
614 5592 702 5646 tia:
747 5592 1012 5645 rationem
1063 5593 1345 5662 proprium
1391 5609 1512 5647 csse
1554 5592 1713 5647 Filii?
1749 5593 1883 5647 Cum
1933 5594 2118 5660 itaque

551 5703 568 5734 ι
610 5685 747 5738 locis
789 5685 842 5736 in
892 5684 1014 5738 aliis
1057 5684 1331 5740 inveneris
1373 5687 1672 5753 scriptum,
1717 5685 1860 5753 quod
1899 5701 2005 5739 non
2043 5686 2114 5738 ita

550 5795 569 5828 ι
609 5775 767 5830 facile
817 5789 1075 5848 perceptu
1117 5789 1234 5844 cst,
1274 5779 1340 5833 ad
1372 5779 1676 5832 clarissima
1711 5781 1822 5832 haec
1857 5779 1946 5831 illa
1982 5794 2107 5833 cou-

551 5886 569 5920 ι
607 5869 768 5926 ferto.
804 5889 823 5922 ι

2233 4663 2252 4696 ι
2308 4646 2408 4716 ψαι
2439 4647 2549 4700 τῶν
2590 4647 2930 4716 ἐγκειμένων
2961 4652 3226 4722 ὲκείσε,ῆ
3273 4654 3406 4720 μίαν
3430 4653 3560 4721 γοῦν
3607 4668 3759 4718 παρα-

2230 4752 2250 4786 ι
2316 4735 2794 4808 ὄῆναισυλλαὸὴν,
2842 4741 3214 4809 μεμνημένοις
3261 4742 3358 4794 τοῦ
3401 4743 3662 4811 λέγοντος,
3684 4740 3757 4808 Μὴ

2229 4845 2249 4880 ι
2315 4832 2602 4900 μεταίρειν
2628 4833 2753 4902 ὅρια
2785 4831 3001 4897 αἰώνια,
3032 4832 3067 4885 ἃ
3092 4833 3279 4886 ἔθεντο
3325 4836 3375 4887 οἱ
3409 4838 3635 4904 πατέρες
3660 4848 3754 4884 σου.

2231 4931 2250 4965 ι
2287 4915 2360 4969 Οὐ
2379 4916 2488 4986 γὰρ
2510 4912 2648 4986 ἦσαν
2667 4919 2822 4970 αὐτοὶ
2839 4920 2888 4971 of
2907 4919 3216 4986 λαλοῦντες,
3241 4921 3374 4976 ἀλλὰ
3392 4929 3450 4976 τὸ
3466 4915 3754 4992 Πνεῦματοῦ

2202 5029 2204 5031 >
2230 5025 2249 5058 ι
2307 5006 2444 5060 Θεοῦ
2476 5009 2572 5060 καὶ
2607 5009 2848 5079 Πατρὸς,
2883 5011 2912 5064 ὃ
2941 5013 3320 5084 ,ἐκπορεύεται
3365 5019 3463 5085 μὲν
3487 5016 3544 5081 ἐξ
3574 5012 3714 5069 αὑτοῦ
3738 5026 3752 5043 ο

2229 5119 2248 5152 ι
2305 5099 2502 5154 ἔστιδὲ
2521 5100 2623 5154 οὐκ
2650 5102 2932 5174 ἀλλότριον
2953 5106 3167 5160 καὶτοῦ
3210 5107 3364 5174 Υἱοῦ,
3403 5110 3542 5164 κατὰ
3567 5109 3649 5161 τὸν
3671 5104 3754 5172 τῆς

2226 5211 2246 5244 ι
2300 5195 2489 5261 οὐσίας
2527 5196 2705 5266 λόγον.
2741 5214 2762 5248 ι

2831 5315 3206 5372 Ἑπιστασία.

2295 5423 2312 5454 ι
2371 5402 2537 5475 Ὀρᾷς
2589 5406 2929 5476 σαφεστάτην
2977 5409 3324 5462 διδασκαλίαν
3349 5412 3478 5481 περὶ
3499 5409 3589 5464 τοῦ
3617 5409 3748 5461 ἐκπο-

2224 5514 2243 5547 ι
2297 5499 2550 5568 ρεύεσθαι
2606 5500 2705 5569 μὲν
2755 5499 2850 5552 τοῦ
2907 5500 3120 5570 Πατρὸς
3171 5503 3232 5554 τὸ
3291 5504 3535 5572 Πνεῦμα,
3564 5502 3677 5554 ῐδιον
3702 5497 3745 5548 δὲ

2227 5607 2246 5640 ι
2290 5587 2430 5644 εἶναι
2466 5591 2606 5644 κατὰ
2656 5592 2749 5644 τὸν
2793 5591 2892 5662 τῆς
2934 5592 3122 5656 οὐσίας
3167 5593 3328 5661 λόγον
3362 5597 3455 5648 καὶ
3500 5594 3587 5646 τοῦ
3617 5589 3744 5652 Υἱοῦ;

2223 5695 2242 5728 ι
2303 5679 2470 5732 Ἔνθα
2485 5681 2665 5734 τοίνυν
2692 5681 2946 5752 εὑρήσεις
2975 5682 3209 5751 ἀλλαχοῦ
3232 5684 3549 5755 δυσλήπτως
3575 5700 3618 5736 τι
3640 5695 3747 5750 γραι-

2225 5790 2242 5823 ι
2291 5774 2409 5842 φὲν,
2438 5777 2572 5842 πρὸς
2607 5776 2672 5827 τὰ
2710 5774 2856 5844 σαφῆ
2883 5774 3052 5828 ταῦτα
3076 5778 3305 5831 κάκεῖνα
3327 5777 3628 5840 συμείόαζε.
3659 5790 3676 5824 ι
