3882 6562
127 415 222 478 549
1065 403 1146 463 ΙΝ
1188 401 1571 465 CAMATERI
1623 400 1858 460 ΑΝῘΜᾹ
1870 397 2374 462 DVERSIONES.
3251 402 3358 467 550

709 516 1097 586 ἏντΙρῤησις.
1723 519 1764 570 Α

1723 519 1764 570 Α
2445 510 2735 582 Refutatio.

190 617 299 666 tibi:
323 610 605 682 ἀλλότριον
631 607 727 662 τοῦ
759 609 891 662 Υἱοῦ
936 610 1085 677 λέγει
1111 607 1172 660 τὸ
1205 608 1433 676 Πνεῦμα
1453 605 1501 674 ζό
1536 605 1690 672 ἅγιος

1867 601 2004 656 Cum
2035 616 2143 657 non
2169 603 2408 657 alienum
2436 617 2465 656 a
2496 603 2631 657 Filio
2677 613 2900 659 sanctus
2931 603 3186 673 Spiritum
3216 607 3370 667 dicit.

129 708 254 758 κατὰ
276 703 368 756 τὸν
400 702 502 770 τῆς
527 701 716 764 οὐσίας
763 699 946 769 λόγον,
978 701 1039 752 οὐ
1071 698 1231 752 τοῦτο
1263 697 1462 767 δηλῶν,
1491 697 1628 766 ὅπερ
1657 713 1662 723 ε

1835 693 2100 747 ecundum
2137 695 2389 748 essentia:
2410 694 2700 755 rationem,
2739 711 2844 748 nun
2877 693 2930 747 id
2966 694 3192 758 indicat,
3222 698 3368 763 quod

129 800 188 864 σὴ
218 795 472 866 ἐμφαίνει
498 793 809 856 ἐπιστασία,
836 793 966 845 ἴδιον
997 791 1200 863 δηλαδὴ
1243 789 1336 844 τοῦ
1372 786 1504 841 Υίοῦ
1549 783 1662 840 slva

1832 798 1889 837 ua
1920 782 2340 839 Animadversio
2368 785 2633 848 insinuat,
2667 785 2945 855 proprium
2976 787 3188 841 scilicet
3214 787 3365 841 illum

126 886 474 956 αὐτδ,ἐπειδὴ
519 883 806 955 ὁμοούσιόν
855 885 972 936 ἐστι
995 884 1073 954 τῷ
1109 883 1236 952 Υίῷ.
1260 877 1337 934 Ἦ
1363 881 1469 951 γὰρ
1497 879 1586 946 ἂν,
1616 879 1659 932 ὼ

1845 877 1919 929 ilii
1944 892 2087 939 esse,
2140 877 2581 946 quandoquidem
2605 879 3087 933 cunsubstantialis
3109 888 3190 933 est
3216 879 3373 933 Filio.

125 981 208 1031 καὶ
227 978 488 1040 πολλάκις
509 978 640 1046 ἡμῖν
665 975 886 1046 ἐρρέθη,
911 975 1043 1039 ῑδιος
1070 976 1165 1028 καὶ
1190 976 1219 1028 ὁ
1249 974 1375 1036 Υίὸς
1399 972 1495 1027 τοῦ
1523 971 1658 1025 Πνεύ

1846 971 1891 1024 ic
1932 970 2110 1031 enim,
2154 980 2215 1025 ut
2259 971 2460 1040 saepius
2509 972 2837 1027 inculcatum
2870 983 2975 1038 est,
3026 973 3281 1041 proprius
3324 980 3379 1026 et

129 1084 287 1144 ματος
313 1065 506 1138 ἦν,ὃτι
556 1067 843 1138 ὀμοούσιός
895 1069 1013 1119 ἐστι
1063 1067 1142 1137 τῷ
1178 1068 1476 1134 Πνεύματι.
1535 1063 1660 1115 Ἀλλ

1846 1063 1973 1117 ilius
2005 1062 2243 1134 Spiritus
2267 1072 2436 1128 esset,
2469 1063 2596 1133 quia
2626 1062 2855 1134 Spiritui
2889 1065 3379 1122 consubstantialis

127 1161 516 1232 ἐκπορεύεσθαι
548 1159 648 1229 μὲν
698 1160 762 1211 ἐκ
807 1159 898 1212 τοῦ
936 1159 1143 1229 Πατρὸς
1169 1156 1317 1225 λέγει
1348 1155 1414 1209 τὸ
1450 1152 1660 1224 Πνεῦμα

1842 1164 1903 1211 st.
1949 1155 2052 1210 Sed
2085 1155 2377 1224 procedere
2410 1155 2630 1223 quidem
2673 1156 2750 1208 ait
2784 1171 2850 1209 ex
2884 1154 3046 1211 Patre
3086 1154 3375 1226 Spiritum,

131 1257 186 1308 ἐκ
214 1254 314 1323 τῆς
374 1253 472 1307 τοῦ
532 1253 748 1322 Πατρὸς
791 1249 980 1314 οὐσίας
1035 1250 1168 1303 αὐτὸ
1216 1245 1356 1302 εἶναι
1385 1245 1582 1318 δηλῶν,
1603 1245 1662 1299 οὐ

1842 1265 1865 1302 ι
1897 1245 2078 1301 Patris
2108 1248 2347 1302 essentia
2383 1247 2535 1300 illum
2569 1261 2692 1302 esse
2725 1247 3069 1316 signiﬁcans,
3105 1262 3213 1302 non
3245 1248 3375 1302 alie-

139 1347 409 1416 ἐλλότριον
441 1345 500 1399 δὲ
555 1344 799 1397 διδάσκει
833 1344 928 1396 καὶ
981 1341 1283 1409 τοῦ,ζΥίοῦ,
1340 1341 1432 1394 διὰ
1483 1339 1544 1392 τὸ
1603 1354 1672 1392 κα

1847 1356 1932 1394 um
1968 1353 2097 1394 vero
2130 1349 2183 1394 et
2217 1354 2247 1393 a
2287 1337 2426 1394 Filio
2462 1340 2655 1403 docet,
2689 1341 2834 1408 quod
2865 1356 2928 1394 ex
2961 1343 3198 1395 essentia
3235 1340 3380 1395 illius

129 1440 184 1491 ἐκ
200 1439 292 1506 τῆς
325 1437 521 1500 οὐσίας
582 1435 747 1512 αὐτοῦ
803 1430 946 1488 εἶναι
979 1434 1133 1490 αὑτό.
1164 1433 1335 1487 Τοῦτο
1393 1432 1501 1502 γὰρ
1528 1431 1662 1502 δηλοῖ

1846 1441 1903 1488 st.
1933 1433 2048 1488 Hoc
2078 1433 2224 1487 enim
2252 1432 2432 1488 innuit
2456 1446 2581 1488 cum
2597 1433 2729 1487 dicit
2757 1449 2773 1486 :
2805 1431 2920 1486 Non
2958 1441 3044 1487 est
3072 1433 3218 1486 enim
3242 1432 3379 1486 alic-

136 1531 315 1597 λέγων,
342 1530 504 1583 Ἔστι
535 1529 592 1582 δὲ
626 1528 728 1582 οὐκ
753 1525 1034 1596 ἀλλότριον
1059 1528 1153 1580 καὶ
1181 1525 1274 1580 τοῦ
1299 1524 1429 1578 Υίοῦ
1453 1526 1592 1578 κατὰ
1612 1523 1669 1578 τὸ

1539 1526 1592 1578 τὰ
1612 1523 1703 1578 τὸν
1805 1541 1910 1582 nus
1937 1540 1968 1580 a
1993 1523 2132 1580 Filio
2163 1525 2469 1581 secundum
2498 1530 2754 1580 essentia;
2783 1524 3072 1579 rationem.

129 1623 213 1690 τῆς
241 1620 430 1679 οὐσίας
463 1621 645 1689 λόγον.

135 1733 228 1786 Τοῦ
257 1731 449 1786 αὑτοῦ
476 1734 545 1787 ἐκ
592 1733 704 1787 τῶν
761 1733 911 1786 κατὰ
930 1802 952 1811 _
982 1730 1318 1786 Ἰουλιανοῦ
1389 1729 1665 1798 ’Δηιρῤη

1916 1731 2166 1803 Ejusdem
2195 1748 2259 1787 ea:
2282 1730 2651 1786 Antirrheticis
2683 1729 2935 1784 adversus
2968 1728 3271 1782 lulianum.

817 1821 1022 1858 τικων.

191 1914 302 1970 PE’.
337 1936 357 1969 ι
415 1918 507 1980 Ὠς
545 1919 796 1989 ἀρρήτως
850 1917 950 1986 μὲν
993 1917 1052 1969 τὸ
1082 1913 1309 1984 Πνεῦμα
1359 1913 1423 1968 ἐκ
1463 1913 1554 1968 τοῦ
1591 1917 1699 1965 Πα-

1873 1916 1984 1974 CV.
2065 1936 2084 1969 ι
2144 1915 2495 1972 lueﬂ'abiliter
2545 1915 2766 1985 quidem
2817 1913 3054 1982 Spiritus
3109 1927 3173 1966 ex
3226 1911 3383 1967 Patre

134 2025 149 2057 ι
187 2008 304 2078 τρὺς
331 2009 725 2080 ἐκπορεύεται,
751 2008 840 2061 διὰ
884 2007 978 2060 τοῦ
1011 2007 1138 2060 Υἱοῦ
1173 2007 1228 2059 δὲ
1257 2007 1576 2078 χορηγεῖται
1631 2022 1667 2057 τη

1868 2005 2152 2075 procedit,
2213 2020 2307 2074 per
2373 2005 2570 2058 Filium
2622 2019 2749 2058 vero
2808 2003 3074 2058 creaturis
3123 2002 3384 2072 suppedi-

140 2119 155 2149 ι
197 2101 387 2156 κτίσει,
453 2120 473 2154 ι

1811 2117 1828 2150 ι
1871 2108 2034 2152 tatur.
2076 2116 2093 2148 ι

712 2192 1091 2248 Ἐπιστασία.

2382 2189 2810 2243 Animadversio.

195 2328 212 2360 ι
253 2309 361 2362 Καὶ
381 2307 529 2377 αῦτη
555 2309 674 2370 ταῖς
697 2307 1099 2377 προλαϐοῦσαιε
1138 2307 1324 2375 ὁμοία,
1365 2307 1429 2358 ἐκ
1459 2304 1554 2357 τοῦ
1593 2306 1704 2357 Πα-

1883 2324 1901 2357 ι
1949 2305 2151 2361 Ethzec
2198 2305 2420 2376 quidem
2471 2321 2634 2375 supra
2687 2307 2865 2360 allatis
2919 2309 3188 2378 pericOpis
3237 2311 3379 2365 haud

137 2419 155 2452 ι
190 2399 311 2468 τρὸς
343 2399 450 2467 μὲν
483 2399 808 2479 διδάσκουσα
829 2399 928 2468 τὴν
959 2399 1310 2472 ἐκπόρευσιν,
1330 2399 1417 2452 διὰ
1445 2396 1537 2450 τοῦ
1572 2397 1665 2449 Υίο

1875 2399 2156 2453 dissimilis
2177 2407 2281 2462 est,
2306 2413 2428 2467 qua:
2454 2415 2518 2452 ex
2543 2397 2704 2453 Patre
2729 2400 2947 2469 quidem
2975 2402 3379 2468 procossionem

137 2510 154 2544 t
193 2491 246 2547 δέ
269 2491 372 2562 τὴν
410 2489 677 2562 χορηγίαν
701 2489 804 2544 ,τοῦ
836 2489 1174 2562 Πνεύματος.
1211 2509 1230 2542 ι

1871 2491 2149 2552 insinuat.
2203 2505 2300 2560 per
2347 2489 2545 2545 Filium
2581 2507 2731 2546 .vero
2779 2491 3017 2561 Spiritus
3064 2498 3381 2564 suppedita-

1128 2615 1131 2618 -
1813 2601 1830 2632 ι
1872 2582 2096 2637 tionem.
2143 2599 2161 2631 ι

648 2744 654 2749 _
712 2677 1125 2749 .Artlﬁﬁnmc.
2451 2674 2746 2748 Refutatio.
2851 2709 2857 2715 -

207 2792 449 2864 ’Δληθῶς
485 2792 584 2864 μὲν
629 2793 727 2845 καὶ
774 2791 918 2866 αῦτη
948 2797 982 2865 η
1013 2794 1290 2865 περικοπὴ
1341 2793 1584 2848 διδάσκει
1611 2805 1710 2864 την

1882 2786 2022 2843 Vere
2049 2788 2267 2856 quidem
2299 2789 2412 2842 haec
2439 2804 2658 2859 quoque
2685 2790 2939 2859 perieope
2969 2805 3033 2844 ex
3067 2790 3227 2848 Patre
3257 2807 3386 2862 pro-

137 2883 453 2952 ἐκπόρευσιν
473 2886 538 2938 ἐκ
567 2884 803 2953 Πατρδς,
823 2884 914 2958 διὰ
936 2886 1030 2939 τοῦ
1073 2885 1204 2938 Υίοῦ
1233 2885 1288 2938 δὲ
1319 2886 1417 2955 τὴν
1449 2887 1670 2956 χορηγία

1854 2881 2111 2936 essioncm
2139 2921 2154 2944 .
2200 2897 2296 2951 per
2325 2881 2522 2936 Filium
2559 2897 2685 2936 vero
2722 2881 2958 2953 Spiritus
2991 2885 3387 2954 suppeditatio-

136 2973 218 3026 τοῦ
244 2975 588 3044 Πνεύματος.
629 2975 771 3030 Ἀλλ’
809 2978 1060 3032 ἐντεῦθεν
1103 2979 1357 3047 ἐμφαίνει
1407 2979 1468 3030 τὸ
1513 2979 1589 3049 μὴ
1649 2981 1669 3030 ὲ

1852 2989 1937 3028 em
1972 2973 2235 3028 insinuat.
2273 2974 2378 3028 Sed
2421 2977 2548 3029 hinc
2573 2977 2815 3031 ostendit
2844 2993 2954 3031 non
2978 2993 3044 3032 ex
3079 2979 3196 3034 solo
3225 2977 3385 3033 Patre

141 3064 283 3135 μόνου
316 3067 419 3120 τοῦ
459 3066 842 3138 Πατρὸςέεῒναι
876 3073 1027 3124 αὐτό.
1063 3071 1183 3124 ἰνα
1203 3070 1310 3140 γὰρ
1343 3073 1416 3140 μή
1446 3087 1530 3133 τις
1557 3071 1674 3122 ἀκοι

1855 3062 1964 3115 lum
2008 3077 2148 3116 esse.
2183 3063 2258 3116 Ne
2304 3065 2450 3117 enim
2500 3067 2774 3134 quispiam
2821 3067 3049 3123 audiens
3087 3070 3386 3138 evangelici

144 3173 232 3226 ea;
245 3160 438 3234 τὴν-ὲκ
457 3162 556 3234 τῆς
585 3163 946 3233 εὖαγγελικῆς
973 3161 1278 3232 μαρτυρίας
1300 3161 1504 3232 φωνὴν,
1532 3180 1548 3212 ι
1587 3161 1677 3216 ‘Ett

1846 3153 2114 3208 estimonii
2140 3169 2352 3218 vorem,
2385 3172 2402 3206 ι
2436 3155 2671 3223 Spiritus
2693 3157 2783 3225 qui
2808 3173 2835 3209 a
2859 3157 3018 3213 Patre
3040 3161 3335 3226 provedit',
3361 3180 3379 3210 ι

141 3254 424 3324 πορεύεται
479 3255 540 3309 τὸ
577 3253 800 3324 Πνεῦμα
823 3257 886 3308 ἐκ
904 3254 998 3307 τοῦ
1059 3253 1290 3323 Πατρὸς,
1324 3272 1343 3305 ι
1377 3255 1619 3322 οἰήσαιτο
1649 3254 1671 3304 ἐ

1854 3247 2186 3316 usp’caretur
2228 3263 2294 3301 ex
2341 3248 2460 3302 solo
2509 3250 2667 3304 Patre
2714 3247 2979 3316 Spiritum
3026 3266 3182 3314 esse,
3231 3252 3387 3320 cujus

143 3345 287 3411 μόνου
320 3346 492 3399 αὑτοῦ
524 3344 750 3401 εἶναιτὸ
779 3346 1022 3416 Πνεῦμα.
1071 3340 1214 3420 ᾗτινι
1268 3345 1396 3416 δόξῃ
1425 3347 1676 3398 died/.0005

1851 3339 2081 3404 pinionis
2113 3355 2294 3393 cernes
2325 3350 2408 3394 est
2445 3351 2498 3394 et
2536 3341 2623 3393 illa
2647 3379 2662 3404 ,
2703 3340 2969 3408 Spiritum
2999 3357 3115 3396 esse
3154 3342 3384 3396 divisum

142 3435 306 3488 καὶτὸ
337 3432 487 3489 εἶναι
514 3438 574 3489 τὸ
604 3435 832 3506 Πνεῦμα
885 3437 1220 3508 διῃρημένον
1257 3433 1414 3497 Υίνιῦ,
1449 3437 1598 3499 παρὰ
1645 3435 1672 3486 ὁ

1877 3429 2012 3482 Filio
2034 3473 2046 3490 .
2080 3443 2128 3484 et
2162 3444 2558 3502 consequenter
2595 3435 2832 3486 alienum
2866 3450 2895 3486 a
2927 3433 3084 3493 Filio.
3117 3451 3179 3486 ex
3214 3433 3388 3488 Patri.

141 3525 278 3580 τοῦτο
297 3531 402 3581 καὶ
436 3528 714 3596 ἀλλότριον
736 3527 887 3595 Υἱοῦ,
919 3531 946 3580 ὁ
978 3529 1076 3597 μὲν
1098 3525 1204 3580 τῶν
1229 3526 1401 3592 ἁγίων
1421 3527 1674 3596 ἐκπορεύε

1853 3538 1914 3576 us
1947 3539 2241 3585 nonnemo,
2265 3540 2385 3579 cum
2411 3526 2660 3588 dixisset,
2686 3543 2747 3578 ex
2779 3526 2936 3580 Patre
2968 3523 3229 3594 Spiritttm
3261 3541 3386 3594 pro-

142 3634 216 3670 ται
246 3620 422 3672 είπὼν
451 3622 512 3673 τὸ
540 3620 761 3690 Πνεῦμα
791 3621 856 3674 ἐκ
890 3620 983 3673 τυῦ
1024 3619 1257 3688 Πατρὸς,
1281 3619 1556 3687 παρευϋὺς
1580 3619 1675 3672 ἐπά

1852 3617 2039 3678 edere,
2073 3618 2261 3670 statim
2328 3617 2648 3680 subinlulit,
2698 3636 2718 3668 ι
2754 3629 2837 3672 est
2865 3635 2991 3671 vero
3032 3634 3139 3672 non
3175 3618 3385 3672 alienus

143 3723 240 3774 γει,
269 3727 286 3760 ι
330 3711 490 3762 Ἐστι
509 3711 564 3763 δὲ
597 3713 698 3763 οὐκ
735 3711 1012 3780 ἀλλότριον
1057 3708 1264 3762 καὶτοῦ
1321 3707 1449 3760 Υῑοῧ
1477 3723 1494 3740 ο
1535 3727 1554 3759 ι
1596 3710 1623 3761 ὁ
1654 3709 1676 3761 ὃ

1881 3705 2058 3761 Filio:
2090 3725 2110 3758 ι
2155 3709 2298 3762 alius
2339 3723 2467 3761 cum
2509 3708 2738 3761 dixisset
2783 3709 3068 3771 similiter,
3115 3725 3182 3763 ex
3229 3709 3387 3762 Patre

143 3796 392 3864 ὡσαύτως
435 3801 515 3866 τὸ,
550 3800 646 3854 Ἐκ
679 3801 772 3853 τοῦ
825 3803 1036 3870 Πατρὸς
1095 3800 1478 3870 ἐκπορεύεται⁵
1504 3800 1673 3854 εἰπὼν

1860 3799 2076 3865 piritum
2114 3799 2440 3866 procedere,
2479 3800 2759 3865 adnexuit,
2801 3818 2819 3850 ι
2863 3807 2947 3853 est
2975 3815 3102 3854 vero
3135 3799 3387 3869 proprius

145 3889 549 3959 προσεπιφὲρει,
582 3908 601 3942 ι
635 3889 791 3941 Ἔστι
812 3889 868 3940 δὲ
903 3888 1031 3940 ίδιον
1062 3885 1267 3940 καὶτοῦ
1295 3885 1446 3950 Υἱοῦ,
1479 3906 1497 3938 ι
1524 3886 1596 3950 ὡς
1620 3905 1678 3938 κα

1860 3890 1955 3942 iiii.
2007 3907 2026 3940 ι
2070 3888 2175 3943 Sed
2221 3897 2446 3944 sanctus
2507 3890 2594 3944 hic
2626 3892 2964 3960 processioni
3005 3907 3068 3943 cx
3106 3890 3265 3945 Patre
3295 3906 3389 3946 su-

144 3979 169 4029 ὸ
193 3979 341 4047 ἅγιος
373 3973 524 4044 οὗτος
548 3981 784 4034 ἐνταῦθα
822 3981 1135 4050 προσέθηκε
1164 3982 1230 4049 τῇ
1263 3979 1328 4031 ἐκ
1368 3978 1461 4032 τοῦ
1498 3979 1677 4050 Πατρὸ

1849 3982 2136 4044 eraddidit,
2170 4001 2188 4034 ι
2223 3991 2276 4036 et
2299 3983 2681 4052 suppeditatur
2704 3984 2968 4038 creaturis
2994 3999 3087 4053 per
3110 3984 3332 4040 Filium.
3362 4002 3380 4034 ι

153 4070 472 4142 ἐκπορεύσει
501 4076 592 4127 καὶ
615 4073 675 4125 τὸ
710 4091 728 4124 ι
757 4073 1091 4142 Χορηγεῖται
1114 4071 1172 4124 δὲ
1202 4075 1268 4142 τῇ
1295 4071 1470 4124 κτίσει
1497 4071 1585 4124 διὰ
1616 4071 1686 4123 τοι

1854 4086 1945 4135 ilia:
1967 4075 2149 4128 omnia
2176 4075 2334 4143 plane
2356 4077 2654 4129 ostendunt
2677 4091 2798 4130 eum
2825 4093 2928 4129 non
2961 4093 3024 4130 ex
3059 4076 3173 4131 solo
3202 4075 3387 4130 Patre.

149 4162 294 4219 Υίοῦ.
334 4181 356 4217 ι
392 4165 569 4234 "Amp
603 4163 822 4218 ἅπαντα
853 4163 1110 4234 ἐμφαίνει
1137 4163 1198 4216 τὸ
1229 4165 1303 4232 μὴ
1334 4169 1395 4214 ἐκ
1423 4163 1588 4232 μόνου
1616 4179 1678 4214 το

1854 4164 2027 4216 tenim
2070 4165 2114 4218 si
2167 4173 2315 4218 esset
2365 4180 2431 4220 ex
2466 4167 2586 4220 solo
2635 4165 2839 4226 Patre.
2885 4175 2938 4219 et
2987 4182 3094 4219 non
3138 4183 3203 4220 ex
3249 4166 3387 4220 Filio

150 4255 353 4326 llatpb;
391 4253 529 4310 εἶναι
565 4258 716 4312 αὐτό.
739 4257 802 4309 Ei
825 4257 930 4326 γὰρ
958 4258 1021 4307 ὲκ
1046 4254 1208 4324 μόνου
1236 4253 1332 4306 τοῦ
1380 4255 1592 4322 [latpr
1644 4249 1682 4325 ἦ

1858 4255 2137 4308 aturaliter
2166 4266 2220 4310 et
2249 4257 2644 4322 essentialiter,‘
2668 4273 2841 4326 neque
2873 4272 2967 4327 per
3000 4255 3198 4310 Filium
3237 4272 3391 4312 crea-

149 4351 231 4397 xai
257 4347 335 4418 μὴ
359 4348 424 4399 ἐκ
448 4345 556 4398 τοῦ·
576 4345 703 4400 Υἱοῦ
736 4346 982 4414 φυσικῶς
1022 4344 1114 4397 καὶ
1145 4342 1442 4406 ούσιωδῶς,
1489 4342 1610 4395 οὐδὲ
1645 4342 1682 4394 δι

1858 4348 1954 4402 iris
2003 4351 2448 4418 suppeditaretur
2501 4358 2557 4404 et
2608 4350 2958 4412 mitteretur,
3013 4350 3120 4404 nisi
3172 4358 3388 4404 tantum

150 4436 269 4490 Υὶοῦ
292 4438 696 4510 χορηγούμενον
723 4439 818 4492 καὶ
839 4434 1300 4504 ἁποστελλόμενον
1317 4429 1408 4504 ἦν,
1429 4435 1476 4486 εἰ
1502 4434 1575 4504 μή
1597 4450 1683 4486 πω

1856 4439 1979 4493 :odo
2003 4440 2190 4494 servili
2222 4449 2276 4494 et
2309 4441 2650 4496 ministeriali
2673 4479 2688 4506 ,
2728 4445 2872 4510 quod
2910 4441 3133 4500 impium
3161 4455 3226 4495 ac
3258 4439 3389 4495 blo-

150 4532 526 4599 λειτουργικὼς
581 4547 638 4582 τε
691 4532 786 4584 καὶ
847 4527 1254 4600 ὑπηρετικῶς,-
1311 4525 1447 4596 ὅπερ
1521 4525 1682 4578 ἀσεὸἐ

847 4527 1254 4600 ὑπηρετικῶςν
1311 4525 1447 4596 ὅπερ
1521 4525 1716 4589 ἀσεϐές
1819 4529 2108 4598 sphemutn
2138 4529 2326 4584 fuerit.

152 4637 206 4674 τε
249 4625 343 4677 καὶ
375 4623 716 4692 βλάσφημον.
1747 4617 1792 4673 D

175 4697 476 4806 ΡΠΣΕΙΣ,
535 4734 683 4789 ΤΟΥ
737 4734 1470 4858 ΑὲἶζὲξΗΣΓΡΗΓΟΡΙΟΥ
1580 4734 1708 4786 ΤΟΥ

1580 4733 1722 4786 ΤΟΥ
2104 4728 2317 4783 DICTA
2349 4728 2711 4786 GBEGOR”
2754 4729 3105 4786 NYSSENI.

576 4920 712 4975 Ἀπὸ
741 4917 848 4987 τῆς
881 4917 1276 4986 Θεογνωσίας.
2055 4911 2109 4966 Ε⁴

2055 4911 2142 4966 Ex.
2169 4913 2326 4975 libro,
2354 4913 2440 4966 cui
2477 4911 2815 4981 Theoguosia:
2842 4929 3028 4967 nomen
3058 4925 3156 4967 est.

226 5030 242 5065 ι
287 5011 419 5081 PG’.
463 5011 689 5081 Πνεῦμα
731 5009 789 5062 δὲ
833 5009 893 5060 τὸ
947 5007 1048 5077 τῆς
1080 5007 1354 5078 πατρικῆς
1417 5005 1720 5078 ἐκπορευό-

1892 5003 2028 5060 CVI.
2068 5024 2086 5056 ι
2116 5003 2352 5072 Spiritus
2385 5020 2449 5059 ex
2485 5014 2704 5074 paterna
2747 5005 3026 5076 hypostasi
3065 5021 3386 5075 proceuens.

165 5119 182 5152 ι
227 5119 379 5172 μενον
414 5103 784 5162 ὑποστάσεως.
821 5098 976 5151 Τοῦδ⁹
1019 5097 1180 5150 ἕνεκα
1213 5101 1320 5168 γὰρ
1355 5098 1446 5149 καὶ
1488 5097 1698 5166 Πνεῦμα

1862 5094 2039 5166 [lianc
2083 5097 2247 5151 etiam
2297 5095 2367 5150 ob
2414 5111 2635 5150 causam
2668 5105 2721 5150 et
2774 5095 3039 5166 Spiritum
3089 5097 3236 5158 oris,
3283 5111 3395 5152 non

169 5209 185 5241 ι
228 5195 512 5263 στόματος,
536 5192 648 5244 ἀλλ’
684 5191 806 5260 οὐχὶ
837 5195 930 5241 καὶ
962 5190 1133 5257 Λόγον
1185 5190 1449 5257 στόματος
1493 5189 1702 5259 είρήκα

1887 5195 2064 5242 autem
2102 5185 2337 5241 Verbum
2369 5188 2482 5241 oris
2514 5187 2678 5242 David
2725 5189 3047 5258 appellavit,
3093 5197 3152 5243 ut
3189 5190 3393 5260 produ-

170 5300 186 5333 t
226 5302 340 5354 μεν,
373 5287 458 5338 ῑνα
508 5284 607 5352 τὴν
662 5269 1084 5352 ὲκπορευτικὴν
1118 5281 1358 5351 ἰδιότητα
1419 5280 1497 5350 τῷ
1545 5279 1703 5349 ΠατρἻ

1607 5279 1720 5349 ιτρι
1833 5297 1851 5330 ι
1887 5279 2044 5333 cendi
2078 5279 2383 5334 facultatem
2409 5279 2555 5332 Patri
2584 5281 2685 5334 soli
2715 5282 3085 5335 conﬁrmaret.
3121 5300 3140 5332 ι

173 5395 188 5426 ι
231 5379 369 5449 μόνῳ
399 5376 707 5448 προσοῦσαν
740 5375 1100 5444 πιστώσηται.
1131 5393 1147 5420 ι
1237 5377 1244 5388 ’
1386 5363 1466 5382 ’Ἠ
1497 5378 1522 5388 ‘

743 5467 1121 5521 ’Emaram’u.
2388 5469 2810 5524 Animadversio.

235 5580 253 5613 ι
309 5561 636 5632 Ἐπίστησον
683 5559 944 5627 ἀκριϐῶς,
979 5561 1093 5623 πῶς
1127 5560 1224 5614 καὶ
1247 5562 1275 5614 ὁ
1306 5561 1524 5631 ὑψίνους
1564 5555 1718 5624 οὗτος

1903 5581 1923 5615 ι
1959 5564 2182 5619 Auente
2217 5571 2453 5620 mentem
2497 5565 2645 5635 ligito
2681 5543 3081 5630 consideraque
3122 5560 3397 5628 quomodo

178 5671 194 5704 t
231 5655 548 5729 Γρηγόριος,
605 5653 673 5708 τὰ
715 5655 854 5708 αὐτὰ
883 5657 994 5717 τοῖς
1027 5654 1232 5718 λοιποῖς
1266 5654 1508 5724 Πατρὰσι
1569 5653 1711 5706 διδάσ

1893 5654 2117 5711 sublimi
2169 5665 2353 5712 mente
2398 5656 2484 5711 hic
2533 5654 2832 5725 Gregorius
2880 5653 3068 5707 eadem
3113 5667 3235 5708 cum
3271 5651 3397 5707 aliis

232 5832 424 5890 'Joan.
449 5849 560 5898 λιν,
585 5833 674 5886 26.

287 5991 303 6022 ο
