3882 6574
148 481 246 543 ξδῖ

1106 488 1187 548 IN
1227 485 1616 548 CAMATERI
1663 485 2414 549 ANIMADVERSIONES.

3290 480 3396 544 {62

153 615 170 647 ι
219 611 310 648 ται
342 609 355 623 ⁸
409 593 498 647 δπίι
554 594 710 647 τοῦτο
755 595 1268 662 προκαταυγασθεὶς
1322 597 1388 664 τῇ
1455 595 1582 664 δόξῃ
1628 595 1720 646 τοῦ

1887 595 2028 648 citur
2065 597 2268 659 lumen,
2304 596 2512 649 idcirco
2551 592 2722 662 gloria
2757 591 2994 661 Spiritus
3022 591 3172 660 prius
3204 591 3401 645 illumi-

151 708 169 739 ι
220 685 547 752 Πνεῦματος
579 689 638 739 ὲν
670 686 920 758 περινοίᾳ
955 687 1056 756 τῆς
1085 687 1177 740 τοῦ
1216 687 1428 757 Harpe;
1459 687 1556 740 καὶ
1587 683 1717 740 me

151 797 168 829 ι
214 777 382 847 δόξης
403 777 647 845 ἐγένετο.
691 779 844 832 Ἐπεὶ
866 778 984 842 πῶς
1008 779 1106 848 τὴν
1136 778 1514 848 Εὑαγγελικὴν
1538 779 1722 848 φωνὴν

149 887 167 919 ι
213 868 513 939 ἀληθεύειν
563 861 834 941 φήσομεν,
899 871 982 924 ὃτι
1027 888 1048 922 ι
1103 869 1238 924 Θεὸν
1280 870 1456 933 οὐδεὶς
1508 869 1723 940 ἑώρακε

148 980 166 1012 ι
213 959 447 1015 πώποτε
470 977 491 1026 ζ
520 980 540 1014 ι

761 1056 1138 1110 Ἐπιστασία.

221 1166 240 1198 ι
286 1147 611 1219 Σημείωσαι
673 1148 954 1203 κάνταῦθα
980 1149 1075 1204 τοῦ
1131 1148 1344 1219 [ἰατρὸς
1394 1148 1453 1201 τὺ
1497 1145 1728 1216 Πνεῦμα

149 1259 166 1291 ι
214 1241 685 1312 ἐκπορευόμενον.
727 1261 749 1294 ι

761 1335 1145 1405 Ἀντιᾝρησιςκ

225 1425 332 1480 Ἐκ
368 1427 460 1481 τοῦ
481 1428 693 1494 Harpe;
726 1431 825 1498 μὲν
847 1429 905 1480 τὸ
935 1427 1162 1498 Πνεῦμα
1187 1428 1334 1496 λέγει
1359 1425 1732 1496 ἐκπορευόμε-

147 1534 237 1568 νον
270 1518 378 1572 καὶ
411 1519 444 1587 ή
485 1519 712 1587 ῥηθεῖσι
741 1521 1038 1589 περικοπή.
1087 1520 1241 1572 Ἐπεὶ
1272 1519 1329 1572 δὲ
1367 1520 1426 1572 ἐν
1454 1519 1533 1588 τῷ
1563 1517 1734 1572 [huic

151 1625 286 1677 ματι
318 1609 408 1678 τῷ
441 1611 653 1664 ἐκεῖθεν
691 1610 1118 1680 ἐκπορευομένῳ
1152 1609 1302 1680 δηλοί
1350 1610 1410 1660 τὸ
1449 1606 1736 1678 μονογενὲς

149 1702 265 1771 φῶς
296 1702 666 1772 καθορᾶσθαι,
705 1703 822 1766 πῶς
859 1704 925 1756 ἂν
954 1704 1039 1774 εἴη
1071 1705 1128 1756 ἐν
1161 1704 1238 1772 τῷ
1267 1701 1548 1770 Πνεῦματι
1573 1698 1737 1754 καθο-

152 1791 408 1861 ρώμενον
434 1795 464 1846 ὁ
491 1795 828 1865 Μονογενὴς,
890 1795 1050 1864 εἴπερ
1103 1795 1166 1846 ἐκ
1193 1794 1354 1862 μόνου
1400 1792 1492 1844 τοῦ
1526 1787 1736 1858 Harpe;

150 1881 262 1950 φῶς
297 1880 374 1935 ὲκ
404 1884 602 1950 φωτὸς,
663 1885 758 1936 καὶ
805 1883 926 1954 οὐχὶ
967 1881 1059 1936 διὰ
1093 1880 1187 1934 τοῦ
1238 1880 1368 1933 Υἱοῦ
1400 1880 1461 1932 τὺ
1507 1877 1735 1947 Πνεῦμά

147 1975 302 2025 ἐστιν
330 1974 398 2026 ὲκ
433 1975 644 2044 Πατρός
663 1992 677 2039 ;
1591 1981 1594 1984 ’

395 2089 665 2142 ΡΗΣΕΙΣ
715 2089 843 2141 ΤΟΥ
862 2089 1084 2144 ΑΓΙΟΥ
1115 2084 1506 2142 ΔΙΟΝΥΣΙΟΥ.

155 2201 271 2255 Τοῦ
309 2203 491 2271 ἁγίου
524 2201 842 2271 Διονυσίου
873 2200 977 2253 τοῦ
1020 2200 1433 2271 Ἀρεοπαγίτου
1465 2199 1582 2252 ἀπὸ
1632 2195 1742 2271 τῆς

221 2264 377 2340 περὶ
412 2271 585 2326 θείων
611 2269 918 2339 ὀνομάτων
940 2264 1087 2339 πρὸξ
1109 2264 1387 2338 Τιμόθεον
1410 2264 1742 2335 ἐπιστολῆς

225 2341 274 2411 β’
319 2341 686 2411 κεφαλαίου.

222 2479 407 2547 Ριετ.
452 2498 472 2531 ι
514 2480 672 2532 Ἔστι
701 2477 754 2531 δὲ
801 2477 894 2530 καὶ
923 2476 1195 2546 διάκρισις
1228 2475 1285 2529 ὲν
1329 2476 1448 2538 ταῖς
1501 2474 1743 2546 ὑπερθυ-

159 2592 177 2624 ι
227 2573 380 2634 stos;
411 2570 733 2637 θεολογίαις.
764 2569 862 2637 οὐχ
891 2569 958 2639 ἣν
985 2567 1122 2637 ἔφην
1156 2567 1337 2636 μόνον,
1383 2567 1466 2620 ὅτι
1502 2566 1622 2619 κατ’
1649 2566 1746 2618 αῦο

163 2685 181 2718 ι
222 2665 339 2734 τὴν
369 2663 467 2732 τὴν
495 2662 687 2715 ἕνωσιν
727 2659 941 2731 ἀμιγῶς
998 2661 1231 2730 ἵδρυται,
1281 2658 1377 2711 καὶ
1417 2656 1746 2726 ἀσυγχύτως

162 2779 182 2812 ι
231 2757 456 2826 ἑκάστη
486 2754 596 2808 τῶν
638 2754 944 2824 θεαρχικῶν
984 2749 1365 2814 ὕποστάσεων,
1395 2749 1513 2804 ἀλλ’
1544 2750 1628 2803 ὅτι
1651 2749 1747 2802 καὶ⁵

1838 706 1856 739 ι
1898 697 2062 744 natus
2087 689 2245 758 plena
2275 689 2470 743 mentis
2499 685 3010 756 comprehensione,
3056 695 3109 739 et
3140 684 3320 738 Patris
3350 695 3400 737 t-t

1811 799 1854 845 ,ι
1892 779 2015 835 Filii
2063 782 2288 852 gloriam
2340 781 2587 851 percipit.
2643 779 2777 834 Nam
2829 778 3106 848 quomodo
3156 777 3396 845 alioquin

1834 890 1852 922 ι
1889 871 2092 927 dictum
2111 873 2479 942 evangelicum
2505 888 2519 924 :
2545 891 2562 921 ι
2587 870 2751 926 Deum
2771 887 2930 926 nemo
2949 873 3080 925 vidit
3100 885 3361 939 unquam,
3377 889 3394 919 ι

1836 985 1852 1017 ι
1891 982 2076 1022 verum
2109 982 2230 1023 esse
2255 965 2545 1022 dicemus?
2577 985 2595 1017 ι

2398 1056 2818 1111 Animadversio.

1912 1168 1929 1199 ι
1965 1149 2098 1204 Nota
2153 1150 2239 1205 hic
2289 1164 2506 1220 quoque
2565 1165 2627 1204 ex
2681 1149 2838 1204 Patre
2899 1149 3164 1220 Spiritum
3210 1127 3408 1218 prece--

1841 1263 1857 1294 ι
1894 1243 2132 1298 dentem.
2173 1262 2191 1294 ι

2459 1334 2754 1404 Refutatio.

1907 1427 1985 1481 Ex
2015 1425 2174 1482 Patre
2212 1425 2345 1482 dicit
2382 1425 2647 1497 Spiritum
2683 1429 2971 1496 procedere
3018 1428 3182 1483 etiam
3229 1427 3401 1484 addu-

1835 1528 1921 1575 cta
1943 1519 2218 1589 pericope.
2257 1519 2394 1574 Cum
2438 1534 2568 1574 vero
2606 1519 2657 1573 in
2683 1519 2886 1589 Spiritu
2924 1519 3049 1574 inde
3075 1519 3402 1590 procedente

1837 1612 2152 1667 manifestet
2205 1612 2386 1666 lumen
2437 1613 2775 1682 unigenitum
2832 1613 3103 1683 conspici,
3162 1627 3398 1680 quanam

1840 1703 2050 1758 ratione
2096 1703 2151 1757 in
2188 1702 2399 1773 Spiritu
2448 1697 2774 1774 Unigenitu-s
2805 1705 3045 1774 conspici
3081 1703 3297 1774 patet-it,
3349 1702 3396 1754 si

1837 1812 1898 1851 ex
1934 1797 2050 1851 solo
2082 1795 2242 1852 Patre
2281 1797 2463 1851 lumen
2505 1814 2569 1853 ex
2599 1797 2827 1859 lumine.
2856 1807 2910 1852 el
2941 1813 3050 1854 non
3083 1812 3176 1867 per
3203 1795 3404 1850 Filium

1843 1887 2079 1958 Spiritus
2114 1897 2260 1945 esset
2289 1903 2353 1943 ex
2387 1888 2584 1943 Patre?

2151 2092 2368 2149 DICTA
2423 2094 2504 2150 SA
2518 2095 2691 2152 NCT!
2731 2096 3037 2154 DIONYSI
3050 2097 3104 2151 Ι..

1844 2206 1903 2262 S.
1937 2206 2181 2279 Dionysii
2219 2210 2553 2280 Arrepagita:
2595 2212 2659 2266 de
2705 2214 2898 2268 divinis
2946 2213 3247 2268 nominibus
3302 2213 3412 2281 ρρὲ-

2193 2281 2346 2334 stola:
2377 2283 2444 2334 ad
2487 2281 2812 2338 Timotheum
2853 2302 2970 2353 cap.
3005 2285 3058 2338 9..

1915 2488 2105 2545 CXVI.
2153 2509 2171 2543 ι
2206 2491 2348 2556 Quin
2407 2491 2570 2546 etiam
2625 2501 2710 2548 est
2757 2494 2826 2548 in-
2866 2494 3432 2565 superessentialibus

1853 2598 1876 2630 ι
1909 2577 2002 2634 Dei
2054 2579 2366 2636 nominibus
2412 2580 2714 2646 distinctio,
2757 2595 2863 2652 qua
2915 2597 3022 2636 non
3077 2589 3309 2644 tantum,
3357 2590 3418 2634 ut

1853 2689 1874 2722 ι
1909 2671 2044 2737 dixi,
2074 2671 2375 2727 secundum
2410 2673 2586 2742 ipsam
2626 2673 2886 2728 unionem
2922 2675 3178 2744 quaelibet
3221 2673 3415 2742 przeci-

1852 2782 1870 2816 ι
1907 2779 2138 2833 puarutn
2180 2779 2540 2834 personarum
2605 2766 2966 2834 impermista,
3017 2774 3182 2834 atque
3228 2764 3416 2817 incon-

164 2872 182 2903 ι
233 2851 315 2905 τὰ
382 2849 480 2919 τῆς
520 2847 850 2918 ὑπερουσίου
897 2845 1180 2914 θεογονίας
1243 2844 1342 2897 οὐκ
1396 2841 1748 2910 ἀντιστρέφει

1863 2870 1884 2902 ι.
1909 2850 2028 2907 l'usa
2081 2853 2325 2922 ponitur,
2374 2869 2564 2909 verum
2606 2854 2769 2908 etiam
2809 2869 2897 2918 ea,
2939 2869 3060 2924 qua-
3111 2853 3412 2922 supersub-

164 2963 182 2996 ι
230 2944 388 3015 πρὸς
417 2941 643 3009 ἄλληλα.
681 2940 835 3008 Μόνη
864 2938 922 2991 δὲ
955 2936 1106 3008 πηγὴ
1135 2935 1236 3006 τῆς
1276 2933 1605 3004 ὑπερουσίου
1631 2932 1749 2986 θεόο

166 3059 184 3090 ι
230 3055 413 3108 τητος
437 3038 465 3090 ὁ
495 3035 710 3104 Πατὴρ,
742 3034 844 3086 οὐκ
876 3033 1028 3095 ὄντος
1057 3030 1192 3084 Υίοῦ
1213 3030 1307 3085 τοῦ
1338 3031 1576 3099 Πατρδς,
1623 3024 1748 3081 οὐδὲ

167 3154 185 3184 ι
230 3131 462 3203 Πατρδς
494 3129 590 3184 τοῦ
633 3130 782 3189 Υίοῦ.
819 3127 1197 3197 φυλαττόντων
1235 3127 1292 3181 δὲ
1347 3127 1414 3180 τὰ
1435 3128 1609 3179 οἰκεῖα
1641 3123 1748 3178 τῶν

166 3245 185 3278 ι
232 3227 382 3295 ὑμῖν
425 3225 641 3289 εὑαγῶς
696 3222 904 3294 ἑκάστῃ
963 3221 1074 3274 τῶν
1129 3219 1441 3291 θεαρχικῶν
1508 3216 1748 3272 ὑποστά-

168 3341 185 3371 ι
235 3335 412 3373 σεων.
449 3337 469 3371 ι

786 3503 1171 3558 Ἐπιστασία.

241 3616 267 3650 α
321 3598 590 3651 Ἄκουσον
615 3595 711 3650 καὶ
763 3593 858 3647 τοῦ
918 3592 1116 3646 πολλοῦ
1163 3591 1234 3645 τὰ
1283 3590 1404 3645 θεῖα
1443 3588 1750 3654 Διονυσίου,

173 3711 191 3741 ι
245 3688 418 3758 μόνον
443 3687 535 3740 τὸν
573 3685 796 3757 Πατέρα
833 3684 1010 3754 ῥητῶς
1058 3685 1239 3754 πηγὴν
1271 3681 1374 3752 τῆς
1423 3683 1752 3752 ὑπερουσίου

175 3803 193 3834 ι
242 3782 530 3852 θεότητος,
551 3779 646 3834 τοῦ
669 3778 798 3832 Υῑοῦ
819 3779 914 3832 καὶ
929 3777 1024 3831 τοῦ
1040 3776 1180 3830 Πνεύ
1191 3792 1360 3848 ματος
1380 3773 1602 3846 δηλαδὴ.
1627 3773 1754 3841 δογ-

175 3893 196 3924 σ
246 3871 594 3944 ματίζοντος.
639 3892 658 3922 ι

767 3985 1158 4054 Ἀντῖρῤησις.

251 4082 326 4136 Ei
355 4080 430 4153 μὴ
459 4079 597 4151 πρὸς
646 4077 948 4148 πεισμονὴν
991 4073 1341 4146 ιδιόῤῥυθμον
1387 4071 1757 4143 ὲκλαμδάνειν

174 4176 249 4230 τὰ
288 4171 539 4246 γραφικὰ
571 4171 804 4242 ἠϐούλου
841 4169 1005 4239 ῥητὰ,
1054 4165 1199 4238 εἶχες
1236 4167 1302 4220 ἂν
1335 4168 1400 4219 ὲκ
1449 4167 1619 4238 μόνης
1655 4165 1758 4235 τῆς

175 4272 288 4341 ἢδη
328 4267 582 4340 ῥηθείσης
611 4262 919 4336 περικοπῆς
939 4263 1233 4330 διαγνῶναι
1291 4260 1366 4324 ὡς
1400 4259 1551 4312 οὐδέν
1577 4276 1629 4311 τι
1657 4256 1759 4328 τὴν

176 4365 428 4433 ἄναρχον
465 4358 648 4413 αἰτίαν
678 4358 1000 4428 λυμαίνεται
1042 4357 1137 4410 τοῦ
1169 4355 1384 4430 Πατρδς
1424 4355 1452 4406 ὁ
1492 4351 1759 4421 λέγωνιτδ

176 4453 418 4521 Πνεῦμα
445 4453 540 4505 καὶ
566 4453 632 4504 ὲκ
669 4449 762 4504 τοῦ
799 4449 956 4503 Υῐοῦ.
1021 4447 1116 4511 Ὠς
1175 4435 1284 4516 γὰρ
1330 4442 1568 4498 ἐνταῦθα
1621 4443 1758 4514 μόνη

176 4544 343 4616 πηγὴ
370 4543 472 4612 τῆς
511 4541 836 4614 ὐπερουσιου
866 4539 1120 4611 θεότητος
1146 4537 1244 4591 τοῦ
1281 4534 1410 4591 Υἱοῦ
1443 4537 1504 4588 τὸ
1533 4534 1758 4604 Πνεῦμα

1855 2961 1874 2995 ι
1909 2944 2181 3000 stantialis
2211 2944 2360 3000 illius
2380 2945 2580 3001 divina:
2601 2945 2971 3016 generationis
2993 2954 3143 3007 sunt,
3186 2945 3326 2997 inter
3357 2959 3434 2997 se-

1855 3055 1874 3086 σ
1912 3037 2137 3092 minime
2167 3036 2603 3107 reciprocantur.
2635 3037 2783 3093 Adeo
2815 3045 2876 3093 ut
2915 3038 3069 3093 solus
3107 3037 3268 3091 Pater
3295 3036 3433 3090 fons“

1854 3149 1873 3181 ι
1911 3129 1977 3185 sit
2010 3130 2065 3185 in
2111 3130 2624 3199 supersubstantiali
2675 3131 2898 3194 deitate,
2940 3140 3106 3199 atque
3139 3129 3210 3183 ita
3254 3127 3419 3182 Pater

1857 3237 1876 3271 ι
1915 3235 2025 3275 non
2071 3219 2145 3274 sit
2170 3218 2362 3285 Filius,
2397 3235 2573 3290 neque
2612 3218 2786 3274 Filius
2831 3219 2903 3274 sit
2929 3217 3114 3282 Pater,
3161 3218 3254 3272 sed
3303 3216 3422 3271 cui.

1856 3335 1874 3367 ι
1911 3330 2129 3386 cunque
2176 3314 2481 3370 divinarum
2514 3329 2870 3385 personarum
2897 3314 3130 3385 propriae
3161 3328 3275 3369 suae
3303 3312 3437 3366 |au~

1856 3425 1886 3459 ι
1913 3407 2008 3464 des
2037 3405 2313 3461 inviolata:
2345 3416 2762 3461 conserventur.
2796 3425 2829 3456 »κ

2425 3498 2850 3554 Αηὶηιαάυενδὲο.

1932 3608 1958 3642 ε
1992 3591 2165 3648 Audis
2211 3591 2271 3646 in
2313 3592 2478 3646 rebus
2533 3591 2734 3646 divinis
2779 3588 3116 3660 exponendis
3161 3587 3419 3642 acutissi-

1859 3701 1880 3734 ‹
1921 3696 2070 3737 mum
2100 3681 2422 3753 Dionysium
2455 3681 2749 3752 ipsissimis
2778 3679 2960 3735 verbis
2995 3679 3174 3735 solum
3202 3675 3418 3731 Patrem

1861 3794 1880 3827 ι
1918 3773 2400 3843 superessentialis
2425 3771 2668 3836 deitatis,
2707 3770 2829 3828 Filii
2855 3785 3052 3842 nempe
3079 3779 3132 3826 et
3161 3768 3437 3840 Spiritus,

1863 3886 1881 3921 ι
1915 3866 2122 3923 fontem
2155 3866 2488 3922 decernere?
2515 3885 2548 3918 »-

2492 3979 2781 4051 ΗθῙιιιαιίο.

1924 4075 2040 4134 Nisi
2066 4075 2344 4131 voluntate
2390 4071 2775 4139 obstinatiore,
2822 4081 2875 4127 et
2923 4069 3156 4126 consilio
3186 4069 3426 4122 afﬁrma-

1858 4173 1996 4226 tiore
2046 4170 2248 4237 scripto
2278 4167 2478 4222 tradita
2504 4165 2728 4222 Patrum
2760 4164 2904 4219 dicta
2949 4162 3251 4232 intelligere
3289 4176 3424 4215 con-

1858 4260 2132 4323 tenderes,
2187 4259 2269 4313 vel
2321 4272 2385 4312 ex
2437 4256 2555 4311 sola
2617 4254 2720 4309 hac
2767 4253 3033 4324 producta
3098 4251 3425 4306 auctoritate

1858 4349 2144 4421 percipere
2194 4355 2437 4417 poteras,
2482 4342 2619 4398 niltil
2666 4341 2848 4396 Patris
2901 4339 3110 4406 absque
3157 4337 3428 4406 principio

1857 4456 2082 4499 causam
2129 4439 2345 4504 laedere,
2376 4435 2470 4506 qui
2501 4434 2634 4490 dicit
2675 4431 2942 4503 Spiritum
2972 4431 3135 4485 etiam
3168 4444 3233 4482 ex
3266 4427 3426 4482 Filio.

1861 4532 2335 4600 Quemadmodum
2368 4529 2512 4583 enim
2547 4526 2633 4582 hic
2660 4525 2808 4582 solus
2833 4524 2957 4580 fons
2989 4522 3427 4593 superessentia~

175 4639 242 4692 τὺ
281 4635 437 4706 ἅγιον
465 4635 706 4704 λέγεται,
734 4633 896 4687 τοῦτο
925 4633 971 4686 δ’
991 4633 1091 4685 οὐκ
1117 4629 1340 4685 ἄλλοθεν
1362 4630 1600 4690 πάντως,
1619 4627 1748 4680 ἀλλὰ

1863 4628 1928 4681 lis
1966 4624 2186 4681 deitatis
2243 4621 2364 4678 Filii
2410 4620 2572 4676 Pater
2623 4618 2910 4682 asseritur,
2959 4626 3014 4671 et
3047 4617 3151 4670 hoc
3202 4628 3427 4683 prorsus

178 4727 276 4780 διὰ
302 4725 400 4779 τοῦ
427 4726 670 4794 ἁμέσως,
702 4725 767 4778 ὲκ
788 4721 882 4776 τοῦ
905 4722 1038 4776 Υῐοῦ
1071 4721 1128 4775 δὲ
1158 4721 1219 4774 τὸ
1253 4719 1476 4790 Πνεῦμα
1514 4716 1758 4790 πηγάξε-

183 4819 315 4874 σθαι
349 4820 414 4872 ἐκ
443 4818 658 4889 Πατρός
679 4835 694 4851 ο
717 4817 863 4871 οὕτω
890 4818 985 4870 καὶ
1019 4815 1148 4869 ἔνθα
1180 4816 1246 4868 ἂν
1278 4813 1380 4883 τῆς
1409 4812 1631 4882 Γραφῆς
1663 4811 1756 4864 εὐ-

185 4909 451 4979 ρίσκηται
482 4907 771 4977 λεγόμενος
797 4909 826 4960 ὁ
857 4905 1050 4977 Πατὴρ
1079 4905 1250 4967 αἴτιος
1275 4903 1368 4957 τοῦ
1410 4901 1544 4956 Υῑοῦ
1575 4918 1636 4955 τε
1663 4902 1760 4954 καὶ

185 4999 531 5068 Πειεὺματος,
569 4997 660 5050 καὶ
706 4996 852 5067 ἁρχὴ
905 4996 1000 5048 καὶ
1044 4994 1168 5066 ῥίζα
1204 4992 1336 5048 Υξοῦ
1361 5009 1419 5045 τε
1455 4992 1550 5045 καὶ
1591 4989 1760 5044 Πνεῦ-

189 5105 383 5158 ματος,
423 5086 581 5141 οὐδέν
634 5105 687 5139 τι
725 5088 908 5140 ἐκεῖσε
975 5085 1342 5158 προσίσταται
1383 5081 1664 5152 λέγεσθαι,
1699 5080 1758 5133 τὸ

187 5179 415 5250 Πνεῦμα
446 5179 539 5231 καὶ
565 5179 628 5231 ὲκ
655 5177 749 5231 τοῦ
774 5177 926 5242 Υἱοῦ,
957 5178 1054 5248 τῆς
1083 5177 1182 5248 μὲν
1212 5176 1450 5247 ἁνάρχου
1472 5176 1654 5238 αἰτίας
1683 5173 1762 5244 τῷ

189 5271 368 5343 Πατρὶ
389 5271 756 5341 τηρουμένης,
786 5269 878 5324 τοῦ
903 5269 1034 5323 Υῑοῦ
1064 5269 1119 5323 δὲ
1145 5267 1378 5323 καθόσον
1400 5269 1528 5339 ἥκει
1559 5269 1640 5330 εἰς
1662 5269 1762 5338 τὴν

190 5365 309 5427 διὰ,
351 5361 923 5435 παραλαμϐανομένου
946 5361 1040 5416 ἐπὶ
1097 5363 1162 5432 τῇ
1205 5360 1415 5431 προόδῳ
1455 5356 1551 5412 τοῦ
1593 5358 1762 5412 Πνεῦ-

197 5473 382 5527 ματος.

719 5545 825 5600 Ἐκ
855 5545 966 5613 τῆς
1003 5545 1216 5611 αὐτῆς.

268 5660 407 5715 PlZ'.
453 5679 472 5713 ι
514 5661 685 5715 Πάλιν
715 5661 798 5714 ὅτι
843 5659 942 5729 μέν
975 5660 1090 5712 ἐστι
1130 5657 1342 5730 πηγαῖα
1385 5657 1621 5727 θεότηςό
1647 5657 1762 5710 Πα-

208 5769 227 5800 ι
271 5751 393 5820 τὴρ,
419 5752 447 5804 ὁ
470 5751 528 5804 δὲ
552 5750 676 5814 Υἱὸς
706 5751 800 5804 καὶ
837 5751 896 5803 τὸ
933 5748 1154 5820 Πνεῦμα
1178 5748 1275 5818 τῆς
1303 5747 1553 5815 θεογόνου
1580 5746 1763 5814 θεότη-

213 5858 231 5890 ι
273 5859 378 5904 τος,
409 5844 457 5895 εἱ
487 5841 633 5896 οὕτω
685 5842 791 5912 χρὴ
838 5842 1027 5911 φάναι,
1069 5840 1288 5910 βλαστοὶ
1337 5839 1612 5908 θεόλουτοι,
1669 5840 1763 5892 καὶ

213 5947 233 5980 ι
276 5928 378 5986 οἷον
424 5931 559 6005 ἄνθη
591 5935 684 5988 καὶ
729 5932 1233 6006 ὑπερούσιαιφῶτα,
1285 5931 1419 6003 πρὸς
1452 5931 1559 5985 τῶν
1603 5929 1762 6002 ἱερῶν

1859 4732 1965 4772 non
1996 4715 2236 4777 aliunde.
2274 4714 2366 4770 sed
2417 4729 2480 4767 ex
2521 4727 2588 4768 eo
2632 4713 2776 4779 quod
2821 4725 2927 4765 non
2960 4707 3292 4772 immediate,
3333 4705 3427 4758 sed

1859 4825 1955 4880 per
1997 4808 2194 4863 Filium
2251 4805 2491 4878 Spiritus
2551 4803 2756 4859 dicitur
2798 4815 2863 4855 ex
2920 4801 3078 4855 Patre
3124 4809 3424 4852 emanare:

1859 4903 1976 4974 pari
2028 4901 2191 4956 modo
2245 4899 2333 4955 ubi
2381 4895 2644 4965 scriptum
2695 4893 3002 4956 invenitur,
3043 4889 3256 4944 Patrem
3307 4901 3431 4940 esse

1859 5008 2080 5050 causam
2111 4990 2230 5046 Filii
2275 5000 2328 5044 et
2367 4987 2629 5058 Spiritus.
2657 4993 2712 5039 et
2736 4983 3062 5054 principium
3095 4991 3148 5035 et
3177 4979 3428 5032 radicem

1861 5084 1984 5139 Filii
2025 5093 2080 5138 et
2126 5081 2386 5152 Spiritus,
2440 5079 2577 5150 nihil
2617 5076 2764 5132 aliud
2811 5077 2975 5130 datur
3015 5072 3265 5142 intelligi,
3311 5071 3426 5123 nisi-

1863 5177 2124 5248 Spiritum
2156 5189 2276 5229 esse
2309 5173 2476 5228 etiam
2524 5187 2589 5226 ex
2633 5167 2809 5234 Filio;
2859 5182 3021 5222 causa
3049 5167 3253 5234 absque
3277 5164 3428 5232 prin-

1861 5267 2012 5338 cipio,
2049 5263 2196 5318 Patri
2237 5270 2534 5326 reservata,
2576 5258 2827 5330 Filioque
2875 5267 3140 5328 quantum
3176 5256 3242 5310 ad
3292 5271 3430 5323 pra;-

1864 5356 2183 5427 positionem
2222 5368 2314 5423 per
2344 5351 2578 5422 pertinet
2621 5359 2926 5419 assumpto,
2979 5346 3033 5401 in
3079 5345 3433 5415 processiono

1865 5446 2125 5518 Spiritus.

2480 5533 2562 5588 Ex
2597 5533 2800 5588 cadent.

1932 5649 2143 5705 CXV".
2189 5668 2206 5700 ι
2243 5647 2482 5703 Rursum
2514 5663 2542 5700 a
2577 5645 2877 5714 Scripturis
2904 5641 3082 5697 sacris
3111 5639 3424 5708 accepimus

1870 5761 1888 5794 ι
1923 5741 2134 5796 Patrem
2177 5740 2393 5809 quidem
2420 5753 2541 5794 csse
2576 5737 2835 5805 originem
2869 5735 2922 5787 in
2955 5732 3176 5796 divinis,
3228 5730 3422 5784 Filium

1874 5853 1890 5885 ι
1931 5848 2058 5887 vero
2089 5841 2139 5886 et
2169 5829 2427 5900 Spiritum
2460 5839 2734 5893 sanctum,
2762 5824 2918 5896 quasi
2955 5824 3047 5878 Dei
3077 5821 3307 5892 prolem.
3343 5818 3427 5874 rei

1873 5945 1889 5977 ι
1931 5925 1975 5980 si
2005 5923 2150 5981 dictu
2187 5923 2267 5979 las
2311 5923 2398 5989 sit,
2432 5919 2587 5992 quasi
2632 5920 2874 5991 germina
2905 5919 3084 5974 divina
3119 5933 3177 5971 ac
3223 5917 3429 5972 lumina
