3788 6582
509 297 612 361 567

515 528 534 559 ι
572 511 685 566 sola
729 522 1099 581 essentialiter
1137 532 1340 602 absque
1378 511 1670 611 principii»,
1716 511 1869 605 V-erbi
1917 555 2066 622 geni-

1531 331 1744 394 JOAN.
1792 338 1998 402 \‘E‘ILCI
2041 347 2149 408 (τι).
2191 316 2706 418 Pyrenaeus

518 436 537 467 ι
575 419 789 478 trinitas
821 424 1081 502 indivisa;
1125 451 1278 495 mens
1314 444 1520 518 absque
1560 452 1848 524 ιπίηςῑρῖον
1901 463 2001 515 δοιί

518 528 534 559 ⁸
572 511 685 566 8013
729 522 1099 567 essentialitnr
1139 532 1340 567 οιιαηη.)
1378 539 1644 567 ..-ἶ-..ηιἏξῇ
1716 545 1831 567 (μμ-
1857 550 1868 563 ι

2115 469 2149 526 Α
2185 486 2205 518 ι
2253 489 2432 539 χυτος,
2470 477 2567 527 καὶ
2597 476 2757 546 τριὰς
2775 479 3101 551 ἀδιαίρετοςς
3129 485 3251 549 νοῦς
3281 489 3482 567 ἄναρχος

3575 404 3650 468 568

3488 544 3499 566 ι
3529 517 3650 576 μύκον

2177 577 2195 610 ι
2240 561 2399 631 μόνος
2453 565 2732 631 οὐσιωδῶς
2788 571 3026 643 ἀνάρχου
3081 576 3256 645 Λόγου

513 618 532 649 ι
571 602 700 669 trix,
731 615 786 661 et
823 611 998 667 solius
1027 628 1306 688 perpetuae
1333 602 1479 695 vitaz,
1507 602 1573 685 οι.
1601 633 1840 704 Spiritus
1887 602 2001 700 sane

513 711 526 744 ι
560 694 704 753 fons.
744 716 765 750 ›

2179 602 2194 610 _
2240 602 2397 631 rw,“
2454 602 2728 631 νυνιυυυω,
2788 602 3026 643 υινσιρχυυ
3081 602 3256 645 ιιυγυυ
3301 602 3553 668 γεννήτωρ,
3580 614 3642 663 κα]

2175 669 2195 701 ι
2241 653 2408 724 μόνης
2433 654 2602 710 ἀϊδίου
2658 657 2806 733 ζωῆς
2833 665 2926 716 καὶ
2960 666 3272 739 Πνεῦματος
3297 676 3434 746 ἁγίου
3463 695 3599 764 πηγή,
3629 720 3642 752 ,

506 711 526 744 ι
560 694 704 753 fons.
744 716 765 750 ›

1075 803 1496 870 Animadversio.

577 896 595 928 ι
637 879 839 938 Discito
873 889 942 942 ab
973 889 1074 946 hoc
1099 909 1318 968 quoque
1351 903 1534 964 divin
1561 910 1742 978 Patre,
1776 918 2058 974 amborum

502 985 522 1018 ι
559 983 774 1027 causam
804 987 857 1031 et
888 977 1009 1036 Filii
1040 995 1093 1039 et
1124 989 1360 1058 Spiritus
1390 997 1632 1069 Patrem,
1681 977 1826 1063 illius
1856 1019 1914 1064 ut
1963 1030 2060 1084 ge-

501 1076 520 1108 ι
558 1061 818 1135 nitorem,
841 1069 1002 1142 hujus
1027 1078 1104 1130 uti
1137 1077 1342 1138 fontem
1376 1101 1645 1149 assertum
1679 1097 1868 1158 fuisse.
1905 1123 1924 1156 ι

1116 1263 1413 1334 Refutatio.

563 1336 836 1399 Diversum
875 1350 1093 1407 tandem
1145 1373 1368 1417 causam
1415 1363 1534 1420 Filii
1586 1381 1636 1425 et
1670 1372 1902 1443 Spiritus
1949 1381 2053 1436 Pa-

484 1436 621 1483 trem
655 1433 864 1502 fateris,
896 1441 1046 1506 illius
1081 1459 1140 1500 ut
1178 1452 1502 1521 genitorem,
1537 1460 1697 1531 hujus
1728 1475 1784 1520 ut
1811 1467 2046 1530 lentem.

484 1516 538 1572 Si
579 1520 760 1591 itaque
808 1537 862 1581 et
894 1527 1013 1586 Filii
1055 1544 1109 1588 et
1156 1516 1392 1607 Spiritus
1441 1516 1695 1619 contigua
1727 1567 1889 1610 causa
1941 1570 2042 1626 est,

483 1612 704 1669 ubinam
753 1629 836 1673 est
891 1622 945 1676 in
1005 1623 1166 1683 Patre
1222 1646 1401 1689 causa:
1454 1637 1793 1699 discrimen?
1863 1650 2044 1715 Quare

481 1700 853 1763 adnotandum
888 1712 983 1767 tibi
1014 1725 1097 1771 est
1126 1735 1232 1788 qua
1278 1727 1489 1781 ratione
1522 1744 1752 1790 sanctus
1783 1753 1846 1792 ex
1879 1741 2041 1800 Patre

482 1793 716 1863 Spiritus
753 1803 1160 1876 exsistcntiam,
1208 1830 1331 1869 cum
1376 1818 1587 1878 Patrem
1631 1825 1832 1883 fontem
1873 1848 2039 1891 voca-
2076 1810 2115 1866 Β

478 1890 616 1941 verit
649 1895 893 1962 aperuit;
929 1909 986 1954 nt
1030 1917 1153 1958 cum
1207 1905 1478 1966 inveneris
1514 1924 1566 1970 et
1601 1916 1796 1975 Filium
1837 1923 2038 1982 fontem

397 2004 399 2007 -
477 1977 718 2046 Spiritus
767 1990 942 2043 sancti
992 1993 1219 2062 dictum,
1269 2016 1337 2054 ne
1377 2002 1430 2057 in
1474 2006 1618 2061 aliud
1671 2022 1882 2083 tempus
1915 2034 2040 2087 pro-

472 2073 658 2128 trahas
724 2076 902 2145 fateri,
953 2083 1214 2153 Spiritum
1266 2107 1386 2148 esse
1434 2099 1594 2153 etiam
1645 2118 1710 2157 ex
1781 2116 2031 2180 utroque.

473 2159 525 2180 η,
609 2165 620 2176 .
757 2169 770 2180 .
898 2174 907 2180 .

1848 2159 1896 2164 κ,
1922 2159 2031 2180 ι---

469 2159 793 2256 Ειριιὶπηέἰ,
832 2174 908 2226 uti
942 2186 1166 2234 sanctus
1189 2180 1424 2251 Cyrillus
1463 2190 1668 2248 refert:
1715 2215 1734 2248 ι
1776 2197 2032 2258 Omnium

471 2245 797 2313 naturalium
849 2263 1114 2323 bonorum
1162 2273 1341 2331 Patris
1379 2283 1652 2353 particeps
1701 2297 1785 2342 est
1829 2288 2024 2358 Filius,

467 2360 630 2401 imam
693 2354 738 2406 si
797 2357 1044 2428 excipias
1100 2369 1507 2433 paternitatcm.
1548 2394 1566 2428 ι
1633 2377 1794 2435 Pater
1843 2393 2024 2439 autem

466 2438 706 2500 Spiritus
755 2463 859 2500 non
913 2463 1014 2508 cst.
1051 2454 1337 2521 Quomodo
1383 2479 1511 2520 vero
1557 2483 1680 2523 cum
1711 2472 1872 2529 Patre
1914 2493 2024 2533 non

463 2536 889 2592 communicabit
915 2541 966 2594 in
1003 2549 1350 2605 entanatione
1378 2553 1635 2622 Spiritus,
1679 2561 1724 2616 si
1753 2564 1861 2619 duo
1901 2567 2020 2622 l‘on-

461 2632 541 2674 tes
595 2639 702 2679 non
759 2639 906 2696 sunt,
962 2635 1058 2692 sed
1106 2655 1252 2696 unus
1307 2642 1436 2700 fons
1467 2645 1706 2718 Spiritus
1763 2654 1922 2712 Pater
1967 2670 2022 2716 et

453 2709 663 2770 Filius?

627 2830 714 2887 Ea:
745 2835 1006 2909 colloquio
1035 2842 1332 2904 Ortltodoxi
1359 2861 1409 2906 et
1440 2853 1835 2921 Macedoniatti.

517 2999 706 3058 CXXI.
753 3022 773 3056 ‹
809 3007 874 3062 Α.
917 3009 1149 3070 Potesne
1186 3017 1318 3073 mihi
1364 3025 1654 3084 ostendere
1685 3045 1922 3100 quonam
1955 3037 2007 3092 in

449 3111 468 3144 ι
510 3093 628 3148 loco
661 3099 923 3168 scriptum
950 3113 1054 3167 est,
1088 3107 1252 3163 Deum
1279 3127 1400 3170 esse
1428 3115 1690 3186 Spiritum
1703 3093 1736 3177 v?
1759 3123 1898 3192 Quid
1924 3145 2010 3186 me
2038 3152 2078 3206 ε

447 3203 468 3236 ι
509 3187 691 3243 multis
721 3192 821 3246 hac
864 3202 1028 3262 atque
1071 3199 1161 3254 illa
1194 3202 1557 3265 circumfers?
1584 3213 1642 3267 Β.
1677 3215 1732 3269 Si
1770 3187 2003 3287 primum

449 3301 464 3328 ε
503 3280 721 3348 quidem
755 3289 932 3342 sancti
960 3292 1187 3358 apostoli
1221 3309 1562 3366 agnoverunt
1595 3280 1858 3376 Spiritum
1893 3323 2004 3368 tum

445 3384 461 3413 ι
503 3375 686 3432 postea
748 3371 970 3441 Filium,
1029 3389 1174 3436 recte
1225 3393 1276 3439 et
1338 3395 1395 3442 tu
1443 3371 1662 3463 quoque
1707 3401 2003 3468 cognitioni

447 3477 465 3506 ε
505 3457 626 3514 Filii
675 3466 1039 3535 cognitionem
1100 3470 1337 3541 Spiritus
1381 3457 1678 3552 praeponis.
1741 3457 1898 3554 Qvuod
1955 3494 2002 3547 si

442 3568 461 3599 ι
505 3553 656 3618 prius
708 3554 844 3625 ipsis
901 3559 1137 3618 innotuit
1187 3562 1381 3630 Filius.
1425 3573 1682 3645 deinceps
1737 3577 1997 3650 Spiritus,

440 3661 458 3692 ι
496 3643 652 3711 prius
701 3654 756 3700 tu
791 3663 1011 3721 quoque
1061 3669 1300 3726 agnosce
1327 3660 1452 3717 Filii
1479 3643 1858 3733 deitatemiet
1889 3643 1998 3733 Iuni

438 3752 456 3781 ‹
497 3737 809 3798 assequeris
852 3750 905 3795 et
936 3740 1178 3812 Spiritus
1228 3751 1618 3820 cognitionem.
1652 3759 1718 3814 A.
1771 3759 1898 3819 Scio
1944 3775 1998 3820 ct

436 3839 454 3869 ε
493 3823 658 3879 credo
687 3822 856 3882 Deum
894 3847 1017 3886 esse
1042 3832 1264 3903 Filium,
1315 3855 1380 3895 ex
1406 3843 1516 3898 Deo
1559 3858 1608 3900 et
1642 3845 1806 3905 Patre
1841 3858 1998 3925 geni-

437 3930 455 3962 ι
495 3919 631 3978 tum,
672 3923 843 3972 totum
871 3935 935 3974 ex
965 3931 1097 3978 toto.
1130 3925 1188 3982 Β.
1221 3927 1388 3998 igitur
1419 3947 1486 3987 ex
1511 3939 1772 3997 essentia.
1794 3919 1867 3996 Α.
1892 3943 1997 4000 Illi-

432 4023 452 4055 ι
490 4007 634 4064 nime
659 4011 920 4079 genitum.
966 4016 1024 4069 Β.
1060 4016 1174 4084 Qua
1209 4035 1338 4092 ergo
1382 4027 1594 4083 ratione
1619 4029 1758 4087 dicis
1812 4035 1986 4104 ipsum

431 4115 449 4147 ι
486 4106 658 4152 totum
710 4117 774 4156 ex
814 4110 950 4171 toto,
981 4109 1143 4164 sicuti
1194 4115 1508 4182 angelorum
1559 4125 1880 4192 quemlibet,
1932 4139 1990 4185 et

429 4205 447 4236 ι
488 4188 720 4245 aliarum
766 4201 1182 4254 creaturarum?
1222 4205 1286 4256 A.
1322 4203 1428 4260 Sed
1475 4188 1648 4268 Filius
1677 4188 1990 4286 unigenitus

430 4295 449 4326 ι
489 4289 594 4335 est.
635 4280 699 4337 Β.
739 4281 1032 4355 Propterea
1074 4305 1198 4345 eum
1248 4293 1386 4352 dicis
1421 4280 1800 4372 unigenitum;
1841 4311 1988 4374 quod

425 4389 446 4422 ι
483 4373 668 4431 nullus
712 4377 858 4438 alius
887 4380 1011 4436 talis
1049 4392 1172 4453 est;
1202 4387 1287 4441 vel
1323 4391 1468 4459 quod
1501 4395 1650 4452 solus
1697 4413 1762 4454 ex
1798 4415 1990 4457 essen-

2765 851 3140 914 Ἐπιστασία.
3303 929 3306 932 ,

2237 951 2257 984 ι
2308 935 2506 990 Ἀκουε
2540 939 2634 993 καὶ
2664 944 2820 1012 παρὰ
2844 945 3030 1001 τούτου
3061 950 3152 1004 τοῦ
3205 952 3343 1010 θείου
3373 960 3554 1035 Harpe;
3580 977 3645 1028 αῖ.

2166 1040 2184 1071 ‹
2223 1039 2338 1076 τιον
2369 1026 2463 1080 καὶ
2487 1028 2710 1098 ἀμφοῖν,
2741 1033 2834 1087 τοῦ
2877 1055 2936 1089 τε
2965 1039 3096 1092 Υίοῦ
3138 1042 3230 1095 καὶ
3262 1046 3350 1099 τοῦ
3373 1050 3646 1130 Πνεύματος,

2160 1131 2180 1162 ι
2225 1114 2316 1168 τὸν
2353 1117 2591 1189 Πατέρα,
2633 1123 2725 1177 τοῦ
2761 1125 2862 1195 μὲν
2889 1128 2967 1192 ὡς
3015 1125 3330 1204 γεννήτορα,
3372 1141 3458 1196 τοῦ
3499 1114 3546 1203 ὐὲ

2160 1221 2180 1254 ι
2227 1205 2407 1277 πηγὴν
2433 1216 2854 1285 κηρυττόμενον.
2896 1238 2916 1271 ι

2728 1309 2786 1364 Ἀ
2795 1311 3122 1381 ντζρῤησις.

2221 1392 2491 1462 Διάφορον
2538 1395 2675 1460 τέως
2728 1398 2902 1454 αἴτιον
2959 1401 3090 1457 Υίοῦ
3139 1407 3358 1464 καὶτοῦ
3388 1415 3644 1491 Πνεῦματος

2145 1484 2238 1535 τὸν
2267 1485 2489 1556 Πατέρα
2519 1488 2822 1558 ὁμολογεῖς,
2856 1493 2952 1546 τοῦ
2983 1496 3105 1563 μὲν,
3136 1497 3212 1560 ὡς
3253 1484 3542 1576 γεννήτειρα.
3568 1484 3638 1571 τοῦ

2142 1573 2218 1637 δὲ,
2243 1575 2318 1639 ὡς
2351 1580 2553 1647 πηγήν.
2615 1581 2678 1634 Et
2712 1581 2845 1650 γοῦν
2880 1586 2974 1638 καὶ
3006 1587 3102 1640 τοῦ
3128 1589 3261 1645 Υίοῦ
3290 1573 3487 1652 καὶτοῦ
3514 1603 3645 1660 Πνεῦ-

2146 1683 2320 1734 ματος
2349 1671 2492 1723 κατὰ
2523 1671 2582 1724 τὺ
2610 1676 2882 1744 προσεχές
2913 1680 3060 1730 ἐστιν
3088 1681 3282 1750 αἴτιος,
3310 1687 3408 1740 ποῦ
3435 1691 3489 1743 τὸ
3511 1695 3557 1746 ὲν
3587 1699 3645 1767 τῷ

2145 1756 2319 1826 Πατρὶ
2372 1759 2629 1832 διάφορον
2682 1765 2780 1834 τῆς
2817 1769 3025 1836 uitiae;
3059 1773 3148 1826 Δεῖ
3195 1773 3253 1828 δὲ
3300 1756 3648 1846 σημειώσασθαξ

2145 1863 2227 1913 σε,
2259 1849 2409 1914 ὅπως
2434 1851 2462 1903 ὁ
2491 1852 2643 1921 ἆγιος
2692 1857 2790 1927 τὴν
2824 1859 2890 1912 ἐκ
2944 1861 3036 1914 τοῦ
3096 1865 3308 1936 Πατρδς
3346 1868 3554 1941 ὓπαρξιν
3579 1880 3650 1934 τοῦ

2143 1941 2456 2010 Πνεῦματος
2486 1945 2544 1999 ἐν
2571 1947 2648 2016 τῷ
2683 1949 2774 2002 τὸν
2809 1952 3027 2022 Πατέρα
3051 1958 3235 2027 πηγὴν
3266 1961 3478 2018 καλέσαι
3528 1969 3648 2041 δεδή-

2139 2029 2334 2098 λωκεν,
2379 2036 2447 2088 ἵν’
2477 2038 2609 2091 ὅταν
2641 2040 2906 2112 εὐρίσκῃς
2960 2047 3055 2099 καί
3089 2046 3180 2101 τὸν
3235 2050 3362 2106 Υἱὸν
3395 2059 3554 2128 πηγὴν
3577 2029 3647 2117 τοῦ

2138 2121 2293 2189 ἁγίου
2319 2123 2610 2195 λεγόμενον
2641 2131 2980 2201 Πνεῦματος,
3009 2136 3085 2206 μὴ
3113 2139 3387 2215 ἀναϐάλλῃ
3412 2121 3648 2218 ὁμολογεῖν

2134 2209 2273 2266 εἶναι
2312 2215 2370 2268 τὸ
2406 2217 2632 2286 Πνεῦμα
2690 2221 2782 2274 καὶ
2835 2222 2894 2286 ἐξ
2933 2225 3159 2294 ἀμφοῖν.
3191 2229 3258 2282 El
3435 2209 3650 2292 atate-16v

2133 2302 2288 2370 ἅγιον
2355 2307 2625 2377 Κύριλλον
2664 2329 2682 2362 ι
2722 2312 2949 2366 Πάντων
3007 2316 3115 2370 τῶν
3171 2323 3417 2388 φυσικῶν
3467 2326 3650 2394 ἀγαθῶν

2129 2396 2225 2448 τοῦ
2257 2399 2467 2471 Πατρδς
2497 2405 2762 2467 κοινωνός
2797 2407 2946 2459 ἐστιν
2973 2411 2999 2460 6
3031 2409 3159 2472 Υίδς
3204 2412 3336 2466 ἄνευ
3365 2415 3451 2469 τοῦ
3498 2419 3649 2490 Πατὴρ

2129 2484 2290 2553 εἶναι,
2325 2492 2516 2562 Πατὴρ
2554 2493 2654 2562 μὲν
2707 2497 2811 2550 οὐκ
2843 2498 2961 2552 ἔστι
2997 2496 3091 2554 “te:
3132 2503 3464 2574 Πνεύματοςο
3505 2510 3571 2579 τῷ
3607 2512 3648 2564 ὖδ

2128 2579 2305 2647 Πατρὶ
2341 2580 2457 2644 πῶς
2503 2583 2569 2636 ἂν
2596 2584 2677 2646 είς
2716 2586 2807 2639 τὸν
2834 2587 2928 2640 τοῦ
2962 2589 3285 2660 Πνεύματος
3315 2595 3375 2646 οὐ
3426 2600 3647 2667 κοινωνήο

2128 2684 2239 2721 σειε
2271 2673 2583 2743 πηγασμὸν.
2614 2675 2669 2728 ετ
2693 2693 2755 2743 γε
2790 2677 2864 2748 μὴ
2886 2677 2980 2733 δύο
3008 2684 3203 2752 πηγαὶ,
3241 2684 3376 2738 ἀλλὰ
3405 2687 3494 2754 μία
3526 2689 3646 2760 πηγὴ

2125 2760 2215 2814 τοῦ
2243 2763 2558 2834 Πνεῦματος
2593 2769 2622 2820 6
2655 2768 2844 2840 Πατήρ
2874 2771 2981 2825 εισι
3007 2774 3101 2826 καὶ
3145 2774 3174 2826 6
3210 2775 3372 2842 Υἱόςς

2133 2877 2269 2932 Ἀπὸ
2316 2878 2424 2954 τῆς
2455 2881 2523 2935 ἐκ
2558 2883 2886 2954 προσώπου
2933 2887 3315 2954 ’ορθοδόξου,
3348 2893 3441 2945 καὶ
3488 2897 3647 2949 Maxe-

2369 2949 2655 3006 δονιανοῦ
2689 2949 3093 3023 συντεθείσης
3132 2949 3471 3026 διὰλέξεως.

2189 3038 2366 3096 PKA'.
2415 3059 2434 3093 ι
2481 3044 2546 3099 Α.
2609 3045 2794 3114 Ἔχεις
2845 3065 2937 3118 μοι
2971 3048 3166 3117 δεῖξαι,
3217 3053 3324 3106 ποῦ
3377 3056 3646 3127 γέγραπται

2121 3145 2139 3178 ι
2182 3128 2315 3192 Θεὸς
2340 3130 2404 3184 τὸ
2435 3131 2694 3204 Πνεῦμσς
2726 3137 2792 3190 Τί
2833 3155 2900 3208 με
2943 3140 3234 3210 περιάγεις
3265 3143 3466 3212 πολλάς
3517 3147 3564 3199 Β.
3600 3149 3646 3199 El

2118 3239 2137 3271 ι
2183 3221 2283 3290 μὲν
2305 3224 2520 3293 πρῶτον
2545 3225 2790 3296 ἔγνωσαν
2815 3231 2862 3284 0i
2891 3231 3036 3300 ἅγιοι
3064 3234 3363 3290 ἀπόστολοι
3383 3238 3440 3290 τὸ
3461 3239 3648 3310 Πνεῦμα

2114 3331 2133 3363 ι
2183 3315 2277 3367 καὶ
2312 3316 2433 3369 τότε
2473 3317 2565 3372 τὸν
2608 3319 2758 3385 Υίδν,
2795 3323 2975 3388 καλῶς
3009 3326 3104 3380 καὶ
3160 3328 3230 3381 σὺ
3268 3329 3536 3400 ἐπιζητεῖς
3565 3334 3644 3399 τὴν

2113 3422 2133 3455 ‹
2179 3405 2274 3459 τοῦ
2305 3408 2626 3476 Πνεῦματος
2647 3411 2853 3480 γνῶσιν
2906 3417 3014 3486 πρδ
3072 3418 3172 3488 τῆς
3206 3420 3304 3473 τοῦ
3363 3421 3488 3475 Υίοῦ
3530 3423 3648 3490 γνὼο

2109 3514 2130 3548 ι
2179 3507 2318 3562 eam;
2343 3515 2358 3530 ·
2395 3501 2443 3553 εί
2469 3501 2525 3556 δὲ
2551 3503 2816 3574 πρότερον
2843 3507 3092 3578 ἐγνώσθη
3120 3511 3310 3576 αὐτοῖς
3350 3516 3377 3567 6
3410 3514 3543 3577 Υἱὸς,
3570 3518 3644 3569 καὶ

2111 3609 2128 3639 ι
2173 3593 2294 3644 τότε
2334 3591 2394 3645 τὸ
2449 3593 2694 3666 Πνεῦμα,
2746 3598 3017 3676 πρότερον
3056 3603 3150 3655 καὶ
3182 3605 3358 3670 αὐτὸς
3416 3607 3644 3676 ὲπίγνωθι

2109 3697 2128 3730 ι
2168 3679 2266 3751 τὴν
2296 3681 2390 3734 τοῦ
2427 3682 2556 3737 Υἱοῦ
2586 3685 2839 3756 θεότητα,
2876 3675 2969 3741 καῖ
3010 3689 3154 3744 οὕτω
3198 3694 3421 3766 μαθήσῃ
3451 3675 3535 3748 καὶ
3562 3699 3641 3764 τὴν

2105 3789 2124 3822 ι
2167 3769 2260 3824 τοῦ
2292 3773 2610 3843 Πνεῦματος
2642 3777 2865 3844 γνῶσιν.
2901 3779 2965 3832 Α.
2999 3777 3127 3835 Οἶδα
3165 3787 3268 3839 καὶ
3322 3786 3558 3840 πιστεύω
3581 3788 3646 3840 ὅτι

2103 3880 2122 3913 ι
2170 3863 2302 3927 Θεὸς
2337 3866 2483 3920 ἐστιν
2511 3870 2538 3921 6
2570 3868 2722 3934 Υἱὸς,
2753 3871 2824 3924 ὲκ
2860 3872 2954 3926 τοῦ
2984 3873 3119 3928 Θεοῦ
3177 3877 3280 3932 καὶ
3307 3879 3513 3950 Πατρος
3538 3897 3642 3948 γεν-

2105 3969 2124 4003 ι
2163 3953 2347 4024 νηθεὶς
2374 3956 2496 4021 ὅλος
2529 3959 2587 4024 ἐξ
2613 3959 2757 4014 ὅλου.
2814 3963 2874 4016 Β.
2910 3963 3122 4018 Οὐκοῦν
3180 3968 3248 4021 ἑκ
3297 3969 3400 4039 τῆς
3455 3971 3640 4034 οὐσίας.

2081 4062 2120 4111 ,ι
2163 4047 2228 4098 Δ.
2270 4045 2366 4100 Οὐ.
2401 4046 2463 4102 Β.
2513 4049 2697 4115 Οὕτως
2735 4048 2828 4107 οῦν
2867 4055 3030 4108 αὐτὸν
3059 4055 3244 4126 λέγεις
3269 4060 3393 4114 ὅλον
3437 4062 3491 4128 ἐξ
3514 4062 3638 4124 ὅλου,

2098 4155 2116 4188 ι
2157 4136 2233 4201 ὼς
2262 4139 2492 4194 ἕκαστον
2529 4143 2639 4196 τῶν
2671 4145 2921 4212 ἀγγέλων
2951 4149 3180 4203 καὶτῶν
3217 4152 3400 4208 ἄλλων
3432 4156 3639 4223 attrepi-

2097 4248 2116 4281 ι
2162 4247 2303 4298 των;
2371 4233 2433 4289 Α.
2477 4233 2620 4288 Ἀλλ’
2665 4236 2695 4288 6
2727 4237 2856 4300 Υἱὸς
2893 4243 3190 4311 μονογενής
3251 4245 3422 4299 ἐστιν.
3459 4244 3516 4300 Β.
3556 4245 3639 4298 Διὰ

2094 4338 2115 4372 ι
2161 4320 2318 4375 τοῦτο
2343 4323 2511 4377 αὐτὸν
2556 4325 2735 4394 λέγεις
2761 4329 3065 4400 Μο-ιογενῆ,
3093 4332 3218 4386 ἐπεὶ
3244 4334 3406 4399 ἄλλος
3433 4336 3643 4400 τοιοῦτος

2095 4429 2115 4463 ι
2157 4412 2256 4466 οὐκ
2277 4412 2424 4470 ἔστιν
2443 4433 2458 4448 ο
2487 4416 2518 4488 ἢ
2547 4417 2669 4472 ἐπεὶ
2692 4419 2854 4489 μόνος
2879 4423 2943 4475 ὲκ
2964 4423 3063 4493 τῆς
3087 4423 3285 4489 οὐσίας
3315 4429 3637 4498 γεγέννηται·

423 4484 441 4514 σ
478 4465 550 4518 tia
596 4469 811 4536 genitus
848 4482 954 4528 est.
987 4475 1055 4531 A.
1099 4477 1254 4544 Quod
1307 4484 1488 4541 nullus
1519 4488 1661 4545 alius
1707 4492 1832 4547 talis
1877 4504 1981 4551 est.

427 4575 442 4582 -
483 4555 522 4582 ι)
580 4558 747 4582 n:-:.-
805 4563 894 4582 seu.
1021 4567 1054 4582 η
1101 4569 1112 4582 ο
1151 4571 1163 4582 .

2157 4506 2224 4558 Α.
2455 4465 2881 4576 ἄλλοςντοῙοῦτῦς
2901 4465 3206 4582 οὐκιξστιν.
3258 4465 3338 4574 i3:
3386 4465 3639 4574 Eine‘oﬁv

423 4575 442 4607 ι
483 4555 545 4612 Β.
577 4558 753 4617 Dicito
804 4563 971 4634 igitur
1020 4567 1284 4639 Spiritum
1339 4586 1590 4634 sanctum
1639 4583 1982 4654 unigenitum

419 4668 438 4698 ι
479 4647 697 4716 Filium,
734 4669 910 4725 neque
953 4660 1101 4714 enim
1133 4674 1218 4718 est
1266 4665 1411 4723 aliud
1466 4670 1664 4729 simile.
1705 4647 1772 4730 Av.
1828 4678 1985 4737 Absit

420 4757 439 4790 ι
477 4739 599 4794 hoc.
634 4742 694 4796 Β.
730 4743 846 4800 Non
895 4748 1061 4815 igitur
1083 4756 1231 4822 quod
1261 4759 1416 4814 solus
1447 4763 1571 4818 talis
1603 4774 1688 4822 est
1727 4770 1981 4841 unigeni-

418 4848 436 4880 ι
473 4840 558 4885 tus
598 4834 821 4902 dicitur,
870 4840 966 4895 sed
1006 4845 1150 4912 quod
1204 4847 1355 4903 solus
1404 4865 1469 4905 ex
1526 4856 1763 4911 essentia
1815 4834 1978 4919 natus

416 4938 436 4972 ι
473 4931 578 4978 est.
609 4923 726 4982 Non
764 4939 846 4984 est
887 4948 952 4986 cx
1000 4939 1239 4992 essentia
1295 4941 1386 4996 Dei
1435 4943 1721 5013 Spiritus?
1755 4950 1812 5004 Β.
1843 4951 1976 5018 Quis

412 5032 432 5064 ι
471 5018 669 5086 negat?
692 5022 758 5075 Δ.
793 5020 936 5094 Ergo
961 5036 1016 5081 et
1047 5029 1159 5098 ipse
1187 5030 1361 5088 Filius
1409 5044 1514 5090 est.
1546 5036 1608 5092 Β.
1646 5039 1754 5094 Sed
1797 5040 1972 5100 Filius

413 5125 432 5155 ι
473 5122 538 5161 ex
567 5112 811 5167 essentia
843 5117 1059 5184 genitus
1089 5129 1197 5186 est,
1232 5131 1633 5197 proptereaque
1661 5130 1971 5202 unigenitus

409 5210 429 5241 ι
469 5192 640 5253 Filius
688 5210 792 5264 est,
845 5201 1083 5273 Spiritus
1113 5223 1244 5263 vero
1286 5192 1352 5266 ei
1384 5192 1622 5270 essentia
1667 5192 1911 5283 procedit
1948 5240 1963 5276 :

405 5301 425 5335 ι
462 5285 701 5356 Spiritus
733 5295 876 5349 enim
911 5311 978 5351 ex
1010 5315 1096 5354 me
1143 5304 1389 5370 procedit
1421 5308 1686 5376 scriptum
1719 5321 1825 5375 εει,
1858 5329 1964 5368 ιιοιι

405 5397 423 5428 ι
460 5395 589 5436 vero
621 5392 782 5441 natus
812 5397 914 5445 est.
944 5389 1008 5444 A.
1049 5390 1116 5445 Et
1140 5409 1388 5461 quaenam
1427 5408 1510 5452 est
1535 5399 1836 5459 dilTerentia
1872 5422 1964 5474 ge-

407 5486 427 5503 -
463 5473 764 5533 ncrationis
799 5487 855 5533 et
906 5483 1313 5549 processionis?
1355 5486 1414 5542 Β.
1450 5489 1551 5555 Qui
1601 5492 1957 5550 differentiam

404 5579 423 5610 ι
460 5565 630 5629 novit,
693 5577 748 5621 et
801 5571 1022 5626 modum
1077 5577 1442 5644 generationis
1492 5591 1546 5636 et
1594 5589 1958 5654 processionis

403 5673 419 5704 ι
458 5658 628 5714 norit.
660 5659 937 5719 Neminem
982 5681 1108 5721 vero
1133 5670 1501 5738 generationis
1539 5678 1754 5733 modum
1785 5696 1955 5752 agno-

401 5763 417 5790 ο
459 5760 608 5803 scere
634 5749 903 5823 Propheta
937 5756 1130 5813 clamat
1157 5776 1170 5826 ;
1201 5779 1219 5812 ι
1249 5760 1663 5825 Generationem
1689 5771 1804 5838 cjtts
1827 5776 1950 5845 quis

2093 4611 2112 4646 ι
2158 4595 2220 4648 τὸ
2256 4597 2478 4668 Πνεῦμα
2507 4599 2569 4652 τὸ
2616 4600 2772 4668 ἅγιον
2830 4604 3096 4676 μονογενῆ
3151 4605 3289 4662 Υίόν
3317 4624 3332 4640 ο
3392 4609 3518 4662 ἄλλο
3545 4609 3636 4677 γὰρ

2089 4701 2108 4736 ι
2156 4687 2398 4741 τοιοῦτον
2429 4689 2530 4742 οὐκ
2560 4689 2696 4744 ἐστι.
2746 4691 2812 4746 Α.
2855 4693 2948 4762 Μὴ
2982 4693 3216 4763 γένοιτο.
3261 4699 3324 4753 Β.
3380 4700 3494 4752 Οὐκ
3543 4702 3634 4770 ἄρα

2086 4794 2105 4827 ι
2150 4776 2239 4831 διὰ
2271 4779 2330 4832 τὸ
2368 4780 2528 4849 μόνον
2550 4781 2794 4836 τοιοῦτον
2823 4785 2984 4839 αὐτὸν
3019 4781 3158 4840 εῖναι
3203 4789 3522 4862 Μονογενὴς
3560 4793 3636 4844 λέ-

2089 4884 2109 4918 ι
2153 4884 2331 4935 γεται,
2357 4870 2474 4923 ἀλλ’
2499 4872 2685 4941 ἐπειδὴ
2713 4874 2870 4942 μόνος
2889 4876 2952 4929 ὲκ
2971 4877 3069 4945 τῆς
3094 4877 3284 4943 οὐσίας
3303 4882 3631 4953 γεγέννηται.

2083 4974 2104 5008 ι
2147 4958 2212 5010 Δ.
2249 4959 2364 5012 Οὐκ
2393 4961 2540 5014 ἔστιν
2575 4963 2639 5014 ἐκ
2667 4963 2766 5031 τῆς
2795 4965 2986 5028 οὐσίας
3014 4966 3108 5020 τοῦ
3140 4968 3285 5024 Θεοῦ
3317 4973 3382 5025 τὸ
3406 4973 3628 5040 Πνεῦμας

2079 5063 2101 5097 ε
2151 5047 2211 5100 Β.
2240 5048 2353 5101 Καὶ
2378 5049 2542 5104 πάνυ.
2577 5051 2640 5102 Α.
2678 5050 2787 5104 Καὶ
2825 5052 2957 5106 αὐτὸ
2990 5054 3100 5126 ἄρα
3130 5056 3286 5122 Υἱός.
3318 5061 3382 5114 Β.
3452 5061 3626 5114 ’ΔλλῚ

2077 5156 2097 5190 ι
2153 5140 2252 5209 μὲν
2284 5139 2410 5203 Υἱὸς
2463 5141 2528 5194 ἐκ
2557 5142 2658 5211 τῆς
2716 5141 2904 5208 οὐσίας
2951 5146 3303 5218 γεγέννηται,
3353 5151 3445 5206 διὰ
3489 5152 3630 5205 τοῦτο

2076 5247 2097 5282 ι
2145 5233 2440 5304 μονογενὴς
2491 5233 2640 5297 Υἱὸς.
2694 5234 2757 5289 τὺ
2805 5237 2863 5289 δὲ
2928 5238 3154 5310 Πνεῦμα
3184 5242 3253 5296 ἐκ
3315 5245 3420 5315 τῆς
3458 5244 3628 5308 οὐσίας

2073 5339 2094 5374 ι
2138 5323 2518 5394 ἐκπορεύεται.
2555 5343 2574 5377 t
2609 5327 2834 5398 Πνεῦμα
2863 5328 2972 5399 γὰρ
3002 5333 3134 5403 παρ’
3166 5333 3312 5405 ἐμοῦ
3349 5337 3627 5409 ἐκπορεύε-

2077 5432 2096 5464 ι
2139 5431 2229 5467 ται
2260 5433 2279 5467 ι
2332 5417 2666 5487 γέγραπται,
2714 5421 2775 5473 οὐ
2825 5424 3168 5494 γεγέννηται.
3222 5429 3295 5485 Δ.
3351 5431 3460 5483 Καὶ
3490 5429 3623 5498 τίςή

2071 5523 2090 5557 ι
2134 5506 2367 5578 διαφορὰ
2422 5509 2520 5579 τῆς
2574 5512 2885 5582 γεννήσεως
2944 5517 3170 5587 καὶτῆς
3205 5520 3623 5591 ἐκπορεύσεωςς

2068 5617 2086 5648 ι
2133 5598 2191 5650 Β.
2233 5598 2291 5652 '0
2322 5599 2418 5669 τὴν
2447 5600 2712 5674 διαφορὰν
2759 5605 2916 5669 εἰδὼς
2975 5609 3072 5661 καὶ
3122 5608 3218 5662 τὸν
3281 5612 3486 5682 τρόπον
3537 5611 3624 5680 τῆς

2067 5707 2084 5739 ι
2128 5689 2438 5760 γεννήσεως
2493 5693 2590 5746 καὶ
2648 5695 2744 5763 τῆς
2803 5697 3178 5768 ὲκπορεύσεως
3211 5695 3382 5758 οἶδεν.
3419 5704 3536 5757 Ὅτι
3571 5703 3620 5754 δὲ

2068 5799 2084 5832 ‹
2131 5780 2303 5846 οὐδεὶς
2329 5777 2437 5836 οἶδε
2484 5783 2574 5839 τὸν
2619 5786 2820 5854 τρόπον
2878 5792 2976 5862 της
3005 5793 3319 5864 γεννήσεως
3354 5799 3383 5849 6
3418 5798 3613 5868 προφή-
