3882 6616
203 462 292 525 569
1090 457 1174 517 IN
1213 457 1602 521 CAMATERI
1646 461 2400 526 ANIMADVERSIONES.
3281 465 3385 528 5ῗο

207 595 221 621 ι
259 587 344 641 της
373 565 463 640 βοᾷ
490 585 508 618 ι
542 563 648 630 Τὴν
683 566 875 635 γενεὰν
905 567 1074 622 αὑτοῦ
1136 571 1218 634 τίς
1282 571 1634 642 διηγήσεται;
1683 596 1701 626 ι

1875 581 2248 634 enarraint"!
2285 598 2303 630 ι
2385 580 2452 634 Α.
2504 577 2570 632 Ει
2598 593 2703 647 qua
2741 578 2950 634 ratione
2981 576 3139 644 dicis,
3187 575 3381 631 Filium

212 688 226 716 ι
262 667 316 718 Δ.
348 663 446 717 Καὶ
467 660 578 717 πῶς
605 659 694 712 οὖν
719 661 898 729 λέγεις
925 662 1005 716 ὅτι
1034 665 1063 716 6
1094 665 1194 734 μὲν
1226 667 1353 729 Υἱὸς
1383 669 1447 720 ἐκ
1476 668 1577 733 τῆς
1614 669 1707 721 οὐ·

1877 686 1942 724 ex
1978 673 2209 726 essentia
2248 672 2488 742 genitum
2520 685 2641 728 esse
2666 713 2682 735 ,
2724 670 2987 742 Spiritum
3021 685 3152 726 vero
3190 686 3397 740 procer

208 778 222 808 ι
263 757 368 818 σίας
390 755 720 822 γεγέννηται,
754 752 815 806 τὸ
843 754 901 807 δέ
933 755 1156 827 Πνεῦμα
1192 757 1590 828 ἐκπορεύεται;
1647 759 1708 811 Β.

1875 761 2048 816 dere?
2088 762 2145 819 Β.
2198 761 2329 828 Qlue
2372 764 2572 833 scripta
2612 770 2760 824 sunt,
2811 762 3005 818 recito.
3057 762 3137 816 Tu
3188 762 3379 815 eadem

206 869 220 900 ι
257 849 326 901 Τὰ
355 847 701 915 γεγραμμένα
731 845 898 915 λέγω.
931 849 1041 902 Καὶ
1078 850 1142 903 σὺ
1175 851 1324 918 λέγε,
1363 853 1455 904 καὶ
1499 853 1561 904 οὐ
1589 869 1706 904 κιν-

1838 873 1840 902 τ
1878 854 2062 918 dicito,
2111 864 2163 908 et
2194 855 2248 908 in
2277 855 2412 909 vado
2452 855 2583 910 eris.
2626 855 2692 908 A.
2733 853 2839 910 Ubi
2888 855 3148 921 scriptum
3185 864 3268 906 est
3306 869 3371 904 ex

204 959 218 991 ι
255 938 522 1002 δυνεύσεις.
559 939 622 991 Α.
674 937 782 991 Ποῦ
818 941 1150 1010 γέγραπται,
1182 943 1248 995 ἐκ
1277 943 1375 1011 τῆς
1400 943 1623 1008 οὐσίαςς
1651 944 1709 996 Β.

1875 947 2152 1002 essentia?
2179 945 2240 1001 Β.
2286 944 2476 1001 Omnia
2526 963 2591 1000 ex
2624 947 2735 1000 Deo
2793 961 2914 1000 esse
2953 945 3240 1013 scriptum,
3283 959 3383 998 nec

205 1051 218 1082 ι
257 1032 364 1083 Ὀτι
394 1029 562 1082 πάντα
611 1031 674 1083 ἐκ
699 1029 790 1082 τοῦ
819 1031 956 1084 Θεοῦ
1002 1032 1309 1102 γέγραπται
1344 1034 1439 1088 καὶ
1487 1035 1551 1088 σὺ
1584 1040 1715 1106 ὁμο-

1888 1047 1940 1090 tu
1974 1034 2186 1090 inﬁcias
2224 1035 2411 1090 iveris.
2447 1033 2511 1088 A.
2556 1034 2634 1088 lta
2671 1045 2775 1097 est,
2816 1034 3008 1088 fateor.
3050 1031 3187 1086 Num
3221 1032 3383 1102 igitur

203 1144 216 1171 ι
257 1121 432 1189 λογεῖς.
477 1121 540 1173 Α.
574 1121 678 1172 Καὶ
701 1123 974 1190 ὁμολογῶ.
1011 1123 1102 1195 Μὴ
1135 1121 1228 1179 οὖν
1280 1127 1344 1178 ἐκ
1374 1127 1472 1196 τῆς
1525 1129 1717 1192 οὐσίας

1928 1143 1940 1180 ι
1988 1127 2227 1182 essentia
2269 1127 2494 1181 omnia?
2540 1125 2599 1179 Β.
2631 1126 2867 1191 Minime,
2917 1126 3060 1181 absit
3108 1127 3226 1180 hoc.
3276 1124 3382 1179 Sed
3457 1167 3461 1170 .

207 1235 222 1264 ι
259 1213 317 1264 τὰ
344 1211 546 1277 πάντας
603 1211 662 1263 Β.
697 1213 848 1283 Οὐχὶ,
885 1214 960 1288 μὴ
989 1215 1200 1283 γένοιτο
1230 1255 1245 1272 .
1287 1217 1429 1271 Ἀλλ’
1460 1219 1543 1272 ὅτι
1573 1220 1712 1274 πάνυ

1877 1221 2021 1289 quod
2066 1235 2190 1275 cum
2243 1219 2426 1274 omnia
2480 1218 2590 1274 sint
2635 1235 2697 1272 ex
2753 1217 2882 1282 Deo,
2932 1219 3021 1274 hic
3071 1219 3383 1285 unigenitns

203 1322 218 1354 ι
254 1321 347 1356 των
389 1303 545 1354 ὄντων
581 1305 643 1356 ἐκ
696 1305 790 1357 τοῦ
835 1306 992 1374 Θεοῦ,
1033 1303 1189 1373 οὗτος
1235 1313 1530 1384 μονογενὴς
1565 1314 1715 1381 Υἱὸς,

1880 1313 2072 1378 Filius,
2119 1314 2248 1368 licet
2290 1313 2448 1367 multi
2492 1321 2623 1366 sunt
2671 1311 2791 1377 lilii,
2855 1325 2920 1366 ex
2978 1312 3211 1367 essentia
3264 1326 3385 1365 esse

203 1419 217 1448 ι
255 1396 440 1450 πολλῶν
464 1397 628 1450 ὄντων
656 1397 810 1463 υἱῶν,
859 1395 893 1468 ἦ
931 1399 1040 1470 μὴν
1068 1403 1133 1454 ἐκ
1176 1405 1277 1474 τῆς
1319 1403 1509 1466 οὐσίας
1561 1403 1718 1474 δῆλόν

1882 1402 2100 1476 planum
2132 1414 2234 1462 est.
2270 1407 2331 1460 Α.
2358 1405 2496 1459 Num
2526 1414 2578 1460 et
2599 1403 2836 1474 Spiritus
2867 1402 3176 1473 unigenitus
3211 1401 3383 1455 Filius

203 1489 403 1540 ιέστιν.
453 1489 515 1541 A.
571 1488 662 1557 Μὴ
711 1490 807 1542 καὶ
856 1495 917 1542 τὸ
979 1491 1205 1560 Πνεῦμα
1241 1493 1535 1564 μονογενὴς
1589 1494 1720 1558 Υἱός

1881 1498 2084 1556 estiB.
2122 1499 2184 1552 Et
2217 1514 2364 1553 nunc
2397 1499 2596 1554 iterum
2624 1507 2832 1568 repeto,
2860 1497 3023 1550 ahsit.
3057 1495 3161 1549 Sed
3196 1509 3387 1562 quem-

203 1601 216 1633 ι
255 1584 414 1646 ἐστιν;
447 1579 504 1633 Β.
535 1580 642 1632 Καὶ
675 1579 770 1633 νῦν
800 1581 965 1650 λέγω,
1003 1583 1078 1654 μὴ
1111 1586 1320 1654 γένοιτο
1347 1587 1542 1642 εἰπεῖν.
1577 1586 1719 1640 Ἀλλ’

1883 1590 2173 1645 admodum
2206 1590 2330 1645 licet
2363 1589 2518 1644 multi
2557 1589 2652 1643 filii
2695 1598 2846 1652 sunt,
2883 1588 3028 1642 hunc
3055 1602 3120 1640 ex
3146 1583 3384 1638 essentia

204 1692 218 1723 ι
257 1670 424 1742 ὥσπερ
466 1671 680 1728 πολλῶν
717 1675 887 1728 ὄντων
934 1676 1088 1742 υἱῶν,
1134 1678 1326 1732 τοῦτον
1376 1679 1622 1750 ἔγνωμεν
1655 1683 1720 1735 ἐκ

1879 1682 2247 1752 agnoscimus,
2293 1679 2437 1750 quod
2475 1680 2632 1736 Pater
2673 1679 2816 1734 dicat
2849 1695 2862 1732 :
2904 1696 2922 1730 ι
2957 1676 3055 1731 llic
3103 1685 3186 1730 est
3215 1674 3397 1731 Filius

201 1780 217 1812 ι
254 1761 340 1828 τῆς
391 1760 589 1824 οὐσίας,
641 1763 732 1816 διὰ
759 1765 819 1817 τὸ
849 1764 1038 1834 λέγειν
1061 1765 1150 1820 τὸν
1204 1768 1442 1838 Πατέρα,
1481 1787 1498 1820 ι
1551 1761 1719 1834 Οὗτός

1884 1786 2037 1826 meus
2078 1769 2310 1826 dilectus
2336 1772 2401 1837 ",
2440 1789 2457 1822 ι
2509 1769 2590 1824 sic
2623 1777 2678 1822 et
2719 1767 2978 1836 Spiritum
3022 1766 3274 1820 novimus
3320 1779 3385 1819 ex

205 1872 218 1903 ι
258 1853 388 1904 ἐστιν
434 1853 461 1904 6
517 1853 638 1916 Υίός
693 1871 797 1923 μου
839 1858 867 1910 6
911 1858 1213 1927 ἀγαπητὸς,
1279 1877 1298 1910 ι
1345 1858 1488 1912 οὕτω
1537 1863 1632 1914 καὶ
1660 1860 1720 1912 τὸ

1884 1864 2060 1927 Patre,
2093 1863 2234 1932 quod
2266 1863 2389 1915 licet
2413 1861 2520 1915 sint
2551 1859 2707 1914 multi
2736 1857 2984 1928 spiritus,
3025 1855 3185 1910 Pater
3209 1853 3341 1909 dicit
3369 1869 3381 1906 :

205 1961 220 1993 ι
259 1940 456 2013 Πνεῦμα
489 1916 739 2015 ἔγνωμεν
771 1947 834 1998 ἐκ
864 1916 970 2000 τοῦ.
991 1916 1228 2018 Πατρδς,
1256 1949 1344 2003 διά
1381 1949 1467 2014 τὸ,
1499 1949 1712 2004 πολλῶν

1892 1957 2175 2012 ΕΠυηίιειη
2204 1970 2268 2008 ex
2309 1953 2513 2023 Spiritu
2541 1968 2660 2007 meo
2691 1952 2744 2004 in
2779 1964 2997 2005 omnem
3023 1962 3241 2004 carnem
3264 1947 3331 2001 ¹³.
3363 1965 3381 1996 ι

203 2051 218 2084 ι
254 2033 402 2087 ὄντων
431 2037 778 2106 πνευμάτων,
811 2038 992 2107 λέγειν
1023 2042 1115 2094 τὸν
1144 2044 1388 2114 Πατέρα,
1449 2061 1468 2094 ι
1517 2041 1723 2112 Ἐκχεῶ

1883 2049 2069 2119 Neque
2112 2049 2257 2102 enim
2285 2055 2461 2118 potest
2515 2045 2620 2100 alia
2674 2045 2885 2098 ratione
2924 2042 2990 2096 ab
3020 2041 3146 2096 aliis
3183 2039 3389 2096 sanctis

204 2139 219 2172 ι
250 2121 345 2215 άπδ
373 2123 461 2175 τοῦ
491 2125 811 2196 Πνεύματός
840 2145 945 2200 μου
969 2131 1062 2182 ἐπὶ
1089 2132 1269 2186 πᾶσαν
1296 2134 1496 2204 σάρκα.
1527 2151 1552 2215 3
1591 2133 1720 2186 Ἀλ-

1888 2142 2172 2212 spiritibus
2232 2138 2499 2209 separari,
2545 2147 2598 2192 et
2639 2135 2898 2206 coniungi
2950 2133 3096 2188 Patri
3143 2133 3247 2187 nisi
3303 2145 3389 2185 ra-

204 2233 218 2264 t
253 2214 345 2277 λως
379 2215 482 2286 γὰρ
503 2216 562 2268 οὐ
589 2216 816 2273 δύναται
842 2221 1178 2292 χωρισθῆναι
1205 2223 1315 2278 τῶν
1347 2214 1724 2293 άλλωνάγίων

1889 2235 2034 2288 tione
2090 2234 2359 2288 essentiae.
2395 2231 2458 2285 A.
2519 2229 2675 2284 Pater
2737 2227 2880 2282 enim
2942 2233 3046 2287 est,
3103 2224 3194 2293 qni
3256 2223 3385 2275 ait:

204 2322 219 2354 ι
257 2304 581 2375 Πνευμάτων,
613 2309 713 2362 καὶ
739 2312 1082 2382 συναφθῆναι
1114 2314 1189 2384 τῷ
1233 2316 1431 2388 Πατρὶ,
1460 2318 1510 2369 εί
1545 2316 1618 2386 μὴ
1645 2315 1722 2385 τῷ

1883 2342 1901 2376 ι
1941 2322 2221 2378 Effundam
2252 2337 2315 2377 ex
2358 2320 2560 2390 Spiritu
2621 2317 2784 2373 meo?
2813 2336 2832 2369 ι
2881 2315 2940 2369 Β.
3004 2315 3083 2370 Ne
3149 2314 3384 2368 dubites.

204 2414 219 2448 ι
254 2397 378 2468 λόγῳ
409 2398 502 2468 τῆς
528 2399 742 2464 οὐσίας.
771 2403 836 2457 Α.
880 2403 938 2456 Ὀ
982 2406 1091 2475 γὰρ
1135 2407 1324 2479 Πατήρ
1357 2412 1523 2473 ἐστιν,
1575 2410 1604 2460 6
1641 2409 1726 2461 λέο

1887 2416 1951 2470 A.
1981 2413 2263 2469 Undenam
2299 2413 2404 2468 hoc
2434 2407 2766 2465 innotescit?
2793 2407 2993 2462 Beatus
3026 2406 3229 2460 Paulus
3258 2419 3389 2472 apo-

202 2504 220 2540 ι
254 2505 369 2557 γων,
413 2508 434 2543 ι
479 2493 688 2561 Ἐκχεῶ
746 2497 854 2550 ἀπὸ
911 2497 1006 2550 τοῦ
1068 2499 1387 2570 Πνεύματός
1433 2518 1570 2569 μους
1606 2520 1623 2553 ι
1659 2501 1724 2554 Β.

1891 2508 2066 2562 stoius
2095 2507 2226 2561 dicit
2246 2520 2272 2571 ξ
2303 2524 2322 2556 ι
2353 2505 2490 2559 Cum
2532 2502 2678 2558 enim
2715 2500 2969 2569 apparuit
2999 2498 3172 2568 gratia
3209 2495 3300 2549 Dei
3336 2503 3389 2548 et

206 2583 353 2636 ιΚαὶ
405 2586 561 2642 πάνυ.
595 2589 666 2642 Δ.
729 2590 838 2643 Καὶ
892 2591 1055 2645 πόθεν
1100 2591 1294 2658 τοῦτος
1343 2595 1403 2648 Β.
1459 2593 1669 2657 Παῦλος
1698 2594 1726 2645 ὁ

1888 2597 2185 2652 Salvatoris
2217 2598 2389 2652 nostri
2418 2596 2480 2660 “,
2523 2614 2542 2647 ι
2583 2609 2688 2648 non
2721 2608 2784 2648 ex
2819 2591 3081 2661 operibus
3110 2604 3230 2658 qua:
3261 2586 3393 2640 feci-

204 2689 221 2723 ι
255 2673 524 2739 ἀπόστολος
585 2677 766 2747 λέγει,
831 2699 849 2732 ι
887 2681 1018 2736 Ὅτε
1066 2683 1175 2754 γὰρ
1216 2685 1466 2755 ἐπεφάνη
1498 2686 1532 2755 ἡ
1567 2685 1726 2755 χάρις

1890 2704 2010 2743 unus
2041 2701 2143 2742 nos
2173 2702 2334 2756 super
2367 2695 2588 2750 terram,
2640 2684 2733 2739 sed
2778 2679 3077 2738 secundum
3124 2679 3390 2747 ingentem

204 2783 220 2817 ι
256 2767 334 2820 τοῦ
357 2768 483 2823 Θεοῦ
517 2772 612 2824 καὶ
637 2773 890 2844 Σωτῆρος
938 2775 1099 2846 ἡμῶν
1132 2778 1231 2830 οὐκ
1292 2776 1350 2841 ἐξ
1402 2778 1603 2848 ἔργων,
1650 2773 1727 2833 ὧν

1889 2779 2324 2835 misericordiam
2392 2792 2589 2839 suam,
2647 2787 2976 2845 regenerans
3024 2785 3125 2826 nos
3177 2770 3395 2822 lavacro

206 2875 221 2906 ι
259 2861 568 2933 ἐποιήσαμεν
593 2866 761 2935 ἡμεῖς
785 2867 878 2919 ἐπὶ
901 2870 998 2938 τῆς
1019 2867 1142 2938 γῆς,
1172 2869 1306 2923 ἀλλὰ
1334 2871 1474 2926 κατὰ
1503 2873 1564 2924 τὸ
1589 2872 1725 2925 πολὺ

1889 2869 2329 2939 regenerationis,
2387 2877 2442 2922 ct
2491 2866 2861 2921 renovationis
2915 2862 3178 2933 Spiritus,
3230 2873 3392 2925 quem

207 2966 224 2998 ι
263 2949 390 3014 ἔλεος
416 2954 577 3008 αὑτοῦ
599 2955 979 3028 ἀναγεννήσας
1010 2959 1156 3028 ἡμᾶς
1207 2959 1296 3013 διὰ
1347 2959 1574 3033 λουτροῦ
1619 2978 1726 3016 πα·

1891 2962 2080 3017 ell‘udit
2106 2975 2267 3030 super
2304 2975 2408 3015 nos
2452 2973 2545 3027 per
2587 2957 2771 3012 Jesum
2806 2955 3110 3010 Christum.
3141 2951 3275 3020 Quis
3317 2949 3395 3005 ef-

209 3041 594 3110 ιλιγγενεσίας,
659 3047 754 3100 καὶ
811 3049 1233 3115 ἀνακαινώσεως
1288 3054 1626 3123 Πνεύματος,
1667 3051 1727 3110 οὗ

1892 3054 2032 3110 fudit
2065 3068 2158 3123 per
2191 3050 2378 3107 Jesum
2412 3050 2688 3106 Christum
2727 3048 2816 3102 ille
2853 3060 3048 3114 nempe
3082 3044 3174 3114 qui
3207 3041 3344 3096 dixit
3379 3057 3391 3094 :

206 3150 220 3181 ι
258 3132 446 3206 ἐξέχεεν
468 3137 551 3206 ἐφ’
581 3139 733 3209 ἡμᾶς
764 3139 850 3193 διὰ
871 3139 1048 3211 Ἰησοῦ
1081 3140 1337 3214 Χριστοῦ.
1367 3165 1388 3197 ι
1422 3145 1517 3205 Τίς
1547 3147 1726 3218 ἐξέχεε

1891 3143 2184 3201 Postremis
2226 3142 2416 3198 diebus
2459 3139 2731 3196 etTundam
2779 3153 2845 3192 ex
2907 3135 3112 3204 Spiritu
3176 3147 3316 3187 meo.
3374 3149 3391 3182 ι

207 3241 220 3272 ι
257 3223 332 3278 διὰ
369 3226 534 3297 Ἰησοῦ
586 3230 826 3299 Χριστοῦ
855 3249 870 3298 ;
901 3232 1143 3302 δηλονότι
1173 3237 1202 3288 6
1234 3234 1422 3301 εἰπὼν,
1454 3254 1472 3288 ι
1493 3235 1582 3290 Ἐν
1611 3241 1726 3302 ταῖς

1892 3238 1958 3293 Α.
1995 3235 2113 3290 Non
2149 3246 2232 3290 est
2263 3235 2445 3304 itaque
2474 3231 2667 3298 Filius,
2693 3230 2785 3300 qui
2825 3227 3084 3299 Spiritum
3117 3225 3397 3293 clargitur.

142 3328 161 3356 θ
206 3335 220 3367 ι
259 3317 488 3388 ἐσχάταις
516 3322 755 3393 ἡμέραις
779 3310 952 3396 ἐκχεῶ
968 3327 1076 3379 ἀπὸ
1095 3325 1186 3379 τοῦ
1209 3327 1523 3398 Πνεύματός
1553 3345 1675 3397 μου.

1893 3330 1955 3385 Β.
1993 3327 2230 3394 Audisti,
2283 3326 2498 3381 Patrem
2543 3339 2638 3392 per
2689 3323 2886 3377 Filium
2940 3321 3071 3375 dare
3111 3318 3396 3386 Spiritum,

206 3426 221 3457 ι
271 3409 326 3463 Δ.
362 3413 468 3484 Οὐχ
493 3415 520 3467 6
551 3414 682 3478 Υἱὸς
711 3415 806 3469 οὖν
840 3417 1024 3470 δίδωσι
1058 3417 1120 3470 τὸ
1155 3418 1377 3489 Πνεῦμα
1403 3435 1418 3486 ;
1441 3421 1503 3474 B.
1531 3422 1732 3474 Ἤκου-

1891 3435 2015 3474 nam
2050 3417 2209 3473 Pater
2254 3417 2438 3470 dixit:
2497 3435 2516 3467 ι
2546 3412 2850 3469 Postremis
2894 3410 3084 3466 diebus
3125 3406 3396 3461 etlundam

207 3519 222 3552 ι
260 3519 344 3568 σας
367 3505 492 3561 ὅτιό
533 3509 726 3579 Πατὴρ
748 3509 836 3563 διὰ
857 3509 950 3563 τοῦ
987 3510 1116 3564 Υῐοῦ
1161 3511 1345 3565 δίδωσι
1398 3513 1459 3564 τὸ
1507 3512 1731 3582 Πνεῦμα

1895 3527 1961 3566 ex
2002 3509 2192 3580 spiritu
2235 3522 2374 3571 meo,
2406 3525 2425 3558 ι
2475 3504 2652 3560 Filius
2697 3515 2991 3574 resurgens
3047 3514 3112 3554 ex
3172 3497 3400 3552 n’iortuis

206 3610 222 3643 ι
259 3595 426 3665 ἀμέλει
448 3599 538 3654 τοῦ
570 3601 789 3672 ,Πατρδς
828 3603 1128 3674 εἰρηκότος,
1158 3623 1177 3655 ι
1215 3603 1306 3656 Ἐν
1333 3607 1448 3669 ταῖς
1481 3605 1733 3673 ἐσχάταις

1583 3605 1733 3669 iam;
1842 3622 1860 3656 ι
1897 3601 2061 3656 dicit:
2098 3617 2118 3652 ι
2151 3597 2393 3668 Accipite
2422 3595 2684 3667 Spiritum
2712 3601 2964 3652 sanctum
2991 3592 3054 3646 ⁸⁸.
3097 3608 3116 3642 ι

207 3704 222 3734 ι
259 3688 468 3760 ἡμέραις
487 3691 669 3763 ἐκχεῶ
696 3693 805 3746 ἀπὸ
825 3694 918 3747 τοῦ
950 3694 1261 3763 Πνεῦματός
1298 3713 1423 3765 μου,
1454 3715 1474 3748 ›
1519 3698 1577 3749 ’0
1607 3697 1732 3761 Υξδς

209 3798 226 3830 ι
261 3781 470 3848 ἀναστὰς
496 3786 560 3839 ἐκ
588 3787 801 3855 νεκρῶν
814 3787 991 3856 λέγειν
1009 3787 1214 3841 Λάϐετε
1233 3805 1251 3838 ι
1279 3789 1499 3860 Πνεῦμα
1523 3790 1728 3858 arma.)

739 3879 1120 3936 Ἐπιστασία.
2257 3883 2260 3886 ’
2404 3874 2828 3940 Αηὶηιαάυεηὶο,

267 3985 284 4016 ι
316 3968 414 4021 Καὶ
435 3971 491 4024 ἐν
519 3970 699 4042 ταύτῃ
738 3975 805 4042 τῇ
837 3974 1190 4048 πραγματείᾳ
1233 3975 1298 4029 τὰ
1321 3975 1459 4030 αὐτὰ
1493 3975 1736 4030 διδάσκει

1915 3990 1934 4024 ι
1968 3969 2026 4025 In
2084 3971 2186 4026 hoc
2218 3984 2436 4040 quoque
2479 3976 2710 4023 tractatu
2758 3979 2864 4020 non
2906 3963 3010 4018 alia
3042 3960 3230 4017 edocet
3275 3972 3401 4012 san-

208 4073 225 4106 t
263 4058 453 4128 ὀᾶγιος
479 4064 543 4116 ἐκ
574 4063 674 4117 τοῦ
709 4066 917 4134 Πατρὸς
949 4068 1198 4138 φανερῶς
1227 4071 1326 4138 τὴν
1355 4068 1452 4122 τοῦ
1485 4067 1738 4138 ιῖνεὺμα-

1902 4070 2044 4125 ctus,
2067 4075 2134 4114 cx
2171 4059 2330 4113 Patre
2360 4057 2532 4126 palam
2579 4055 2816 4126 Spiritus
2848 4054 3149 4109 decernens
3183 4062 3399 4119 proces-

212 4165 228 4198 ι
260 4165 338 4214 τος
362 4152 702 4223 δογματίζων
727 4157 1072 4227 ἐκπόρευσιν,
1105 4159 1203 4232 τὴν
1247 4160 1306 4214 δὲ
1351 4162 1542 4215 τούτου
1593 4163 1738 4216 δόσιν

1846 4170 1866 4205 ι
1903 4153 2136 4216 sionem,
2171 4149 2334 4220 hujus
2365 4165 2496 4206 vero
2533 4147 2883 4203 donationem
2922 4159 3019 4212 per
3040 4142 3268 4196 Filium.
3303 4158 3322 4192 ι

211 4256 228 4291 ι
264 4242 343 4297 διὰ
365 4245 454 4299 τοῦ
484 4247 641 4302 Υἰοῦ.
679 4267 700 4301 ι

763 4340 1156 4412 ’Δντίρῤησις.

2472 4334 2767 4403 Refutatio.

265 4426 364 4482 Καὶ
393 4431 500 4502 μὴν
527 4432 768 4490 ἐνταῦθα
813 4436 874 4489 τὸ
902 4440 1050 4508 παρὰ
1096 4439 1193 4494 τοῦ
1230 4444 1444 4515 Πατρδς
1479 4445 1742 4516 ἐκχεόμεο

1915 4431 1983 4487 Ει
2007 4429 2362 4485 nihilominus
2395 4429 2482 4484 hic
2522 4443 2741 4498 quoque
2777 4427 2921 4498 quod
2954 4441 2984 4480 a
3032 4427 3192 4481 Patre
3223 4421 3399 4476 effun—

207 4529 284 4609 νον
311 4517 392 4572 διὰ
419 4522 510 4574 τοῦ
537 4523 674 4577 Υίοῦ
709 4525 988 4597 διδόμενον
1020 4529 1148 4602 ἔφη.
1191 4534 1262 4587 Ἥ
1317 4512 1447 4604 γοῦν
1471 4512 1740 4609 ὼςήπαρᾶ

1872 4523 2013 4584 litur,
2049 4536 2146 4592 per
2166 4519 2364 4574 Filium
2396 4521 2514 4574 dari
2541 4519 2930 4590 pronuntiavit.
2955 4517 3062 4571 Aut
3102 4517 3284 4584 itaque
3327 4512 3405 4566 uti

205 4605 286 4660 τοῦ
307 4609 506 4684 Πατρδς
534 4615 624 4669 διὰ
653 4617 746 4670 τοῦ
775 4619 905 4671 Υἱοῦ
934 4597 1178 4694 ὑπάρχον
1213 4597 1364 4680 ἐσται
1397 4630 1456 4680 τὸ
1497 4597 1738 4699 Πνεῦμα,

1874 4637 1879 4669 ι
1919 4615 2080 4670 Patre
2115 4629 2209 4684 per
2238 4612 2434 4668 Filium
2461 4613 2732 4668 exsdterit
2766 4611 3027 4682 Spiritus,
3061 4624 3090 4664 a
3136 4607 3294 4660 Patre
3326 4603 3407 4659 cf-

204 4703 338 4770 παρά
364 4705 456 4758 τοῦ
493 4706 708 4778 Πατρδς
745 4712 1097 4784 ἐκχεόμενον,
1125 4719 1221 4772 καὶ⁵
1245 4719 1330 4773 διὰ
1351 4719 1447 4774 τοῦ
1476 4720 1607 4774 Υίοῦ
1646 4697 1737 4775 ήδι·

1878 4721 2026 4772 usus,
2049 4716 2102 4762 et
2130 4721 2224 4776 per
2264 4705 2465 4760 Filium
2496 4707 2659 4760 datus
2693 4721 2705 4757 :
2739 4713 2830 4757 aut
2856 4702 2900 4758 si
2941 4700 3137 4756 eﬂ‘usio
3161 4702 3216 4754 et
3247 4697 3411 4752 dona.

204 4786 404 4859 δόμενον
429 4811 442 4824 ⁸
475 4796 534 4867 ἢ,
582 4798 681 4852 ἐὰν
715 4800 788 4872 μὴ
818 4803 852 4873 ἡ
880 4803 1104 4874 ἔκχυσις
1136 4808 1229 4860 καὶ
1278 4810 1310 4879 ἡ
1345 4809 1490 4872 δόσις
1523 4809 1737 4863 ἀκολου·

1878 4799 1926 4854 io
1984 4814 2090 4853 non
2143 4799 2498 4868 subsequitur
2552 4795 2968 4856 exsistentiam,
3019 4792 3124 4846 alia
3178 4803 3411 4861 persona

205 4880 332 4935 θοῖεν
359 4890 421 4958 τῇ
452 4889 712 4959 ὑπάρξει,
768 4893 895 4947 ἄλλο
931 4893 1304 4967 ζητηθήσεται
1336 4901 1651 4969 πρόσωπον,
1688 4901 1738 4966 ἐξ

1882 4891 2142 4959 ,υοετθηιιο
2173 4898 2278 4956 est,
2314 4906 2381 4946 ex
2427 4905 2534 4960 qua
2577 4888 2817 4960 Spiritus
2859 4886 3132 4942 exsistens
3161 4900 3228 4940 ex
3254 4881 3415 4938 Patre

204 4969 353 5049 οὗπερ
381 4980 438 5031 τὸ
463 4981 690 5053 Πνεῦμα
720 4984 968 5057 ὑπάρχον
1002 4990 1067 5042 ἐκ
1112 4990 1208 5043 τοῦ
1246 4993 1458 5061 Πατρδς
1511 4993 1602 5046 διὰ
1651 4992 1737 5046 τοῦ

1263 4993 1458 5061 1ατρδς
1511 4993 1602 5046 διὰ
1651 4991 1745 5046 τοῦ
1849 4999 1944 5056 per
1975 4982 2172 5040 Filium
2202 4982 2500 5038 edunditur
2527 4991 2584 5037 et
2615 4982 2796 5037 datur.

204 5063 317 5120 Υἱοῦ
353 5072 593 5144 ἐκχεῖται
627 5075 924 5149 διδόμενον.

318 5210 586 5265 ΡΗΣΕΙΣ
624 5214 1030 5270 ΣΩΦΡΟΝΙΟΥ
1057 5218 1591 5274 ΙΕΡΩΣΟΛΥΜΩΝ.

1929 5210 2144 5268 DICTA
2186 5208 2475 5266 SOPHRO
2489 5208 2600 5265 ΝΗ
2634 5205 3228 5265 ηιεηοεοιῖΜιτΑ
3242 5203 3344 5258 Νι.

207 5317 310 5375 Τοῦ
355 5324 527 5407 ἀπίου
578 5329 929 5407 ζωφρρνίου
952 5329 1358 5407 Δπατριάρχου
1415 5331 1740 5407 7811110616-

1884 5329 1914 5382 ἶ.
1959 5327 2238 5397 Sapltrom'i
2274 5327 2599 5407 patriai-clue
2654 5323 3128 5407 Hierosolymiteni
3168 5336 3234 5377 ea:
3277 5329 3417 5374 tanta

264 5409 383 5458 μων
405 5396 474 5449 ἐκ
498 5397 606 5450 τοῦ
631 5396 766 5468 παρ’
795 5399 981 5454 αὐτοῦ
1012 5396 1343 5467 σταλέντος
1379 5403 1464 5468 είς
1487 5396 1501 5400 ⁷
1517 5400 1749 5469 Ῥώμην

267 5464 607 5522 συνοὸικοῦ.

1455 5423 1464 5463 ,‘
1487 5396 1501 5400 ⁷
1517 5400 1749 5469 Ῥώμην
2033 5396 2038 5397 7
2272 5396 2525 5468 synodico
2554 5396 2774 5450 Romam
2807 5397 2988 5450 misso.

268 5595 432 5653 PKB’.
490 5620 510 5653 ι
571 5602 821 5656 Πιστεύω
874 5604 1077 5667 τοίνυν,
1150 5603 1446 5675 μακάριοι,
1501 5602 1752 5673 καθάπερ

1923 5600 2136 5660 CXXII.
2186 5621 2204 5655 ι
2240 5603 2418 5659 Credo
2451 5602 2636 5673 igitur,
2671 5600 2838 5664 beati,
2869 5597 3333 5670 quemadmodum
3361 5605 3416 5650 et

213 5701 228 5732 ί
268 5686 500 5761 ἀρχῆθεν
527 5696 886 5759 πεπίστευκα,
917 5697 997 5759 είς
1029 5694 1126 5748 ἕνα
1154 5694 1288 5749 Θεὸν
1314 5695 1746 5765 παντοκράτορα,

1913 5711 1942 5749 a
1975 5694 2242 5766 principio
2282 5693 2506 5762 credidi,
2549 5694 2602 5748 in
2641 5706 2811 5750 unum
2842 5689 3010 5746 Deum
3079 5687 3417 5758 omnipoten-

275 5869 307 5902 "
333 5871 446 5928 Act.
499 5887 616 5938 vm,
647 5872 735 5927 33.
813 5875 854 5905 "
891 5873 1081 5928 Matth.
1119 5889 1204 5942 n2,
1235 5876 1318 5930 l7.
1403 5874 1443 5904 "
1470 5875 1589 5928 Aet.
1643 5891 1702 5941 lt,
1739 5875 1800 5927 Π

1403 5874 1443 5904 ’³
1470 5875 1589 5928 Aet.
1643 5875 1826 5941 11,17.
1920 5875 1975 5943 “1
2012 5874 2120 5928 'l'it.
2151 5890 2208 5940 ιι,
2251 5875 2334 5938 ll,
2438 5869 2682 5936 "Joan.
2720 5885 2811 5934 xx,
2845 5868 2914 5921 9.3
