3882 6600
195 403 286 465 577
1107 399 1186 459 ΙΝ
1229 398 1523 460 CAMATE
1535 395 1612 457 ΠΙ
1656 395 2293 460 ANIMADVERSION
2301 397 2412 458 ES.

3305 397 3411 461 578

197 537 211 569 ι
253 511 611 585 Παράκλητον,
647 512 918 578 ἄκτιστον,
948 513 1012 564 lx
1046 511 1138 564 τοῦ
1191 511 1401 581 Πατρός
1431 511 1727 581 ἐκπορευό-

1847 529 1859 562 t
1907 519 2052 574 etus,
2094 510 2426 577 Paraeletus,
2461 526 2570 567 non
2617 522 2855 579 creatus,
2896 526 2961 567 ex
3005 509 3166 566 Patre
3225 528 3415 582 procc-

195 626 212 657 ι
253 621 420 671 μενον,
450 604 512 654 ὲκ
542 600 641 654 τοῦ
678 601 803 655 Υίοῦ
827 601 1130 671 λαμϐάνον.
1181 619 1200 652 ι

768 693 1141 746 Ἐπιστασία.

251 807 265 837 ι
315 786 614 856 Πρόσσχες,
665 783 802 850 πῶς,
838 783 1117 839 κάνταῦθα
1161 784 1247 836 ἐπ’
1299 783 1635 853 ἀμφοτέροις
1669 787 1735 853 τῇ

186 897 204 930 ε
243 879 305 931 ἐκ
334 877 581 948 προθέσει
608 877 983 947 χρησάμενος,
1017 874 1180 928 πόἱλιν
1206 874 1370 927 διεῖλε
1397 876 1497 938 τὰς
1527 877 1736 944 φωνὰς,

186 992 202 1023 t
240 973 308 1034 ὠς
333 968 688 1036 προλαϐόντες
714 968 1050 1036 εἰρήκειμεν.
1087 985 1106 1018 ι

751 1060 1152 1129 Ἀντιρῤησις.

251 1151 382 1220 Ἐγὼ
407 1152 464 1205 δέ
496 1168 665 1222 φημι,
702 1152 982 1223 Πρόσσχες
1016 1150 1154 1216 πῶς,
1195 1148 1479 1204 κάνταῦθα
1508 1148 1734 1219 Πνεῦμα

179 1243 300 1298 Θεοῦ
327 1243 590 1314 πρότερον
619 1242 792 1296 είπὼν
825 1242 959 1296 αὐτὸ
988 1243 1015 1296 ό
1045 1241 1220 1310 ἅγιος,
1251 1241 1424 1304 οὕτως
1458 1241 1738 1309 ἐπήγαγεν

179 1339 234 1390 ὲκ
279 1335 366 1390 τοῦ
425 1335 644 1404 Πατρός
687 1335 1120 1405 ἐκπορευόμενον
1147 1374 1160 1395 ,
1205 1334 1300 1387 καὶ
1349 1334 1413 1386 ἐκ
1457 1332 1550 1386 τοῦ
1605 1331 1736 1385 Υίοῦ

178 1427 456 1496 λαμϐάνον,
491 1426 772 1496 πανταχοῦ
800 1429 922 1488 ταῖς
955 1423 1352 1493 Εὐαγγελικαίς
1397 1423 1624 1485 ταύταις
1652 1421 1738 1474 λέ-

178 1521 276 1586 ξεσι
301 1517 600 1589 χρώμενος,
629 1521 694 1589 τῇ
725 1518 824 1588 μὲν
854 1519 933 1580 είς
960 1518 1302 1587 παράστασιν
1328 1515 1423 1569 τοῦ
1469 1510 1608 1567 εἶναι
1640 1513 1738 1567 αὺ-

175 1612 226 1662 τὺ
247 1611 304 1660 ὲκ
329 1609 561 1679 Πατρὸς,
595 1611 664 1680 τῇ
699 1610 755 1664 δὲ
788 1610 868 1674 είς
911 1607 1254 1679 παράστασιν
1295 1606 1392 1660 τοῦ
1435 1601 1574 1659 εἶναι
1605 1604 1736 1658 αὐτὸ

178 1704 234 1754 ἐκ
258 1702 342 1755 τοῦ
376 1701 529 1757 Υίοῦ.

183 1815 278 1869 Τοῦ
325 1814 508 1870 αὑτοῦ
560 1816 632 1870 ἐκ
686 1814 1175 1912 τοῦιτελευζαίου
1231 1811 1570 1880 κεφαλαίου
1615 1807 1736 1864 τῶν
1763 1855 1808 1912 Β

765 1887 1026 1953 Παναρεί
1028 1901 1131 1937 ων.

240 1995 399 2050 ΡΚΘ⁹.
456 2017 473 2048 ι
516 1998 673 2069 Αὐτὴ
721 1998 778 2052 δὲ
831 1999 864 2068 η
905 1997 1064 2068 τιμία
1092 1995 1407 2068 περιστορὰ,
1457 1996 1550 2048 καὶ
1599 1995 1729 2063 ἁγία

185 2107 202 2139 ι
244 2087 504 2158 Παρθένος
530 2090 668 2142 Θεὸν
697 2089 970 2159 ὁμολογεῖ,
1008 2090 1255 2158 Πατέρα,
1304 2087 1399 2141 καὶ
1441 2086 1593 2152 Υίὸν,
1637 2085 1730 2138 καὶ

183 2196 201 2228 t
242 2179 450 2249 Πνεῦμα
473 2179 862 2245 ἆγιον,τέλειοι’
891 2183 1108 2253 Πατέρα
1127 2180 1486 2246 τέλειον,Υίὸν
1504 2179 1727 2243 τέλειον,

184 2287 200 2320 t
241 2269 449 2341 Πνεῦμα
466 2271 951 2342 ἆγιον,όμοούσιον
983 2276 1080 2344 τὴν
1103 2273 1330 2343 Τριάδα,
1353 2271 1490 2326 ἀλλὰ
1516 2271 1606 2326 τὸν
1629 2270 1730 2340 μὲν

182 2377 200 2411 t
240 2361 355 2413 Υίὶν
410 2363 634 2432 ἀληθῶς
689 2366 753 2418 ὲκ
814 2365 1027 2435 Πατρός
1081 2366 1471 2435 γεγενημένον,
1523 2364 1617 2417 καὶ
1668 2363 1728 2416 τὸ

184 2471 200 2503 t
239 2451 378 2521 ἅγιον
404 2453 657 2522 Πνεῦμα,
691 2457 790 2510 οὐκ
847 2458 1126 2528 ἀλλότριον
1157 2457 1371 2527 Πατρὸς
1410 2457 1504 2511 καὶ
1554 2456 1680 2510 Υίοῦ
1709 2471 1726 2488 ο

186 2565 200 2594 ι
239 2543 391 2600 οὖσαν
415 2547 469 2600 δὲ
505 2548 593 2600 ἀεὶ
626 2547 726 2620 τὴν
753 2549 981 2620 Τριάδα,
1025 2552 1119 2602 καὶ
1169 2547 1440 2619 μηδέποτε
1487 2546 1729 2616 προσθή-

184 2653 203 2685 r
239 2652 330 2706 κην
357 2639 772 2710 ὲπιδεχομένην,
810 2643 884 2710 μὴ
917 2640 1148 2710 ἔχουσαν
1172 2638 1229 2692 δέ
1261 2655 1314 2691 τι
1343 2640 1402 2692 ὲν
1429 2638 1566 2709 αὐτῇ
1598 2639 1730 2689 ὑπο-

186 2745 204 2776 (
244 2725 482 2799 ϐεϐηκὸς,
506 2733 588 2794 είς
618 2732 748 2799 μίαν
781 2748 838 2784 τε
865 2733 1113 2801 ἑνότητα,
1149 2731 1238 2782 καὶ
1266 2730 1397 2799 μίαν
1426 2729 1602 2799 ἀρχὴν
1632 2728 1726 2780 τοῦ

191 2835 206 2866 ι
244 2818 364 2870 Θεοῦ
407 2824 499 2873 κα)⁵
550 2822 766 2893 Πατρὸς
819 2822 1188 2892 ἀναγομένην.
1243 2822 1338 2874 Ἐκ
1385 2820 1590 2889 ταύτης
1629 2821 1727 2890 τῆς

189 2925 205 2957 ι
245 2910 454 2978 Τριάδος
494 2911 712 2982 Πατρός
757 2912 852 2965 καὶ
892 2911 1020 2966 Υίοῦ
1056 2913 1151 2966 καὶ
1198 2912 1358 2980 ἁγίου
1411 2911 1725 2980 Πνεῦματος

189 3019 204 3050 ‹
225 3004 304 3060 ,τὰ
327 3003 496 3056 πάντα
525 3003 773 3073 ἐκτίσθη.
801 3006 899 3058 οὑκ
919 3007 1046 3059 ὄντα
1076 3005 1228 3058 ποτέ.
1270 3023 1290 3058 ι

757 3095 1132 3148 Ἐπιστασια.

1844 615 1863 647 ι
1915 597 2072 664 dens,
2104 613 2170 652 ex
2199 597 2339 654 Filio
2362 601 2662 670 accipiens.
2698 619 2718 654 ι

2394 693 2811 748 Animadversio.

1914 799 1934 832 ε
1982 781 2118 838 Nota
2166 778 2254 838 hic
2278 783 2462 848 etiam,
2489 785 2558 841 de
2597 786 2846 856 utrisque
2906 785 3291 856 praepositione
3347 801 3413 840 ea:

1841 888 1861 923 ε
1915 882 2176 935 utentem,
2217 889 2411 929 rursus
2456 873 2726 932 dictiones
2757 875 3094 945 distinxisse,
3155 885 3216 932 ut
3246 893 3412 948 supra

1843 981 1862 1016 ι
1918 965 2427 1022 animadvertimus.
2459 985 2478 1018 ι

2475 1060 2772 1130 Refutatio.

1906 1151 2019 1224 Ego
2050 1167 2179 1208 vero
2212 1151 2433 1222 inquam
2459 1171 2472 1207 :
2515 1151 2650 1208 Nota
2676 1156 2949 1222 quomodo
2972 1156 3134 1212 etiam
3160 1156 3250 1212 hic
3283 1156 3408 1228 Spi-

1837 1245 2000 1298 ritum
2047 1243 2139 1296 Dei
2177 1259 2301 1297 cum
2335 1245 2483 1312 prius
2514 1257 2738 1301 sanctus
2790 1247 3033 1313 dixisset,
3074 1249 3186 1303 haec
3215 1248 3412 1317 adjun-

1834 1338 1980 1390 xisse
2010 1351 2024 1390 :
2054 1355 2072 1388 ι
2103 1335 2179 1390 Ex
2199 1335 2359 1390 Patre
2383 1337 2698 1406 procedens,
2727 1347 2778 1392 et
2811 1354 2874 1393 ex
2907 1337 3042 1393 Filio
3063 1340 3352 1409 accipiens,
3383 1357 3402 1390 ι

1833 1427 1968 1482 locis
2003 1429 2055 1481 in
2110 1427 2365 1482 omnibus
2412 1428 2682 1482 dir-tiones
2735 1430 3076 1499 evangelicas
3112 1445 3406 1500 usurpans,

1834 1521 1924 1574 illa
1955 1520 2170 1590 quidem
2225 1520 2290 1572 ad
2328 1519 2668 1587 probandum
2701 1535 2822 1576 esse
2877 1521 3056 1590 ipsum
3113 1537 3179 1576 ex
3219 1521 3406 1586 Patre,

1835 1608 1938 1664 hac
1959 1623 2089 1664 vero
2141 1608 2208 1664 ad
2272 1610 2612 1679 probandum
2651 1625 2772 1666 esse
2833 1612 3086 1668 eumdem
3126 1627 3194 1668 ex
3243 1612 3403 1666 Filio.

2047 1829 2300 1900 Ejusdem
2321 1846 2384 1884 ex
2414 1831 2599 1885 ultimo
2623 1830 2980 1886 Pauariorum
3003 1832 3190 1902 capite.

1904 2010 2118 2066 CXXIX
2169 2031 2186 2064 ‹
2223 2015 2353 2068 Haec
2407 2028 2536 2069 vero
2601 2015 2836 2083 pretiosa
2884 2015 3153 2082 columba,
3211 2027 3401 2074 sancta

1834 2121 1856 2157 ι
1899 2101 2065 2174 Virgo
2102 2105 2270 2160 Deum
2299 2107 2495 2161 fatetur
2518 2109 2731 2163 Patrem
2763 2119 2816 2162 et
2842 2107 3034 2162 Filium
3063 2119 3116 2164 et
3138 2108 3399 2180 Spiritum

1835 2215 1856 2250 ι
1898 2208 2169 2264 sanctum,
2224 2198 2441 2253 Putrem
2475 2198 2804 2269 perfectum,
2843 2198 3036 2254 Filium
3074 2200 3398 2269 perfectum,

1834 2305 1854 2341 t
1908 2283 2168 2359 Spiritum
2224 2291 2544 2360 perfectum,
2591 2292 3106 2348 consubstantialem
3166 2292 3403 2348 Trinita-

1835 2399 1854 2432 ι
1907 2390 2037 2448 tem,
2072 2384 2166 2437 sed
2200 2383 2395 2437 Filium
2421 2399 2546 2439 vere
2571 2399 2635 2438 ex
2687 2383 2848 2438 Patre
2895 2385 3156 2454 genitum,
3188 2393 3242 2439 et
3277 2383 3400 2453 Spi-

1835 2491 1853 2523 t
1906 2482 2018 2528 tum
2056 2485 2302 2529 sanctum
2330 2490 2434 2528 non
2467 2476 2703 2529 alienum
2734 2492 2761 2529 a
2788 2475 2946 2529 Patre
2977 2485 3029 2529 et
3053 2473 3210 2528 Filio.
3242 2475 3400 2530 Exsi-

1835 2583 1852 2616 t
1906 2574 2136 2622 stentem
2173 2576 2432 2636 perpetuo
2461 2565 2802 2630 Trinitatem,
2837 2581 3108 2633 nunquam
3161 2567 3396 2620 additio-

1833 2673 1854 2708 t
1908 2670 2027 2710 nem
2061 2656 2455 2726 admittentgm,
2499 2673 2671 2726 neque
2717 2657 2915 2724 aliquid
2949 2657 3298 2711 imminutum
3339 2658 3394 2713 in

1835 2675 1854 2708 t
1908 2675 2027 2710 nem
2061 2675 2346 2711 aunuttent
2381 2675 2455 2722 m,
2499 2675 2671 2726 neque
2717 2675 2915 2724 auqmu
2949 2675 3298 2711 imminutum
3339 2675 3391 2713 tn

1835 2764 1853 2799 ι
1913 2762 1974 2801 se
2029 2675 2420 2810 continente-ﬁ,
2460 2748 2512 2802 in
2559 2763 2721 2802 unam
2784 2749 3067 2812 unitatem,
3113 2755 3167 2803 et
3223 2764 3391 2803 unum

1833 2854 1854 2889 ι
1899 2838 2224 2908 principium
2259 2838 2348 2893 Dei
2385 2851 2438 2894 et
2469 2837 2646 2894 Patris
2681 2840 2926 2901 relatam,
2965 2856 3028 2894 ex
3090 2840 3194 2895 bac
3214 2839 3424 2912 Trini-_

1833 2947 1853 2980 ι
1903 2940 2011 2984 tate
2044 2929 2200 2985 Patre
2217 2941 2269 2984 et
2293 2932 2451 2992 Filio,
2478 2943 2530 2986 et
2555 2931 2758 3002 Spiritu
2799 2944 2988 2988 sartcto
3018 2935 3224 3000 omnia,
3275 2949 3397 3004 qua:

1835 3035 1852 3069 ι
1904 3021 2184 3090 n’unquam
2215 3031 2372 3076 antea
2401 3021 2638 3091 fuerant,
2678 3033 2856 3078 creata
2883 3033 3029 3080 sunt.
3055 3043 3075 3076 ι

2414 3114 2832 3169 Animadversio.

247 3201 262 3233 ι
301 3185 537 3250 ’Δκούεις
563 3188 848 3241 κάνταῦθα
876 3188 1003 3257 μίαν
1029 3187 1204 3256 ἀρχὴν
1228 3189 1286 3240 ὲν
1310 3188 1377 3257 τῇ
1407 3185 1618 3256 Τριάδι,
1635 3187 1726 3238 τὸν

1906 3219 1925 3254 ι
1961 3201 2204 3260 Audisne
2236 3205 2323 3259 hic
2355 3209 2520 3260 etiam
2547 3220 2712 3258 unum
2755 3205 3076 3275 principium
3125 3207 3179 3261 in
3211 3205 3396 3261 Trini-

187 3294 203 3327 t
244 3276 446 3350 Πατέρα
470 3279 739 3350 δηλονότι,
764 3281 860 3334 καὶ
883 3279 1020 3350 πρὸς
1052 3280 1225 3352 αὐτὴν
1267 3278 1360 3331 τὸν
1391 3277 1516 3332 Υίὺν
1544 3279 1639 3332 καὶ
1663 3280 1724 3332 τὸ

186 3385 203 3416 ι
242 3367 446 3438 Πνεῦμα
490 3369 809 3439 ἀναγόμενα
846 3387 862 3436 ;
910 3387 930 3422 ι
1621 3394 1630 3400 -

754 3461 1148 3530 Ἀντίρῤησις.

240 3551 338 3604 Καὶ
385 3553 501 3616 πῶς
549 3553 654 3606 οὐκ
690 3552 756 3607 ἂν
806 3556 885 3616 είς
937 3553 1067 3621 μίαν
1123 3551 1300 3624 ἀρχὴν
1356 3550 1450 3606 τὸν
1505 3551 1725 3622 Πατέρα

184 3642 439 3712 ἀναχθείεν
467 3646 495 3698 ό
526 3645 657 3707 Υἱὸς
696 3645 790 3697 καὶ
835 3643 897 3696 τὸ
931 3641 1176 3713 Πνεῦμα,
1225 3642 1384 3712 εἴπερ
1424 3640 1486 3696 τὸ
1512 3639 1600 3696 διὰ
1630 3639 1724 3694 τοῦ

184 3731 295 3786 Υίοῦ
324 3733 618 3805 λεγόμενον
648 3729 789 3788 εἶναι
821 3736 898 3796 είς
926 3733 1017 3786 τὸν
1040 3733 1256 3804 Πατέρα
1280 3732 1357 3797 ὡς
1381 3733 1458 3796 εἰς
1498 3730 1725 3804 πρώτην

185 3825 340 3878 αἰτίαν
381 3828 473 3880 καὶ
505 3827 686 3898 ἀρχὴν
720 3826 818 3897 τὴν
854 3826 1137 3897 ἀναφορὰν
1183 3825 1330 3895 ἔχει,
1369 3822 1444 3886 ὡς
1486 3825 1514 3876 ό
1551 3822 1724 3893 μέγας

185 3917 272 3986 ἔφη
295 3917 564 3982 Βασίλειος
597 3935 613 3984 ;

238 4035 495 4091 ΡΗΣΕΙΣ
535 4035 673 4089 ΤΟΥ
713 4033 1158 4090 ΘΛΥΜΑΤΟΥΡ.
1203 4034 1634 4090 ΓΡΗΓΟΡΙΟΥ.
1694 4062 1724 4105 .r,

187 4144 281 4200 Τοῦ
307 4151 468 4219 ἁγίου
506 4149 1480 4289 Γρηβρέιέιὲἱὲἓύἕῖἔὲιατουργοῦ
1518 4149 1585 4204 ἐκ
1613 4147 1723 4218 τῆς

235 4329 342 4384 PA'.
365 4351 385 4386 ι
423 4329 515 4397 Εἷς
543 4333 676 4398 Θεὸς
707 4335 896 4406 Πατὴρ
925 4336 1098 4404 Λόγου
1129 4332 1353 4402 ζῶντος,
1376 4335 1568 4406 σοφίας
1593 4335 1724 4404 ὑφε-

189 4440 204 4472 ι
243 4424 439 4494 στώσης
461 4427 560 4480 καὶ
589 4425 872 4497 δυνάμεως
916 4429 1010 4480 καὶ
1053 4431 1401 4499 χαρακτῆρος
1442 4426 1595 4492 ίδίου,
1631 4427 1720 4480 τέ·

186 4621 202 4655 t
244 4602 325 4670 Εἷς
349 4611 574 4680 Κύριος,
608 4611 764 4678 μόνο,
787 4611 850 4663 ὲκ
882 4611 1067 4680 μόνου,
1099 4609 1232 4674 Θεὸς
1259 4611 1325 4663 ὲκ
1351 4608 1510 4674 Θεοῦ,
1546 4625 1720 4680 χαρα-

1835 3311 1854 3344 ‹
1918 3305 2048 3362 tate,
2084 3296 2291 3350 Patrem
2319 3295 2549 3363 scilicet,
2586 3305 2640 3351 et
2667 3296 2734 3352 ad
2763 3298 2936 3367 ipsum
2963 3297 3160 3353 Filium
3191 3307 3244 3354 et
3270 3297 3394 3370 Spi-

1835 3401 1854 3434 t
1902 3384 2065 3439 ritum
2092 3385 2281 3441 referri
2307 3387 2329 3440 ?
2361 3405 2380 3438 ι

2466 3479 2760 3549 Refulatio.

1899 3564 1963 3619 Et
2001 3567 2274 3636 quomodo
2307 3568 2358 3622 in
2407 3583 2578 3622 unum
2613 3569 2940 3638 principium
2971 3570 3187 3628 Patrem
3219 3571 3393 3628 Filius

1825 3665 1877 3710 et
1905 3656 2140 3726 Spiritus
2162 3674 2266 3713 non
2309 3658 2718 3723 reducerentur,
2752 3663 2794 3714 si
2831 3679 2849 3712 ι
2885 3661 3038 3728 Quod
3070 3678 3163 3732 per
3194 3662 3390 3717 Fil.um

1825 3763 1944 3804 esse
1975 3749 2193 3816 dicitur,
2245 3750 2300 3803 in
2332 3748 2546 3804 Patrem
2584 3753 2748 3805 veluti
2786 3753 3012 3822 primam
3073 3769 3294 3810 causam
3341 3767 3392 3808 et

1826 3840 2153 3910 principium
2190 3841 2515 3896 reiationem
2561 3842 2740 3910 habet,
2779 3863 2797 3894 ι
2835 3854 2892 3898 ιιι
2942 3861 3173 3913 magnus
3230 3849 3394 3900 tradit

1826 3932 2062 3988 Basilius
2079 3934 2116 3992 ?.

2001 4044 2217 4102 DICTA
2254 4045 2600 4102 GREGORII
2638 4043 3184 4100 TIIAUMATURGI.

1963 4157 2144 4213 Sancti
2161 4157 2400 4229 Gregorii
2421 4111 2804 4229 Tltdumaturgi
2825 4174 2890 4212 ea:
2913 4157 3250 4226 Apocalypsi.

1892 4342 2104 4400 CXXX.
2142 4362 2160 4394 ι
2188 4341 2340 4398 Unus
2378 4343 2520 4398 Deus
2547 4341 2708 4398 Pater
2747 4340 2909 4396 Verbi
2962 4339 3217 4405 viventis,
3252 4341 3395 4410 sapi-

1829 4458 1848 4491 ι
1896 4440 2056 4493 entiae
2096 4437 2473 4502 subsistentis,
2533 4447 2587 4490 et
2633 4434 2884 4506 potentiae
2933 4448 2996 4488 ac
3049 4435 3392 4487 characteris

186 4529 202 4561 r
237 4513 366 4576 λειος
410 4517 622 4570 τελείου
647 4519 949 4588 γεννήτωρ,
988 4520 1177 4589 Πατὴρ
1207 4517 1338 4571 Υίοῦ
1369 4517 1714 4587 μονογενοῦς.
1754 4507 1847 4605 θ’.
1896 4527 2207 4598 sempiterni

2263 4544 2276 4582 :
2339 4525 2570 4596 perfecti
2628 4524 2903 4596 perfectus
2962 4522 3190 4594 genitor,
3232 4521 3394 4577 Pater

1825 4640 1843 4673 ι
1897 4619 2018 4674 Filii
2064 4619 2348 4688 unigeniti.
2413 4618 2562 4674 Unus
2611 4616 2895 4678 Dominus,
2939 4615 3088 4670 solus
3141 4630 3208 4669 ex
3254 4615 3389 4678 solo,

185 4717 201 4747 ι
241 4701 366 4770 κτὴρ
394 4703 490 4754 καὶ
525 4702 690 4755 εἰκὼν
741 4703 1014 4772 Θεότητος,
1047 4702 1204 4770 λόγος
1251 4701 1472 4770 ἐνεργὸς
1497 4741 1512 4768 ,
1559 4700 1721 4770 σοφία

1893 4713 2034 4767 Deus
2059 4727 2122 4766 ex
2153 4709 2282 4776 Deo,
2302 4710 2661 4764 characteret
2690 4709 2868 4776 imago
2896 4707 3137 4770 deitatis,
3166 4707 3390 4760 rerlmm

185 4806 200 4838 t
240 4789 328 4858 τῆς
355 4793 460 4846 τῶν
490 4792 629 4846 ὅλων
664 4794 974 4857 συστάσεως
1000 4795 1341 4863 περιεκτικὴ,
1379 4792 1473 4845 καὶ
1495 4792 1722 4862 δύναμις

1893 4799 2104 4862 elﬁcax,
2140 4797 2550 4854 constitutiOnis
2607 4812 2789 4852 rerum
2836 4797 3208 4850 universarum
3237 4809 3392 4848 com-

185 4898 201 4930 ⁴
235 4882 326 4951 τῆς
347 4883 475 4955 ὅλης
505 4885 736 4948 κτίσεως
772 4886 1049 4956 ποιητικὴ,
1089 4886 1216 4948 Υἱὸς
1251 4884 1500 4954 ἀληθινὸς
1533 4883 1723 4952 ἀληθι-

1894 4891 2214 4961 preltensiva
2251 4907 2265 4944 :
2299 4902 2352 4945 et
2410 4891 2588 4944 virtus
2622 4898 2782 4959 atque
2832 4888 3067 4957 potentia
3127 4886 3394 4940 universa:

185 4991 200 5023 ι
240 4975 323 5028 νοῦ
349 4977 504 5043 Θεοῦ,
533 4979 765 5049 ἀόρατος
797 4979 1053 5049 ἀοράτου,
1081 4980 1174 5032 καὶ
1203 4977 1482 5047 ἄφθαρτος
1508 4977 1720 5046 ἀφθάρ-

1893 4989 2159 5034 creaturae
2201 4978 2480 5034 ell'ectiva.
2518 4978 2687 5034 Filius
2718 4993 2882 5032 verus
2923 4978 3035 5031 veri
3067 4975 3265 5040 Patris,
3306 4977 3391 5028 in-

183 5081 199 5114 t
239 5083 347 5130 του,
396 5069 663 5130 ἀθάνατος
711 5069 1003 5135 ἀθανάτου,
1052 5073 1147 5123 καὶ
1193 5070 1364 5132 ἀΐδιος
1391 5068 1584 5122 ἀϊδίου.
1621 5069 1718 5121 Ἕν

1847 5088 1848 5093 η
1899 5069 2128 5125 visibilis
2157 5070 2297 5138 ejus,
2334 5071 2428 5141 qui
2476 5081 2561 5124 est
2593 5070 2900 5136 invisibilis,
2933 5068 3394 5138 etincorruptibi-

184 5175 200 5206 ι
243 5159 451 5231 Πνεῦμα
480 5162 657 5232 ἅγιον,
688 5166 753 5214 ὲκ
791 5162 925 5215 Θεοῦ
957 5161 1313 5232 τὴνσῦπαρξιν
1341 5160 1485 5229 ἔχον,
1523 5159 1618 5211 καὶ
1648 5158 1717 5212 δι’

184 5264 199 5295 t
243 5248 360 5302 Υίοῦ
390 5253 626 5324 πεφηνὸς
668 5256 780 5316 τοῖς
832 5249 1162 5322 ἀνθρώποις,
1204 5249 1370 5303 εἰκὼν
1423 5247 1518 5302 τοῦ
1563 5247 1715 5315 Υίοῦ,

1847 5276 1848 5279 η
1899 5255 1970 5309 tis
2015 5269 2242 5323 prorsus
2295 5253 2490 5320 nescii,
2527 5262 2581 5308 et
2645 5253 3008 5322 sempiternus
3051 5250 3389 5320 sempiterni.

186 5356 202 5389 t
237 5341 426 5397 τελείου
448 5343 770 5416 τελεία,ζωὴ
797 5343 1220 5409 ζώντων,αίτία,
1245 5342 1491 5411 ἁγιότης,
1518 5341 1716 5408 ἁγιασ-

1847 5366 1848 5397 :
1895 5345 2154 5416 Unusque
2180 5344 2431 5416 .Spiritus
2483 5355 2727 5408 sanctus,
2759 5361 2822 5399 ex
2858 5343 2966 5399 Deo
3023 5343 3388 5398 exsistentiam

185 5450 199 5480 ·
243 5436 337 5504 μοῦ
367 5442 620 5509 χορηγόν.
664 5462 683 5494 ι

1847 5462 1848 5488 ς
1897 5439 2122 5503 habens,
2162 5447 2215 5494 et
2246 5439 2338 5509 qui
2371 5454 2465 5509 per
2500 5438 2699 5492 Filium
2738 5445 3007 5508 apparuit,
3045 5435 3252 5490 scilicet
3292 5435 3393 5487 lto-

188 5546 203 5576 ι
249 5534 709 5608 minibuszimago
767 5535 888 5591 Filii
943 5534 1163 5607 perfecti
1210 5537 1467 5605 perfecta,
1520 5535 1626 5588 vita
1690 5535 2009 5598 virentium,
2079 5550 2265 5602 causa,
2344 5534 2464 5589 fons
2487 5545 2732 5598 sanctus,
2800 5531 3082 5591 sanctitas,
3151 5526 3394 5582 sant-titi-

186 5645 198 5674 ι
243 5632 478 5702 cationis,
506 5633 896 5704 suppeditator.
939 5654 957 5686 ›

747 5731 1116 5786 Ἐπτστασίω
1765 5798 1769 5802 ί

248 5838 262 5867 ι
305 5823 565 5893 Πρςσςχες
591 5827 683 5880 καὶ
708 5825 785 5891 τῷ
813 5825 910 5889 τῆς
937 5824 1078 5889 θείας
1110 5824 1529 5888 ’Λποκαλύψεως
1551 5823 1713 5889 ἀξιω-

2407 5721 2820 5777 Animadversio.

1899 5837 1918 5868 ‹
1981 5815 2207 5872 Attende
2271 5814 2395 5869 huic
2441 5822 2649 5878 sancto,
2678 5812 2764 5880 qui
2827 5809 3151 5865 revelatione
3203 5811 3396 5881 dignus
3455 5863 3460 5866 _

1827 5181 1848 5216 ι
1895 5162 1985 5229 lis,
2004 5163 2333 5230 corruptioni
2360 5177 2466 5216 non
2493 5161 2739 5222 obnoxii,
2777 5176 2842 5216 ac
2887 5161 3395 5224 immqrtalis,mor—
3467 5183 3482 5198 ο
