3788 6586
300 401 520 470 -583

1431 403 1642 466 JOAN.
1677 404 1896 468 VECCl
1931 403 2042 465 (ΣΡ.
2081 400 2589 465 ΡΑἸἪῙΑΠΕΗιΕ

3512 404 3599 468 διε

420 544 439 577 ι
485 522 683 593 pietate
737 518 1014 576 abhorret.
1045 515 1186 584 Quin
1231 516 1433 586 potius,
1485 526 1564 583 ut,
1590 533 1713 573 cum
1746 518 1843 572 Dei
1868 532 1978 573 ver-

2095 534 2113 569 r
2155 514 2471 581 ἀκούοντες,
2528 514 2628 567 οὐκ
2668 513 3059 576 ἀνυπόστατον,
3102 510 3219 565 οὑδὲ
3252 513 3316 566 ἐκ
3355 515 3601 587 pall-imm;

426 635 444 667 ε
479 615 608 670 bum
664 610 939 677 audimus,
993 623 1102 663 non
1140 607 1449 678 huiusmodi
1482 609 1706 665 verbum
1735 606 1862 664 esse
1897 623 1987 660 ar-

420 723 440 757 t
479 705 763 767 bitramur,
784 700 936 771 quod
973 698 1055 753 vel
1085 698 1392 754 substantia
1427 709 1634 765 careat,
1665 699 1752 754 vel
1786 698 1987 754 doctri-

421 815 440 848 ι
486 809 556 849 na
580 802 948 862 comparetur,
1014 791 1098 846 vel
1140 804 1237 861 per
1267 804 1456 846 vocem
1496 789 1773 857 eti'eratur,
1806 790 1891 845 vel
1928 791 1983 846 in

422 906 442 940 ι
483 885 961 948 aeremdilahatur,
997 891 1389 950 etevanescat;
1419 883 1512 939 sed
1530 882 1986 953 quodessentiali-

418 997 437 1031 ι
485 988 563 1053 ter
595 975 846 1039 exsistat,
896 990 960 1029 ac
991 973 1274 1030 voluntate
1323 973 1610 1044 praeditum
1662 974 1754 1039 sit,
1783 982 1839 1028 et
1875 972 1986 1028 elli-

418 1087 439 1121 ε
479 1083 600 1133 cax,
631 1077 794 1137 atque
833 1066 1183 1136 omnipotens
1217 1065 1450 1121 :eodem
1503 1064 1668 1120 modo
1711 1080 1833 1120 cum
1890 1063 1985 1119 Dei

416 1175 436 1209 ε
479 1155 770 1227 Spiritum,
822 1153 1062 1209 Verbum
1083 1154 1462 1219 comitantem,
1499 1152 1778 1224 ipsiusque
1796 1168 1987 1224 opera-

415 1264 435 1300 t
476 1248 681 1302 tionem
712 1246 1078 1301 declarantem
1106 1244 1383 1310 audimus,
1419 1259 1527 1299 non
1568 1244 1757 1299 ﬂatum
1785 1260 1984 1315 quem~

417 1357 436 1391 ι
488 1339 613 1393 dam
651 1337 963 1394 substantia
992 1344 1270 1391 carentem
1293 1337 1480 1392 animo
1500 1337 1659 1392 nobis
1690 1337 1982 1407 ﬁngimus:

416 1449 434 1482 ι
479 1430 552 1484 ita
590 1430 735 1485 enim
767 1428 968 1484 divine
997 1437 1205 1483 naturae
1247 1427 1574 1497 amplitudo,
1622 1438 1787 1499 atque
1809 1426 1982 1497 majeo

416 1539 435 1573 ι
476 1528 591 1577 stas
645 1520 699 1574 in
728 1518 1094 1574 humilitatem
1145 1518 1566 1589 deprimeretur,
1611 1519 1657 1574 si
1691 1519 1983 1590 Spiritum,

416 1629 437 1666 ι
470 1613 561 1684 qui
593 1612 647 1667 in
691 1627 757 1666 ea
794 1619 896 1673 est,
925 1625 1112 1681 parem
1157 1609 1372 1679 spiritui
1413 1620 1605 1666 nostro
1651 1626 1776 1667 esse
1806 1610 1984 1682 conji-

416 1721 436 1755 ι
477 1718 752 1767 curemus,
783 1702 877 1758 sed
911 1702 1019 1755 vim
1073 1700 1444 1766 essentialem,
1497 1715 1727 1771 quaeque
1763 1717 1985 1771 separa-

417 1812 436 1846 ι
478 1794 596 1857 ιίιη,
652 1804 817 1864 atque
889 1793 943 1847 in
982 1790 1204 1863 propria
1256 1792 1532 1862 hypostasi
1587 1792 1983 1858 consideretur,

2094 627 2113 659 ι
2151 606 2594 680 προσγινόμενον,
2646 604 2767 659 οὐδὲ
2808 604 2900 658 διὰ
2955 605 3137 673 φωνῆς
3189 609 3601 676 προσφερόμενον,

2090 720 2110 754 t
2144 699 2265 754 οὐδὲ
2288 700 2368 763 είς
2395 699 2536 770 ἀέρα
2572 698 2829 769 χεόμενον
2860 696 2959 752 καὶ
2992 695 3334 765 διαλυόμενον
3356 697 3602 771 ᾠήθημεν,

2091 810 2112 844 ι
2150 790 2263 846 ἀλλ’
2336 789 2609 853 οὑσιωδῶς
2642 788 2927 857 ὑφεστῶτα
2999 789 3375 860 προαιρετικόν
3429 806 3484 843 τε
3527 795 3605 845 καὶ

2094 903 2113 938 ι
2146 883 2389 955 ὲνεργδν,
2454 883 2551 937 καὶ
2604 881 3034 950 παντοδὺναμον,
3091 881 3233 935 οὕτω
3261 880 3355 935 καὶ
3415 883 3606 955 Πνεῦμα

2092 993 2111 1026 ι
2157 972 2534 1045 μεμαθηκότες
2556 972 2718 1038 Θεοῦ,
2755 973 2817 1025 τὸ
2854 969 3352 1042 συμπαρομαρτῶν
3378 971 3449 1043 τῷ
3469 973 3606 1045 λόἰῳι

2089 1083 2110 1119 ε
2156 1065 2252 1119 καὶ
2280 1066 2548 1135 φανεροῦν
2584 1063 2748 1118 αὑτοῦ
2775 1063 2873 1134 τὴν
2891 1063 3191 1132 ἐνέργειαν,
3228 1061 3289 1116 οὑ
3321 1062 3479 1133 πνοὴν
3507 1066 3609 1119 ἁνυ-

2091 1175 2111 1212 ι
2148 1157 2414 1212 πόστατον
2443 1155 2749 1224 ἐννοοῦμεν.
2779 1155 2933 1208 Οῦτω
2956 1152 3064 1224 γὰρ
3086 1153 3152 1208 ἂν
3169 1153 3476 1209 καθίσταται
3499 1156 3610 1225 πρὸς

2092 1268 2112 1301 ι
2143 1247 2503 1318 ταπεινότητα
2557 1246 2620 1300 τὸ
2675 1245 2963 1316 μεγαλεῖον
3020 1243 3121 1313 τῆς
3155 1241 3304 1308 θείας
3332 1242 3543 1314 φύσεως,
3572 1249 3611 1302 εἰ

2092 1360 2111 1393 ι
2149 1341 2271 1396 καθ’
2328 1340 2620 1412 ὁμοιότητα
2665 1338 2760 1392 τοῦ
2788 1337 3062 1409 ἡμετέρου
3091 1334 3396 1407 πνεύματος
3433 1337 3520 1391 καὶ
3562 1341 3609 1392 τὸ

2094 1452 2114 1486 ι
2145 1436 2203 1487 ἐν
2225 1435 2375 1504 αὐτῷ
2402 1432 2630 1501 Πνεῦμα
2652 1432 2953 1496 ὑπονοοῖτο,
2980 1430 3114 1484 ἀλλὰ
3134 1428 3362 1497 δύναμιν
3392 1429 3607 1503 οὐσιὼδη,

2094 1544 2112 1578 ι
2149 1526 2315 1599 αὑτὴν
2340 1523 2425 1594 ὑφ’
2452 1524 2650 1594 ἑαυτῆς
2678 1524 2738 1574 ιν
2770 1520 3046 1593 ἰδιαζούσῃ
3081 1520 3373 1574 ὑποστάσει
3409 1519 3611 1593 θεωρου.

2093 1634 2112 1668 ι
2147 1616 2336 1686 μένην,
2382 1616 2448 1668 ὲκ
2490 1613 2587 1667 τοῦ
2634 1613 2848 1685 Πατρδς
2875 1613 3311 1685 προερχομένην,
3364 1614 3451 1666 καὶ
3479 1614 3529 1665 ὲν
3554 1615 3612 1685 τῷ

2092 1728 2111 1761 ι
2149 1707 2292 1778 λόγῳ
2354 1707 2794 1776 ἁναπαυομὲνην,
2832 1708 2926 1759 καὶ
2963 1705 3132 1775 αὐτὴν
3196 1704 3362 1759 οὖσαν
3400 1706 3612 1775 imam-

2094 1818 2112 1851 ι
2148 1800 2269 1869 κὴν,
2307 1795 2431 1851 οὔτε
2485 1796 2821 1868 χωρισθῆναι
2874 1796 2970 1851 τοῦ
3018 1795 3174 1863 Θεοῦ,
3216 1800 3276 1851 ὲν
3303 1790 3347 1866 ᾧ
3393 1798 3614 1861 tamtsi.

415 1905 435 1938 ε
472 1895 633 1954 atque
671 1900 702 1939 a
748 1885 910 1939 Patre
969 1883 1374 1956 progrediatur,
1429 1893 1483 1939 et
1535 1883 1590 1939 in
1629 1883 1794 1939 verbo
1847 1899 1978 1939 con-

2091 1908 2106 1943 t
2141 1889 2235 1944 τοῦ
2276 1890 2460 1958 λόγου,
2498 1881 2543 1958 ᾧ
2601 1890 3061 1959 συμπαρομαρτετ
3122 1889 3422 1961 δυναμένην
3447 1929 3462 1954 ,
3510 1890 3612 1945 οὔτε

416 1997 436 2031 ι
472 1977 742 2049 quiescat,
783 1977 1074 2047 ipsumque
1116 1975 1374 2040 declaret,
1415 1984 1469 2031 et
1505 1974 1774 2045 exprimat
1809 1992 1825 2029 :
1860 1991 1983 2046 quae

417 2089 436 2121 ε
474 2079 735 2140 praeterea
781 2083 883 2124 nec
924 2082 956 2122 a
1001 2066 1132 2135 Deo,
1171 2066 1225 2121 in
1267 2083 1377 2137 quo
1425 2075 1531 2131 est,
1568 2067 1772 2132 divelli,
1821 2083 1923 2123 nec
1953 2084 1983 2121 a

415 2181 435 2214 ι
473 2162 677 2229 Verbo,
710 2160 872 2230 cujus
904 2173 1088 2216 comes
1116 2169 1220 2224 est,
1255 2158 1494 2229 disjungi
1547 2169 1730 2228 queat,
1762 2174 1863 2214 nec
1891 2159 1984 2214 de—

414 2272 434 2307 ι
472 2252 637 2322 nique
681 2253 757 2307 ita
795 2251 1089 2315 dilabatur,
1153 2260 1215 2306 ut
1272 2250 1497 2306 omnino
1555 2266 1679 2307 esse
1748 2251 1985 2316 desinat,

414 2361 432 2394 ε
468 2357 657 2398 Verum
710 2356 866 2412 aeque
918 2355 983 2395 ae
1019 2339 1256 2396 Verbum
1307 2340 1559 2402 exsistat.
1606 2341 1778 2408 vivat,
1829 2341 1987 2403 velit,

414 2452 432 2486 t
474 2442 665 2503 suapte
713 2433 765 2487 vi
817 2441 1120 2499 moveatur,
1177 2440 1452 2502 operetur,
1505 2431 1707 2487 bonum
1761 2447 1980 2503 semper

414 2544 433 2579 ι
474 2525 620 2592 velit,
651 2532 817 2595 atque
852 2525 920 2579 ad
950 2525 1001 2580 id
1033 2540 1196 2580 omne
1226 2524 1372 2595 quod
1408 2524 1692 2594 preposuit
1745 2526 1983 2594 conjun-

413 2634 432 2667 ε
464 2626 608 2672 ctam
632 2631 757 2671 cum
783 2616 1061 2670 voluntate
1088 2616 1389 2685 potentiam
1420 2615 1640 2681 habeat,
1677 2630 1853 2686 eaque
1884 2630 1979 2670 na-

414 2728 432 2760 ‹
478 2716 601 2762 tura
633 2708 724 2776 sit,
752 2719 811 2763 ut
840 2720 941 2763 nec
988 2707 1320 2777 principium
1350 2706 1621 2770 habuerit,
1681 2722 1781 2762 nec
1815 2707 1977 2762 linem

384 2815 434 2847 «ε
475 2797 724 2852 habitura
759 2799 846 2854 sit.
884 2796 1069 2867 Neque
1112 2798 1255 2853 enim
1278 2795 1424 2852 Patri
1461 2796 1698 2854 Verbum
1737 2814 1980 2870 unquam

413 2907 432 2941 ι
470 2889 662 2956 defuit,
699 2905 800 2946 nec
833 2889 1014 2946 Verbo
1062 2889 1322 2959 Spiritus.
1350 2890 1426 2944 lta
1464 2904 1561 2960 per
1596 2899 1803 2946 natura:
1860 2892 1983 2947 nui-

414 3005 432 3038 ι
479 2990 642 3036 tatem
689 2982 983 3038 Gentilium
1028 2983 1228 3037 multos
1259 2983 1393 3039 deos
1430 2982 1793 3037 asserentium
1826 2996 1983 3036 error

2088 2000 2107 2034 ι
2145 1982 2283 2051 πρὸς
2304 1980 2365 2036 τὸ
2389 1980 2737 2052 ἀνύπαρκτον
2762 1981 3157 2052 ἀναχεομένην,
3183 1979 3320 2033 ἀλλὰ
3335 1980 3449 2033 καθ’
3465 1981 3614 2051 ὁμοιό-

2091 2090 2109 2123 ι
2140 2089 2280 2144 τητα
2333 2071 2428 2126 τοῦ
2476 2069 2636 2140 λόγου
2687 2070 2810 2124 καθ’
2861 2072 3156 2126 ὑπόστασιν
3184 2066 3391 2138 οὖσαν,
3443 2071 3612 2137 ζῶσαν,

2090 2175 2108 2209 t
2141 2161 2557 2234 προαιρετικὴν,
2607 2160 2958 2232 αὐτοκίνητον
2981 2198 2997 2225 ,
3038 2160 3284 2231 ἐνεργὸν,
3333 2162 3541 2216 πάντοτε
3568 2165 3616 2217 τὸ

2090 2270 2111 2305 ε
2145 2251 2350 2321 ἀγαθὸν
2382 2253 2660 2319 θέλουσαν,
2683 2252 2778 2308 καί⁵
2808 2238 2943 2325 πρὶξ
2967 2255 3147 2308 πᾶσαν
3183 2252 3401 2324 θέλησιν
3431 2254 3617 2325 σύνδρο-

2089 2361 2108 2396 ι
2157 2361 2256 2423 μον
2281 2343 2510 2415 ἔχουσαν
2541 2348 2607 2417 τῇ
2656 2344 2915 2416 βουλήσει,
2940 2344 3040 2416 τὴν
3085 2340 3336 2416 δύναμιν,
3370 2347 3495 2416 μήτε
3541 2349 3618 2416 ἀρε

2091 2455 2110 2487 ι
2150 2436 2250 2508 χὴν
2301 2436 2550 2508 ἔχουσαν,
2609 2438 2746 2509 μήτε
2798 2437 2971 2504 τέλος,
2991 2438 3051 2492 οὑ
3115 2438 3229 2509 γὰρ
3259 2438 3466 2493 ἐνέλιπέ
3510 2455 3616 2492 ποτε

2091 2544 2110 2578 ι
2143 2529 2219 2599 τῷ
2259 2530 2430 2599 Πατρὶ
2463 2529 2638 2597 λόγος,
2691 2527 2813 2583 οὔτε
2835 2528 2911 2600 τῷ
2941 2522 3083 2600 λόγῳ
3109 2529 3352 2599 πνεῦμα.
3379 2530 3522 2585 Οὕτω
3545 2532 3617 2586 διὰ

2091 2635 2110 2669 ι
2146 2620 2243 2687 μὲν
2271 2619 2370 2689 τῆς
2439 2618 2578 2673 κατὰ
2638 2619 2801 2689 φύσιν
2849 2619 3098 2690 ἑνότητος
3154 2621 3187 2691 ἡ
3249 2619 3497 2685 πολύθεος
3528 2624 3618 2677 τῶν

2090 2729 2110 2761 ι
2152 2708 2419 2779 Ἑλλήνων
2474 2709 2859 2779 ὲξαςρανίζεται
2893 2712 3087 2781 πλάνη,
3117 2711 3207 2765 διὰ
3242 2711 3300 2765 δὲ
3321 2712 3416 2784 τῆς
3438 2713 3522 2765 τοῦ
3547 2713 3619 2766 Ma

2093 2822 2111 2854 ι
2143 2819 2239 2873 γου
2277 2803 2589 2875 παραδοχῆς
2622 2804 2716 2857 καὶ
2745 2802 2837 2858 τοῦ
2866 2803 3177 2874 Πνεῦματος
3240 2804 3348 2856 τῶν
3387 2803 3620 2858 Ἰουδαίων

2092 2912 2112 2946 ι
2157 2894 2504 2964 καθαιρεῑται
2532 2896 2593 2949 τὸ
2626 2895 2823 2965 δόγμα,
2849 2897 3112 2967 ἑκατέρας
3167 2912 3228 2949 τε
3261 2895 3510 2967 αἱρέσεως
3530 2914 3619 2949 παι-
3653 2902 3659 2909 '

2093 3001 2113 3035 ι
2153 2984 2377 3056 ραμένει
2402 2984 2463 3038 τὸ
2500 2986 2790 3056 χρήσιμον.
3125 2982 3133 2995 ί

413 3093 431 3126 ι
474 3073 867 3143 exstinguitur,
950 3089 1016 3130 ac
1065 3088 1259 3130 rursus
1325 3088 1422 3143 per
1488 3073 1651 3129 Verbi
1725 3084 1780 3129 et
1831 3072 2068 3144 Spiritus
2138 3075 2526 3132 admissionem
2588 3074 2896 3133 Judaeorum
2973 3078 3169 3149 dogma
3226 3078 3498 3155 evertitur.
3546 3092 3615 3132 re-

412 3182 433 3216 ι
474 3176 763 3235 manetque
817 3167 869 3221 id
910 3167 1052 3238 quod
1088 3166 1145 3221 in
1195 3174 1427 3235 utraque
1494 3178 1641 3222 secta
1698 3166 1970 3222 commodi
2012 3167 2173 3225 inest.
2212 3187 2231 3219 ι

988 3258 1419 3313 Animadversio.

484 3369 504 3405 ι
543 3350 681 3408 Nota
714 3349 861 3406 hunc
919 3365 1142 3421 quoque
1194 3357 1471 3415 sanctum,
1504 3350 1974 3406 accuratissimum

413 3460 434 3497 ι
467 3444 786 3514 dogmatum
862 3453 1215 3506 assertorem,
1267 3441 1620 3496 concorditer
1682 3457 1809 3496 cum
1853 3442 1976 3497 aliis

413 3554 432 3588 ι
485 3535 697 3591 sanctis
752 3532 1029 3597 Patribus,
1092 3531 1264 3588 Deum
1324 3548 1422 3604 pro
1450 3534 1611 3588 Patre
1674 3535 1973 3604 accepisse,

413 3647 432 3680 ε
468 3643 592 3683 cum
622 3626 775 3690 dicit,
831 3626 1071 3696 Spiritus
1106 3624 1344 3687 Domini,
1406 3625 1704 3695 statimque
1753 3626 1974 3691 subdat,

412 3739 431 3770 ι
468 3717 705 3774 Verbum
747 3718 1116 3773 comitantem.
1150 3715 1264 3771 lloe
1305 3718 1431 3771 item
1479 3716 1822 3786 apertissime
1881 3717 1975 3774 de-

415 3819 729 3865 «monstrat
798 3809 977 3865 verbis
1023 3809 1113 3862 (ini
1173 3808 1405 3877 hujusce
1467 3809 1756 3878 pericopes
1803 3825 1977 3864 anne-

413 3919 433 3952 ι
469 3903 573 3964 xis,
613 3904 743 3953 dum
775 3909 933 3955 vocat
967 3898 1231 3970 Spiritum
1267 3899 1619 3955 essentialem
1649 3901 1971 3969 potentiam.

411 4012 432 4046 ι
463 4009 527 4050 ex
560 3994 721 4049 Patre
764 3992 1168 4062 procedentem,
1202 4000 1255 4045 et
1305 3991 1358 4044 in
1391 3989 1528 4044 Filio
1576 3991 1972 4061 quiescentem,

410 4106 433 4139 ι
467 4085 683 4156 quibus.
716 4093 770 4139 et
825 4095 1031 4148 nostra,
1080 4091 1239 4136 antea
1283 4084 1530 4152 exposita
1588 4083 1973 4144 consideratio.

408 4196 429 4229 ε
466 4191 659 4247 nempe
713 4191 779 4231 ex
809 4176 947 4246 ipsa,
995 4186 1048 4229 et
1104 4174 1157 4229 in
1215 4178 1353 4244 ipsa,
1386 4176 1465 4229 uti
1503 4190 1645 4241 reor,
1699 4179 1978 4232 constabi-

419 4289 438 4322 ι
476 4269 624 4323 litur.
662 4288 680 4320 ι

1046 4357 1337 4427 ΒεῙιιιαιὶο.

477 4448 671 4506 Nostra
702 4464 920 4520 quoque
952 4447 1323 4503 consideratio
1344 4446 1751 4511 eonstabilitur,
1784 4462 1977 4519 nempe

407 4543 665 4613 Spiritum
697 4557 791 4612 per
822 4539 1019 4595 Filium
1072 4555 1136 4593 ex
1168 4538 1329 4593 Patre
1358 4553 1503 4605 esse,
1560 4554 1683 4592 cum
1753 4550 1976 4594 sanctus

2671 3261 3049 3315 ‘Emazaala.

2153 3368 2172 3403 ι
2213 3351 2526 3423 Σημείωσαι
2554 3353 2671 3417 πῶς
2719 3353 2813 3406 καὶ
2852 3347 3008 3415 οὗτος
3033 3355 3062 3407 ὀ
3088 3353 3209 3409 λίαν
3265 3352 3620 3423 ἀκριϐέστατος

2083 3461 2103 3495 ι
2139 3442 2500 3512 δογματιστὴς
2525 3443 2703 3513 ἅγιος,
2742 3443 3048 3516 συμφῶνως
3103 3447 3217 3509 τοῖς
3242 3442 3441 3505 λοιποῖς
3483 3444 3618 3511 θείοις

2085 3551 2103 3585 ι
2141 3533 2468 3605 Πατράσιτὸ
2504 3533 2641 3588 Θεοῦ
2677 3535 2769 3587 ἐπὶ
2808 3534 2902 3588 τοῦ
2956 3534 3169 3607 napi;
3231 3534 3618 3604 ἐκλαμϐάνεται,

2086 3643 2107 3677 ι
2152 3626 2325 3680 εἰπὼν
2384 3624 2607 3695 Πνεῦμα
2651 3623 2811 3691 Θεοῦ,
2856 3625 2951 3678 καὶ
2993 3624 3155 3690 εὐθὺς
3208 3623 3514 3694 ἐπαγαγὼν,
3571 3625 3622 3677 τὸ

2085 3737 2104 3770 ι
2153 3716 2658 3789 συμπαρομαρτοῦν
2707 3715 2784 3787 τῷ
2846 3715 3010 3788 λόγῳ.
3062 3716 3237 3770 Τοῦτο
3263 3717 3321 3770 δὲ
3342 3717 3621 3785 σαφέστατα

2085 3827 2104 3860 ι
2144 3808 2405 3873 δείκνυσι,
2426 3809 2521 3860 καὶ
2548 3807 2609 3872 ἐξ
2626 3799 2700 3863 ὧν
2730 3808 2789 3860 ὲν
2808 3806 2886 3877 τῷ
2913 3806 3057 3860 τέλει
3078 3807 3175 3876 τῆς
3200 3808 3497 3878 περικοπῆς
3516 3806 3622 3857 ταύ-

2084 3920 2102 3950 ι
2143 3916 2244 3969 της
2288 3899 2560 3965 διέξεισιν,
2604 3898 2839 3969 οὑσιώδη
2876 3898 3051 3967 λέγων
3078 3898 3140 3952 τδ
3180 3899 3622 3970 Πνεῦμαδύναμιν

2084 4012 2103 4045 ι
2142 3994 2207 4045 ὲκ
2233 3991 2327 4046 τοῦ
2349 3993 2561 4062 Πατρὸς
2608 3992 3049 4064 Exn-opsququ
3081 3992 3177 4046 καὶ
3203 3993 3263 4045 ὲν
3292 3991 3403 4062 Υίῷ
3441 3994 3621 4046 ἀναπα-

2083 4101 2102 4134 ι
2139 4086 2395 4152 νομένην,
2437 4077 2627 4153 ἀφ’ὧν
2656 4084 2750 4137 καὶ
2778 4084 2807 4136 ό
2850 4082 2980 4154 περὶ
3016 4082 3110 4137 τοῦ
3145 4083 3205 4150 ἐξ
3251 4084 3419 4152 αὐτῆς
3467 4083 3550 4136 καὶ
3575 4084 3622 4134 ἐν

2085 4192 2102 4224 ι
2141 4162 2279 4245 αὐτῇ
2342 4176 2687 4245 προγραφεὶς
2749 4175 3019 4245 ἡμέτερος
3053 4174 3332 4247 λογισμὸς,
3372 4175 3445 4239 ὡς
3470 4169 3620 4242 οἶμαι,

2084 4285 2102 4318 ι
2148 4267 2580 4338 ἐπιστηριζεται.
2630 4287 2649 4319 ι

2676 4362 3062 4430 Ἀντίρῤησις.

2159 4453 2603 4524 Ἐπιστηρίζεται
2636 4453 2692 4507 δὲ
2738 4456 2832 4509 καὶ
2854 4457 2881 4507 ὁ
2910 4456 3174 4526 ἡμέτερος
3219 4457 3494 4526 λογισμὸς,
3515 4455 3622 4523 περὶ

2077 4543 2171 4596 τοῦ
2230 4541 2367 4597 εἶναι
2411 4547 2471 4597 τ’)
2524 4546 2747 4615 Πνεῦμα
2793 4546 2861 4600 δι’
2884 4546 3024 4601 Υίοῦ
3075 4550 3140 4601 ὲκ
3179 4550 3389 4620 Πατρός
3420 4549 3519 4601 ἀπὸ
3543 4548 3620 4599 rei

403 4638 649 4691 enuntiet
684 4651 698 4687 :
737 4653 756 4686 t
798 4633 945 4688 Suus
985 4647 1199 4702 quoque
1231 4630 1462 4701 Spiritus
1488 4628 1667 4684 Verbo
1700 4630 1775 4685 sit
1803 4646 1968 4699 Opor-

2091 4636 2252 4705 ιέγειν
2299 4637 2391 4689 τὸν
2440 4637 2614 4706 ἅγιον,
2653 4656 2673 4690 ι
2728 4640 2820 4691 Δεῖ
2854 4639 2912 4692 δὲ
2955 4640 3045 4693 τὸν
3082 4639 3239 4709 λόγον
3287 4643 3384 4695 καὶ
3422 4638 3620 4708 Πνεῦμα

402 4739 481 4783 tet
532 4744 546 4781 :
586 4746 605 4779 ι
658 4740 869 4781 necnon
907 4741 922 4791 ;
969 4743 987 4778 t
1023 4723 1211 4793 Neque
1242 4722 1389 4777 enim
1421 4721 1567 4775 Patri
1594 4722 1820 4775 verbum
1866 4738 1964 4774 un-

403 4837 567 4891 quam
598 4818 791 4884 defuit,
826 4834 927 4874 nec
951 4816 1131 4874 Verbo
1160 4816 1415 4888 Spiritus.
1449 4831 1473 4869 ι
1507 4815 1631 4871 Ilaec
1666 4815 1792 4870 dum
1829 4829 1975 4869 asse-

403 4916 495 4977 rit,
544 4912 753 4966 videtur
816 4909 960 4964 Patri
1008 4926 1101 4980 per
1170 4909 1403 4965 Verbum
1432 4909 1694 4978 Spiritum
1746 4906 1976 4974 conjun-

404 5017 553 5075 gere.
610 5001 714 5068 Qui
761 5015 889 5056 vero
950 5000 1096 5056 Patri
1131 5000 1391 5071 Spiritum
1422 5014 1517 5069 per
1557 4992 1789 5053 Verbum
1845 5012 1975 5050 con-

399 5094 599 5165 iungit,
634 5107 715 5147 na:
775 5094 863 5146 ille
905 5091 1174 5148 Stentoris
1227 5093 1403 5146 instar
1436 5090 1656 5150 clamat,
1701 5103 1765 5142 ex
1806 5085 1969 5141 Patre

404 5200 501 5255 per
533 5182 727 5239 Filium
760 5181 1020 5252 Spiritum
1046 5198 1187 5238 esse.
1221 5182 1354 5237 Illud
1387 5179 1551 5234 etiam
1583 5176 1969 5231 attendendum

404 5289 489 5333 est
519 5277 671 5342 illud,
723 5276 1114 5348 progrediatur,
1144 5274 1263 5329 loco
1301 5274 1467 5337 illius,
1514 5269 1790 5340 procedat,
1841 5282 1974 5336 sup-

406 5373 678 5441 posuisse.

410 5482 660 5551 Ejusdem
709 5495 775 5549 ea:
822 5480 1086 5550 capitibus
1140 5477 1442 5560 {lieelogicis
1493 5476 1557 5530 dc
1605 5485 1791 5530 sancta
1855 5476 1977 5532 Tri-

1099 5558 1281 5602 nitate.

474 5642 733 5701 CXXXV.
771 5660 790 5694 ι
833 5641 1003 5696 Filius
1055 5647 1315 5694 autemet
1372 5640 1665 5693 character
1725 5646 1969 5705 paternae

411 5756 429 5789 ε
467 5736 808 5802 substantiae,
847 5735 973 5804 quia
1020 5732 1291 5803 perfectus
1322 5742 1405 5785 est
1436 5746 1670 5802 vereque
1731 5732 1967 5811 exsistit,

413 5850 432 5884 ι
486 5840 648 5902 atque
695 5838 921 5897 excepta
961 5825 1181 5896 ingeniti
1245 5826 1576 5896 proprietate
1639 5838 1736 5893 per
1784 5824 1968 5879 omnia

2074 4726 2240 4798 ἔχειν,
2273 4745 2291 4778 ι
2346 4730 2439 4781 καὶ
2483 4727 2562 4780 ἔτι
2591 4728 2697 4780 ἀπὸ
2744 4728 2835 4781 τοῦ
2870 4729 3071 4798 λέγειν,
3117 4748 3136 4781 ι
3174 4732 3249 4784 Oti
3290 4733 3407 4799 γὰρ
3429 4729 3618 4784 ὲνέλιπέ

2081 4835 2212 4873 ποτε
2270 4818 2347 4886 τῷ
2394 4820 2568 4888 Πατρὶ
2620 4819 2799 4887 λόγος,
2856 4818 2979 4873 οὔτε
3022 4820 3099 4890 τῷ
3130 4821 3288 4891 Λόγῳ
3342 4818 3567 4891 Πνεῦμα.
3600 4836 3617 4869 ι

2081 4908 2267 4963 Ταῦτα
2288 4909 2396 4979 γὰρ
2420 4909 2615 4975 λέγων,
2656 4908 2902 4978 φαίνεται
2929 4910 3005 4978 τῷ
3028 4910 3202 4980 Πατρὶ
3242 4911 3332 4964 διὰ
3361 4910 3451 4963 τοῦ
3470 4910 3620 4976 Λόγου

2084 5000 2368 5054 συνάπτων
2388 4999 2457 5053 τὸ
2481 4999 2722 5069 Πνεῦμα.
2767 4999 2825 5054 'O
2858 5000 2915 5055 δὲ
2940 5000 3026 5055 διὰ
3051 5000 3145 5053 τοῦ
3167 5002 3341 5071 Λόγου
3366 5002 3440 5072 τῷ
3469 5001 3619 5068 Πατρὶ

2069 5089 2352 5141 συνάπτων
2399 5086 2458 5142 τδ
2523 5088 2769 5160 Πνεῦμα,
2803 5088 3062 5161 ἄντικρυς
3120 5092 3461 5165 Στεντόρειον
3516 5088 3618 5159 βοᾷ,

2070 5184 2135 5234 ὲκ
2167 5180 2259 5233 τοῦ
2284 5181 2492 5250 Ila-cpe;
2518 5181 2604 5235 διὰ
2630 5181 2721 5235 τοῦ
2752 5183 2927 5251 Λόγου
2956 5178 3095 5238 εἶναι
3125 5183 3281 5239 αὑτό.
3341 5185 3618 5251 Σκοπητὲον

2074 5274 2128 5326 δὲ
2159 5274 2253 5325 καὶ
2276 5274 2421 5336 ὅπως
2448 5274 2528 5339 τὸ,
2554 5273 2998 5343 προερχομένην
3030 5275 3150 5329 ἀντὶ
3173 5275 3290 5342 τοῦ,
3327 5275 3619 5343 ἐκπορευο-

2076 5364 2269 5432 μένην
2299 5365 2327 5415 ό
2360 5365 2516 5431 ἅγιος
2550 5361 2721 5423 εἶπεν.

2089 5477 2198 5531 Τοῦ
2226 5473 2411 5530 αὐτοῦ
2437 5475 2506 5530 ἐκ
2527 5475 2632 5529 τοῦ
2659 5484 2714 5544 η’
2753 5476 2872 5530 τῶν
2892 5476 3254 5545 θεολογικῶν
3305 5473 3619 5544 κεφαλαίων

2476 5545 2742 5615 περὶτῆς
2780 5548 2951 5615 ἁγίας
2988 5547 3245 5615 Τμάδος.

2160 5658 2178 5689 ι
2217 5637 2386 5693 PAE'.
2420 5638 2550 5701 Υἱὸς
2608 5638 2662 5690 δὲ
2688 5638 2781 5690 καὶ
2802 5639 3196 5711 χαρακτὴρτῆς
3217 5635 3482 5708 πατρικῆς
3505 5634 3617 5686 ὑπο-

2086 5749 2104 5780 ι
2140 5731 2399 5799 στάσεως,
2430 5730 2517 5784 διὰ
2548 5729 2607 5782 τὸ
2633 5730 2858 5793 τέλειον,
2885 5731 2978 5783 καὶ
3006 5731 3363 5784 ὲνυπόστατον
3389 5728 3479 5780 καὶ
3496 5724 3617 5779 κατά

2084 5842 2100 5873 ι
2139 5822 2517 5899 πάνταῦμοιον
2547 5817 2681 5877 εἶναι
2713 5821 2787 5892 τῷ
2808 5822 2978 5892 Παῖρὶ
3164 5823 3256 5892 τῆς
3297 5817 3611 5890 ἀγεννησξας.
