  <div class='ocr_page' id='page_1' title='image "/cluster/home/n/w/nwhite01/storage/ocr_20150623/141/hvd.32044019208313/300.png"; bbox 0 0 3788 6586; ppageno 0'>
   <div class='ocr_carea' id='block_1_1' title="bbox 89 415 2292 502">
    <p class='ocr_par' dir='ltr' id='par_1_1' title="bbox 89 415 2292 502">
     <span class='ocr_line' id='line_1_1' title="bbox 89 415 2292 502; baseline -0.012 -2"><span class='ocrx_word' id='word_1_1' title='bbox 89 438 162 502; x_wconf 62' lang='lat'><strong>5‘55</strong></span> <span class='ocrx_word' id='word_1_2' title='bbox 986 424 1069 485; x_wconf 84' lang='lat' dir='ltr'><strong>IN</strong></span> <span class='ocrx_word' id='word_1_3' title='bbox 1109 421 1501 484; x_wconf 81' lang='lat' dir='ltr'><strong>CAMATERI</strong></span> <span class='ocrx_word' id='word_1_4' title='bbox 1544 415 2177 482; x_wconf 84' lang='lat' dir='ltr'><strong>ANIMADVERSION</strong></span> <span class='ocrx_word' id='word_1_5' title='bbox 2184 415 2292 474; x_wconf 87' lang='lat' dir='ltr'><strong>ES.</strong></span> 
     </span>
    </p>
   </div>
   <div class='ocr_carea' id='block_1_2' title="bbox 3180 409 3284 472">
    <p class='ocr_par' dir='ltr' id='par_1_2' title="bbox 3180 409 3284 472">
     <span class='ocr_line' id='line_1_2' title="bbox 3180 409 3284 472; baseline 0.019 -3"><span class='ocrx_word' id='word_1_6' title='bbox 3180 409 3284 472; x_wconf 72' lang='lat'><strong>586</strong></span> 
     </span>
    </p>
   </div>
   <div class='ocr_carea' id='block_1_3' title="bbox 99 518 1629 607">
    <p class='ocr_par' dir='ltr' id='par_1_3' title="bbox 99 527 1607 607">
     <span class='ocr_line' id='line_1_3' title="bbox 99 527 1607 607; baseline -0.013 -12"><span class='ocrx_word' id='word_1_7' title='bbox 99 565 111 596; x_wconf 82' lang='grc' dir='ltr'><strong>ι</strong></span> <span class='ocrx_word' id='word_1_8' title='bbox 138 543 252 594; x_wconf 77' lang='grc' dir='ltr'><strong>Μονο</strong></span> <span class='ocrx_word' id='word_1_9' title='bbox 264 540 404 607; x_wconf 68' lang='grc' dir='ltr'><strong>ίενὴς</strong></span> <span class='ocrx_word' id='word_1_10' title='bbox 429 535 507 598; x_wconf 82' lang='grc' dir='ltr'><strong>δὲ,</strong></span> <span class='ocrx_word' id='word_1_11' title='bbox 529 533 612 588; x_wconf 83' lang='grc' dir='ltr'><strong>ὅτι</strong></span> <span class='ocrx_word' id='word_1_12' title='bbox 643 531 801 602; x_wconf 87' lang='grc' dir='ltr'><strong>μόνος</strong></span> <span class='ocrx_word' id='word_1_13' title='bbox 826 530 888 584; x_wconf 71' lang='grc' dir='ltr'><strong>ἐκ</strong></span> <span class='ocrx_word' id='word_1_14' title='bbox 912 531 1072 599; x_wconf 84' lang='grc' dir='ltr'><strong>μόνου</strong></span> <span class='ocrx_word' id='word_1_15' title='bbox 1089 529 1184 582; x_wconf 92' lang='grc' dir='ltr'><strong>τοῦ</strong></span> <span class='ocrx_word' id='word_1_16' title='bbox 1203 527 1413 597; x_wconf 68' lang='grc' dir='ltr'><strong>Πατρός</strong></span> <span class='ocrx_word' id='word_1_17' title='bbox 1434 527 1607 598; x_wconf 80' lang='grc' dir='ltr'><strong>μόνως</strong></span> 
     </span>
    </p>
   </div>
   <div class='ocr_carea' id='block_1_4' title="bbox 1763 518 3280 607">
    <p class='ocr_par' dir='ltr' id='par_1_4' title="bbox 1777 518 3280 592">
     <span class='ocr_line' id='line_1_4' title="bbox 1777 518 3280 592; baseline -0.002 -14"><span class='ocrx_word' id='word_1_18' title='bbox 1777 523 1990 581; x_wconf 78' lang='lat' dir='ltr'><strong>Patrem</strong></span> <span class='ocrx_word' id='word_1_19' title='bbox 2021 524 2206 585; x_wconf 77' lang='lat' dir='ltr'><strong>refert,</strong></span> <span class='ocrx_word' id='word_1_20' title='bbox 2240 529 2407 592; x_wconf 86' lang='lat' dir='ltr'><strong>atque</strong></span> <span class='ocrx_word' id='word_1_21' title='bbox 2439 519 2716 591; x_wconf 80' lang='lat' dir='ltr'><strong>exprimit.</strong></span> <span class='ocrx_word' id='word_1_22' title='bbox 2770 518 3096 592; x_wconf 82' lang='lat' dir='ltr'><strong>Unigenitus</strong></span> <span class='ocrx_word' id='word_1_23' title='bbox 3151 522 3280 578; x_wconf 90' lang='lat' dir='ltr'><strong>item</strong></span> 
     </span>
    </p>
   </div>
   <div class='ocr_carea' id='block_1_5' title="bbox 97 613 1629 702">
    <p class='ocr_par' dir='ltr' id='par_1_5' title="bbox 97 621 1600 702">
     <span class='ocr_line' id='line_1_5' title="bbox 97 621 1600 702; baseline -0.011 -14"><span class='ocrx_word' id='word_1_24' title='bbox 97 631 387 702; x_wconf 74' lang='grc' dir='ltr'><strong>«ἐγεννήθη.</strong></span> <span class='ocrx_word' id='word_1_25' title='bbox 438 627 511 681; x_wconf 88' lang='grc' dir='ltr'><strong>Οὑ</strong></span> <span class='ocrx_word' id='word_1_26' title='bbox 573 626 683 696; x_wconf 79' lang='grc' dir='ltr'><strong>γὰρ</strong></span> <span class='ocrx_word' id='word_1_27' title='bbox 747 623 1026 695; x_wconf 80' lang='grc' dir='ltr'><strong>ὁμοιοῦται</strong></span> <span class='ocrx_word' id='word_1_28' title='bbox 1065 623 1225 692; x_wconf 78' lang='grc' dir='ltr'><strong>ἑτέρα</strong></span> <span class='ocrx_word' id='word_1_29' title='bbox 1252 621 1505 693; x_wconf 85' lang='grc' dir='ltr'><strong>γέννησις</strong></span> <span class='ocrx_word' id='word_1_30' title='bbox 1533 623 1600 691; x_wconf 78' lang='grc' dir='ltr'><strong>τῇ</strong></span> 
     </span>
    </p>
   </div>
   <div class='ocr_carea' id='block_1_6' title="bbox 1763 613 3289 702">
    <p class='ocr_par' dir='ltr' id='par_1_6' title="bbox 1773 613 3289 688">
     <span class='ocr_line' id='line_1_6' title="bbox 1773 613 3289 688; baseline 0 -17"><span class='ocrx_word' id='word_1_31' title='bbox 1773 618 1902 688; x_wconf 84' lang='lat' dir='ltr'><strong>quia</strong></span> <span class='ocrx_word' id='word_1_32' title='bbox 1929 617 2082 672; x_wconf 89' lang='lat' dir='ltr'><strong>solus</strong></span> <span class='ocrx_word' id='word_1_33' title='bbox 2106 631 2173 671; x_wconf 81' lang='lat' dir='ltr'><strong>ex</strong></span> <span class='ocrx_word' id='word_1_34' title='bbox 2211 615 2329 669; x_wconf 89' lang='lat' dir='ltr'><strong>solo</strong></span> <span class='ocrx_word' id='word_1_35' title='bbox 2353 615 2510 669; x_wconf 88' lang='lat' dir='ltr'><strong>Patre</strong></span> <span class='ocrx_word' id='word_1_36' title='bbox 2563 613 2828 686; x_wconf 77' lang='lat' dir='ltr'><strong>singulari</strong></span> <span class='ocrx_word' id='word_1_37' title='bbox 2855 616 3018 669; x_wconf 90' lang='lat' dir='ltr'><strong>modo</strong></span> <span class='ocrx_word' id='word_1_38' title='bbox 3072 617 3289 686; x_wconf 83' lang='lat' dir='ltr'><strong>genitus</strong></span> 
     </span>
    </p>
   </div>
   <div class='ocr_carea' id='block_1_7' title="bbox 97 708 1629 784">
    <p class='ocr_par' dir='ltr' id='par_1_7' title="bbox 97 708 1604 784">
     <span class='ocr_line' id='line_1_7' title="bbox 97 708 1604 784; baseline -0.011 -6"><span class='ocrx_word' id='word_1_39' title='bbox 97 746 110 778; x_wconf 78' lang='grc' dir='ltr'><strong>ι</strong></span> <span class='ocrx_word' id='word_1_40' title='bbox 134 724 208 778; x_wconf 86' lang='grc' dir='ltr'><strong>τοῦ</strong></span> <span class='ocrx_word' id='word_1_41' title='bbox 232 720 352 776; x_wconf 75' lang='grc' dir='ltr'><strong>Υἱοῦ</strong></span> <span class='ocrx_word' id='word_1_42' title='bbox 381 717 474 772; x_wconf 92' lang='grc' dir='ltr'><strong>τοῦ</strong></span> <span class='ocrx_word' id='word_1_43' title='bbox 492 714 628 769; x_wconf 83' lang='grc' dir='ltr'><strong>Θεοῦ</strong></span> <span class='ocrx_word' id='word_1_44' title='bbox 652 716 928 784; x_wconf 84' lang='grc' dir='ltr'><strong>γεννήσει.</strong></span> <span class='ocrx_word' id='word_1_45' title='bbox 967 712 1101 767; x_wconf 83' lang='grc' dir='ltr'><strong>Οὐδὲ</strong></span> <span class='ocrx_word' id='word_1_46' title='bbox 1130 712 1240 782; x_wconf 87' lang='grc' dir='ltr'><strong>γάρ</strong></span> <span class='ocrx_word' id='word_1_47' title='bbox 1269 712 1418 764; x_wconf 74' lang='grc' dir='ltr'><strong>ἐστιν</strong></span> <span class='ocrx_word' id='word_1_48' title='bbox 1445 708 1604 774; x_wconf 80' lang='grc' dir='ltr'><strong>ἄλλος</strong></span> 
     </span>
    </p>
   </div>
   <div class='ocr_carea' id='block_1_8' title="bbox 1763 708 3292 784">
    <p class='ocr_par' dir='ltr' id='par_1_8' title="bbox 1775 710 3292 782">
     <span class='ocr_line' id='line_1_8' title="bbox 1775 710 3292 782; baseline -0.001 -14"><span class='ocrx_word' id='word_1_49' title='bbox 1775 721 1880 768; x_wconf 88' lang='lat' dir='ltr'><strong>est.</strong></span> <span class='ocrx_word' id='word_1_50' title='bbox 1928 710 2118 782; x_wconf 85' lang='lat' dir='ltr'><strong>Neque</strong></span> <span class='ocrx_word' id='word_1_51' title='bbox 2178 713 2323 767; x_wconf 90' lang='lat' dir='ltr'><strong>enim</strong></span> <span class='ocrx_word' id='word_1_52' title='bbox 2367 711 2476 766; x_wconf 89' lang='lat' dir='ltr'><strong>ulla</strong></span> <span class='ocrx_word' id='word_1_53' title='bbox 2519 711 2626 765; x_wconf 88' lang='lat' dir='ltr'><strong>alia</strong></span> <span class='ocrx_word' id='word_1_54' title='bbox 2687 711 2972 782; x_wconf 88' lang='lat' dir='ltr'><strong>generatio</strong></span> <span class='ocrx_word' id='word_1_55' title='bbox 3025 720 3130 777; x_wconf 84' lang='lat' dir='ltr'><strong>est,</strong></span> <span class='ocrx_word' id='word_1_56' title='bbox 3169 727 3292 782; x_wconf 73' lang='lat' dir='ltr'><strong>qua:</strong></span> 
     </span>
    </p>
   </div>
   <div class='ocr_carea' id='block_1_9' title="bbox 94 797 1629 876">
    <p class='ocr_par' dir='ltr' id='par_1_9' title="bbox 94 797 1608 875">
     <span class='ocr_line' id='line_1_9' title="bbox 94 797 1608 875; baseline -0.011 -8"><span class='ocrx_word' id='word_1_57' title='bbox 94 837 108 868; x_wconf 78' lang='grc' dir='ltr'><strong>ι</strong></span> <span class='ocrx_word' id='word_1_58' title='bbox 132 814 232 875; x_wconf 76' lang='grc' dir='ltr'><strong>Υἱὸς</strong></span> <span class='ocrx_word' id='word_1_59' title='bbox 254 810 340 864; x_wconf 86' lang='grc' dir='ltr'><strong>τοῦ</strong></span> <span class='ocrx_word' id='word_1_60' title='bbox 366 807 520 862; x_wconf 86' lang='grc' dir='ltr'><strong>Θεοῦ.</strong></span> <span class='ocrx_word' id='word_1_61' title='bbox 548 807 610 860; x_wconf 74' lang='lat' dir='ltr'><strong>Ei</strong></span> <span class='ocrx_word' id='word_1_62' title='bbox 638 805 746 874; x_wconf 79' lang='grc' dir='ltr'><strong>γὰρ</strong></span> <span class='ocrx_word' id='word_1_63' title='bbox 783 803 958 858; x_wconf 75' lang='grc' dir='ltr'><strong>καὶτὸ</strong></span> <span class='ocrx_word' id='word_1_64' title='bbox 987 801 1206 872; x_wconf 87' lang='grc' dir='ltr'><strong>Πνεῦμα</strong></span> <span class='ocrx_word' id='word_1_65' title='bbox 1237 799 1299 854; x_wconf 80' lang='grc' dir='ltr'><strong>τὸ</strong></span> <span class='ocrx_word' id='word_1_66' title='bbox 1351 797 1510 868; x_wconf 69' lang='grc' dir='ltr'><strong>ἅγιον</strong></span> <span class='ocrx_word' id='word_1_67' title='bbox 1545 798 1608 850; x_wconf 82' lang='grc' dir='ltr'><strong>ὲκ</strong></span> 
     </span>
    </p>
   </div>
   <div class='ocr_carea' id='block_1_10' title="bbox 1763 797 3292 876">
    <p class='ocr_par' dir='ltr' id='par_1_10' title="bbox 1780 803 3292 876">
     <span class='ocr_line' id='line_1_10' title="bbox 1780 803 3292 876; baseline 0.002 -18"><span class='ocrx_word' id='word_1_68' title='bbox 1780 803 1897 858; x_wconf 86' lang='lat' dir='ltr'><strong>Filii</strong></span> <span class='ocrx_word' id='word_1_69' title='bbox 1932 803 2024 858; x_wconf 87' lang='lat' dir='ltr'><strong>Dei</strong></span> <span class='ocrx_word' id='word_1_70' title='bbox 2054 803 2390 874; x_wconf 89' lang='lat' dir='ltr'><strong>generationi</strong></span> <span class='ocrx_word' id='word_1_71' title='bbox 2444 803 2750 872; x_wconf 89' lang='lat' dir='ltr'><strong>comparari</strong></span> <span class='ocrx_word' id='word_1_72' title='bbox 2822 805 3018 875; x_wconf 88' lang='lat' dir='ltr'><strong>possit,</strong></span> <span class='ocrx_word' id='word_1_73' title='bbox 3043 805 3292 876; x_wconf 84' lang='lat' dir='ltr'><strong>quando-</strong></span> 
     </span>
    </p>
   </div>
   <div class='ocr_carea' id='block_1_11' title="bbox 93 889 1610 973">
    <p class='ocr_par' dir='ltr' id='par_1_11' title="bbox 93 889 1610 973">
     <span class='ocr_line' id='line_1_11' title="bbox 93 889 1610 973; baseline -0.012 -14"><span class='ocrx_word' id='word_1_74' title='bbox 93 928 106 960; x_wconf 82' lang='grc' dir='ltr'><strong>ι</strong></span> <span class='ocrx_word' id='word_1_75' title='bbox 132 905 206 958; x_wconf 88' lang='grc' dir='ltr'><strong>τοῦ</strong></span> <span class='ocrx_word' id='word_1_76' title='bbox 259 900 466 973; x_wconf 81' lang='grc' dir='ltr'><strong>Πατρὸς</strong></span> <span class='ocrx_word' id='word_1_77' title='bbox 513 897 891 970; x_wconf 81' lang='grc' dir='ltr'><strong>ἐκπορεύεται,</strong></span> <span class='ocrx_word' id='word_1_78' title='bbox 919 894 1035 950; x_wconf 82' lang='grc' dir='ltr'><strong>ἀλλ’</strong></span> <span class='ocrx_word' id='word_1_79' title='bbox 1081 895 1141 949; x_wconf 86' lang='grc' dir='ltr'><strong>οὐ</strong></span> <span class='ocrx_word' id='word_1_80' title='bbox 1171 893 1469 964; x_wconf 85' lang='grc' dir='ltr'><strong>γεννητῶς,</strong></span> <span class='ocrx_word' id='word_1_81' title='bbox 1496 889 1610 946; x_wconf 86' lang='grc' dir='ltr'><strong>ἀλλ’</strong></span> 
     </span>
    </p>
   </div>
   <div class='ocr_carea' id='block_1_12' title="bbox 89 980 1611 1066">
    <p class='ocr_par' dir='ltr' id='par_1_12' title="bbox 89 980 1611 1066">
     <span class='ocr_line' id='line_1_12' title="bbox 89 980 1611 1066; baseline -0.009 -16"><span class='ocrx_word' id='word_1_82' title='bbox 89 994 463 1066; x_wconf 76' lang='grc' dir='ltr'><strong>σὲκπορευτῶς.</strong></span> <span class='ocrx_word' id='word_1_83' title='bbox 529 991 724 1055; x_wconf 80' lang='grc' dir='ltr'><strong>’Δλλος</strong></span> <span class='ocrx_word' id='word_1_84' title='bbox 782 990 984 1062; x_wconf 83' lang='grc' dir='ltr'><strong>τρόπος</strong></span> <span class='ocrx_word' id='word_1_85' title='bbox 1043 986 1370 1061; x_wconf 86' lang='grc' dir='ltr'><strong>ὑπάρξεως,</strong></span> <span class='ocrx_word' id='word_1_86' title='bbox 1421 980 1611 1048; x_wconf 77' lang='grc' dir='ltr'><strong>οὗτος,</strong></span> 
     </span>
    </p>
   </div>
   <div class='ocr_carea' id='block_1_13' title="bbox 1720 896 3291 968">
    <p class='ocr_par' dir='ltr' id='par_1_13' title="bbox 1720 896 3291 968">
     <span class='ocr_line' id='line_1_13' title="bbox 1720 896 3291 968; baseline 0.004 -19"><span class='ocrx_word' id='word_1_87' title='bbox 1720 916 1740 949; x_wconf 78' lang='grc' dir='ltr'><strong>ι</strong></span> <span class='ocrx_word' id='word_1_88' title='bbox 1778 898 1997 968; x_wconf 84' lang='lat' dir='ltr'><strong>quidem</strong></span> <span class='ocrx_word' id='word_1_89' title='bbox 2026 912 2128 952; x_wconf 78' lang='lat' dir='ltr'><strong>nec</strong></span> <span class='ocrx_word' id='word_1_90' title='bbox 2158 896 2300 952; x_wconf 90' lang='lat' dir='ltr'><strong>alius</strong></span> <span class='ocrx_word' id='word_1_91' title='bbox 2330 911 2550 968; x_wconf 90' lang='lat' dir='ltr'><strong>quoque</strong></span> <span class='ocrx_word' id='word_1_92' title='bbox 2608 896 2780 954; x_wconf 85' lang='lat' dir='ltr'><strong>Filius</strong></span> <span class='ocrx_word' id='word_1_93' title='bbox 2811 899 2902 954; x_wconf 92' lang='lat' dir='ltr'><strong>Dei</strong></span> <span class='ocrx_word' id='word_1_94' title='bbox 2937 908 3041 955; x_wconf 82' lang='lat' dir='ltr'><strong>est.</strong></span> <span class='ocrx_word' id='word_1_95' title='bbox 3084 899 3291 966; x_wconf 86' lang='lat' dir='ltr'><strong>Quam-</strong></span> 
     </span>
    </p>
   </div>
   <div class='ocr_carea' id='block_1_14' title="bbox 1722 989 3291 1071">
    <p class='ocr_par' dir='ltr' id='par_1_14' title="bbox 1722 989 3291 1071">
     <span class='ocr_line' id='line_1_14' title="bbox 1722 989 3291 1071; baseline 0.006 -30"><span class='ocrx_word' id='word_1_96' title='bbox 1722 1008 1740 1041; x_wconf 77' lang='grc' dir='ltr'><strong>ι</strong></span> <span class='ocrx_word' id='word_1_97' title='bbox 1785 989 1868 1046; x_wconf 90' lang='lat' dir='ltr'><strong>vis</strong></span> <span class='ocrx_word' id='word_1_98' title='bbox 1895 989 2040 1044; x_wconf 92' lang='lat' dir='ltr'><strong>enim</strong></span> <span class='ocrx_word' id='word_1_99' title='bbox 2066 989 2305 1071; x_wconf 76' lang='lat' dir='ltr'><strong>Spiritus</strong></span> <span class='ocrx_word' id='word_1_100' title='bbox 2333 1004 2551 1060; x_wconf 88' lang='lat' dir='ltr'><strong>quoque</strong></span> <span class='ocrx_word' id='word_1_101' title='bbox 2577 999 2801 1047; x_wconf 87' lang='lat' dir='ltr'><strong>sanctus</strong></span> <span class='ocrx_word' id='word_1_102' title='bbox 2844 1007 2911 1048; x_wconf 82' lang='lat' dir='ltr'><strong>ex</strong></span> <span class='ocrx_word' id='word_1_103' title='bbox 2946 993 3110 1050; x_wconf 86' lang='lat' dir='ltr'><strong>Patre</strong></span> <span class='ocrx_word' id='word_1_104' title='bbox 3160 1010 3291 1064; x_wconf 85' lang='lat' dir='ltr'><strong>pro-</strong></span> 
     </span>
    </p>
   </div>
   <div class='ocr_carea' id='block_1_15' title="bbox 87 1075 1629 1160">
    <p class='ocr_par' dir='ltr' id='par_1_15' title="bbox 87 1075 1612 1160">
     <span class='ocr_line' id='line_1_15' title="bbox 87 1075 1612 1160; baseline -0.012 -14"><span class='ocrx_word' id='word_1_105' title='bbox 87 1113 100 1145; x_wconf 77' lang='grc' dir='ltr'><strong>ι</strong></span> <span class='ocrx_word' id='word_1_106' title='bbox 131 1089 337 1160; x_wconf 74' lang='grc' dir='ltr'><strong>ἄληπτός</strong></span> <span class='ocrx_word' id='word_1_107' title='bbox 386 1103 446 1140; x_wconf 87' lang='grc' dir='ltr'><strong>τε</strong></span> <span class='ocrx_word' id='word_1_108' title='bbox 477 1084 572 1139; x_wconf 74' lang='grc' dir='ltr'><strong>καὶ</strong></span> <span class='ocrx_word' id='word_1_109' title='bbox 625 1085 925 1154; x_wconf 79' lang='grc' dir='ltr'><strong>ἄγνωστος,</strong></span> <span class='ocrx_word' id='word_1_110' title='bbox 966 1082 1158 1153; x_wconf 82' lang='grc' dir='ltr'><strong>ῶσπερ</strong></span> <span class='ocrx_word' id='word_1_111' title='bbox 1185 1080 1330 1149; x_wconf 78' lang='grc' dir='ltr'><strong>καὶὴ</strong></span> <span class='ocrx_word' id='word_1_112' title='bbox 1361 1076 1457 1132; x_wconf 91' lang='grc' dir='ltr'><strong>τοῦ</strong></span> <span class='ocrx_word' id='word_1_113' title='bbox 1482 1075 1612 1129; x_wconf 76' lang='grc' dir='ltr'><strong>Υἱοῦ</strong></span> 
     </span>
    </p>
   </div>
   <div class='ocr_carea' id='block_1_16' title="bbox 1763 1075 3292 1160">
    <p class='ocr_par' dir='ltr' id='par_1_16' title="bbox 1780 1081 3292 1158">
     <span class='ocr_line' id='line_1_16' title="bbox 1780 1081 3292 1158; baseline 0.005 -21"><span class='ocrx_word' id='word_1_114' title='bbox 1780 1081 1972 1148; x_wconf 86' lang='lat' dir='ltr'><strong>dierit,</strong></span> <span class='ocrx_word' id='word_1_115' title='bbox 2013 1097 2122 1137; x_wconf 90' lang='lat' dir='ltr'><strong>non</strong></span> <span class='ocrx_word' id='word_1_116' title='bbox 2157 1091 2334 1138; x_wconf 88' lang='lat' dir='ltr'><strong>tamen</strong></span> <span class='ocrx_word' id='word_1_117' title='bbox 2365 1085 2753 1154; x_wconf 77' lang='lat' dir='ltr'><strong>generationis,</strong></span> <span class='ocrx_word' id='word_1_118' title='bbox 2789 1087 2883 1142; x_wconf 89' lang='lat' dir='ltr'><strong>sed</strong></span> <span class='ocrx_word' id='word_1_119' title='bbox 2921 1089 3292 1158; x_wconf 85' lang='lat' dir='ltr'><strong>processionis</strong></span> 
     </span>
    </p>
   </div>
   <div class='ocr_carea' id='block_1_17' title="bbox 85 1183 416 1253">
    <p class='ocr_par' dir='ltr' id='par_1_17' title="bbox 85 1183 416 1253">
     <span class='ocr_line' id='line_1_17' title="bbox 85 1183 416 1253; baseline -0.024 -15"><span class='ocrx_word' id='word_1_120' title='bbox 85 1204 100 1238; x_wconf 85' lang='grc' dir='ltr'><strong>ι</strong></span> <span class='ocrx_word' id='word_1_121' title='bbox 122 1183 361 1253; x_wconf 74' lang='grc' dir='ltr'><strong>γέννησις.</strong></span> <span class='ocrx_word' id='word_1_122' title='bbox 397 1196 416 1230; x_wconf 79' lang='grc' dir='ltr'><strong>ι</strong></span> 
     </span>
    </p>
   </div>
   <div class='ocr_carea' id='block_1_18' title="bbox 635 1455 1016 1528">
    <p class='ocr_par' dir='ltr' id='par_1_18' title="bbox 635 1455 1016 1528">
     <span class='ocr_line' id='line_1_18' title="bbox 635 1455 1016 1528; baseline -0.008 -16"><span class='ocrx_word' id='word_1_123' title='bbox 635 1455 1016 1528; x_wconf 71' lang='grc' dir='ltr'><strong>Ἐπιστασία.</strong></span> 
     </span>
    </p>
   </div>
   <div class='ocr_carea' id='block_1_19' title="bbox 137 1540 1624 1623">
    <p class='ocr_par' dir='ltr' id='par_1_19' title="bbox 137 1540 1624 1623">
     <span class='ocr_line' id='line_1_19' title="bbox 137 1540 1624 1623; baseline -0.008 -15"><span class='ocrx_word' id='word_1_124' title='bbox 137 1572 154 1608; x_wconf 82' lang='grc' dir='ltr'><strong>ι</strong></span> <span class='ocrx_word' id='word_1_125' title='bbox 193 1551 499 1623; x_wconf 82' lang='grc' dir='ltr'><strong>Ἐπίστησον</strong></span> <span class='ocrx_word' id='word_1_126' title='bbox 544 1551 812 1622; x_wconf 78' lang='grc' dir='ltr'><strong>ἀκριϐῶς,</strong></span> <span class='ocrx_word' id='word_1_127' title='bbox 871 1548 987 1614; x_wconf 86' lang='grc' dir='ltr'><strong>πῶς</strong></span> <span class='ocrx_word' id='word_1_128' title='bbox 1010 1547 1108 1620; x_wconf 80' lang='grc' dir='ltr'><strong>τὴν</strong></span> <span class='ocrx_word' id='word_1_129' title='bbox 1137 1546 1202 1600; x_wconf 79' lang='grc' dir='ltr'><strong>ὲκ</strong></span> <span class='ocrx_word' id='word_1_130' title='bbox 1254 1544 1352 1598; x_wconf 89' lang='grc' dir='ltr'><strong>τοῦ</strong></span> <span class='ocrx_word' id='word_1_131' title='bbox 1407 1540 1624 1614; x_wconf 87' lang='grc' dir='ltr'><strong>Πατρδς</strong></span> 
     </span>
    </p>
   </div>
   <div class='ocr_carea' id='block_1_20' title="bbox 89 1636 1626 1716">
    <p class='ocr_par' dir='ltr' id='par_1_20' title="bbox 89 1636 1626 1716">
     <span class='ocr_line' id='line_1_20' title="bbox 89 1636 1626 1716; baseline -0.007 -17"><span class='ocrx_word' id='word_1_132' title='bbox 89 1668 102 1700; x_wconf 83' lang='grc' dir='ltr'><strong>ι</strong></span> <span class='ocrx_word' id='word_1_133' title='bbox 129 1647 431 1716; x_wconf 74' lang='grc' dir='ltr'><strong>ὲκπόρευσιν</strong></span> <span class='ocrx_word' id='word_1_134' title='bbox 457 1645 556 1698; x_wconf 84' lang='grc' dir='ltr'><strong>τοῦ</strong></span> <span class='ocrx_word' id='word_1_135' title='bbox 588 1644 932 1716; x_wconf 80' lang='grc' dir='ltr'><strong>Πνέυματος,</strong></span> <span class='ocrx_word' id='word_1_136' title='bbox 973 1642 1173 1714; x_wconf 82' lang='grc' dir='ltr'><strong>τρόπον</strong></span> <span class='ocrx_word' id='word_1_137' title='bbox 1203 1636 1490 1710; x_wconf 79' lang='grc' dir='ltr'><strong>ὑπάρξεως</strong></span> <span class='ocrx_word' id='word_1_138' title='bbox 1510 1638 1626 1690; x_wconf 81' lang='grc' dir='ltr'><strong>ὀνο-</strong></span> 
     </span>
    </p>
   </div>
   <div class='ocr_carea' id='block_1_21' title="bbox 87 1729 1622 1808">
    <p class='ocr_par' dir='ltr' id='par_1_21' title="bbox 87 1729 1622 1808">
     <span class='ocr_line' id='line_1_21' title="bbox 87 1729 1622 1808; baseline -0.005 -18"><span class='ocrx_word' id='word_1_139' title='bbox 87 1757 102 1790; x_wconf 76' lang='grc'><strong>(</strong></span> <span class='ocrx_word' id='word_1_140' title='bbox 136 1739 277 1808; x_wconf 74' lang='grc' dir='ltr'><strong>μάζει</strong></span> <span class='ocrx_word' id='word_1_141' title='bbox 325 1739 353 1792; x_wconf 98' lang='lat'><strong>6</strong></span> <span class='ocrx_word' id='word_1_142' title='bbox 399 1738 579 1806; x_wconf 72' lang='grc' dir='ltr'><strong>ἅγιος.</strong></span> <span class='ocrx_word' id='word_1_143' title='bbox 617 1735 676 1790; x_wconf 89' lang='lat'><strong>&#39;0</strong></span> <span class='ocrx_word' id='word_1_144' title='bbox 709 1735 845 1805; x_wconf 87' lang='grc' dir='ltr'><strong>γοῦν</strong></span> <span class='ocrx_word' id='word_1_145' title='bbox 895 1736 989 1790; x_wconf 75' lang='grc' dir='ltr'><strong>καὶ</strong></span> <span class='ocrx_word' id='word_1_146' title='bbox 1012 1736 1078 1788; x_wconf 76' lang='grc' dir='ltr'><strong>ὲκ</strong></span> <span class='ocrx_word' id='word_1_147' title='bbox 1114 1731 1210 1787; x_wconf 91' lang='grc' dir='ltr'><strong>τοῦ</strong></span> <span class='ocrx_word' id='word_1_148' title='bbox 1249 1730 1382 1784; x_wconf 80' lang='grc' dir='ltr'><strong>Υἱοῦ</strong></span> <span class='ocrx_word' id='word_1_149' title='bbox 1414 1729 1622 1799; x_wconf 86' lang='grc' dir='ltr'><strong>ταύτην</strong></span> 
     </span>
    </p>
   </div>
   <div class='ocr_carea' id='block_1_22' title="bbox 91 1822 1627 1899">
    <p class='ocr_par' dir='ltr' id='par_1_22' title="bbox 91 1822 1627 1899">
     <span class='ocr_line' id='line_1_22' title="bbox 91 1822 1627 1899; baseline -0.005 -18"><span class='ocrx_word' id='word_1_150' title='bbox 91 1849 104 1881; x_wconf 88' lang='grc' dir='ltr'><strong>ι</strong></span> <span class='ocrx_word' id='word_1_151' title='bbox 131 1831 281 1898; x_wconf 83' lang='grc' dir='ltr'><strong>λέγων</strong></span> <span class='ocrx_word' id='word_1_152' title='bbox 299 1827 544 1898; x_wconf 80' lang='grc' dir='ltr'><strong>σφάλλει,</strong></span> <span class='ocrx_word' id='word_1_153' title='bbox 571 1828 665 1882; x_wconf 84' lang='grc' dir='ltr'><strong>δύο</strong></span> <span class='ocrx_word' id='word_1_154' title='bbox 691 1826 896 1899; x_wconf 81' lang='grc' dir='ltr'><strong>ταύτης</strong></span> <span class='ocrx_word' id='word_1_155' title='bbox 945 1825 1184 1895; x_wconf 82' lang='grc' dir='ltr'><strong>εἰσάγων</strong></span> <span class='ocrx_word' id='word_1_156' title='bbox 1224 1822 1627 1894; x_wconf 77' lang='grc' dir='ltr'><strong>άναντιρῤήτας</strong></span> 
     </span>
    </p>
   </div>
   <div class='ocr_carea' id='block_1_23' title="bbox 84 1922 398 1995">
    <p class='ocr_par' dir='ltr' id='par_1_23' title="bbox 84 1922 398 1995">
     <span class='ocr_line' id='line_1_23' title="bbox 84 1922 398 1995; baseline -0.01 -19"><span class='ocrx_word' id='word_1_157' title='bbox 84 1942 99 1976; x_wconf 83' lang='grc' dir='ltr'><strong>ι</strong></span> <span class='ocrx_word' id='word_1_158' title='bbox 132 1922 310 1988; x_wconf 70' lang='grc' dir='ltr'><strong>αἰτίας.</strong></span> <span class='ocrx_word' id='word_1_159' title='bbox 349 1941 398 1995; x_wconf 23' lang='grc' dir='ltr'><strong>ιι.</strong></span> 
     </span>
    </p>
   </div>
   <div class='ocr_carea' id='block_1_24' title="bbox 621 2015 1020 2085">
    <p class='ocr_par' dir='ltr' id='par_1_24' title="bbox 621 2015 1020 2085">
     <span class='ocr_line' id='line_1_24' title="bbox 621 2015 1020 2085; baseline -0.005 -15"><span class='ocrx_word' id='word_1_160' title='bbox 621 2015 1020 2085; x_wconf 78' lang='grc' dir='ltr'><strong>Ἀντίρῤησις.</strong></span> 
     </span>
    </p>
   </div>
   <div class='ocr_carea' id='block_1_25' title="bbox 133 2120 1622 2197">
    <p class='ocr_par' dir='ltr' id='par_1_25' title="bbox 133 2120 1622 2197">
     <span class='ocr_line' id='line_1_25' title="bbox 133 2120 1622 2197; baseline -0.005 -17"><span class='ocrx_word' id='word_1_161' title='bbox 133 2125 329 2191; x_wconf 57' lang='grc' dir='ltr'><strong>Ὠκπῶς</strong></span> <span class='ocrx_word' id='word_1_162' title='bbox 350 2124 808 2197; x_wconf 78' lang='grc' dir='ltr'><strong>ὲθελογνωμονῶν</strong></span> <span class='ocrx_word' id='word_1_163' title='bbox 867 2124 970 2180; x_wconf 87' lang='grc' dir='ltr'><strong>οὑκ</strong></span> <span class='ocrx_word' id='word_1_164' title='bbox 1017 2121 1145 2189; x_wconf 74' lang='grc' dir='ltr'><strong>ἄξια</strong></span> <span class='ocrx_word' id='word_1_165' title='bbox 1177 2122 1276 2194; x_wconf 83' lang='grc' dir='ltr'><strong>τῆς</strong></span> <span class='ocrx_word' id='word_1_166' title='bbox 1304 2120 1495 2191; x_wconf 84' lang='grc' dir='ltr'><strong>σοφίας</strong></span> <span class='ocrx_word' id='word_1_167' title='bbox 1529 2135 1622 2173; x_wconf 89' lang='grc' dir='ltr'><strong>σου</strong></span> 
     </span>
    </p>
   </div>
   <div class='ocr_carea' id='block_1_26' title="bbox 79 2211 1627 2294">
    <p class='ocr_par' dir='ltr' id='par_1_26' title="bbox 79 2211 1627 2294">
     <span class='ocr_line' id='line_1_26' title="bbox 79 2211 1627 2294; baseline -0.007 -20"><span class='ocrx_word' id='word_1_168' title='bbox 79 2220 278 2294; x_wconf 67' lang='grc' dir='ltr'><strong>φθέγγῃ.</strong></span> <span class='ocrx_word' id='word_1_169' title='bbox 329 2218 392 2272; x_wconf 78' lang='lat' dir='ltr'><strong>Ei</strong></span> <span class='ocrx_word' id='word_1_170' title='bbox 444 2218 556 2289; x_wconf 76' lang='grc' dir='ltr'><strong>γὰρ</strong></span> <span class='ocrx_word' id='word_1_171' title='bbox 611 2218 687 2289; x_wconf 81' lang='grc' dir='ltr'><strong>μὴ</strong></span> <span class='ocrx_word' id='word_1_172' title='bbox 706 2215 855 2272; x_wconf 86' lang='grc' dir='ltr'><strong>τοῦτ’</strong></span> <span class='ocrx_word' id='word_1_173' title='bbox 911 2212 1002 2288; x_wconf 79' lang='grc' dir='ltr'><strong>ἦν,</strong></span> <span class='ocrx_word' id='word_1_174' title='bbox 1048 2217 1179 2270; x_wconf 82' lang='grc' dir='ltr'><strong>πότε</strong></span> <span class='ocrx_word' id='word_1_175' title='bbox 1230 2215 1297 2268; x_wconf 81' lang='grc' dir='ltr'><strong>ἂν</strong></span> <span class='ocrx_word' id='word_1_176' title='bbox 1353 2211 1448 2268; x_wconf 81' lang='grc' dir='ltr'><strong>δύο</strong></span> <span class='ocrx_word' id='word_1_177' title='bbox 1476 2212 1627 2266; x_wconf 87' lang='grc' dir='ltr'><strong>αίτια</strong></span> 
     </span>
    </p>
   </div>
   <div class='ocr_carea' id='block_1_27' title="bbox 80 2303 1624 2382">
    <p class='ocr_par' dir='ltr' id='par_1_27' title="bbox 80 2303 1624 2382">
     <span class='ocr_line' id='line_1_27' title="bbox 80 2303 1624 2382; baseline -0.006 -16"><span class='ocrx_word' id='word_1_178' title='bbox 80 2313 292 2382; x_wconf 68' lang='grc' dir='ltr'><strong>εἰρήκεις</strong></span> <span class='ocrx_word' id='word_1_179' title='bbox 334 2309 429 2365; x_wconf 90' lang='grc' dir='ltr'><strong>τοῦ</strong></span> <span class='ocrx_word' id='word_1_180' title='bbox 483 2309 805 2380; x_wconf 84' lang='grc' dir='ltr'><strong>Πνεῦματος</strong></span> <span class='ocrx_word' id='word_1_181' title='bbox 854 2308 950 2362; x_wconf 78' lang='grc' dir='ltr'><strong>τὸν</strong></span> <span class='ocrx_word' id='word_1_182' title='bbox 982 2308 1204 2378; x_wconf 79' lang='grc' dir='ltr'><strong>Πατέρα</strong></span> <span class='ocrx_word' id='word_1_183' title='bbox 1231 2304 1327 2360; x_wconf 78' lang='grc' dir='ltr'><strong>καὶ</strong></span> <span class='ocrx_word' id='word_1_184' title='bbox 1353 2305 1446 2359; x_wconf 82' lang='grc' dir='ltr'><strong>τὸν</strong></span> <span class='ocrx_word' id='word_1_185' title='bbox 1473 2303 1624 2367; x_wconf 78' lang='grc' dir='ltr'><strong>Υἱὸν,</strong></span> 
     </span>
    </p>
   </div>
   <div class='ocr_carea' id='block_1_28' title="bbox 78 2388 1627 2473">
    <p class='ocr_par' dir='ltr' id='par_1_28' title="bbox 78 2388 1627 2473">
     <span class='ocr_line' id='line_1_28' title="bbox 78 2388 1627 2473; baseline -0.005 -19"><span class='ocrx_word' id='word_1_186' title='bbox 78 2402 148 2473; x_wconf 66' lang='grc' dir='ltr'><strong>ξιὰ</strong></span> <span class='ocrx_word' id='word_1_187' title='bbox 189 2403 244 2456; x_wconf 79' lang='grc' dir='ltr'><strong>τὸ</strong></span> <span class='ocrx_word' id='word_1_188' title='bbox 295 2402 396 2473; x_wconf 78' lang='grc' dir='ltr'><strong>τὴν</strong></span> <span class='ocrx_word' id='word_1_189' title='bbox 452 2400 785 2472; x_wconf 77' lang='grc' dir='ltr'><strong>έκπόρευσιν</strong></span> <span class='ocrx_word' id='word_1_190' title='bbox 845 2398 1050 2470; x_wconf 83' lang='grc' dir='ltr'><strong>τρόπον</strong></span> <span class='ocrx_word' id='word_1_191' title='bbox 1128 2395 1416 2468; x_wconf 81' lang='grc' dir='ltr'><strong>ὑπάρξεως</strong></span> <span class='ocrx_word' id='word_1_192' title='bbox 1460 2388 1627 2462; x_wconf 74' lang='grc' dir='ltr'><strong>εἷναι,</strong></span> 
     </span>
    </p>
   </div>
   <div class='ocr_carea' id='block_1_29' title="bbox 77 2467 1631 2562">
    <p class='ocr_par' dir='ltr' id='par_1_29' title="bbox 77 2467 1631 2562">
     <span class='ocr_line' id='line_1_29' title="bbox 77 2467 1631 2562; baseline -0.006 -14"><span class='ocrx_word' id='word_1_193' title='bbox 77 2467 424 2559; x_wconf 32' lang='grc' dir='ltr'><strong>ἀναϐλύζει-τὸ</strong></span> <span class='ocrx_word' id='word_1_194' title='bbox 444 2467 671 2561; x_wconf 84' lang='grc' dir='ltr'><strong>Πνεῦμα</strong></span> <span class='ocrx_word' id='word_1_195' title='bbox 709 2493 776 2545; x_wconf 85' lang='grc' dir='ltr'><strong>ὲκ</strong></span> <span class='ocrx_word' id='word_1_196' title='bbox 796 2467 1006 2562; x_wconf 69' lang='grc' dir='ltr'><strong>Πατρός</strong></span> <span class='ocrx_word' id='word_1_197' title='bbox 1030 2489 1128 2544; x_wconf 74' lang='grc' dir='ltr'><strong>καὶ</strong></span> <span class='ocrx_word' id='word_1_198' title='bbox 1166 2467 1322 2554; x_wconf 81' lang='grc' dir='ltr'><strong>Υἱοῦ,</strong></span> <span class='ocrx_word' id='word_1_199' title='bbox 1351 2485 1631 2540; x_wconf 77' lang='grc' dir='ltr'><strong>τουτέστιν</strong></span> 
     </span>
    </p>
   </div>
   <div class='ocr_carea' id='block_1_30' title="bbox 77 2578 1631 2660">
    <p class='ocr_par' dir='ltr' id='par_1_30' title="bbox 77 2578 1631 2660">
     <span class='ocr_line' id='line_1_30' title="bbox 77 2578 1631 2660; baseline -0.008 -18"><span class='ocrx_word' id='word_1_200' title='bbox 77 2589 282 2660; x_wconf 78' lang='grc' dir='ltr'><strong>ὑπάρχει</strong></span> <span class='ocrx_word' id='word_1_201' title='bbox 335 2587 584 2657; x_wconf 82' lang='grc' dir='ltr'><strong>φυσικῶς</strong></span> <span class='ocrx_word' id='word_1_202' title='bbox 644 2603 707 2640; x_wconf 81' lang='grc' dir='ltr'><strong>τε</strong></span> <span class='ocrx_word' id='word_1_203' title='bbox 767 2584 864 2640; x_wconf 74' lang='grc' dir='ltr'><strong>καὶ</strong></span> <span class='ocrx_word' id='word_1_204' title='bbox 912 2583 1208 2646; x_wconf 85' lang='grc' dir='ltr'><strong>οὐσιωδῶς.</strong></span> <span class='ocrx_word' id='word_1_205' title='bbox 1245 2581 1538 2652; x_wconf 85' lang='grc' dir='ltr'><strong>Προχεῖται</strong></span> <span class='ocrx_word' id='word_1_206' title='bbox 1568 2578 1631 2656; x_wconf 77' lang='grc' dir='ltr'><strong>τὸ</strong></span> 
     </span>
    </p>
   </div>
   <div class='ocr_carea' id='block_1_31' title="bbox 78 2669 1630 2750">
    <p class='ocr_par' dir='ltr' id='par_1_31' title="bbox 78 2669 1630 2750">
     <span class='ocr_line' id='line_1_31' title="bbox 78 2669 1630 2750; baseline -0.005 -18"><span class='ocrx_word' id='word_1_207' title='bbox 78 2679 270 2750; x_wconf 80' lang='grc' dir='ltr'><strong>Πνεῦμα</strong></span> <span class='ocrx_word' id='word_1_208' title='bbox 324 2681 388 2732; x_wconf 72' lang='grc' dir='ltr'><strong>ἔκ</strong></span> <span class='ocrx_word' id='word_1_209' title='bbox 442 2677 660 2750; x_wconf 84' lang='grc' dir='ltr'><strong>Πατρὸς</strong></span> <span class='ocrx_word' id='word_1_210' title='bbox 705 2677 818 2745; x_wconf 62' lang='grc' dir='ltr'><strong>ζκαὶ</strong></span> <span class='ocrx_word' id='word_1_211' title='bbox 860 2675 991 2730; x_wconf 78' lang='grc' dir='ltr'><strong>Υἱοῦ</strong></span> <span class='ocrx_word' id='word_1_212' title='bbox 1019 2713 1035 2740; x_wconf 90' lang='grc'><strong>,</strong></span> <span class='ocrx_word' id='word_1_213' title='bbox 1065 2669 1343 2728; x_wconf 78' lang='grc' dir='ltr'><strong>τουτέστιν</strong></span> <span class='ocrx_word' id='word_1_214' title='bbox 1393 2670 1630 2742; x_wconf 85' lang='grc' dir='ltr'><strong>ὑπάρχει</strong></span> 
     </span>
    </p>
   </div>
   <div class='ocr_carea' id='block_1_32' title="bbox 81 2763 1631 2842">
    <p class='ocr_par' dir='ltr' id='par_1_32' title="bbox 81 2763 1631 2842">
     <span class='ocr_line' id='line_1_32' title="bbox 81 2763 1631 2842; baseline -0.006 -17"><span class='ocrx_word' id='word_1_215' title='bbox 81 2772 296 2842; x_wconf 75' lang='grc' dir='ltr'><strong>φυσικῶς</strong></span> <span class='ocrx_word' id='word_1_216' title='bbox 318 2786 378 2825; x_wconf 79' lang='grc' dir='ltr'><strong>τε</strong></span> <span class='ocrx_word' id='word_1_217' title='bbox 417 2771 514 2824; x_wconf 78' lang='grc' dir='ltr'><strong>καὶ</strong></span> <span class='ocrx_word' id='word_1_218' title='bbox 575 2769 870 2839; x_wconf 78' lang='grc' dir='ltr'><strong>οὑσιωδῶς.</strong></span> <span class='ocrx_word' id='word_1_219' title='bbox 899 2766 1142 2838; x_wconf 78' lang='grc' dir='ltr'><strong>Πηγάζει</strong></span> <span class='ocrx_word' id='word_1_220' title='bbox 1173 2767 1233 2820; x_wconf 85' lang='grc' dir='ltr'><strong>τὸ</strong></span> <span class='ocrx_word' id='word_1_221' title='bbox 1280 2763 1510 2832; x_wconf 85' lang='grc' dir='ltr'><strong>Πνεῦμα</strong></span> <span class='ocrx_word' id='word_1_222' title='bbox 1565 2764 1631 2816; x_wconf 71' lang='grc' dir='ltr'><strong>ἐκ</strong></span> 
     </span>
    </p>
   </div>
   <div class='ocr_carea' id='block_1_33' title="bbox 81 2858 1630 2936">
    <p class='ocr_par' dir='ltr' id='par_1_33' title="bbox 81 2858 1630 2936">
     <span class='ocr_line' id='line_1_33' title="bbox 81 2858 1630 2936; baseline -0.006 -17"><span class='ocrx_word' id='word_1_223' title='bbox 81 2864 268 2936; x_wconf 81' lang='grc' dir='ltr'><strong>Πατρὸς</strong></span> <span class='ocrx_word' id='word_1_224' title='bbox 321 2865 416 2918; x_wconf 61' lang='grc' dir='ltr'><strong>κα.)⁸</strong></span> <span class='ocrx_word' id='word_1_225' title='bbox 463 2861 618 2930; x_wconf 81' lang='grc' dir='ltr'><strong>Υἱοῦ,</strong></span> <span class='ocrx_word' id='word_1_226' title='bbox 674 2862 956 2916; x_wconf 82' lang='grc' dir='ltr'><strong>τουτέστιν</strong></span> <span class='ocrx_word' id='word_1_227' title='bbox 1006 2861 1239 2931; x_wconf 80' lang='grc' dir='ltr'><strong>ὑπάρχει</strong></span> <span class='ocrx_word' id='word_1_228' title='bbox 1289 2858 1537 2930; x_wconf 80' lang='grc' dir='ltr'><strong>φυσικῶς</strong></span> <span class='ocrx_word' id='word_1_229' title='bbox 1570 2873 1630 2909; x_wconf 86' lang='grc' dir='ltr'><strong>τε</strong></span> 
     </span>
    </p>
   </div>
   <div class='ocr_carea' id='block_1_34' title="bbox 78 2949 1631 3022">
    <p class='ocr_par' dir='ltr' id='par_1_34' title="bbox 78 2949 1631 3022">
     <span class='ocr_line' id='line_1_34' title="bbox 78 2949 1631 3022; baseline -0.006 -11"><span class='ocrx_word' id='word_1_230' title='bbox 78 2960 156 3011; x_wconf 73' lang='grc' dir='ltr'><strong>καὶ</strong></span> <span class='ocrx_word' id='word_1_231' title='bbox 202 2956 614 3021; x_wconf 76' lang='grc' dir='ltr'><strong>οὐσιωδῶς,.καὶ</strong></span> <span class='ocrx_word' id='word_1_232' title='bbox 643 2954 752 3008; x_wconf 90' lang='grc' dir='ltr'><strong>τῶν</strong></span> <span class='ocrx_word' id='word_1_233' title='bbox 783 2954 981 3018; x_wconf 81' lang='grc' dir='ltr'><strong>λέξεων</strong></span> <span class='ocrx_word' id='word_1_234' title='bbox 1022 2953 1249 3006; x_wconf 86' lang='grc' dir='ltr'><strong>ἁπασῶν</strong></span> <span class='ocrx_word' id='word_1_235' title='bbox 1293 2950 1500 3005; x_wconf 77' lang='grc' dir='ltr'><strong>τούτων</strong></span> <span class='ocrx_word' id='word_1_236' title='bbox 1533 2949 1631 3022; x_wconf 83' lang='grc' dir='ltr'><strong>τὴν</strong></span> 
     </span>
    </p>
   </div>
   <div class='ocr_carea' id='block_1_35' title="bbox 87 3043 1628 3120">
    <p class='ocr_par' dir='ltr' id='par_1_35' title="bbox 87 3043 1628 3120">
     <span class='ocr_line' id='line_1_35' title="bbox 87 3043 1628 3120; baseline -0.003 -19"><span class='ocrx_word' id='word_1_237' title='bbox 87 3049 298 3120; x_wconf 72' lang='grc' dir='ltr'><strong>φυσικὴν</strong></span> <span class='ocrx_word' id='word_1_238' title='bbox 325 3048 419 3102; x_wconf 81' lang='grc' dir='ltr'><strong>καὶ</strong></span> <span class='ocrx_word' id='word_1_239' title='bbox 470 3047 705 3117; x_wconf 83' lang='grc' dir='ltr'><strong>οὐσιώδη</strong></span> <span class='ocrx_word' id='word_1_240' title='bbox 769 3045 1004 3117; x_wconf 79' lang='grc' dir='ltr'><strong>ὓπαρξιν</strong></span> <span class='ocrx_word' id='word_1_241' title='bbox 1025 3045 1323 3116; x_wconf 87' lang='grc' dir='ltr'><strong>δηλουσῶν,</strong></span> <span class='ocrx_word' id='word_1_242' title='bbox 1356 3044 1448 3097; x_wconf 84' lang='grc' dir='ltr'><strong>δύο</strong></span> <span class='ocrx_word' id='word_1_243' title='bbox 1475 3043 1628 3098; x_wconf 81' lang='grc' dir='ltr'><strong>αἴτια</strong></span> 
     </span>
    </p>
   </div>
   <div class='ocr_carea' id='block_1_36' title="bbox 71 3133 1632 3214">
    <p class='ocr_par' dir='ltr' id='par_1_36' title="bbox 71 3133 1632 3214">
     <span class='ocr_line' id='line_1_36' title="bbox 71 3133 1632 3214; baseline -0.003 -23"><span class='ocrx_word' id='word_1_244' title='bbox 71 3137 149 3214; x_wconf 62' lang='grc' dir='ltr'><strong>ξοῦ</strong></span> <span class='ocrx_word' id='word_1_245' title='bbox 171 3137 488 3209; x_wconf 82' lang='grc' dir='ltr'><strong>Πνεῦματος</strong></span> <span class='ocrx_word' id='word_1_246' title='bbox 509 3138 610 3190; x_wconf 87' lang='grc' dir='ltr'><strong>οὐκ</strong></span> <span class='ocrx_word' id='word_1_247' title='bbox 627 3137 764 3190; x_wconf 76' lang='grc' dir='ltr'><strong>εἰσὶν</strong></span> <span class='ocrx_word' id='word_1_248' title='bbox 794 3138 823 3189; x_wconf 90' lang='lat'><strong>6</strong></span> <span class='ocrx_word' id='word_1_249' title='bbox 853 3135 1038 3207; x_wconf 83' lang='grc' dir='ltr'><strong>Πατὴρ</strong></span> <span class='ocrx_word' id='word_1_250' title='bbox 1065 3137 1160 3188; x_wconf 76' lang='grc' dir='ltr'><strong>καὶ</strong></span> <span class='ocrx_word' id='word_1_251' title='bbox 1185 3134 1212 3186; x_wconf 91' lang='lat'><strong>6</strong></span> <span class='ocrx_word' id='word_1_252' title='bbox 1236 3133 1388 3199; x_wconf 75' lang='grc' dir='ltr'><strong>Υἱὸς,</strong></span> <span class='ocrx_word' id='word_1_253' title='bbox 1417 3135 1512 3189; x_wconf 73' lang='grc' dir='ltr'><strong>καὶ</strong></span> <span class='ocrx_word' id='word_1_254' title='bbox 1543 3133 1632 3188; x_wconf 79' lang='grc' dir='ltr'><strong>διὰ</strong></span> 
     </span>
    </p>
   </div>
   <div class='ocr_carea' id='block_1_37' title="bbox 77 3225 1634 3302">
    <p class='ocr_par' dir='ltr' id='par_1_37' title="bbox 77 3225 1634 3302">
     <span class='ocr_line' id='line_1_37' title="bbox 77 3225 1634 3302; baseline -0.002 -19"><span class='ocrx_word' id='word_1_255' title='bbox 77 3231 127 3283; x_wconf 80' lang='grc' dir='ltr'><strong>τὸ</strong></span> <span class='ocrx_word' id='word_1_256' title='bbox 145 3231 238 3302; x_wconf 73' lang='grc' dir='ltr'><strong>τὴν</strong></span> <span class='ocrx_word' id='word_1_257' title='bbox 273 3231 606 3300; x_wconf 81' lang='grc' dir='ltr'><strong>ὲκπόρευσιν</strong></span> <span class='ocrx_word' id='word_1_258' title='bbox 635 3229 1170 3300; x_wconf 74' lang='grc' dir='ltr'><strong>τρόπον’ὑπάρξεως,</strong></span> <span class='ocrx_word' id='word_1_259' title='bbox 1203 3229 1231 3280; x_wconf 84' lang='grc' dir='ltr'><strong>ὃ</strong></span> <span class='ocrx_word' id='word_1_260' title='bbox 1302 3229 1419 3280; x_wconf 71' lang='grc' dir='ltr'><strong>ἐστι</strong></span> <span class='ocrx_word' id='word_1_261' title='bbox 1445 3225 1634 3296; x_wconf 86' lang='grc' dir='ltr'><strong>διαφο-</strong></span> 
     </span>
    </p>
   </div>
   <div class='ocr_carea' id='block_1_38' title="bbox 74 3316 1635 3392">
    <p class='ocr_par' dir='ltr' id='par_1_38' title="bbox 74 3316 1635 3392">
     <span class='ocr_line' id='line_1_38' title="bbox 74 3316 1635 3392; baseline -0.005 -16"><span class='ocrx_word' id='word_1_262' title='bbox 74 3323 159 3391; x_wconf 79' lang='grc' dir='ltr'><strong>ρὰν</strong></span> <span class='ocrx_word' id='word_1_263' title='bbox 201 3321 492 3392; x_wconf 81' lang='grc' dir='ltr'><strong>ὑπάρξεως</strong></span> <span class='ocrx_word' id='word_1_264' title='bbox 532 3317 698 3386; x_wconf 70' lang='grc' dir='ltr'><strong>εἶναι,</strong></span> <span class='ocrx_word' id='word_1_265' title='bbox 755 3319 1019 3391; x_wconf 83' lang='grc' dir='ltr'><strong>δυαρχὶας</strong></span> <span class='ocrx_word' id='word_1_266' title='bbox 1071 3318 1378 3388; x_wconf 68' lang='grc' dir='ltr'><strong>ἐγκλήματι</strong></span> <span class='ocrx_word' id='word_1_267' title='bbox 1412 3316 1635 3386; x_wconf 85' lang='grc' dir='ltr'><strong>περιπί-</strong></span> 
     </span>
    </p>
   </div>
   <div class='ocr_carea' id='block_1_39' title="bbox 74 3402 1637 3480">
    <p class='ocr_par' dir='ltr' id='par_1_39' title="bbox 74 3402 1637 3480">
     <span class='ocr_line' id='line_1_39' title="bbox 74 3402 1637 3480; baseline -0.006 -16"><span class='ocrx_word' id='word_1_268' title='bbox 74 3428 181 3464; x_wconf 82' lang='grc' dir='ltr'><strong>πτει</strong></span> <span class='ocrx_word' id='word_1_269' title='bbox 203 3415 229 3465; x_wconf 89' lang='lat'><strong>6</strong></span> <span class='ocrx_word' id='word_1_270' title='bbox 248 3412 428 3480; x_wconf 85' lang='grc' dir='ltr'><strong>λέγων</strong></span> <span class='ocrx_word' id='word_1_271' title='bbox 483 3410 687 3480; x_wconf 80' lang='grc' dir='ltr'><strong>ταύτην</strong></span> <span class='ocrx_word' id='word_1_272' title='bbox 711 3409 807 3462; x_wconf 76' lang='grc' dir='ltr'><strong>καὶ</strong></span> <span class='ocrx_word' id='word_1_273' title='bbox 848 3410 914 3462; x_wconf 83' lang='grc' dir='ltr'><strong>ὲκ</strong></span> <span class='ocrx_word' id='word_1_274' title='bbox 942 3407 1036 3461; x_wconf 90' lang='grc' dir='ltr'><strong>τοῦ</strong></span> <span class='ocrx_word' id='word_1_275' title='bbox 1058 3405 1189 3460; x_wconf 76' lang='grc' dir='ltr'><strong>Υἱοῦ</strong></span> <span class='ocrx_word' id='word_1_276' title='bbox 1222 3445 1238 3471; x_wconf 93' lang='grc'><strong>,</strong></span> <span class='ocrx_word' id='word_1_277' title='bbox 1279 3407 1308 3458; x_wconf 89' lang='lat'><strong>6</strong></span> <span class='ocrx_word' id='word_1_278' title='bbox 1335 3405 1434 3474; x_wconf 84' lang='grc' dir='ltr'><strong>τῆς</strong></span> <span class='ocrx_word' id='word_1_279' title='bbox 1459 3402 1637 3473; x_wconf 80' lang='grc' dir='ltr'><strong>ὑπάρ-</strong></span> 
     </span>
    </p>
   </div>
   <div class='ocr_carea' id='block_1_40' title="bbox 73 3497 1638 3578">
    <p class='ocr_par' dir='ltr' id='par_1_40' title="bbox 73 3497 1638 3578">
     <span class='ocr_line' id='line_1_40' title="bbox 73 3497 1638 3578; baseline -0.003 -21"><span class='ocrx_word' id='word_1_280' title='bbox 73 3506 189 3569; x_wconf 80' lang='grc' dir='ltr'><strong>ξεως</strong></span> <span class='ocrx_word' id='word_1_281' title='bbox 228 3507 460 3578; x_wconf 84' lang='grc' dir='ltr'><strong>τρόπος,</strong></span> <span class='ocrx_word' id='word_1_282' title='bbox 507 3505 706 3559; x_wconf 87' lang='grc' dir='ltr'><strong>ταυτὸν</strong></span> <span class='ocrx_word' id='word_1_283' title='bbox 758 3501 804 3555; x_wconf 83' lang='grc' dir='ltr'><strong>δ’</strong></span> <span class='ocrx_word' id='word_1_284' title='bbox 838 3504 1012 3556; x_wconf 71' lang='grc' dir='ltr'><strong>εἰπεῖν</strong></span> <span class='ocrx_word' id='word_1_285' title='bbox 1051 3499 1322 3570; x_wconf 83' lang='grc' dir='ltr'><strong>διαφορὰ,</strong></span> <span class='ocrx_word' id='word_1_286' title='bbox 1383 3497 1535 3570; x_wconf 88' lang='grc' dir='ltr'><strong>αὐτῷ</strong></span> <span class='ocrx_word' id='word_1_287' title='bbox 1561 3497 1638 3568; x_wconf 80' lang='grc' dir='ltr'><strong>τῷ</strong></span> 
     </span>
    </p>
   </div>
   <div class='ocr_carea' id='block_1_41' title="bbox 72 3589 1641 3669">
    <p class='ocr_par' dir='ltr' id='par_1_41' title="bbox 72 3589 1641 3669">
     <span class='ocr_line' id='line_1_41' title="bbox 72 3589 1641 3669; baseline -0.006 -19"><span class='ocrx_word' id='word_1_288' title='bbox 72 3597 149 3650; x_wconf 80' lang='grc' dir='ltr'><strong>τεῦ</strong></span> <span class='ocrx_word' id='word_1_289' title='bbox 177 3589 499 3669; x_wconf 77' lang='grc' dir='ltr'><strong>Πνεῦματος</strong></span> <span class='ocrx_word' id='word_1_290' title='bbox 517 3598 738 3667; x_wconf 83' lang='grc' dir='ltr'><strong>ὀνόματι</strong></span> <span class='ocrx_word' id='word_1_291' title='bbox 758 3594 1064 3659; x_wconf 75' lang='grc' dir='ltr'><strong>ἀκολουθεῖ,</strong></span> <span class='ocrx_word' id='word_1_292' title='bbox 1087 3595 1184 3646; x_wconf 74' lang='grc' dir='ltr'><strong>καὶ</strong></span> <span class='ocrx_word' id='word_1_293' title='bbox 1209 3595 1238 3645; x_wconf 90' lang='lat'><strong>6</strong></span> <span class='ocrx_word' id='word_1_294' title='bbox 1267 3590 1440 3644; x_wconf 84' lang='grc' dir='ltr'><strong>είπὼν</strong></span> <span class='ocrx_word' id='word_1_295' title='bbox 1468 3589 1641 3643; x_wconf 84' lang='grc' dir='ltr'><strong>Πνεῦ-⁸</strong></span> 
     </span>
    </p>
   </div>
   <div class='ocr_carea' id='block_1_42' title="bbox 75 3681 1639 3760">
    <p class='ocr_par' dir='ltr' id='par_1_42' title="bbox 75 3681 1639 3760">
     <span class='ocr_line' id='line_1_42' title="bbox 75 3681 1639 3760; baseline -0.007 -15"><span class='ocrx_word' id='word_1_296' title='bbox 75 3708 138 3760; x_wconf 81' lang='grc' dir='ltr'><strong>μα</strong></span> <span class='ocrx_word' id='word_1_297' title='bbox 161 3691 490 3758; x_wconf 80' lang='grc' dir='ltr'><strong>ἀναόλῦζον,</strong></span> <span class='ocrx_word' id='word_1_298' title='bbox 518 3689 552 3760; x_wconf 75' lang='grc' dir='ltr'>ἢ</span> <span class='ocrx_word' id='word_1_299' title='bbox 584 3687 972 3758; x_wconf 85' lang='grc' dir='ltr'><strong>προχεόμενον,</strong></span> <span class='ocrx_word' id='word_1_300' title='bbox 1007 3685 1040 3757; x_wconf 74' lang='grc' dir='ltr'>ἢ</span> <span class='ocrx_word' id='word_1_301' title='bbox 1071 3683 1339 3755; x_wconf 75' lang='grc' dir='ltr'><strong>πηγάζον,</strong></span> <span class='ocrx_word' id='word_1_302' title='bbox 1383 3681 1481 3736; x_wconf 82' lang='grc' dir='ltr'><strong>καὶ</strong></span> <span class='ocrx_word' id='word_1_303' title='bbox 1544 3681 1639 3735; x_wconf 80' lang='grc' dir='ltr'><strong>ἀπ’</strong></span> 
     </span>
    </p>
   </div>
   <div class='ocr_carea' id='block_1_43' title="bbox 70 3775 1640 3853">
    <p class='ocr_par' dir='ltr' id='par_1_43' title="bbox 70 3775 1640 3853">
     <span class='ocr_line' id='line_1_43' title="bbox 70 3775 1640 3853; baseline -0.006 -17"><span class='ocrx_word' id='word_1_304' title='bbox 70 3785 212 3839; x_wconf 78' lang='grc' dir='ltr'><strong>αὑτοῦ</strong></span> <span class='ocrx_word' id='word_1_305' title='bbox 234 3785 334 3839; x_wconf 88' lang='grc' dir='ltr'><strong>τοῦ</strong></span> <span class='ocrx_word' id='word_1_306' title='bbox 367 3784 638 3853; x_wconf 79' lang='grc' dir='ltr'><strong>ὀνόματος</strong></span> <span class='ocrx_word' id='word_1_307' title='bbox 688 3781 877 3851; x_wconf 84' lang='grc' dir='ltr'><strong>ῶσπερ</strong></span> <span class='ocrx_word' id='word_1_308' title='bbox 938 3779 1046 3833; x_wconf 85' lang='grc' dir='ltr'><strong>άπὸ</strong></span> <span class='ocrx_word' id='word_1_309' title='bbox 1093 3779 1192 3849; x_wconf 81' lang='grc' dir='ltr'><strong>τῆς</strong></span> <span class='ocrx_word' id='word_1_310' title='bbox 1260 3775 1640 3853; x_wconf 75' lang='grc' dir='ltr'><strong>ἐκπορεῦσεως</strong></span> 
     </span>
    </p>
   </div>
   <div class='ocr_carea' id='block_1_44' title="bbox 67 3869 1641 3949">
    <p class='ocr_par' dir='ltr' id='par_1_44' title="bbox 67 3869 1641 3949">
     <span class='ocr_line' id='line_1_44' title="bbox 67 3869 1641 3949; baseline -0.006 -20"><span class='ocrx_word' id='word_1_311' title='bbox 67 3881 152 3948; x_wconf 74' lang='grc' dir='ltr'><strong>τὴν</strong></span> <span class='ocrx_word' id='word_1_312' title='bbox 182 3879 317 3949; x_wconf 83' lang='grc' dir='ltr'><strong>πρὸς</strong></span> <span class='ocrx_word' id='word_1_313' title='bbox 342 3878 443 3932; x_wconf 86' lang='grc' dir='ltr'><strong>τδν</strong></span> <span class='ocrx_word' id='word_1_314' title='bbox 466 3877 595 3929; x_wconf 76' lang='grc' dir='ltr'><strong>Υἱὸν</strong></span> <span class='ocrx_word' id='word_1_315' title='bbox 619 3875 870 3945; x_wconf 84' lang='grc' dir='ltr'><strong>διάφορον</strong></span> <span class='ocrx_word' id='word_1_316' title='bbox 888 3871 981 3926; x_wconf 90' lang='grc' dir='ltr'><strong>τοῦ</strong></span> <span class='ocrx_word' id='word_1_317' title='bbox 1022 3872 1338 3942; x_wconf 82' lang='grc' dir='ltr'><strong>Πνεῦματος</strong></span> <span class='ocrx_word' id='word_1_318' title='bbox 1369 3869 1641 3940; x_wconf 70' lang='grc' dir='ltr'><strong>ἐδήλωσεν</strong></span> 
     </span>
    </p>
   </div>
   <div class='ocr_carea' id='block_1_45' title="bbox 69 3959 1610 4040">
    <p class='ocr_par' dir='ltr' id='par_1_45' title="bbox 69 3959 1610 4040">
     <span class='ocr_line' id='line_1_45' title="bbox 69 3959 1610 4040; baseline -0.005 -21"><span class='ocrx_word' id='word_1_319' title='bbox 69 3967 309 4040; x_wconf 81' lang='grc' dir='ltr'><strong>ὓπαρξιν,</strong></span> <span class='ocrx_word' id='word_1_320' title='bbox 333 3969 448 4022; x_wconf 78' lang='grc' dir='ltr'><strong>κᾶν</strong></span> <span class='ocrx_word' id='word_1_321' title='bbox 473 3967 549 4038; x_wconf 80' lang='grc' dir='ltr'><strong>μὴ</strong></span> <span class='ocrx_word' id='word_1_322' title='bbox 576 3969 643 4037; x_wconf 74' lang='grc' dir='ltr'><strong>τῇ</strong></span> <span class='ocrx_word' id='word_1_323' title='bbox 695 3965 784 4018; x_wconf 88' lang='grc' dir='ltr'><strong>διὰ</strong></span> <span class='ocrx_word' id='word_1_324' title='bbox 809 3964 1033 4035; x_wconf 84' lang='grc' dir='ltr'><strong>χειλέων</strong></span> <span class='ocrx_word' id='word_1_325' title='bbox 1083 3963 1226 4032; x_wconf 78' lang='grc' dir='ltr'><strong>λέξει</strong></span> <span class='ocrx_word' id='word_1_326' title='bbox 1250 3962 1356 4034; x_wconf 79' lang='grc' dir='ltr'><strong>τὴν</strong></span> <span class='ocrx_word' id='word_1_327' title='bbox 1386 3959 1610 4030; x_wconf 79' lang='grc' dir='ltr'><strong>τοιαύτη</strong></span> 
     </span>
    </p>
   </div>
   <div class='ocr_carea' id='block_1_46' title="bbox 65 4061 1613 4135">
    <p class='ocr_par' dir='ltr' id='par_1_46' title="bbox 65 4061 1613 4135">
     <span class='ocr_line' id='line_1_46' title="bbox 65 4061 1613 4135; baseline -0.002 -21"><span class='ocrx_word' id='word_1_328' title='bbox 65 4065 364 4135; x_wconf 77' lang='grc' dir='ltr'><strong>προενέγκῃ</strong></span> <span class='ocrx_word' id='word_1_329' title='bbox 404 4061 694 4131; x_wconf 79' lang='grc' dir='ltr'><strong>διαφοράν.</strong></span> <span class='ocrx_word' id='word_1_330' title='bbox 1610 4097 1613 4099; x_wconf 94' lang='grc'><strong>-</strong></span> 
     </span>
    </p>
   </div>
   <div class='ocr_carea' id='block_1_47' title="bbox 625 4151 1096 4210">
    <p class='ocr_par' dir='ltr' id='par_1_47' title="bbox 625 4151 1096 4210">
     <span class='ocr_line' id='line_1_47' title="bbox 625 4151 1096 4210; baseline -0.013 0"><span class='ocrx_word' id='word_1_331' title='bbox 625 4157 728 4210; x_wconf 81' lang='grc' dir='ltr'><strong>Ἐκ</strong></span> <span class='ocrx_word' id='word_1_332' title='bbox 753 4155 860 4210; x_wconf 82' lang='grc' dir='ltr'><strong>τοῦ</strong></span> <span class='ocrx_word' id='word_1_333' title='bbox 886 4151 1096 4207; x_wconf 82' lang='grc' dir='ltr'><strong>αὐτοῦ.</strong></span> 
     </span>
    </p>
   </div>
   <div class='ocr_carea' id='block_1_48' title="bbox 126 4239 1645 4320">
    <p class='ocr_par' dir='ltr' id='par_1_48' title="bbox 126 4239 1645 4320">
     <span class='ocr_line' id='line_1_48' title="bbox 126 4239 1645 4320; baseline -0.007 -16"><span class='ocrx_word' id='word_1_334' title='bbox 126 4273 142 4304; x_wconf 85' lang='grc' dir='ltr'><strong>ι</strong></span> <span class='ocrx_word' id='word_1_335' title='bbox 165 4255 318 4320; x_wconf 72' lang='grc' dir='ltr'><strong>1³Δεῖ</strong></span> <span class='ocrx_word' id='word_1_336' title='bbox 319 4251 359 4307; x_wconf 86' lang='lat'><strong>&#39;.</strong></span> <span class='ocrx_word' id='word_1_337' title='bbox 393 4251 578 4315; x_wconf 77' lang='grc' dir='ltr'><strong>Μόνος</strong></span> <span class='ocrx_word' id='word_1_338' title='bbox 601 4249 711 4318; x_wconf 73' lang='grc' dir='ltr'><strong>γὰρ</strong></span> <span class='ocrx_word' id='word_1_339' title='bbox 739 4249 768 4301; x_wconf 88' lang='lat'><strong>6</strong></span> <span class='ocrx_word' id='word_1_340' title='bbox 789 4246 976 4318; x_wconf 76' lang='grc' dir='ltr'><strong>Πατὴρ</strong></span> <span class='ocrx_word' id='word_1_341' title='bbox 1000 4246 1294 4314; x_wconf 80' lang='grc' dir='ltr'><strong>άγέννητος</strong></span> <span class='ocrx_word' id='word_1_342' title='bbox 1313 4257 1328 4274; x_wconf 77' lang='grc' dir='ltr'><strong><em>ο</em></strong></span> <span class='ocrx_word' id='word_1_343' title='bbox 1361 4241 1422 4296; x_wconf 90' lang='grc' dir='ltr'><strong>οὐ</strong></span> <span class='ocrx_word' id='word_1_344' title='bbox 1450 4240 1558 4312; x_wconf 82' lang='grc' dir='ltr'><strong>γὰρ</strong></span> <span class='ocrx_word' id='word_1_345' title='bbox 1585 4239 1645 4307; x_wconf 79' lang='grc' dir='ltr'>ἐξ</span> 
     </span>
    </p>
   </div>
   <div class='ocr_carea' id='block_1_49' title="bbox 65 4335 1645 4419">
    <p class='ocr_par' dir='ltr' id='par_1_49' title="bbox 65 4335 1645 4419">
     <span class='ocr_line' id='line_1_49' title="bbox 65 4335 1645 4419; baseline -0.007 -21"><span class='ocrx_word' id='word_1_346' title='bbox 65 4364 82 4398; x_wconf 87' lang='grc' dir='ltr'><strong>ι</strong></span> <span class='ocrx_word' id='word_1_347' title='bbox 117 4348 307 4419; x_wconf 79' lang='grc' dir='ltr'><strong>ἑτέρας</strong></span> <span class='ocrx_word' id='word_1_348' title='bbox 342 4348 504 4400; x_wconf 73' lang='grc' dir='ltr'><strong>ἐστὶν</strong></span> <span class='ocrx_word' id='word_1_349' title='bbox 527 4343 679 4415; x_wconf 83' lang='grc' dir='ltr'><strong>αὐτῴ</strong></span> <span class='ocrx_word' id='word_1_350' title='bbox 703 4344 1056 4404; x_wconf 79' lang='grc' dir='ltr'><strong>ὑποστάσεως</strong></span> <span class='ocrx_word' id='word_1_351' title='bbox 1073 4339 1134 4394; x_wconf 85' lang='grc' dir='ltr'><strong>τδ</strong></span> <span class='ocrx_word' id='word_1_352' title='bbox 1163 4341 1303 4392; x_wconf 79' lang='grc' dir='ltr'><strong>εἶναι</strong></span> <span class='ocrx_word' id='word_1_353' title='bbox 1323 4355 1337 4370; x_wconf 85' lang='grc'><strong>·</strong></span> <span class='ocrx_word' id='word_1_354' title='bbox 1357 4337 1451 4392; x_wconf 75' lang='grc' dir='ltr'><strong>καὶ</strong></span> <span class='ocrx_word' id='word_1_355' title='bbox 1485 4335 1645 4406; x_wconf 89' lang='grc' dir='ltr'><strong>μόνος</strong></span> 
     </span>
    </p>
   </div>
   <div class='ocr_carea' id='block_1_50' title="bbox 63 4426 1644 4509">
    <p class='ocr_par' dir='ltr' id='par_1_50' title="bbox 63 4426 1644 4509">
     <span class='ocr_line' id='line_1_50' title="bbox 63 4426 1644 4509; baseline -0.007 -19"><span class='ocrx_word' id='word_1_356' title='bbox 63 4457 78 4490; x_wconf 74' lang='grc' dir='ltr'><strong>ι</strong></span> <span class='ocrx_word' id='word_1_357' title='bbox 115 4445 140 4493; x_wconf 84' lang='lat'><strong>6</strong></span> <span class='ocrx_word' id='word_1_358' title='bbox 168 4440 302 4504; x_wconf 74' lang='grc' dir='ltr'><strong>Υἱὸς.</strong></span> <span class='ocrx_word' id='word_1_359' title='bbox 325 4437 599 4509; x_wconf 81' lang='grc' dir='ltr'><strong>γεννητὸς</strong></span> <span class='ocrx_word' id='word_1_360' title='bbox 630 4438 695 4489; x_wconf 80' lang='grc' dir='ltr'><strong>ὲκ</strong></span> <span class='ocrx_word' id='word_1_361' title='bbox 725 4436 828 4505; x_wconf 79' lang='grc' dir='ltr'><strong>τῆς</strong></span> <span class='ocrx_word' id='word_1_362' title='bbox 870 4434 963 4488; x_wconf 91' lang='grc' dir='ltr'><strong>τοῦ</strong></span> <span class='ocrx_word' id='word_1_363' title='bbox 1005 4431 1218 4501; x_wconf 84' lang='grc' dir='ltr'><strong>Πατρὸς</strong></span> <span class='ocrx_word' id='word_1_364' title='bbox 1244 4429 1435 4492; x_wconf 79' lang='grc' dir='ltr'><strong>οὐσίας</strong></span> <span class='ocrx_word' id='word_1_365' title='bbox 1472 4426 1644 4497; x_wconf 83' lang='grc' dir='ltr'><strong>άνάρ-</strong></span> 
     </span>
    </p>
   </div>
   <div class='ocr_carea' id='block_1_51' title="bbox 63 4520 1644 4603">
    <p class='ocr_par' dir='ltr' id='par_1_51' title="bbox 63 4520 1644 4603">
     <span class='ocr_line' id='line_1_51' title="bbox 63 4520 1644 4603; baseline -0.01 -16"><span class='ocrx_word' id='word_1_366' title='bbox 63 4551 79 4582; x_wconf 79' lang='grc' dir='ltr'><strong>ι</strong></span> <span class='ocrx_word' id='word_1_367' title='bbox 114 4551 219 4603; x_wconf 87' lang='grc' dir='ltr'><strong>χως</strong></span> <span class='ocrx_word' id='word_1_368' title='bbox 250 4537 354 4587; x_wconf 77' lang='grc' dir='ltr'><strong>καὶ</strong></span> <span class='ocrx_word' id='word_1_369' title='bbox 383 4532 639 4603; x_wconf 84' lang='grc' dir='ltr'><strong>ἀχρόνως</strong></span> <span class='ocrx_word' id='word_1_370' title='bbox 673 4529 998 4598; x_wconf 81' lang='grc' dir='ltr'><strong>γεγέννηται</strong></span> <span class='ocrx_word' id='word_1_371' title='bbox 1025 4541 1042 4558; x_wconf 83' lang='grc'><strong><em>⁸</em></strong></span> <span class='ocrx_word' id='word_1_372' title='bbox 1077 4525 1170 4578; x_wconf 79' lang='grc' dir='ltr'><strong>καὶ</strong></span> <span class='ocrx_word' id='word_1_373' title='bbox 1209 4523 1370 4594; x_wconf 88' lang='grc' dir='ltr'><strong>μόνον</strong></span> <span class='ocrx_word' id='word_1_374' title='bbox 1397 4521 1458 4574; x_wconf 85' lang='grc' dir='ltr'><strong>τὸ</strong></span> <span class='ocrx_word' id='word_1_375' title='bbox 1491 4520 1644 4588; x_wconf 76' lang='grc' dir='ltr'><strong>ἅγιον</strong></span> 
     </span>
    </p>
   </div>
   <div class='ocr_carea' id='block_1_52' title="bbox 1725 1174 3296 1244">
    <p class='ocr_par' dir='ltr' id='par_1_52' title="bbox 1725 1174 3296 1244">
     <span class='ocr_line' id='line_1_52' title="bbox 1725 1174 3296 1244; baseline 0.005 -18"><span class='ocrx_word' id='word_1_376' title='bbox 1725 1193 1744 1226; x_wconf 77' lang='grc' dir='ltr'><strong>ι</strong></span> <span class='ocrx_word' id='word_1_377' title='bbox 1787 1175 1951 1230; x_wconf 91' lang='lat' dir='ltr'><strong>modo</strong></span> <span class='ocrx_word' id='word_1_378' title='bbox 1975 1174 2196 1244; x_wconf 90' lang='lat' dir='ltr'><strong>prodiit.</strong></span> <span class='ocrx_word' id='word_1_379' title='bbox 2215 1174 2371 1231; x_wconf 85' lang='lat' dir='ltr'><strong>Alius</strong></span> <span class='ocrx_word' id='word_1_380' title='bbox 2401 1184 2583 1231; x_wconf 91' lang='lat' dir='ltr'><strong>autem</strong></span> <span class='ocrx_word' id='word_1_381' title='bbox 2629 1177 2716 1233; x_wconf 89' lang='lat' dir='ltr'><strong>hic</strong></span> <span class='ocrx_word' id='word_1_382' title='bbox 2739 1177 3072 1235; x_wconf 67' lang='lat' dir='ltr'><strong>exsistentiaa</strong></span> <span class='ocrx_word' id='word_1_383' title='bbox 3100 1181 3296 1236; x_wconf 85' lang='lat' dir='ltr'><strong>modus</strong></span> 
     </span>
    </p>
   </div>
   <div class='ocr_carea' id='block_1_53' title="bbox 1728 1267 3293 1344">
    <p class='ocr_par' dir='ltr' id='par_1_53' title="bbox 1728 1267 3293 1344">
     <span class='ocr_line' id='line_1_53' title="bbox 1728 1267 3293 1344; baseline 0.006 -24"><span class='ocrx_word' id='word_1_384' title='bbox 1728 1285 1747 1320; x_wconf 80' lang='grc' dir='ltr'><strong>ι</strong></span> <span class='ocrx_word' id='word_1_385' title='bbox 1791 1267 2371 1337; x_wconf 86' lang='lat' dir='ltr'><strong>incomprehensibilis</strong></span> <span class='ocrx_word' id='word_1_386' title='bbox 2397 1269 2550 1335; x_wconf 86' lang='lat' dir='ltr'><strong>item,</strong></span> <span class='ocrx_word' id='word_1_387' title='bbox 2585 1278 2637 1326; x_wconf 91' lang='lat' dir='ltr'><strong>et</strong></span> <span class='ocrx_word' id='word_1_388' title='bbox 2662 1271 2977 1341; x_wconf 82' lang='lat' dir='ltr'><strong>incognitus</strong></span> <span class='ocrx_word' id='word_1_389' title='bbox 3028 1275 3293 1344; x_wconf 88' lang='lat' dir='ltr'><strong>quemad-</strong></span> 
     </span>
    </p>
   </div>
   <div class='ocr_carea' id='block_1_54' title="bbox 1728 1358 2581 1432">
    <p class='ocr_par' dir='ltr' id='par_1_54' title="bbox 1728 1358 2581 1432">
     <span class='ocr_line' id='line_1_54' title="bbox 1728 1358 2581 1432; baseline 0.007 -20"><span class='ocrx_word' id='word_1_390' title='bbox 1728 1377 1748 1412; x_wconf 76' lang='grc' dir='ltr'><strong>ι</strong></span> <span class='ocrx_word' id='word_1_391' title='bbox 1796 1360 2018 1416; x_wconf 89' lang='lat' dir='ltr'><strong>modum</strong></span> <span class='ocrx_word' id='word_1_392' title='bbox 2042 1369 2095 1416; x_wconf 90' lang='lat' dir='ltr'><strong>et</strong></span> <span class='ocrx_word' id='word_1_393' title='bbox 2123 1358 2248 1415; x_wconf 85' lang='lat' dir='ltr'><strong>Filii</strong></span> <span class='ocrx_word' id='word_1_394' title='bbox 2277 1363 2581 1432; x_wconf 77' lang='lat' dir='ltr'><strong>generatio.</strong></span> 
     </span>
    </p>
   </div>
   <div class='ocr_carea' id='block_1_55' title="bbox 2301 1455 2724 1514">
    <p class='ocr_par' dir='ltr' id='par_1_55' title="bbox 2301 1455 2724 1514">
     <span class='ocr_line' id='line_1_55' title="bbox 2301 1455 2724 1514; baseline 0.012 -5"><span class='ocrx_word' id='word_1_395' title='bbox 2301 1455 2724 1514; x_wconf 81' lang='lat' dir='ltr'><strong>Animadversio.</strong></span> 
     </span>
    </p>
   </div>
   <div class='ocr_carea' id='block_1_56' title="bbox 1805 1547 3298 1619">
    <p class='ocr_par' dir='ltr' id='par_1_56' title="bbox 1805 1547 3298 1619">
     <span class='ocr_line' id='line_1_56' title="bbox 1805 1547 3298 1619; baseline 0.011 -22"><span class='ocrx_word' id='word_1_396' title='bbox 1805 1564 1825 1598; x_wconf 77' lang='grc' dir='ltr'><strong>ι</strong></span> <span class='ocrx_word' id='word_1_397' title='bbox 1866 1547 2100 1603; x_wconf 70' lang='lat' dir='ltr'><strong>attende</strong></span> <span class='ocrx_word' id='word_1_398' title='bbox 2155 1547 2442 1619; x_wconf 81' lang='lat' dir='ltr'><strong>diligenter</strong></span> <span class='ocrx_word' id='word_1_399' title='bbox 2475 1557 2724 1604; x_wconf 86' lang='lat' dir='ltr'><strong>sanctum</strong></span> <span class='ocrx_word' id='word_1_400' title='bbox 2781 1555 3186 1619; x_wconf 86' lang='lat' dir='ltr'><strong>proccssionem</strong></span> <span class='ocrx_word' id='word_1_401' title='bbox 3231 1575 3298 1614; x_wconf 80' lang='lat' dir='ltr'><strong>ex</strong></span> 
     </span>
    </p>
   </div>
   <div class='ocr_carea' id='block_1_57' title="bbox 1733 1635 3298 1720">
    <p class='ocr_par' dir='ltr' id='par_1_57' title="bbox 1733 1635 3298 1720">
     <span class='ocr_line' id='line_1_57' title="bbox 1733 1635 3298 1720; baseline 0.01 -30"><span class='ocrx_word' id='word_1_402' title='bbox 1733 1654 1753 1690; x_wconf 76' lang='grc' dir='ltr'><strong>ι</strong></span> <span class='ocrx_word' id='word_1_403' title='bbox 1787 1635 1948 1692; x_wconf 87' lang='lat' dir='ltr'><strong>Patre</strong></span> <span class='ocrx_word' id='word_1_404' title='bbox 1991 1635 2230 1707; x_wconf 84' lang='lat' dir='ltr'><strong>Spiritus</strong></span> <span class='ocrx_word' id='word_1_405' title='bbox 2285 1639 2620 1696; x_wconf 81' lang='lat' dir='ltr'><strong>exsistentiae</strong></span> <span class='ocrx_word' id='word_1_406' title='bbox 2676 1641 2897 1698; x_wconf 88' lang='lat' dir='ltr'><strong>modum</strong></span> <span class='ocrx_word' id='word_1_407' title='bbox 2959 1662 3298 1720; x_wconf 85' lang='lat' dir='ltr'><strong>nuncupare.</strong></span> 
     </span>
    </p>
   </div>
   <div class='ocr_carea' id='block_1_58' title="bbox 1733 1724 3305 1810">
    <p class='ocr_par' dir='ltr' id='par_1_58' title="bbox 1733 1724 3305 1810">
     <span class='ocr_line' id='line_1_58' title="bbox 1733 1724 3305 1810; baseline 0.013 -34"><span class='ocrx_word' id='word_1_408' title='bbox 1733 1743 1752 1776; x_wconf 75' lang='grc' dir='ltr'><strong>ι</strong></span> <span class='ocrx_word' id='word_1_409' title='bbox 1790 1724 1894 1791; x_wconf 83' lang='lat' dir='ltr'><strong>Qui</strong></span> <span class='ocrx_word' id='word_1_410' title='bbox 1921 1725 2108 1796; x_wconf 85' lang='lat' dir='ltr'><strong>itaque</strong></span> <span class='ocrx_word' id='word_1_411' title='bbox 2136 1741 2258 1782; x_wconf 91' lang='lat' dir='ltr'><strong>eam</strong></span> <span class='ocrx_word' id='word_1_412' title='bbox 2300 1741 2366 1782; x_wconf 79' lang='lat' dir='ltr'><strong>ex</strong></span> <span class='ocrx_word' id='word_1_413' title='bbox 2396 1726 2540 1804; x_wconf 79' lang='lat' dir='ltr'><strong>Filio</strong></span> <span class='ocrx_word' id='word_1_414' title='bbox 2575 1731 2768 1797; x_wconf 84' lang='lat' dir='ltr'><strong>tradit,</strong></span> <span class='ocrx_word' id='word_1_415' title='bbox 2797 1743 2966 1801; x_wconf 89' lang='lat' dir='ltr'><strong>errat,</strong></span> <span class='ocrx_word' id='word_1_416' title='bbox 3001 1737 3138 1795; x_wconf 90' lang='lat' dir='ltr'><strong>duas</strong></span> <span class='ocrx_word' id='word_1_417' title='bbox 3153 1739 3305 1810; x_wconf 79' lang='lat' dir='ltr'><strong>ejus-</strong></span> 
     </span>
    </p>
   </div>
   <div class='ocr_carea' id='block_1_59' title="bbox 1741 1816 3304 1889">
    <p class='ocr_par' dir='ltr' id='par_1_59' title="bbox 1741 1816 3304 1889">
     <span class='ocr_line' id='line_1_59' title="bbox 1741 1816 3304 1889; baseline 0.012 -20"><span class='ocrx_word' id='word_1_418' title='bbox 1741 1835 1760 1869; x_wconf 78' lang='grc' dir='ltr'><strong>ι</strong></span> <span class='ocrx_word' id='word_1_419' title='bbox 1801 1816 1922 1873; x_wconf 87' lang='lat' dir='ltr'><strong>dem</strong></span> <span class='ocrx_word' id='word_1_420' title='bbox 1985 1818 2196 1889; x_wconf 88' lang='lat' dir='ltr'><strong>absque</strong></span> <span class='ocrx_word' id='word_1_421' title='bbox 2246 1818 2355 1874; x_wconf 88' lang='lat' dir='ltr'><strong>ulla</strong></span> <span class='ocrx_word' id='word_1_422' title='bbox 2406 1819 2753 1880; x_wconf 70' lang='lat' dir='ltr'><strong>haesitatione</strong></span> <span class='ocrx_word' id='word_1_423' title='bbox 2803 1841 3004 1886; x_wconf 84' lang='lat' dir='ltr'><strong>causas</strong></span> <span class='ocrx_word' id='word_1_424' title='bbox 3055 1829 3304 1887; x_wconf 89' lang='lat' dir='ltr'><strong>introdu-</strong></span> 
     </span>
    </p>
   </div>
   <div class='ocr_carea' id='block_1_60' title="bbox 1655 1893 2011 1967">
    <p class='ocr_par' dir='ltr' id='par_1_60' title="bbox 1655 1893 2011 1967">
     <span class='ocr_line' id='line_1_60' title="bbox 1655 1893 2011 1967; baseline -0.006 -3"><span class='ocrx_word' id='word_1_425' title='bbox 1655 1893 1698 1948; x_wconf 77' lang='grc' dir='ltr'>Β</span> <span class='ocrx_word' id='word_1_426' title='bbox 1732 1930 1751 1964; x_wconf 85' lang='grc'>‹</span> <span class='ocrx_word' id='word_1_427' title='bbox 1798 1924 1951 1967; x_wconf 90' lang='lat' dir='ltr'><strong>cens.</strong></span> <span class='ocrx_word' id='word_1_428' title='bbox 1992 1927 2011 1962; x_wconf 75' lang='grc' dir='ltr'><strong>ι</strong></span> 
     </span>
    </p>
   </div>
   <div class='ocr_carea' id='block_1_61' title="bbox 2355 2006 2655 2078">
    <p class='ocr_par' dir='ltr' id='par_1_61' title="bbox 2355 2006 2655 2078">
     <span class='ocr_line' id='line_1_61' title="bbox 2355 2006 2655 2078; baseline 0.007 -16"><span class='ocrx_word' id='word_1_429' title='bbox 2355 2006 2655 2078; x_wconf 76' lang='grc' dir='ltr'><strong>ΒεῙαεαιίο.</strong></span> 
     </span>
    </p>
   </div>
   <div class='ocr_carea' id='block_1_62' title="bbox 1806 2116 3306 2200">
    <p class='ocr_par' dir='ltr' id='par_1_62' title="bbox 1806 2116 3306 2200">
     <span class='ocr_line' id='line_1_62' title="bbox 1806 2116 3306 2200; baseline 0.013 -28"><span class='ocrx_word' id='word_1_430' title='bbox 1806 2116 1944 2174; x_wconf 87' lang='lat' dir='ltr'><strong>Dum</strong></span> <span class='ocrx_word' id='word_1_431' title='bbox 2019 2121 2252 2192; x_wconf 67' lang='lat' dir='ltr'><strong>propria:</strong></span> <span class='ocrx_word' id='word_1_432' title='bbox 2319 2126 2606 2181; x_wconf 76' lang='lat' dir='ltr'><strong>sententia:</strong></span> <span class='ocrx_word' id='word_1_433' title='bbox 2665 2127 2937 2186; x_wconf 89' lang='lat' dir='ltr'><strong>obstinate</strong></span> <span class='ocrx_word' id='word_1_434' title='bbox 3007 2131 3306 2200; x_wconf 88' lang='lat' dir='ltr'><strong>incumbis,</strong></span> 
     </span>
    </p>
   </div>
   <div class='ocr_carea' id='block_1_63' title="bbox 1734 2209 3308 2293">
    <p class='ocr_par' dir='ltr' id='par_1_63' title="bbox 1734 2209 3308 2293">
     <span class='ocr_line' id='line_1_63' title="bbox 1734 2209 3308 2293; baseline 0.011 -28"><span class='ocrx_word' id='word_1_435' title='bbox 1734 2209 1986 2280; x_wconf 79' lang='lat' dir='ltr'><strong>profecto</strong></span> <span class='ocrx_word' id='word_1_436' title='bbox 2040 2222 2130 2269; x_wconf 87' lang='lat' dir='ltr'><strong>tua</strong></span> <span class='ocrx_word' id='word_1_437' title='bbox 2167 2213 2432 2285; x_wconf 82' lang='lat' dir='ltr'><strong>sapientia</strong></span> <span class='ocrx_word' id='word_1_438' title='bbox 2468 2217 2628 2288; x_wconf 88' lang='lat' dir='ltr'><strong>digna</strong></span> <span class='ocrx_word' id='word_1_439' title='bbox 2669 2234 2776 2275; x_wconf 91' lang='lat' dir='ltr'><strong>non</strong></span> <span class='ocrx_word' id='word_1_440' title='bbox 2833 2221 3094 2293; x_wconf 89' lang='lat' dir='ltr'><strong>loqueris.</strong></span> <span class='ocrx_word' id='word_1_441' title='bbox 3131 2225 3188 2281; x_wconf 87' lang='lat' dir='ltr'><strong>Id</strong></span> <span class='ocrx_word' id='word_1_442' title='bbox 3221 2237 3308 2282; x_wconf 80' lang='lat' dir='ltr'><strong>et-</strong></span> 
     </span>
    </p>
   </div>
   <div class='ocr_carea' id='block_1_64' title="bbox 1733 2301 3312 2378">
    <p class='ocr_par' dir='ltr' id='par_1_64' title="bbox 1733 2301 3312 2378">
     <span class='ocr_line' id='line_1_64' title="bbox 1733 2301 3312 2378; baseline 0.011 -21"><span class='ocrx_word' id='word_1_443' title='bbox 1733 2301 1879 2357; x_wconf 89' lang='lat' dir='ltr'><strong>enim</strong></span> <span class='ocrx_word' id='word_1_444' title='bbox 1913 2303 1958 2358; x_wconf 93' lang='lat' dir='ltr'><strong>si</strong></span> <span class='ocrx_word' id='word_1_445' title='bbox 1985 2318 2092 2359; x_wconf 89' lang='lat' dir='ltr'><strong>non</strong></span> <span class='ocrx_word' id='word_1_446' title='bbox 2137 2315 2304 2373; x_wconf 87' lang='lat' dir='ltr'><strong>esset,</strong></span> <span class='ocrx_word' id='word_1_447' title='bbox 2331 2307 2469 2364; x_wconf 90' lang='lat' dir='ltr'><strong>duas</strong></span> <span class='ocrx_word' id='word_1_448' title='bbox 2512 2307 2752 2378; x_wconf 87' lang='lat' dir='ltr'><strong>Spiritus</strong></span> <span class='ocrx_word' id='word_1_449' title='bbox 2782 2327 2980 2370; x_wconf 85' lang='lat' dir='ltr'><strong>causas</strong></span> <span class='ocrx_word' id='word_1_450' title='bbox 3006 2313 3224 2373; x_wconf 84' lang='lat' dir='ltr'><strong>Patrem</strong></span> <span class='ocrx_word' id='word_1_451' title='bbox 3257 2329 3312 2374; x_wconf 87' lang='lat' dir='ltr'><strong>et</strong></span> 
     </span>
    </p>
   </div>
   <div class='ocr_carea' id='block_1_65' title="bbox 1734 2389 3310 2472">
    <p class='ocr_par' dir='ltr' id='par_1_65' title="bbox 1734 2389 3310 2472">
     <span class='ocr_line' id='line_1_65' title="bbox 1734 2389 3310 2472; baseline 0.014 -28"><span class='ocrx_word' id='word_1_452' title='bbox 1734 2389 1930 2447; x_wconf 83' lang='lat' dir='ltr'><strong>Filium</strong></span> <span class='ocrx_word' id='word_1_453' title='bbox 1966 2409 2073 2450; x_wconf 92' lang='lat' dir='ltr'><strong>non</strong></span> <span class='ocrx_word' id='word_1_454' title='bbox 2131 2395 2487 2464; x_wconf 77' lang='lat' dir='ltr'><strong>aﬂirmasses,</strong></span> <span class='ocrx_word' id='word_1_455' title='bbox 2555 2401 2701 2470; x_wconf 88' lang='lat' dir='ltr'><strong>quod</strong></span> <span class='ocrx_word' id='word_1_456' title='bbox 2763 2405 3048 2472; x_wconf 84' lang='lat' dir='ltr'><strong>processio</strong></span> <span class='ocrx_word' id='word_1_457' title='bbox 3111 2409 3310 2467; x_wconf 88' lang='lat' dir='ltr'><strong>modus</strong></span> 
     </span>
    </p>
   </div>
   <div class='ocr_carea' id='block_1_66' title="bbox 1735 2485 3390 2562">
    <p class='ocr_par' dir='ltr' id='par_1_66' title="bbox 1735 2485 3390 2562">
     <span class='ocr_line' id='line_1_66' title="bbox 1735 2485 3390 2562; baseline 0.013 -22"><span class='ocrx_word' id='word_1_458' title='bbox 1735 2485 2074 2542; x_wconf 83' lang='lat' dir='ltr'><strong>exsistentiae</strong></span> <span class='ocrx_word' id='word_1_459' title='bbox 2103 2487 2487 2546; x_wconf 75' lang='lat' dir='ltr'><strong>est.&#39;Scaturit</strong></span> <span class='ocrx_word' id='word_1_460' title='bbox 2519 2491 2759 2562; x_wconf 83' lang='lat' dir='ltr'><strong>Spiritus</strong></span> <span class='ocrx_word' id='word_1_461' title='bbox 2785 2510 2849 2550; x_wconf 78' lang='lat' dir='ltr'><strong>ex</strong></span> <span class='ocrx_word' id='word_1_462' title='bbox 2880 2495 3042 2554; x_wconf 89' lang='lat' dir='ltr'><strong>Patre</strong></span> <span class='ocrx_word' id='word_1_463' title='bbox 3063 2508 3118 2555; x_wconf 91' lang='lat' dir='ltr'><strong>et</strong></span> <span class='ocrx_word' id='word_1_464' title='bbox 3137 2499 3308 2558; x_wconf 85' lang='lat' dir='ltr'><strong>Filio:</strong></span> <span class='ocrx_word' id='word_1_465' title='bbox 3384 2553 3390 2561; x_wconf 92' lang='lat'><strong>.</strong></span> 
     </span>
    </p>
   </div>
   <div class='ocr_carea' id='block_1_67' title="bbox 1735 2581 3314 2651">
    <p class='ocr_par' dir='ltr' id='par_1_67' title="bbox 1735 2581 3314 2651">
     <span class='ocr_line' id='line_1_67' title="bbox 1735 2581 3314 2651; baseline 0.012 -19"><span class='ocrx_word' id='word_1_466' title='bbox 1735 2588 1817 2633; x_wconf 91' lang='lat' dir='ltr'><strong>est</strong></span> <span class='ocrx_word' id='word_1_467' title='bbox 1838 2593 2035 2651; x_wconf 91' lang='lat' dir='ltr'><strong>nempe</strong></span> <span class='ocrx_word' id='word_1_468' title='bbox 2066 2581 2510 2649; x_wconf 77' lang='lat' dir='ltr'><strong>naturaliter,.et</strong></span> <span class='ocrx_word' id='word_1_469' title='bbox 2559 2587 2950 2645; x_wconf 81' lang='lat' dir='ltr'><strong>essentialiter.</strong></span> <span class='ocrx_word' id='word_1_470' title='bbox 3001 2590 3314 2650; x_wconf 80' lang='lat' dir='ltr'><strong>Etl‘unditur</strong></span> 
     </span>
    </p>
   </div>
   <div class='ocr_carea' id='block_1_68' title="bbox 1739 2671 3314 2751">
    <p class='ocr_par' dir='ltr' id='par_1_68' title="bbox 1739 2671 3314 2751">
     <span class='ocr_line' id='line_1_68' title="bbox 1739 2671 3314 2751; baseline 0.013 -28"><span class='ocrx_word' id='word_1_471' title='bbox 1739 2671 1988 2742; x_wconf 86' lang='lat' dir='ltr'><strong>Spiritus</strong></span> <span class='ocrx_word' id='word_1_472' title='bbox 2025 2688 2090 2728; x_wconf 77' lang='lat' dir='ltr'><strong>ex</strong></span> <span class='ocrx_word' id='word_1_473' title='bbox 2127 2672 2290 2730; x_wconf 85' lang='lat' dir='ltr'><strong>Patre</strong></span> <span class='ocrx_word' id='word_1_474' title='bbox 2317 2685 2369 2728; x_wconf 92' lang='lat' dir='ltr'><strong>et</strong></span> <span class='ocrx_word' id='word_1_475' title='bbox 2394 2674 2532 2731; x_wconf 88' lang='lat' dir='ltr'><strong>Filio</strong></span> <span class='ocrx_word' id='word_1_476' title='bbox 2570 2695 2584 2732; x_wconf 92' lang='lat'>:</span> <span class='ocrx_word' id='word_1_477' title='bbox 2625 2687 2709 2733; x_wconf 89' lang='lat' dir='ltr'><strong>est</strong></span> <span class='ocrx_word' id='word_1_478' title='bbox 2748 2695 2945 2751; x_wconf 88' lang='lat' dir='ltr'><strong>nempe</strong></span> <span class='ocrx_word' id='word_1_479' title='bbox 2987 2687 3314 2743; x_wconf 88' lang='lat' dir='ltr'><strong>naturaliter</strong></span> 
     </span>
    </p>
   </div>
   <div class='ocr_carea' id='block_1_69' title="bbox 1737 2763 3311 2837">
    <p class='ocr_par' dir='ltr' id='par_1_69' title="bbox 1737 2763 3311 2837">
     <span class='ocr_line' id='line_1_69' title="bbox 1737 2763 3311 2837; baseline 0.011 -21"><span class='ocrx_word' id='word_1_480' title='bbox 1737 2769 1790 2816; x_wconf 92' lang='lat' dir='ltr'><strong>et</strong></span> <span class='ocrx_word' id='word_1_481' title='bbox 1813 2763 2198 2821; x_wconf 83' lang='lat' dir='ltr'><strong>essentialiter.</strong></span> <span class='ocrx_word' id='word_1_482' title='bbox 2234 2765 2415 2821; x_wconf 82' lang='lat' dir='ltr'><strong>Emuit</strong></span> <span class='ocrx_word' id='word_1_483' title='bbox 2475 2766 2714 2837; x_wconf 88' lang='lat' dir='ltr'><strong>Spiritus</strong></span> <span class='ocrx_word' id='word_1_484' title='bbox 2748 2787 2812 2826; x_wconf 83' lang='lat' dir='ltr'><strong>ex</strong></span> <span class='ocrx_word' id='word_1_485' title='bbox 2847 2771 3009 2830; x_wconf 88' lang='lat' dir='ltr'><strong>Patre</strong></span> <span class='ocrx_word' id='word_1_486' title='bbox 3043 2785 3098 2831; x_wconf 91' lang='lat' dir='ltr'><strong>et</strong></span> <span class='ocrx_word' id='word_1_487' title='bbox 3149 2775 3311 2834; x_wconf 88' lang='lat' dir='ltr'><strong>Filio:</strong></span> 
     </span>
    </p>
   </div>
   <div class='ocr_carea' id='block_1_70' title="bbox 1738 2861 3311 2928">
    <p class='ocr_par' dir='ltr' id='par_1_70' title="bbox 1738 2861 3311 2928">
     <span class='ocr_line' id='line_1_70' title="bbox 1738 2861 3311 2928; baseline 0.011 -17"><span class='ocrx_word' id='word_1_488' title='bbox 1738 2865 1820 2912; x_wconf 89' lang='lat' dir='ltr'><strong>est</strong></span> <span class='ocrx_word' id='word_1_489' title='bbox 1875 2873 2069 2928; x_wconf 92' lang='lat' dir='ltr'><strong>nempe</strong></span> <span class='ocrx_word' id='word_1_490' title='bbox 2127 2861 2452 2919; x_wconf 77' lang='lat' dir='ltr'><strong>naturaliter</strong></span> <span class='ocrx_word' id='word_1_491' title='bbox 2498 2871 2553 2918; x_wconf 91' lang='lat' dir='ltr'><strong>et</strong></span> <span class='ocrx_word' id='word_1_492' title='bbox 2585 2865 2976 2923; x_wconf 86' lang='lat' dir='ltr'><strong>essentialiter.</strong></span> <span class='ocrx_word' id='word_1_493' title='bbox 3037 2869 3311 2928; x_wconf 88' lang='lat' dir='ltr'><strong>Dietiones</strong></span> 
     </span>
    </p>
   </div>
   <div class='ocr_carea' id='block_1_71' title="bbox 1707 2949 3311 3031">
    <p class='ocr_par' dir='ltr' id='par_1_71' title="bbox 1707 2949 3311 3031">
     <span class='ocr_line' id='line_1_71' title="bbox 1707 2949 3311 3031; baseline 0.011 -29"><span class='ocrx_word' id='word_1_494' title='bbox 1707 2949 1822 3031; x_wconf 20' lang='lat' dir='ltr'><strong>Ilia:</strong></span> <span class='ocrx_word' id='word_1_495' title='bbox 1853 2965 2044 3006; x_wconf 89' lang='lat' dir='ltr'><strong>omnes</strong></span> <span class='ocrx_word' id='word_1_496' title='bbox 2091 2953 2391 3009; x_wconf 85' lang='lat' dir='ltr'><strong>naturalem</strong></span> <span class='ocrx_word' id='word_1_497' title='bbox 2430 2964 2483 3009; x_wconf 91' lang='lat' dir='ltr'><strong>et</strong></span> <span class='ocrx_word' id='word_1_498' title='bbox 2530 2957 2877 3014; x_wconf 87' lang='lat' dir='ltr'><strong>essentialem</strong></span> <span class='ocrx_word' id='word_1_499' title='bbox 2934 2962 3311 3020; x_wconf 81' lang='lat' dir='ltr'><strong>exsistentiam</strong></span> 
     </span>
    </p>
   </div>
   <div class='ocr_carea' id='block_1_72' title="bbox 1739 3045 3316 3118">
    <p class='ocr_par' dir='ltr' id='par_1_72' title="bbox 1739 3045 3316 3118">
     <span class='ocr_line' id='line_1_72' title="bbox 1739 3045 3316 3118; baseline 0.012 -24"><span class='ocrx_word' id='word_1_500' title='bbox 1739 3049 1950 3108; x_wconf 91' lang='lat' dir='ltr'><strong>notant,</strong></span> <span class='ocrx_word' id='word_1_501' title='bbox 2009 3051 2063 3098; x_wconf 91' lang='lat' dir='ltr'><strong>et</strong></span> <span class='ocrx_word' id='word_1_502' title='bbox 2116 3051 2294 3099; x_wconf 88' lang='lat' dir='ltr'><strong>tamen</strong></span> <span class='ocrx_word' id='word_1_503' title='bbox 2354 3045 2476 3101; x_wconf 85' lang='lat' dir='ltr'><strong>duae</strong></span> <span class='ocrx_word' id='word_1_504' title='bbox 2524 3045 2762 3118; x_wconf 88' lang='lat' dir='ltr'><strong>Spiritus</strong></span> <span class='ocrx_word' id='word_1_505' title='bbox 2824 3049 2986 3107; x_wconf 88' lang='lat' dir='ltr'><strong>Pater</strong></span> <span class='ocrx_word' id='word_1_506' title='bbox 3051 3065 3106 3110; x_wconf 91' lang='lat' dir='ltr'><strong>et</strong></span> <span class='ocrx_word' id='word_1_507' title='bbox 3143 3055 3316 3113; x_wconf 86' lang='lat' dir='ltr'><strong>Filius</strong></span> 
     </span>
    </p>
   </div>
   <div class='ocr_carea' id='block_1_73' title="bbox 1740 3139 3314 3216">
    <p class='ocr_par' dir='ltr' id='par_1_73' title="bbox 1740 3139 3314 3216">
     <span class='ocr_line' id='line_1_73' title="bbox 1740 3139 3314 3216; baseline 0.011 -28"><span class='ocrx_word' id='word_1_508' title='bbox 1740 3145 1920 3189; x_wconf 77' lang='lat' dir='ltr'><strong>causae</strong></span> <span class='ocrx_word' id='word_1_509' title='bbox 1945 3148 2054 3189; x_wconf 89' lang='lat' dir='ltr'><strong>non</strong></span> <span class='ocrx_word' id='word_1_510' title='bbox 2084 3147 2515 3205; x_wconf 58' lang='lat' dir='ltr'><strong>praesumuntur.</strong></span> <span class='ocrx_word' id='word_1_511' title='bbox 2542 3139 2608 3196; x_wconf 87' lang='lat' dir='ltr'><strong>Et</strong></span> <span class='ocrx_word' id='word_1_512' title='bbox 2641 3143 2770 3213; x_wconf 91' lang='lat' dir='ltr'><strong>quia</strong></span> <span class='ocrx_word' id='word_1_513' title='bbox 2803 3147 3090 3216; x_wconf 87' lang='lat' dir='ltr'><strong>processio</strong></span> <span class='ocrx_word' id='word_1_514' title='bbox 3120 3151 3314 3206; x_wconf 76' lang='lat' dir='ltr'><strong>modus</strong></span> 
     </span>
    </p>
   </div>
   <div class='ocr_carea' id='block_1_74' title="bbox 1741 3225 3315 3301">
    <p class='ocr_par' dir='ltr' id='par_1_74' title="bbox 1741 3225 3315 3301">
     <span class='ocr_line' id='line_1_74' title="bbox 1741 3225 3315 3301; baseline 0.011 -21"><span class='ocrx_word' id='word_1_515' title='bbox 1741 3225 2075 3283; x_wconf 69' lang='lat' dir='ltr'><strong>exsistentiaa</strong></span> <span class='ocrx_word' id='word_1_516' title='bbox 2099 3237 2204 3296; x_wconf 87' lang='lat' dir='ltr'><strong>est,</strong></span> <span class='ocrx_word' id='word_1_517' title='bbox 2239 3232 2385 3301; x_wconf 89' lang='lat' dir='ltr'><strong>quod</strong></span> <span class='ocrx_word' id='word_1_518' title='bbox 2410 3233 2824 3293; x_wconf 88' lang='lat' dir='ltr'><strong>distinctionem</strong></span> <span class='ocrx_word' id='word_1_519' title='bbox 2857 3241 3196 3298; x_wconf 79' lang='lat' dir='ltr'><strong>exsistentia:</strong></span> <span class='ocrx_word' id='word_1_520' title='bbox 3225 3242 3315 3298; x_wconf 89' lang='lat' dir='ltr'><strong>in-</strong></span> 
     </span>
    </p>
   </div>
   <div class='ocr_carea' id='block_1_75' title="bbox 1740 3317 3384 3406">
    <p class='ocr_par' dir='ltr' id='par_1_75' title="bbox 1740 3317 3384 3406">
     <span class='ocr_line' id='line_1_75' title="bbox 1740 3317 3384 3406; baseline 0.01 -33"><span class='ocrx_word' id='word_1_521' title='bbox 1740 3317 1864 3385; x_wconf 83' lang='lat' dir='ltr'><strong>fert,</strong></span> <span class='ocrx_word' id='word_1_522' title='bbox 1921 3320 2156 3376; x_wconf 92' lang='lat' dir='ltr'><strong>duorum</strong></span> <span class='ocrx_word' id='word_1_523' title='bbox 2209 3324 2610 3395; x_wconf 87' lang='lat' dir='ltr'><strong>principiorum</strong></span> <span class='ocrx_word' id='word_1_524' title='bbox 2667 3327 2874 3386; x_wconf 88' lang='lat' dir='ltr'><strong>crimen</strong></span> <span class='ocrx_word' id='word_1_525' title='bbox 2929 3331 3186 3399; x_wconf 88' lang='lat' dir='ltr'><strong>incurrit,</strong></span> <span class='ocrx_word' id='word_1_526' title='bbox 3220 3337 3316 3406; x_wconf 90' lang='lat' dir='ltr'><strong>qui</strong></span> <span class='ocrx_word' id='word_1_527' title='bbox 3374 3335 3384 3345; x_wconf 83' lang='lat'><strong><em>&#39;</em></strong></span> 
     </span>
    </p>
   </div>
   <div class='ocr_carea' id='block_1_76' title="bbox 1741 3411 3315 3490">
    <p class='ocr_par' dir='ltr' id='par_1_76' title="bbox 1741 3411 3315 3490">
     <span class='ocr_line' id='line_1_76' title="bbox 1741 3411 3315 3490; baseline 0.011 -26"><span class='ocrx_word' id='word_1_528' title='bbox 1741 3423 1861 3465; x_wconf 81' lang='lat' dir='ltr'><strong>eam</strong></span> <span class='ocrx_word' id='word_1_529' title='bbox 1894 3411 2058 3466; x_wconf 87' lang='lat' dir='ltr'><strong>etiam</strong></span> <span class='ocrx_word' id='word_1_530' title='bbox 2088 3429 2154 3467; x_wconf 80' lang='lat' dir='ltr'><strong>ex</strong></span> <span class='ocrx_word' id='word_1_531' title='bbox 2205 3414 2346 3469; x_wconf 86' lang='lat' dir='ltr'><strong>Filio</strong></span> <span class='ocrx_word' id='word_1_532' title='bbox 2377 3418 2632 3472; x_wconf 80' lang='lat' dir='ltr'><strong>asserit?</strong></span> <span class='ocrx_word' id='word_1_533' title='bbox 2683 3419 3034 3478; x_wconf 75' lang='lat' dir='ltr'><strong>Exsistentiae</strong></span> <span class='ocrx_word' id='word_1_534' title='bbox 3093 3428 3315 3490; x_wconf 87' lang='lat' dir='ltr'><strong>modus,</strong></span> 
     </span>
    </p>
   </div>
   <div class='ocr_carea' id='block_1_77' title="bbox 1741 3499 3320 3583">
    <p class='ocr_par' dir='ltr' id='par_1_77' title="bbox 1741 3499 3320 3583">
     <span class='ocr_line' id='line_1_77' title="bbox 1741 3499 3320 3583; baseline 0.011 -28"><span class='ocrx_word' id='word_1_535' title='bbox 1741 3499 1860 3556; x_wconf 84' lang='lat' dir='ltr'><strong>sive</strong></span> <span class='ocrx_word' id='word_1_536' title='bbox 1908 3501 2229 3570; x_wconf 84' lang='lat' dir='ltr'><strong>discrimen,</strong></span> <span class='ocrx_word' id='word_1_537' title='bbox 2264 3505 2407 3560; x_wconf 90' lang='lat' dir='ltr'><strong>idem</strong></span> <span class='ocrx_word' id='word_1_538' title='bbox 2430 3509 2574 3563; x_wconf 91' lang='lat' dir='ltr'><strong>enim</strong></span> <span class='ocrx_word' id='word_1_539' title='bbox 2615 3519 2726 3576; x_wconf 89' lang='lat' dir='ltr'><strong>est,</strong></span> <span class='ocrx_word' id='word_1_540' title='bbox 2760 3511 2936 3580; x_wconf 89' lang='lat' dir='ltr'><strong>ipsum</strong></span> <span class='ocrx_word' id='word_1_541' title='bbox 2963 3515 3190 3583; x_wconf 89' lang='lat' dir='ltr'><strong>spiritus</strong></span> <span class='ocrx_word' id='word_1_542' title='bbox 3221 3531 3320 3572; x_wconf 88' lang='lat' dir='ltr'><strong>no-</strong></span> 
     </span>
    </p>
   </div>
   <div class='ocr_carea' id='block_1_78' title="bbox 1742 3593 3318 3672">
    <p class='ocr_par' dir='ltr' id='par_1_78' title="bbox 1742 3593 3318 3672">
     <span class='ocr_line' id='line_1_78' title="bbox 1742 3593 3318 3672; baseline 0.012 -28"><span class='ocrx_word' id='word_1_543' title='bbox 1742 3606 1866 3646; x_wconf 90' lang='lat' dir='ltr'><strong>men</strong></span> <span class='ocrx_word' id='word_1_544' title='bbox 1893 3593 2276 3664; x_wconf 86' lang='lat' dir='ltr'><strong>subsequitur.</strong></span> <span class='ocrx_word' id='word_1_545' title='bbox 2317 3595 2382 3652; x_wconf 89' lang='lat' dir='ltr'><strong>Et</strong></span> <span class='ocrx_word' id='word_1_546' title='bbox 2425 3598 2692 3668; x_wconf 87' lang='lat' dir='ltr'><strong>quidicit,</strong></span> <span class='ocrx_word' id='word_1_547' title='bbox 2743 3601 3006 3672; x_wconf 89' lang='lat' dir='ltr'><strong>Spiritum</strong></span> <span class='ocrx_word' id='word_1_548' title='bbox 3059 3605 3318 3662; x_wconf 68' lang='lat' dir='ltr'><strong>exsilien-</strong></span> 
     </span>
    </p>
   </div>
   <div class='ocr_carea' id='block_1_79' title="bbox 1740 3685 3321 3769">
    <p class='ocr_par' dir='ltr' id='par_1_79' title="bbox 1740 3685 3321 3769">
     <span class='ocr_line' id='line_1_79' title="bbox 1740 3685 3321 3769; baseline 0.011 -31"><span class='ocrx_word' id='word_1_549' title='bbox 1740 3691 1850 3739; x_wconf 92' lang='lat' dir='ltr'><strong>tem</strong></span> <span class='ocrx_word' id='word_1_550' title='bbox 1881 3685 2140 3750; x_wconf 69' lang='lat' dir='ltr'><strong>effusum.</strong></span> <span class='ocrx_word' id='word_1_551' title='bbox 2173 3688 2508 3756; x_wconf 79' lang='lat' dir='ltr'><strong>etlluentem,</strong></span> <span class='ocrx_word' id='word_1_552' title='bbox 2537 3701 2592 3746; x_wconf 87' lang='lat' dir='ltr'><strong>et</strong></span> <span class='ocrx_word' id='word_1_553' title='bbox 2621 3709 2687 3747; x_wconf 83' lang='lat' dir='ltr'><strong>ex</strong></span> <span class='ocrx_word' id='word_1_554' title='bbox 2717 3693 2834 3763; x_wconf 90' lang='lat' dir='ltr'><strong>ipso</strong></span> <span class='ocrx_word' id='word_1_555' title='bbox 2857 3696 3102 3764; x_wconf 89' lang='lat' dir='ltr'><strong>nomine,</strong></span> <span class='ocrx_word' id='word_1_556' title='bbox 3126 3714 3321 3769; x_wconf 54' lang='lat' dir='ltr'><strong>quem.</strong></span> 
     </span>
    </p>
   </div>
   <div class='ocr_carea' id='block_1_80' title="bbox 1742 3778 3321 3851">
    <p class='ocr_par' dir='ltr' id='par_1_80' title="bbox 1742 3778 3321 3851">
     <span class='ocr_line' id='line_1_80' title="bbox 1742 3778 3321 3851; baseline 0.009 -20"><span class='ocrx_word' id='word_1_557' title='bbox 1742 3778 2038 3834; x_wconf 84' lang='lat' dir='ltr'><strong>admodum</strong></span> <span class='ocrx_word' id='word_1_558' title='bbox 2103 3789 2158 3836; x_wconf 88' lang='lat' dir='ltr'><strong>et</strong></span> <span class='ocrx_word' id='word_1_559' title='bbox 2218 3781 2334 3851; x_wconf 81' lang='lat' dir='ltr'><strong>ipsa</strong></span> <span class='ocrx_word' id='word_1_560' title='bbox 2389 3785 2759 3851; x_wconf 89' lang='lat' dir='ltr'><strong>processione,</strong></span> <span class='ocrx_word' id='word_1_561' title='bbox 2822 3786 3197 3845; x_wconf 84' lang='lat' dir='ltr'><strong>diversitatem</strong></span> <span class='ocrx_word' id='word_1_562' title='bbox 3229 3807 3321 3848; x_wconf 77' lang='lat' dir='ltr'><strong>ex-</strong></span> 
     </span>
    </p>
   </div>
   <div class='ocr_carea' id='block_1_81' title="bbox 1743 3869 3318 3949">
    <p class='ocr_par' dir='ltr' id='par_1_81' title="bbox 1743 3869 3318 3949">
     <span class='ocr_line' id='line_1_81' title="bbox 1743 3869 3318 3949; baseline 0.01 -24"><span class='ocrx_word' id='word_1_563' title='bbox 1743 3869 2029 3936; x_wconf 71' lang='lat' dir='ltr'><strong>sistentiae,</strong></span> <span class='ocrx_word' id='word_1_564' title='bbox 2061 3887 2184 3942; x_wconf 86' lang='lat' dir='ltr'><strong>quae</strong></span> <span class='ocrx_word' id='word_1_565' title='bbox 2223 3882 2306 3928; x_wconf 84' lang='lat' dir='ltr'><strong>est</strong></span> <span class='ocrx_word' id='word_1_566' title='bbox 2347 3875 2487 3930; x_wconf 86' lang='lat' dir='ltr'><strong>inter</strong></span> <span class='ocrx_word' id='word_1_567' title='bbox 2530 3874 2726 3932; x_wconf 80' lang='lat' dir='ltr'><strong>Filium</strong></span> <span class='ocrx_word' id='word_1_568' title='bbox 2787 3887 2842 3933; x_wconf 88' lang='lat' dir='ltr'><strong>et</strong></span> <span class='ocrx_word' id='word_1_569' title='bbox 2872 3878 3051 3949; x_wconf 89' lang='lat' dir='ltr'><strong>ipsum</strong></span> <span class='ocrx_word' id='word_1_570' title='bbox 3111 3897 3318 3940; x_wconf 54' lang='lat' dir='ltr'><strong>conno.</strong></span> 
     </span>
    </p>
   </div>
   <div class='ocr_carea' id='block_1_82' title="bbox 1744 3962 3323 4040">
    <p class='ocr_par' dir='ltr' id='par_1_82' title="bbox 1744 3962 3323 4040">
     <span class='ocr_line' id='line_1_82' title="bbox 1744 3962 3323 4040; baseline 0.011 -24"><span class='ocrx_word' id='word_1_571' title='bbox 1744 3962 1900 4026; x_wconf 79' lang='lat' dir='ltr'><strong>tavit,</strong></span> <span class='ocrx_word' id='word_1_572' title='bbox 1929 3963 2054 4019; x_wconf 88' lang='lat' dir='ltr'><strong>licet</strong></span> <span class='ocrx_word' id='word_1_573' title='bbox 2082 3965 2322 4020; x_wconf 87' lang='lat' dir='ltr'><strong>dictione</strong></span> <span class='ocrx_word' id='word_1_574' title='bbox 2357 3982 2451 4036; x_wconf 89' lang='lat' dir='ltr'><strong>per</strong></span> <span class='ocrx_word' id='word_1_575' title='bbox 2473 3968 2618 4022; x_wconf 87' lang='lat' dir='ltr'><strong>labia</strong></span> <span class='ocrx_word' id='word_1_576' title='bbox 2649 3969 2833 4040; x_wconf 85' lang='lat' dir='ltr'><strong>elapsa</strong></span> <span class='ocrx_word' id='word_1_577' title='bbox 2863 3970 3099 4028; x_wconf 88' lang='lat' dir='ltr'><strong>similem</strong></span> <span class='ocrx_word' id='word_1_578' title='bbox 3129 3975 3323 4033; x_wconf 88' lang='lat' dir='ltr'><strong>distin-</strong></span> 
     </span>
    </p>
   </div>
   <div class='ocr_carea' id='block_1_83' title="bbox 1744 4050 2729 4129">
    <p class='ocr_par' dir='ltr' id='par_1_83' title="bbox 1744 4050 2729 4129">
     <span class='ocr_line' id='line_1_83' title="bbox 1744 4050 2729 4129; baseline 0.01 -20"><span class='ocrx_word' id='word_1_579' title='bbox 1744 4055 1980 4112; x_wconf 88' lang='lat' dir='ltr'><strong>ctionem</strong></span> <span class='ocrx_word' id='word_1_580' title='bbox 2021 4070 2131 4112; x_wconf 91' lang='lat' dir='ltr'><strong>non</strong></span> <span class='ocrx_word' id='word_1_581' title='bbox 2167 4059 2457 4129; x_wconf 83' lang='lat' dir='ltr'><strong>exprimat.</strong></span> <span class='ocrx_word' id='word_1_582' title='bbox 2725 4050 2729 4055; x_wconf 65' lang='grc'><strong>’</strong></span> 
     </span>
    </p>
   </div>
   <div class='ocr_carea' id='block_1_84' title="bbox 2369 4154 2689 4210">
    <p class='ocr_par' dir='ltr' id='par_1_84' title="bbox 2369 4154 2689 4210">
     <span class='ocr_line' id='line_1_84' title="bbox 2369 4154 2689 4210; baseline 0.006 -2"><span class='ocrx_word' id='word_1_583' title='bbox 2369 4154 2454 4208; x_wconf 77' lang='lat' dir='ltr'><strong>Ea:</strong></span> <span class='ocrx_word' id='word_1_584' title='bbox 2490 4154 2689 4210; x_wconf 80' lang='lat' dir='ltr'><strong>eodem.</strong></span> 
     </span>
    </p>
   </div>
   <div class='ocr_carea' id='block_1_85' title="bbox 1816 4241 3321 4323">
    <p class='ocr_par' dir='ltr' id='par_1_85' title="bbox 1816 4241 3321 4323">
     <span class='ocr_line' id='line_1_85' title="bbox 1816 4241 3321 4323; baseline 0.008 -25"><span class='ocrx_word' id='word_1_585' title='bbox 1816 4241 2106 4300; x_wconf 79' lang='lat' dir='ltr'><strong>CXXXVI.</strong></span> <span class='ocrx_word' id='word_1_586' title='bbox 2157 4264 2175 4298; x_wconf 80' lang='grc' dir='ltr'><strong>ι</strong></span> <span class='ocrx_word' id='word_1_587' title='bbox 2216 4244 2380 4302; x_wconf 91' lang='lat' dir='ltr'><strong>Solus</strong></span> <span class='ocrx_word' id='word_1_588' title='bbox 2407 4248 2552 4302; x_wconf 90' lang='lat' dir='ltr'><strong>enim</strong></span> <span class='ocrx_word' id='word_1_589' title='bbox 2587 4247 2750 4304; x_wconf 88' lang='lat' dir='ltr'><strong>Pater</strong></span> <span class='ocrx_word' id='word_1_590' title='bbox 2775 4249 3046 4323; x_wconf 87' lang='lat' dir='ltr'><strong>ingenitus</strong></span> <span class='ocrx_word' id='word_1_591' title='bbox 3074 4264 3196 4310; x_wconf 84' lang='lat' dir='ltr'><strong>est:</strong></span> <span class='ocrx_word' id='word_1_592' title='bbox 3221 4270 3321 4310; x_wconf 89' lang='lat' dir='ltr'><strong>nec</strong></span> 
     </span>
    </p>
   </div>
   <div class='ocr_carea' id='block_1_86' title="bbox 1753 4335 3322 4409">
    <p class='ocr_par' dir='ltr' id='par_1_86' title="bbox 1753 4335 3322 4409">
     <span class='ocr_line' id='line_1_86' title="bbox 1753 4335 3322 4409; baseline 0.011 -25"><span class='ocrx_word' id='word_1_593' title='bbox 1753 4351 1771 4384; x_wconf 79' lang='grc' dir='ltr'><strong>ι</strong></span> <span class='ocrx_word' id='word_1_594' title='bbox 1811 4335 1958 4390; x_wconf 90' lang='lat' dir='ltr'><strong>enim</strong></span> <span class='ocrx_word' id='word_1_595' title='bbox 1993 4337 2062 4391; x_wconf 90' lang='lat' dir='ltr'><strong>ab</strong></span> <span class='ocrx_word' id='word_1_596' title='bbox 2085 4337 2255 4392; x_wconf 88' lang='lat' dir='ltr'><strong>altera</strong></span> <span class='ocrx_word' id='word_1_597' title='bbox 2289 4338 2571 4409; x_wconf 83' lang='lat' dir='ltr'><strong>bypostasi</strong></span> <span class='ocrx_word' id='word_1_598' title='bbox 2601 4354 2725 4396; x_wconf 84' lang='lat' dir='ltr'><strong>esse</strong></span> <span class='ocrx_word' id='word_1_599' title='bbox 2750 4341 2935 4398; x_wconf 88' lang='lat' dir='ltr'><strong>habet.</strong></span> <span class='ocrx_word' id='word_1_600' title='bbox 2962 4343 3126 4400; x_wconf 85' lang='lat' dir='ltr'><strong>Solus</strong></span> <span class='ocrx_word' id='word_1_601' title='bbox 3157 4347 3322 4401; x_wconf 89' lang='lat' dir='ltr'><strong>etiam</strong></span> 
     </span>
    </p>
   </div>
   <div class='ocr_carea' id='block_1_87' title="bbox 1754 4421 3324 4496">
    <p class='ocr_par' dir='ltr' id='par_1_87' title="bbox 1754 4421 3324 4496">
     <span class='ocr_line' id='line_1_87' title="bbox 1754 4421 3324 4496; baseline 0.01 -22"><span class='ocrx_word' id='word_1_602' title='bbox 1754 4441 1772 4474; x_wconf 81' lang='grc' dir='ltr'><strong>ι</strong></span> <span class='ocrx_word' id='word_1_603' title='bbox 1808 4421 1984 4480; x_wconf 83' lang='lat' dir='ltr'><strong>Filius</strong></span> <span class='ocrx_word' id='word_1_604' title='bbox 2019 4427 2258 4496; x_wconf 81' lang='lat' dir='ltr'><strong>genitus.</strong></span> <span class='ocrx_word' id='word_1_605' title='bbox 2299 4428 2377 4482; x_wconf 78' lang='lat' dir='ltr'><strong>Ex</strong></span> <span class='ocrx_word' id='word_1_606' title='bbox 2426 4427 2606 4484; x_wconf 90' lang='lat' dir='ltr'><strong>Patris</strong></span> <span class='ocrx_word' id='word_1_607' title='bbox 2645 4431 2796 4484; x_wconf 83' lang='lat' dir='ltr'><strong>enim</strong></span> <span class='ocrx_word' id='word_1_608' title='bbox 2847 4432 3157 4488; x_wconf 81' lang='lat' dir='ltr'><strong>substantia</strong></span> <span class='ocrx_word' id='word_1_609' title='bbox 3205 4436 3324 4490; x_wconf 89' lang='lat' dir='ltr'><strong>sine</strong></span> 
     </span>
    </p>
   </div>
   <div class='ocr_carea' id='block_1_88' title="bbox 1756 4515 3323 4592">
    <p class='ocr_par' dir='ltr' id='par_1_88' title="bbox 1756 4515 3323 4592">
     <span class='ocr_line' id='line_1_88' title="bbox 1756 4515 3323 4592; baseline 0.011 -28"><span class='ocrx_word' id='word_1_610' title='bbox 1756 4532 1774 4564; x_wconf 77' lang='grc' dir='ltr'><strong>ι</strong></span> <span class='ocrx_word' id='word_1_611' title='bbox 1813 4515 2084 4586; x_wconf 90' lang='lat' dir='ltr'><strong>principio</strong></span> <span class='ocrx_word' id='word_1_612' title='bbox 2135 4517 2267 4585; x_wconf 89' lang='lat' dir='ltr'><strong>ullo,</strong></span> <span class='ocrx_word' id='word_1_613' title='bbox 2325 4533 2391 4574; x_wconf 91' lang='lat' dir='ltr'><strong>ac</strong></span> <span class='ocrx_word' id='word_1_614' title='bbox 2442 4529 2688 4590; x_wconf 86' lang='lat' dir='ltr'><strong>tempore</strong></span> <span class='ocrx_word' id='word_1_615' title='bbox 2733 4523 2952 4592; x_wconf 85' lang='lat' dir='ltr'><strong>genitus</strong></span> <span class='ocrx_word' id='word_1_616' title='bbox 3001 4535 3104 4580; x_wconf 84' lang='lat' dir='ltr'><strong>est.</strong></span> <span class='ocrx_word' id='word_1_617' title='bbox 3159 4525 3323 4582; x_wconf 91' lang='lat' dir='ltr'><strong>Solus</strong></span> 
     </span>
    </p>
   </div>
   <div class='ocr_carea' id='block_1_89' title="bbox 63 4606 1629 4698">
    <p class='ocr_par' dir='ltr' id='par_1_89' title="bbox 63 4611 1629 4698">
     <span class='ocr_line' id='line_1_89' title="bbox 63 4611 1629 4698; baseline -0.008 -19"><span class='ocrx_word' id='word_1_618' title='bbox 63 4647 78 4679; x_wconf 83' lang='grc' dir='ltr'><strong>ι</strong></span> <span class='ocrx_word' id='word_1_619' title='bbox 116 4628 349 4698; x_wconf 82' lang='grc' dir='ltr'><strong>Πνεῦμα</strong></span> <span class='ocrx_word' id='word_1_620' title='bbox 382 4623 729 4695; x_wconf 72' lang='grc' dir='ltr'><strong>ἑκπορευτὸν</strong></span> <span class='ocrx_word' id='word_1_621' title='bbox 759 4623 822 4674; x_wconf 80' lang='grc' dir='ltr'><strong>ὲκ</strong></span> <span class='ocrx_word' id='word_1_622' title='bbox 851 4623 949 4690; x_wconf 79' lang='grc' dir='ltr'><strong>τῆς</strong></span> <span class='ocrx_word' id='word_1_623' title='bbox 975 4620 1162 4682; x_wconf 79' lang='grc' dir='ltr'><strong>οὐσίας</strong></span> <span class='ocrx_word' id='word_1_624' title='bbox 1186 4616 1281 4670; x_wconf 91' lang='grc' dir='ltr'><strong>τοῦ</strong></span> <span class='ocrx_word' id='word_1_625' title='bbox 1313 4613 1548 4685; x_wconf 83' lang='grc' dir='ltr'><strong>Πατρδς,</strong></span> <span class='ocrx_word' id='word_1_626' title='bbox 1577 4611 1629 4666; x_wconf 66' lang='grc' dir='ltr'><strong>οὐ</strong></span> 
     </span>
    </p>
   </div>
   <div class='ocr_carea' id='block_1_90' title="bbox 1763 4606 3322 4698">
    <p class='ocr_par' dir='ltr' id='par_1_90' title="bbox 1763 4606 3322 4679">
     <span class='ocr_line' id='line_1_90' title="bbox 1763 4606 3322 4679; baseline 0.008 -20"><span class='ocrx_word' id='word_1_627' title='bbox 1763 4627 1774 4659; x_wconf 88' lang='grc' dir='ltr'><strong>ι</strong></span> <span class='ocrx_word' id='word_1_628' title='bbox 1817 4606 2057 4678; x_wconf 90' lang='lat' dir='ltr'><strong>denique</strong></span> <span class='ocrx_word' id='word_1_629' title='bbox 2099 4607 2339 4679; x_wconf 90' lang='lat' dir='ltr'><strong>Spiritus</strong></span> <span class='ocrx_word' id='word_1_630' title='bbox 2377 4622 2603 4668; x_wconf 88' lang='lat' dir='ltr'><strong>sanctus</strong></span> <span class='ocrx_word' id='word_1_631' title='bbox 2654 4627 2721 4668; x_wconf 82' lang='lat' dir='ltr'><strong>ex</strong></span> <span class='ocrx_word' id='word_1_632' title='bbox 2777 4613 2958 4673; x_wconf 87' lang='lat' dir='ltr'><strong>Patris</strong></span> <span class='ocrx_word' id='word_1_633' title='bbox 3013 4616 3322 4673; x_wconf 88' lang='lat' dir='ltr'><strong>substantia</strong></span> 
     </span>
    </p>
   </div>
   <div class='ocr_carea' id='block_1_91' title="bbox 63 4714 1130 4793">
    <p class='ocr_par' dir='ltr' id='par_1_91' title="bbox 63 4714 1130 4793">
     <span class='ocr_line' id='line_1_91' title="bbox 63 4714 1130 4793; baseline -0.004 -23"><span class='ocrx_word' id='word_1_634' title='bbox 63 4740 78 4770; x_wconf 81' lang='grc' dir='ltr'><strong>ι</strong></span> <span class='ocrx_word' id='word_1_635' title='bbox 113 4724 499 4793; x_wconf 73' lang='grc' dir='ltr'><strong>γεννώμενον,</strong></span> <span class='ocrx_word' id='word_1_636' title='bbox 529 4715 648 4771; x_wconf 78' lang='grc' dir='ltr'><strong>ἀλλ’</strong></span> <span class='ocrx_word' id='word_1_637' title='bbox 677 4714 1130 4785; x_wconf 73' lang='grc' dir='ltr'><strong>ἐκπορευόμενον.</strong></span> 
     </span>
    </p>
   </div>
   <div class='ocr_carea' id='block_1_92' title="bbox 683 4825 1062 4880">
    <p class='ocr_par' dir='ltr' id='par_1_92' title="bbox 683 4825 1062 4880">
     <span class='ocr_line' id='line_1_92' title="bbox 683 4825 1062 4880; baseline -0.005 0"><span class='ocrx_word' id='word_1_638' title='bbox 683 4825 1062 4880; x_wconf 79' lang='grc' dir='ltr'><strong>Ἐπιστασια.</strong></span> 
     </span>
    </p>
   </div>
   <div class='ocr_carea' id='block_1_93' title="bbox 118 4931 1648 5016">
    <p class='ocr_par' dir='ltr' id='par_1_93' title="bbox 118 4931 1648 5016">
     <span class='ocr_line' id='line_1_93' title="bbox 118 4931 1648 5016; baseline -0.016 -12"><span class='ocrx_word' id='word_1_639' title='bbox 118 4970 134 5004; x_wconf 86' lang='grc' dir='ltr'><strong>ι</strong></span> <span class='ocrx_word' id='word_1_640' title='bbox 177 4948 365 5004; x_wconf 83' lang='grc' dir='ltr'><strong>Τοῦτο</strong></span> <span class='ocrx_word' id='word_1_641' title='bbox 385 4989 404 5016; x_wconf 88' lang='grc'><strong>,</strong></span> <span class='ocrx_word' id='word_1_642' title='bbox 445 4943 792 5014; x_wconf 83' lang='grc' dir='ltr'><strong>σαφέστατον</strong></span> <span class='ocrx_word' id='word_1_643' title='bbox 824 4937 906 5006; x_wconf 77' lang='grc' dir='ltr'><strong>ὃν,</strong></span> <span class='ocrx_word' id='word_1_644' title='bbox 939 4936 1000 4992; x_wconf 90' lang='grc' dir='ltr'><strong>οὑ</strong></span> <span class='ocrx_word' id='word_1_645' title='bbox 1030 4935 1202 4990; x_wconf 85' lang='grc' dir='ltr'><strong>δεῖται</strong></span> <span class='ocrx_word' id='word_1_646' title='bbox 1235 4931 1379 4995; x_wconf 79' lang='grc' dir='ltr'><strong>τινὸς</strong></span> <span class='ocrx_word' id='word_1_647' title='bbox 1407 4931 1648 4999; x_wconf 71' lang='grc' dir='ltr'><strong>ἐπεργα-</strong></span> 
     </span>
    </p>
   </div>
   <div class='ocr_carea' id='block_1_94' title="bbox 57 5032 884 5111">
    <p class='ocr_par' dir='ltr' id='par_1_94' title="bbox 57 5032 884 5111">
     <span class='ocr_line' id='line_1_94' title="bbox 57 5032 884 5111; baseline -0.016 -14"><span class='ocrx_word' id='word_1_648' title='bbox 57 5065 73 5096; x_wconf 81' lang='grc' dir='ltr'><strong>ι</strong></span> <span class='ocrx_word' id='word_1_649' title='bbox 111 5046 250 5111; x_wconf 88' lang='grc' dir='ltr'><strong>σίας,</strong></span> <span class='ocrx_word' id='word_1_650' title='bbox 281 5043 368 5106; x_wconf 85' lang='grc' dir='ltr'><strong>ὡς</strong></span> <span class='ocrx_word' id='word_1_651' title='bbox 405 5037 541 5093; x_wconf 81' lang='grc' dir='ltr'><strong>οὐδὲ</strong></span> <span class='ocrx_word' id='word_1_652' title='bbox 570 5035 634 5090; x_wconf 83' lang='grc' dir='ltr'><strong>τὸ</strong></span> <span class='ocrx_word' id='word_1_653' title='bbox 664 5032 884 5105; x_wconf 79' lang='grc' dir='ltr'><strong>ἑφεξῆς.</strong></span> 
     </span>
    </p>
   </div>
   <div class='ocr_carea' id='block_1_95' title="bbox 659 5143 1058 5214">
    <p class='ocr_par' dir='ltr' id='par_1_95' title="bbox 659 5143 1058 5214">
     <span class='ocr_line' id='line_1_95' title="bbox 659 5143 1058 5214; baseline -0.013 -14"><span class='ocrx_word' id='word_1_654' title='bbox 659 5143 1058 5214; x_wconf 78' lang='grc' dir='ltr'><strong>Ἀντίῤῥησις.</strong></span> 
     </span>
    </p>
   </div>
   <div class='ocr_carea' id='block_1_96' title="bbox 119 5223 1652 5317">
    <p class='ocr_par' dir='ltr' id='par_1_96' title="bbox 119 5223 1652 5317">
     <span class='ocr_line' id='line_1_96' title="bbox 119 5223 1652 5317; baseline -0.015 -15"><span class='ocrx_word' id='word_1_655' title='bbox 119 5267 138 5302; x_wconf 81' lang='grc' dir='ltr'><strong>ι</strong></span> <span class='ocrx_word' id='word_1_656' title='bbox 191 5244 468 5317; x_wconf 75' lang='grc' dir='ltr'><strong>’Δληθῶς</strong></span> <span class='ocrx_word' id='word_1_657' title='bbox 495 5241 531 5312; x_wconf 77' lang='grc' dir='ltr'><strong>ἡ</strong></span> <span class='ocrx_word' id='word_1_658' title='bbox 560 5238 791 5311; x_wconf 80' lang='grc' dir='ltr'><strong>ρηθεῐσα</strong></span> <span class='ocrx_word' id='word_1_659' title='bbox 823 5224 1100 5305; x_wconf 81' lang='grc' dir='ltr'><strong>περικοπὴ</strong></span> <span class='ocrx_word' id='word_1_660' title='bbox 1121 5231 1186 5284; x_wconf 81' lang='grc' dir='ltr'><strong>ὲκ</strong></span> <span class='ocrx_word' id='word_1_661' title='bbox 1214 5231 1313 5300; x_wconf 81' lang='grc' dir='ltr'><strong>τῆς</strong></span> <span class='ocrx_word' id='word_1_662' title='bbox 1337 5226 1527 5290; x_wconf 87' lang='grc' dir='ltr'><strong>οὐσίας</strong></span> <span class='ocrx_word' id='word_1_663' title='bbox 1556 5223 1652 5280; x_wconf 92' lang='grc' dir='ltr'><strong>τοῦ</strong></span> 
     </span>
    </p>
   </div>
   <div class='ocr_carea' id='block_1_97' title="bbox 59 5319 1654 5415">
    <p class='ocr_par' dir='ltr' id='par_1_97' title="bbox 59 5319 1654 5415">
     <span class='ocr_line' id='line_1_97' title="bbox 59 5319 1654 5415; baseline -0.016 -18"><span class='ocrx_word' id='word_1_664' title='bbox 59 5360 74 5396; x_wconf 86' lang='grc' dir='ltr'><strong>ι</strong></span> <span class='ocrx_word' id='word_1_665' title='bbox 107 5342 322 5415; x_wconf 80' lang='grc' dir='ltr'><strong>Πατρδς</strong></span> <span class='ocrx_word' id='word_1_666' title='bbox 338 5339 516 5405; x_wconf 83' lang='grc' dir='ltr'><strong>λέγει</strong></span> <span class='ocrx_word' id='word_1_667' title='bbox 542 5334 606 5386; x_wconf 82' lang='grc' dir='ltr'><strong>τὸ</strong></span> <span class='ocrx_word' id='word_1_668' title='bbox 641 5329 868 5401; x_wconf 88' lang='grc' dir='ltr'><strong>Πνεῦμα</strong></span> <span class='ocrx_word' id='word_1_669' title='bbox 890 5325 1347 5415; x_wconf 73' lang='grc' dir='ltr'><strong>ἐκπορευόμενον,</strong></span> <span class='ocrx_word' id='word_1_670' title='bbox 1365 5319 1654 5415; x_wconf 33' lang='lat' dir='ltr'><strong>crassam</strong></span> 
     </span>
    </p>
   </div>
   <div class='ocr_carea' id='block_1_98' title="bbox 59 5409 1654 5504">
    <p class='ocr_par' dir='ltr' id='par_1_98' title="bbox 59 5409 1654 5504">
     <span class='ocr_line' id='line_1_98' title="bbox 59 5409 1654 5504; baseline -0.016 -17"><span class='ocrx_word' id='word_1_671' title='bbox 59 5456 75 5487; x_wconf 80' lang='grc' dir='ltr'><strong>ι</strong></span> <span class='ocrx_word' id='word_1_672' title='bbox 111 5409 335 5504; x_wconf 74' lang='grc' dir='ltr'><strong>Πατέρα</strong></span> <span class='ocrx_word' id='word_1_673' title='bbox 381 5432 642 5496; x_wconf 75' lang='grc' dir='ltr'><strong>ἄναρχον</strong></span> <span class='ocrx_word' id='word_1_674' title='bbox 669 5423 768 5477; x_wconf 71' lang='grc' dir='ltr'><strong>καὶ</strong></span> <span class='ocrx_word' id='word_1_675' title='bbox 798 5419 1021 5491; x_wconf 84' lang='grc' dir='ltr'><strong>πρώτην</strong></span> <span class='ocrx_word' id='word_1_676' title='bbox 1064 5415 1244 5470; x_wconf 74' lang='grc' dir='ltr'><strong>αἰτίαν</strong></span> <span class='ocrx_word' id='word_1_677' title='bbox 1275 5409 1416 5468; x_wconf 73' lang='grc' dir='ltr'><strong>εἶναι</strong></span> <span class='ocrx_word' id='word_1_678' title='bbox 1437 5409 1566 5466; x_wconf 89' lang='grc' dir='ltr'><strong>Υἱοῦ</strong></span> <span class='ocrx_word' id='word_1_679' title='bbox 1594 5427 1654 5504; x_wconf 80' lang='grc' dir='ltr'><strong>τε</strong></span> 
     </span>
    </p>
   </div>
   <div class='ocr_carea' id='block_1_99' title="bbox 59 5501 1656 5592">
    <p class='ocr_par' dir='ltr' id='par_1_99' title="bbox 59 5501 1656 5592">
     <span class='ocr_line' id='line_1_99' title="bbox 59 5501 1656 5592; baseline -0.018 -10"><span class='ocrx_word' id='word_1_680' title='bbox 59 5547 75 5580; x_wconf 90' lang='grc' dir='ltr'><strong>ι</strong></span> <span class='ocrx_word' id='word_1_681' title='bbox 111 5527 202 5581; x_wconf 73' lang='grc' dir='ltr'><strong>καὶ</strong></span> <span class='ocrx_word' id='word_1_682' title='bbox 235 5501 607 5592; x_wconf 79' lang='grc' dir='ltr'><strong>Πνεῦματος·</strong></span> <span class='ocrx_word' id='word_1_683' title='bbox 634 5516 663 5567; x_wconf 89' lang='grc' dir='ltr'>ὁ</span> <span class='ocrx_word' id='word_1_684' title='bbox 686 5514 744 5567; x_wconf 82' lang='grc' dir='ltr'><strong>δὲ</strong></span> <span class='ocrx_word' id='word_1_685' title='bbox 767 5511 920 5575; x_wconf 76' lang='grc' dir='ltr'><strong>εἰδὼς</strong></span> <span class='ocrx_word' id='word_1_686' title='bbox 957 5511 1016 5563; x_wconf 84' lang='grc' dir='ltr'><strong>τὸ</strong></span> <span class='ocrx_word' id='word_1_687' title='bbox 1046 5507 1140 5562; x_wconf 91' lang='grc' dir='ltr'><strong>τοῦ</strong></span> <span class='ocrx_word' id='word_1_688' title='bbox 1171 5505 1489 5576; x_wconf 80' lang='grc' dir='ltr'><strong>Πνεῦματος</strong></span> <span class='ocrx_word' id='word_1_689' title='bbox 1521 5501 1656 5571; x_wconf 81' lang='grc' dir='ltr'><strong>πρὸς</strong></span> 
     </span>
    </p>
   </div>
   <div class='ocr_carea' id='block_1_100' title="bbox 61 5594 1658 5686">
    <p class='ocr_par' dir='ltr' id='par_1_100' title="bbox 61 5594 1658 5686">
     <span class='ocr_line' id='line_1_100' title="bbox 61 5594 1658 5686; baseline -0.016 -14"><span class='ocrx_word' id='word_1_690' title='bbox 61 5640 76 5672; x_wconf 79' lang='grc' dir='ltr'><strong>ι</strong></span> <span class='ocrx_word' id='word_1_691' title='bbox 105 5620 190 5674; x_wconf 77' lang='grc' dir='ltr'><strong>τὸν</strong></span> <span class='ocrx_word' id='word_1_692' title='bbox 231 5616 483 5686; x_wconf 80' lang='grc' dir='ltr'><strong>Πατέρα</strong></span> <span class='ocrx_word' id='word_1_693' title='bbox 520 5606 734 5663; x_wconf 76' lang='grc' dir='ltr'><strong>καὶτὸν</strong></span> <span class='ocrx_word' id='word_1_694' title='bbox 771 5605 901 5657; x_wconf 82' lang='grc' dir='ltr'><strong>Υίὺν</strong></span> <span class='ocrx_word' id='word_1_695' title='bbox 933 5599 1181 5671; x_wconf 79' lang='grc' dir='ltr'><strong>συμφυὲς</strong></span> <span class='ocrx_word' id='word_1_696' title='bbox 1215 5598 1291 5670; x_wconf 82' lang='grc' dir='ltr'><strong>μὴ</strong></span> <span class='ocrx_word' id='word_1_697' title='bbox 1317 5597 1494 5659; x_wconf 80' lang='grc' dir='ltr'><strong>ἄλλως</strong></span> <span class='ocrx_word' id='word_1_698' title='bbox 1523 5594 1658 5647; x_wconf 78' lang='grc' dir='ltr'><strong>θεω-</strong></span> 
     </span>
    </p>
   </div>
   <div class='ocr_carea' id='block_1_101' title="bbox 62 5689 1658 5790">
    <p class='ocr_par' dir='ltr' id='par_1_101' title="bbox 62 5689 1658 5790">
     <span class='ocr_line' id='line_1_101' title="bbox 62 5689 1658 5790; baseline -0.018 -21"><span class='ocrx_word' id='word_1_699' title='bbox 62 5737 76 5769; x_wconf 84' lang='grc' dir='ltr'><strong>ι</strong></span> <span class='ocrx_word' id='word_1_700' title='bbox 119 5715 337 5790; x_wconf 82' lang='grc' dir='ltr'><strong>ρεῖσΘαι</strong></span> <span class='ocrx_word' id='word_1_701' title='bbox 399 5710 460 5764; x_wconf 80' lang='grc' dir='ltr'><strong>ει</strong></span> <span class='ocrx_word' id='word_1_702' title='bbox 529 5707 606 5776; x_wconf 80' lang='grc' dir='ltr'><strong>μὴ</strong></span> <span class='ocrx_word' id='word_1_703' title='bbox 652 5703 741 5756; x_wconf 81' lang='grc' dir='ltr'><strong>διὰ</strong></span> <span class='ocrx_word' id='word_1_704' title='bbox 798 5698 892 5753; x_wconf 88' lang='grc' dir='ltr'><strong>τοῦ</strong></span> <span class='ocrx_word' id='word_1_705' title='bbox 927 5697 1060 5751; x_wconf 78' lang='grc' dir='ltr'><strong>Υἱοῦ</strong></span> <span class='ocrx_word' id='word_1_706' title='bbox 1120 5697 1198 5790; x_wconf 45' lang='grc' dir='ltr'><strong>ἐξ</strong></span> <span class='ocrx_word' id='word_1_707' title='bbox 1236 5692 1571 5790; x_wconf 45' lang='grc' dir='ltr'><strong>Πατρὸς-εἴτέ</strong></span> <span class='ocrx_word' id='word_1_708' title='bbox 1598 5689 1658 5741; x_wconf 87' lang='grc' dir='ltr'><strong>τὸ</strong></span> 
     </span>
    </p>
   </div>
   <div class='ocr_carea' id='block_1_102' title="bbox 64 5783 1660 5880">
    <p class='ocr_par' dir='ltr' id='par_1_102' title="bbox 64 5783 1660 5880">
     <span class='ocr_line' id='line_1_102' title="bbox 64 5783 1660 5880; baseline -0.021 -15"><span class='ocrx_word' id='word_1_709' title='bbox 64 5833 79 5864; x_wconf 79' lang='grc' dir='ltr'><strong>ι</strong></span> <span class='ocrx_word' id='word_1_710' title='bbox 118 5783 369 5880; x_wconf 78' lang='grc' dir='ltr'><strong>Πνεῦμα,</strong></span> <span class='ocrx_word' id='word_1_711' title='bbox 404 5801 636 5862; x_wconf 73' lang='grc' dir='ltr'><strong>ἐκεῖνος</strong></span> <span class='ocrx_word' id='word_1_712' title='bbox 677 5795 774 5850; x_wconf 77' lang='grc' dir='ltr'><strong>καὶ</strong></span> <span class='ocrx_word' id='word_1_713' title='bbox 801 5793 863 5858; x_wconf 80' lang='grc' dir='ltr'>ἐξ</span> <span class='ocrx_word' id='word_1_714' title='bbox 890 5793 1095 5862; x_wconf 80' lang='grc' dir='ltr'><strong>ἀμφοῖν</strong></span> <span class='ocrx_word' id='word_1_715' title='bbox 1149 5783 1290 5843; x_wconf 82' lang='grc' dir='ltr'><strong>εἶναι</strong></span> <span class='ocrx_word' id='word_1_716' title='bbox 1331 5788 1392 5842; x_wconf 72' lang='grc' dir='ltr'><strong>τὸ</strong></span> <span class='ocrx_word' id='word_1_717' title='bbox 1433 5783 1660 5854; x_wconf 80' lang='grc' dir='ltr'><strong>Πνεῦμα</strong></span> 
     </span>
    </p>
   </div>
   <div class='ocr_carea' id='block_1_103' title="bbox 65 5888 978 5980">
    <p class='ocr_par' dir='ltr' id='par_1_103' title="bbox 65 5888 978 5980">
     <span class='ocr_line' id='line_1_103' title="bbox 65 5888 978 5980; baseline -0.022 -20"><span class='ocrx_word' id='word_1_718' title='bbox 65 5925 83 5960; x_wconf 85' lang='grc' dir='ltr'><strong>ι</strong></span> <span class='ocrx_word' id='word_1_719' title='bbox 116 5907 225 5980; x_wconf 73' lang='grc' dir='ltr'><strong>ἐρεῖ</strong></span> <span class='ocrx_word' id='word_1_720' title='bbox 257 5902 414 5958; x_wconf 74' lang='grc' dir='ltr'><strong>πάνυ</strong></span> <span class='ocrx_word' id='word_1_721' title='bbox 447 5909 548 5950; x_wconf 89' lang='grc' dir='ltr'><strong>τοι</strong></span> <span class='ocrx_word' id='word_1_722' title='bbox 575 5888 978 5959; x_wconf 79' lang='grc' dir='ltr'><strong>ἀσφαλέστατα.</strong></span> 
     </span>
    </p>
   </div>
   <div class='ocr_carea' id='block_1_104' title="bbox 291 5981 1000 6060">
    <p class='ocr_par' dir='ltr' id='par_1_104' title="bbox 291 5981 1000 6060">
     <span class='ocr_line' id='line_1_104' title="bbox 291 5981 1000 6060; baseline -0.023 -1"><span class='ocrx_word' id='word_1_723' title='bbox 291 6001 604 6060; x_wconf 67' lang='lat' dir='ltr'><strong>Parnm.</strong></span> <span class='ocrx_word' id='word_1_724' title='bbox 636 5989 752 6050; x_wconf 78' lang='lat' dir='ltr'><strong>On.</strong></span> <span class='ocrx_word' id='word_1_725' title='bbox 789 5981 1000 6048; x_wconf 78' lang='lat' dir='ltr'><strong>CXLI.</strong></span> 
     </span>
    </p>
   </div>
   <div class='ocr_carea' id='block_1_105' title="bbox 1755 4699 3108 4776">
    <p class='ocr_par' dir='ltr' id='par_1_105' title="bbox 1755 4699 3108 4776">
     <span class='ocr_line' id='line_1_105' title="bbox 1755 4699 3108 4776; baseline 0.007 -24"><span class='ocrx_word' id='word_1_726' title='bbox 1755 4719 1774 4752; x_wconf 76' lang='grc' dir='ltr'><strong>ι</strong></span> <span class='ocrx_word' id='word_1_727' title='bbox 1812 4699 2186 4771; x_wconf 80' lang='lat' dir='ltr'><strong>progreditur,</strong></span> <span class='ocrx_word' id='word_1_728' title='bbox 2225 4717 2334 4758; x_wconf 87' lang='lat' dir='ltr'><strong>non</strong></span> <span class='ocrx_word' id='word_1_729' title='bbox 2362 4703 2579 4774; x_wconf 90' lang='lat' dir='ltr'><strong>genitus</strong></span> <span class='ocrx_word' id='word_1_730' title='bbox 2603 4704 2699 4761; x_wconf 86' lang='lat' dir='ltr'><strong>sed</strong></span> <span class='ocrx_word' id='word_1_731' title='bbox 2724 4706 3051 4776; x_wconf 87' lang='lat' dir='ltr'><strong>procedens.</strong></span> <span class='ocrx_word' id='word_1_732' title='bbox 3087 4728 3108 4762; x_wconf 76' lang='grc' dir='ltr'><strong>ι</strong></span> 
     </span>
    </p>
   </div>
   <div class='ocr_carea' id='block_1_106' title="bbox 2070 4806 2756 4873">
    <p class='ocr_par' dir='ltr' id='par_1_106' title="bbox 2070 4806 2756 4873">
     <span class='ocr_line' id='line_1_106' title="bbox 2070 4806 2756 4873; baseline 0.004 -4"><span class='ocrx_word' id='word_1_733' title='bbox 2070 4806 2072 4809; x_wconf 61' lang='grc'><em>’</em></span> <span class='ocrx_word' id='word_1_734' title='bbox 2324 4815 2756 4873; x_wconf 82' lang='lat' dir='ltr'><strong>Animadversio.</strong></span> 
     </span>
    </p>
   </div>
   <div class='ocr_carea' id='block_1_107' title="bbox 1828 4924 3329 5001">
    <p class='ocr_par' dir='ltr' id='par_1_107' title="bbox 1828 4924 3329 5001">
     <span class='ocr_line' id='line_1_107' title="bbox 1828 4924 3329 5001; baseline 0.005 -22"><span class='ocrx_word' id='word_1_735' title='bbox 1828 4945 1846 4979; x_wconf 86' lang='grc'><strong>‹</strong></span> <span class='ocrx_word' id='word_1_736' title='bbox 1884 4924 1999 4983; x_wconf 85' lang='lat' dir='ltr'><strong>Hoc</strong></span> <span class='ocrx_word' id='word_1_737' title='bbox 2048 4942 2172 4984; x_wconf 91' lang='lat' dir='ltr'><strong>cum</strong></span> <span class='ocrx_word' id='word_1_738' title='bbox 2219 4927 2586 4985; x_wconf 86' lang='lat' dir='ltr'><strong>clarissimum</strong></span> <span class='ocrx_word' id='word_1_739' title='bbox 2633 4930 2727 4994; x_wconf 88' lang='lat' dir='ltr'><strong>sit,</strong></span> <span class='ocrx_word' id='word_1_740' title='bbox 2784 4929 3055 4985; x_wconf 86' lang='lat' dir='ltr'><strong>exactiori</strong></span> <span class='ocrx_word' id='word_1_741' title='bbox 3109 4931 3329 5001; x_wconf 82' lang='lat' dir='ltr'><strong>exposi—</strong></span> 
     </span>
    </p>
   </div>
   <div class='ocr_carea' id='block_1_108' title="bbox 1757 5018 3248 5091">
    <p class='ocr_par' dir='ltr' id='par_1_108' title="bbox 1757 5018 3248 5091">
     <span class='ocr_line' id='line_1_108' title="bbox 1757 5018 3248 5091; baseline 0.003 -23"><span class='ocrx_word' id='word_1_742' title='bbox 1757 5035 1776 5068; x_wconf 82' lang='grc' dir='ltr'><strong>ι</strong></span> <span class='ocrx_word' id='word_1_743' title='bbox 1817 5020 1963 5074; x_wconf 91' lang='lat' dir='ltr'><strong>tione</strong></span> <span class='ocrx_word' id='word_1_744' title='bbox 1989 5034 2094 5074; x_wconf 86' lang='lat' dir='ltr'><strong>non</strong></span> <span class='ocrx_word' id='word_1_745' title='bbox 2127 5019 2352 5090; x_wconf 79' lang='lat' dir='ltr'><strong>indiget,</strong></span> <span class='ocrx_word' id='word_1_746' title='bbox 2389 5020 2465 5075; x_wconf 93' lang='lat' dir='ltr'><strong>uti</strong></span> <span class='ocrx_word' id='word_1_747' title='bbox 2491 5029 2544 5076; x_wconf 89' lang='lat' dir='ltr'><strong>ct</strong></span> <span class='ocrx_word' id='word_1_748' title='bbox 2578 5018 2712 5074; x_wconf 92' lang='lat' dir='ltr'><strong>illud</strong></span> <span class='ocrx_word' id='word_1_749' title='bbox 2747 5023 2894 5091; x_wconf 84' lang='lat' dir='ltr'><strong>quod</strong></span> <span class='ocrx_word' id='word_1_750' title='bbox 2926 5021 3195 5091; x_wconf 89' lang='lat' dir='ltr'><strong>sequitur.</strong></span> <span class='ocrx_word' id='word_1_751' title='bbox 3229 5039 3248 5073; x_wconf 75' lang='grc' dir='ltr'><strong>ι</strong></span> 
     </span>
    </p>
   </div>
   <div class='ocr_carea' id='block_1_109' title="bbox 2398 5134 2706 5204">
    <p class='ocr_par' dir='ltr' id='par_1_109' title="bbox 2398 5134 2706 5204">
     <span class='ocr_line' id='line_1_109' title="bbox 2398 5134 2706 5204; baseline 0.003 -14"><span class='ocrx_word' id='word_1_752' title='bbox 2398 5134 2706 5204; x_wconf 73' lang='lat' dir='ltr'><strong>Refut‘atio.‘</strong></span> 
     </span>
    </p>
   </div>
   <div class='ocr_carea' id='block_1_110' title="bbox 1829 5225 3332 5299">
    <p class='ocr_par' dir='ltr' id='par_1_110' title="bbox 1829 5225 3332 5299">
     <span class='ocr_line' id='line_1_110' title="bbox 1829 5225 3332 5299; baseline -0.001 -17"><span class='ocrx_word' id='word_1_753' title='bbox 1829 5227 1970 5284; x_wconf 80' lang='lat' dir='ltr'><strong>Vere</strong></span> <span class='ocrx_word' id='word_1_754' title='bbox 2015 5229 2163 5286; x_wconf 88' lang='lat' dir='ltr'><strong>dicta</strong></span> <span class='ocrx_word' id='word_1_755' title='bbox 2213 5228 2468 5299; x_wconf 88' lang='lat' dir='ltr'><strong>perieope</strong></span> <span class='ocrx_word' id='word_1_756' title='bbox 2505 5243 2573 5284; x_wconf 80' lang='lat' dir='ltr'><strong>ex</strong></span> <span class='ocrx_word' id='word_1_757' title='bbox 2621 5228 2861 5284; x_wconf 88' lang='lat' dir='ltr'><strong>essentia</strong></span> <span class='ocrx_word' id='word_1_758' title='bbox 2906 5225 3089 5283; x_wconf 91' lang='lat' dir='ltr'><strong>Patris</strong></span> <span class='ocrx_word' id='word_1_759' title='bbox 3134 5227 3332 5282; x_wconf 89' lang='lat' dir='ltr'><strong>asserit</strong></span> 
     </span>
    </p>
   </div>
   <div class='ocr_carea' id='block_1_111' title="bbox 1760 5319 3333 5392">
    <p class='ocr_par' dir='ltr' id='par_1_111' title="bbox 1760 5319 3333 5392">
     <span class='ocr_line' id='line_1_111' title="bbox 1760 5319 3333 5392; baseline -0.001 -18"><span class='ocrx_word' id='word_1_760' title='bbox 1760 5320 2023 5391; x_wconf 87' lang='lat' dir='ltr'><strong>Spiritum</strong></span> <span class='ocrx_word' id='word_1_761' title='bbox 2061 5323 2381 5392; x_wconf 85' lang='lat' dir='ltr'><strong>procedere,</strong></span> <span class='ocrx_word' id='word_1_762' title='bbox 2404 5320 2552 5391; x_wconf 90' lang='lat' dir='ltr'><strong>quod</strong></span> <span class='ocrx_word' id='word_1_763' title='bbox 2587 5319 2748 5376; x_wconf 90' lang='lat' dir='ltr'><strong>Pater</strong></span> <span class='ocrx_word' id='word_1_764' title='bbox 2779 5323 2850 5378; x_wconf 88' lang='lat' dir='ltr'><strong>sit</strong></span> <span class='ocrx_word' id='word_1_765' title='bbox 2887 5321 3010 5376; x_wconf 91' lang='lat' dir='ltr'><strong>sine</strong></span> <span class='ocrx_word' id='word_1_766' title='bbox 3045 5320 3157 5375; x_wconf 92' lang='lat' dir='ltr'><strong>ullo</strong></span> <span class='ocrx_word' id='word_1_767' title='bbox 3178 5319 3333 5389; x_wconf 90' lang='lat' dir='ltr'><strong>prin-</strong></span> 
     </span>
    </p>
   </div>
   <div class='ocr_carea' id='block_1_112' title="bbox 1758 5412 3330 5484">
    <p class='ocr_par' dir='ltr' id='par_1_112' title="bbox 1758 5412 3330 5484">
     <span class='ocr_line' id='line_1_112' title="bbox 1758 5412 3330 5484; baseline -0.003 -15"><span class='ocrx_word' id='word_1_768' title='bbox 1758 5414 1902 5484; x_wconf 92' lang='lat' dir='ltr'><strong>cipio</strong></span> <span class='ocrx_word' id='word_1_769' title='bbox 1931 5422 1984 5468; x_wconf 89' lang='lat' dir='ltr'><strong>et</strong></span> <span class='ocrx_word' id='word_1_770' title='bbox 2021 5414 2200 5483; x_wconf 87' lang='lat' dir='ltr'><strong>prima</strong></span> <span class='ocrx_word' id='word_1_771' title='bbox 2227 5427 2394 5468; x_wconf 79' lang='lat' dir='ltr'><strong>causa</strong></span> <span class='ocrx_word' id='word_1_772' title='bbox 2425 5413 2571 5477; x_wconf 87' lang='lat' dir='ltr'><strong>Filii,</strong></span> <span class='ocrx_word' id='word_1_773' title='bbox 2605 5423 2659 5466; x_wconf 88' lang='lat' dir='ltr'><strong>et</strong></span> <span class='ocrx_word' id='word_1_774' title='bbox 2691 5412 2952 5482; x_wconf 88' lang='lat' dir='ltr'><strong>Spiritus.</strong></span> <span class='ocrx_word' id='word_1_775' title='bbox 2999 5413 3066 5466; x_wconf 85' lang='lat' dir='ltr'><strong>At</strong></span> <span class='ocrx_word' id='word_1_776' title='bbox 3088 5413 3182 5482; x_wconf 91' lang='lat' dir='ltr'><strong>qni</strong></span> <span class='ocrx_word' id='word_1_777' title='bbox 3226 5426 3330 5465; x_wconf 77' lang='lat' dir='ltr'><strong>no-</strong></span> 
     </span>
    </p>
   </div>
   <div class='ocr_carea' id='block_1_113' title="bbox 1757 5501 3326 5573">
    <p class='ocr_par' dir='ltr' id='par_1_113' title="bbox 1757 5501 3326 5573">
     <span class='ocr_line' id='line_1_113' title="bbox 1757 5501 3326 5573; baseline -0.002 -14"><span class='ocrx_word' id='word_1_778' title='bbox 1757 5505 1899 5560; x_wconf 86' lang='lat' dir='ltr'><strong>verit</strong></span> <span class='ocrx_word' id='word_1_779' title='bbox 1923 5502 2159 5573; x_wconf 88' lang='lat' dir='ltr'><strong>Spiritus</strong></span> <span class='ocrx_word' id='word_1_780' title='bbox 2190 5513 2245 5558; x_wconf 91' lang='lat' dir='ltr'><strong>et</strong></span> <span class='ocrx_word' id='word_1_781' title='bbox 2270 5502 2390 5557; x_wconf 82' lang='lat' dir='ltr'><strong>Filii</strong></span> <span class='ocrx_word' id='word_1_782' title='bbox 2432 5518 2560 5572; x_wconf 81' lang='lat' dir='ltr'><strong>erga</strong></span> <span class='ocrx_word' id='word_1_783' title='bbox 2590 5501 2806 5556; x_wconf 88' lang='lat' dir='ltr'><strong>Patrem</strong></span> <span class='ocrx_word' id='word_1_784' title='bbox 2840 5514 3050 5558; x_wconf 63' lang='lat' dir='ltr'><strong>natura:</strong></span> <span class='ocrx_word' id='word_1_785' title='bbox 3081 5515 3326 5556; x_wconf 90' lang='lat' dir='ltr'><strong>commu-</strong></span> 
     </span>
    </p>
   </div>
   <div class='ocr_carea' id='block_1_114' title="bbox 1760 5594 3329 5668">
    <p class='ocr_par' dir='ltr' id='par_1_114' title="bbox 1760 5594 3329 5668">
     <span class='ocr_line' id='line_1_114' title="bbox 1760 5594 3329 5668; baseline -0.001 -18"><span class='ocrx_word' id='word_1_786' title='bbox 1760 5597 2004 5662; x_wconf 87' lang='lat' dir='ltr'><strong>nionem,</strong></span> <span class='ocrx_word' id='word_1_787' title='bbox 2041 5595 2256 5668; x_wconf 90' lang='lat' dir='ltr'><strong>concipi</strong></span> <span class='ocrx_word' id='word_1_788' title='bbox 2291 5610 2397 5650; x_wconf 89' lang='lat' dir='ltr'><strong>non</strong></span> <span class='ocrx_word' id='word_1_789' title='bbox 2435 5610 2618 5665; x_wconf 88' lang='lat' dir='ltr'><strong>posse,</strong></span> <span class='ocrx_word' id='word_1_790' title='bbox 2659 5594 2762 5647; x_wconf 89' lang='lat' dir='ltr'><strong>nisi</strong></span> <span class='ocrx_word' id='word_1_791' title='bbox 2794 5609 2890 5663; x_wconf 92' lang='lat' dir='ltr'><strong>per</strong></span> <span class='ocrx_word' id='word_1_792' title='bbox 2921 5595 3117 5650; x_wconf 83' lang='lat' dir='ltr'><strong>Filium</strong></span> <span class='ocrx_word' id='word_1_793' title='bbox 3154 5594 3329 5666; x_wconf 87' lang='lat' dir='ltr'><strong>Spiri-</strong></span> 
     </span>
    </p>
   </div>
   <div class='ocr_carea' id='block_1_115' title="bbox 1760 5686 3328 5756">
    <p class='ocr_par' dir='ltr' id='par_1_115' title="bbox 1760 5686 3328 5756">
     <span class='ocr_line' id='line_1_115' title="bbox 1760 5686 3328 5756; baseline 0.001 -14"><span class='ocrx_word' id='word_1_794' title='bbox 1760 5696 1848 5742; x_wconf 88' lang='lat' dir='ltr'><strong>tus</strong></span> <span class='ocrx_word' id='word_1_795' title='bbox 1882 5688 1952 5743; x_wconf 87' lang='lat' dir='ltr'><strong>sit</strong></span> <span class='ocrx_word' id='word_1_796' title='bbox 1983 5704 2049 5742; x_wconf 85' lang='lat' dir='ltr'><strong>ex</strong></span> <span class='ocrx_word' id='word_1_797' title='bbox 2076 5686 2263 5753; x_wconf 89' lang='lat' dir='ltr'><strong>Patre,</strong></span> <span class='ocrx_word' id='word_1_798' title='bbox 2299 5703 2382 5743; x_wconf 80' lang='lat' dir='ltr'><strong>me</strong></span> <span class='ocrx_word' id='word_1_799' title='bbox 2429 5687 2520 5742; x_wconf 87' lang='lat' dir='ltr'><strong>ille</strong></span> <span class='ocrx_word' id='word_1_800' title='bbox 2551 5701 2618 5740; x_wconf 83' lang='lat' dir='ltr'><strong>ex</strong></span> <span class='ocrx_word' id='word_1_801' title='bbox 2649 5695 2886 5754; x_wconf 82' lang='lat' dir='ltr'><strong>utroque</strong></span> <span class='ocrx_word' id='word_1_802' title='bbox 2917 5687 3177 5756; x_wconf 83' lang='lat' dir='ltr'><strong>Spiritum</strong></span> <span class='ocrx_word' id='word_1_803' title='bbox 3210 5689 3328 5743; x_wconf 88' lang='lat' dir='ltr'><strong>sine</strong></span> 
     </span>
    </p>
   </div>
   <div class='ocr_carea' id='block_1_116' title="bbox 1763 5781 2651 5842">
    <p class='ocr_par' dir='ltr' id='par_1_116' title="bbox 1763 5781 2651 5842">
     <span class='ocr_line' id='line_1_116' title="bbox 1763 5781 2651 5842; baseline -0.006 -2"><span class='ocrx_word' id='word_1_804' title='bbox 1763 5784 1874 5840; x_wconf 88' lang='lat' dir='ltr'><strong>ulla</strong></span> <span class='ocrx_word' id='word_1_805' title='bbox 1907 5784 2110 5841; x_wconf 77' lang='lat' dir='ltr'><strong>crrOris</strong></span> <span class='ocrx_word' id='word_1_806' title='bbox 2136 5796 2265 5842; x_wconf 82' lang='lat' dir='ltr'><strong>nota</strong></span> <span class='ocrx_word' id='word_1_807' title='bbox 2297 5781 2651 5842; x_wconf 82' lang='lat' dir='ltr'><strong>asseverabit.</strong></span> 
     </span>
    </p>
   </div>
   <div class='ocr_carea' id='block_1_117' title="bbox 2849 5977 2918 6037">
    <p class='ocr_par' dir='ltr' id='par_1_117' title="bbox 2849 5977 2918 6037">
     <span class='ocr_line' id='line_1_117' title="bbox 2849 5977 2918 6037; baseline -0.058 0"><span class='ocrx_word' id='word_1_808' title='bbox 2849 5977 2918 6037; x_wconf 69' lang='lat'><strong>1&quot;.)</strong></span> 
     </span>
    </p>
   </div>
  </div>
