3882 6600
501 433 605 498 ῑ”87
1522 436 1731 499 JOAN.
1774 436 1986 499 ΥΕεαί
2026 436 2135 498 CP.
2171 437 2680 500 PATRIARCHE
3605 441 3693 509 £88

1125 552 1209 608 Ea:
1239 553 1439 610 eodem.
2097 563 2142 617 Α
2539 557 2642 611 Ἐκ

2097 563 2142 617 Α
2539 557 2642 611 Ἐκ
2678 555 2783 612 τοῦ
2813 555 3003 612 αὐτοῦ
3037 556 3389 627 κεφαλαίου.

563 643 874 702 CXXXVII.
943 664 962 698 ι
1003 644 1266 703 Similiter
1329 647 1606 704 credimus
1666 657 1720 704 et
1781 647 1834 702 in
1893 663 2063 703 unum

2241 651 2406 706 PAZ'.
2474 671 2492 704 ι
2545 649 2777 722 Ὁμοίως
2852 649 3183 721 πιστεύομεν
3245 652 3329 714 εἰς
3409 649 3467 703 ἓν
3511 650 3699 723 Πνεῦμα

498 757 516 791 ι
559 737 823 809 Spiritum
881 748 1130 793 sanctum
1201 738 1513 807 Dominum,
1566 749 1622 795 et
1674 739 2031 795 vivificantem

2174 762 2192 794 ι
2235 743 2410 812 ἅγιον,
2447 743 2508 796 τὸ
2541 743 2767 814 Κύριον,
2800 742 2860 797 τδ
2891 741 3177 808 ζωοποιδν,
3209 743 3271 796 τὸ
3298 743 3364 796 εκ
3401 741 3492 795 τοῦ
3521 743 3697 813 Πατρδς

497 851 515 884 ε
554 831 645 902 qui
673 847 739 886 ex
771 829 930 885 Patre
951 832 1216 903 procedit,
1257 841 1313 888 et
1345 833 1398 886 in
1431 831 1571 887 Filio
1594 833 1977 902 conquiescit;
2012 845 2030 886 ε

2174 855 2192 888 ι
2239 838 2705 907 ἐκπορευόμενον,
2735 839 2832 891 καὶ
2864 838 2922 892 ὲν
2953 836 3068 908 Υίῷ
3100 836 3540 906 ἀναπαυόμενον,
3565 836 3619 888 τὺ
3640 840 3701 908 τῷ

495 944 513 978 σ
553 925 644 995 qui
671 939 796 980 cuin
822 922 981 978 Patre
1024 933 1078 979 et
1116 922 1254 980 Filio
1301 923 1467 980 simul
1520 925 1802 989 adorator,
1837 935 1890 981 et
1936 940 2028 980 con

2175 949 2193 984 ι
2240 931 2416 1001 Ηατρὶ
2445 931 2539 984 καὶ
2574 929 2688 1002 Υίῷ
2721 927 3313 1003 συμπροσκυνούμενὸν
3338 945 3396 982 τε
3448 927 3538 982 καὶ
3558 928 3704 982 συνδο-

497 1039 515 1072 ‹
553 1019 904 1090 gloriﬁcatur.
940 1037 958 1070 ι

2175 1039 2194 1072 ι
2233 1019 2548 1092 ξαζόμενον.
2569 1039 2588 1072 ι

1051 1112 1484 1170 Animadversio.
2759 1111 3139 1170 Ἐπιστασία.

568 1221 586 1254 ι
622 1202 868 1274 Accipite
897 1217 963 1258 ex
995 1202 1098 1258 hac
1129 1217 1350 1273 quoque
1382 1204 1635 1275 pericope
1660 1206 2064 1276 probationem,

2248 1226 2266 1258 (
2307 1207 2473 1278 Δέχου
2526 1208 2634 1262 κάκ
2661 1206 2760 1278 τῆς
2795 1207 3079 1277 παρούσης
3107 1202 3420 1275 περικοπῆς
3445 1204 3703 1274 μαρτυρίαν

492 1313 512 1348 ι
551 1303 697 1351 recte
729 1310 830 1351 nos
875 1295 1352 1362 animadvertisse,
1383 1281 1702 1366 dixisseque
1743 1298 1811 1354 de
1848 1298 1962 1364 illo,
1999 1313 2025 1356 ε

2176 1318 2194 1351 ι
2244 1298 2372 1368 περὶ
2419 1295 2514 1350 τοῦ
2570 1295 2749 1361 καλῶς
2789 1297 2938 1368 ἡμᾶς
2962 1295 3256 1366 ἐπιστῆναι
3286 1293 3384 1348 καὶ
3411 1295 3578 1347 εἰπεῖν
3605 1297 3704 1366 περὶ

493 1405 511 1438 ι
550 1387 664 1457 ipsa
691 1396 743 1442 et
766 1388 821 1442 in
854 1388 993 1457 ipsa,
1031 1402 1373 1460 quacunque
1407 1390 1850 1482 praeuotavimus.
1885 1410 1904 1444 ι

2177 1409 2196 1442 ι
2236 1389 2330 1443 τοῦ
2373 1389 2432 1456 ἐξ
2481 1389 2654 1460 αὐτῆς
2680 1388 2778 1442 καὶ
2803 1389 2862 1443 ὲν
2890 1387 3054 1460 αὐτῇ,
3085 1387 3187 1442 ὅσα
3217 1389 3699 1458 προεπεσημειωσά-

2178 1501 2196 1534 ι
2239 1481 2401 1553 μεθα.
3185 1515 3199 1535 .

1135 1572 1428 1644 Refutalio.
2767 1571 3171 1642 Ἀντίρῤησις.

562 1666 710 1722 Satis
735 1679 868 1739 ergo
897 1673 952 1723 ct
999 1666 1093 1722 tibi
1120 1665 1344 1733 fuerint,
1381 1683 1482 1740 pro
1511 1669 1920 1740 oppugnatione
1962 1670 2067 1725 hu-

2255 1666 2509 1738 Ἀρκέσει
2541 1681 2624 1719 σοι
2650 1663 2838 1720 λοιπὸν
2875 1667 2955 1728 είς
2977 1665 3303 1738 ἀντίρρησιν
3341 1663 3442 1736 τῆς
3474 1664 3707 1741 παρούσης

490 1762 642 1826 iusce
674 1771 780 1816 tua:
814 1757 1308 1819 animadversionis
1339 1777 1504 1834 supra
1532 1780 1628 1835 per
1664 1780 1765 1820 nos
1797 1765 1979 1833 allata,
2015 1785 2023 1819 ι

2174 1759 2513 1830 περικοπῆς,
2557 1757 2651 1812 καὶ
2703 1757 2804 1812 ὅσα
2854 1758 3016 1828 ἡμεῖς
3067 1759 3532 1830 προειρήκειμεν,
3565 1759 3615 1811 ἰν
3648 1758 3707 1820 oi;

489 1869 608 1924 qua:
638 1853 706 1909 de
730 1854 843 1922 illo,
870 1871 888 1906 ι
923 1869 989 1909 ει
1021 1853 1135 1928 ipsa
1159 1872 1179 1908 ι
1206 1862 1258 1909 ει
1281 1873 1300 1906 ‹
1328 1853 1382 1910 in
1418 1855 1586 1926 ipsa,»
1619 1859 2022 1927 praenotavimu:

2174 1847 2679 1919 προεπεσημειώσω
2740 1849 2810 1902 τὰ
2859 1849 2990 1919 περὶ
3059 1846 3157 1901 τοῦ
3215 1846 3287 1912 ἐξ
3327 1845 3517 1916 αὐτῆς
3559 1847 3707 1902 καὶέν

2176 1941 2360 1990 αὐτῆ-
3426 1961 3449 1982 ο

2176 1959 2360 1996 avni.

2104 1960 2148 1990 ι)
2176 1960 2360 2012 aven.

1118 2041 1204 2098 Ea:
1233 2043 1440 2100 cadent.

2104 1960 2148 1990 υ
2176 1960 2360 2012 αυτῃ.

2733 2037 2829 2092 Ἐκ
2857 2036 2966 2093 τοῦ
2994 2031 3208 2095 αὑτοῦ.

556 2154 890 2212 CXXXVIII:
938 2174 956 2209 ί
988 2153 1092 2211 Per
1115 2155 1300 2212 omnia
1332 2155 1479 2211 Patri
1501 2171 1564 2211 ac
1585 2154 1724 2212 Filio
1752 2155 1969 2224 similis,
2004 2173 2071 2214 ex

2245 2145 2422 2205 PAH'.
2451 2165 2471 2200 ‹
2498 2147 2655 2204 Κατά
2683 2149 2863 2204 πάντα
2887 2153 3076 2222 ὅμοιον
3098 2151 3178 2222 τῷ
3195 2151 3374 2222 Πατρὶ
3403 2149 3496 2205 καὶ
3520 2148 3589 2220 τῷ
3603 2145 3709 2220 Titii,

493 2269 512 2301 ι
549 2249 707 2305 Patre
756 2249 1072 2318 procedens,
1126 2263 1191 2302 ac
1225 2247 1327 2302 Per
1362 2247 1558 2302 Filium
1608 2249 1757 2304 omni
1806 2259 2022 2305 creatur

2180 2261 2198 2294 ι
2239 2243 2303 2294 ὲκ
2334 2241 2429 2294 τοῦ
2458 2239 2674 2314 Harpe;
2706 2243 3167 2316 ἐκπορευόμενον,
3200 2244 3300 2298 καὶ
3331 2243 3400 2298 δι’
3432 2243 3558 2297 Υίοῦ
3583 2258 3710 2312 μετα·

493 2363 509 2394 ι
550 2343 880 2411 impertitus,
912 2349 1074 2412 atque
1109 2349 1424 2411 perceptus,
1457 2356 1553 2412 per
1592 2356 1650 2398 se
1679 2339 1857 2410 ipsum
1887 2343 2026 2399 omni

2179 2351 2198 2385 ι
2232 2331 2514 2400 διδόμενον
2557 2333 2655 2386 καὶ
2702 2337 3273 2407 μεταλαμϐανόμενον
3311 2336 3420 2390 ὑπὸ
3447 2335 3614 2402 πάσης
3638 2333 3711 2403 τῆς

493 2454 513 2486 ε
544 2449 768 2490 ,cream,
810 2452 826 2485 ι
2181 2443 2199 2477 ‹
2239 2425 2504 2491 κτίσεως,
2537 2427 2632 2481 καὶ
2664 2429 2730 2481 δι’
2769 2429 2966 2481 ἑαυτοῦ
2999 2429 3186 2494 κτίζον
3210 2432 3283 2483 τὰ
3317 2429 3613 2501 σύμπαντα.
3715 2469 3720 2476 -

1065 2525 1492 2584 Αηὶηιαάυενείο.
2781 2523 3164 2579 Ἐπιστασία.

563 2667 584 2699 ‹
617 2645 858 2700 Audisne
898 2660 964 2700 ex
1013 2645 1173 2702 Patre
1223 2644 1488 2716 Spiritum
1523 2649 1934 2718 procedentem,
1975 2665 2073 2720 per

2252 2655 2270 2688 ι
2316 2636 2557 2700 Ἀκούεις
2588 2638 2651 2691 ὲκ
2673 2638 2766 2692 τοῦ
2804 2638 3012 2709 Πατρδς
3057 2639 3492 2710 ἐκπορευόμενον
3517 2632 3571 2690 τὸ
3585 2632 3711 2688 Πνεῦ·

495 2759 514 2792 ‹
555 2738 752 2795 Filium
783 2737 1321 2808 vero.impertitum,
1351 2749 1405 2794 et
1435 2741 1926 2812 communicatum,
1963 2759 2028 2799 no

2182 2751 2200 2783 ι
2242 2748 2340 2802 μα,
2372 2730 2438 2785 δι’
2467 2731 2596 2785 Υίοῦ
2644 2733 2699 2785 δὲ
2745 2732 3299 2803 μεταλαμϐανόμενον
3345 2733 3438 2786 καὶ
3481 2725 3709 2801 μεταδιὸόο

493 2851 511 2884 ι
553 2845 679 2887 vero
708 2846 773 2886 ex
798 2845 864 2886 eo
898 2830 1307 2901 procedentem.
1340 2851 1360 2884 ι

2183 2842 2202 2876 ι
2244 2840 2426 2894 μενον,
2455 2823 2516 2877 οὺ
2557 2825 2665 2896 μὴν
2688 2825 2752 2878 ὲκ
2775 2825 2965 2878 τούτου
2995 2825 3450 2898 ἐκπορευόμενον.
3477 2842 3494 2876 ι

1129 2924 1434 2995 Refutatio.
2769 2918 2829 2972 Ἀ
2839 2920 3178 2988 ντίρῤησις.

558 3016 762 3072 Verum
802 3027 856 3072 tu
895 3031 1116 3087 quoque
1147 3017 1373 3083 audisti,
1410 3019 1557 3088 quod
1599 3033 1697 3090 per
1739 3017 1936 3074 Filium
1971 3019 2075 3088 im-

2259 3011 2398 3066 Ἀλλ’
2429 3013 2672 3084 ῆκουσας
2703 3011 2800 3067 καὶ
2845 3013 2928 3066 ὅτι
2958 3012 3018 3066 τὸ
3047 3012 3116 3066 δι’
3166 3009 3304 3066 Υίοῧ
3346 3003 3713 3082 μεταλαμϐανό-

489 3094 741 3183 pertitur,
797 3120 856 3165 et
903 3111 1362 3177 communicatur,
1411 3113 1488 3166 uti
1532 3127 1628 3182 per
1682 3111 1882 3167 Filium
1927 3127 2022 3168 exs

2180 3122 2344 3176 μενον
2416 3107 2512 3158 καὶ
2567 3105 3003 3177 μεταδιδόμενον,
3042 3106 3130 3174 ,ὡς
3209 3105 3282 3159 δι’
3336 3104 3464 3160 Υῖοῦ
3510 3103 3709 3172 ὑπάρχον

490 3217 662 3269 steus,
701 3203 1095 3260 communicari
1117 3212 1171 3258 et
1199 3204 1404 3274 percipi
1432 3220 1528 3274 per
1560 3205 1759 3276 ipsum.

2181 3199 2660 3270 μεταλαμβάνεται
2687 3200 2784 3254 καὶ
2809 3199 3150 3271 μεταδίδοται
3180 3198 3248 3253 δι’
3282 3197 3468 3253 αὐτοῦ.

1120 3316 1204 3371 Ex
1233 3319 1435 3374 eodem.
2102 3291 2148 3353 c

2102 3291 2148 3353 α
2724 3316 2826 3370 Ἐκ
2872 3315 2981 3370 τοῦ
3011 3314 3223 3371 αὐτοῦ.

554 3406 848 3466 CXXXIX.
895 3428 913 3462 ι
947 3409 1109 3465 Pater
1139 3411 1344 3482 quippe
1373 3425 1558 3468 causa:
1601 3426 1798 3483 expers
1841 3419 1947 3477 est,
1987 3420 2075 3468 at-

2250 3428 2268 3461 ι
2294 3408 2469 3464 ΡΛΘ’.
2499 3407 2560 3463 '0
2594 3407 2692 3481 μὲν
2715 3411 2825 3481 γὰρ
2857 3409 3048 3480 Πατὴρ
3071 3407 3318 3473 ἀναίτιος
3334 3408 3428 3462 καὶ
3447 3405 3712 3475 ἀγέννητος.

497 3523 516 3556 ι
553 3519 660 3574 quc
694 3503 989 3573 ingenitus.
1032 3499 1146 3557 Nec
1191 3504 1339 3559 enim
1376 3518 1444 3559 ex
1480 3518 1754 3575 quoquam
1789 3513 1913 3560 est:
1948 3519 1980 3558 α
2018 3519 2030 3559 ε

2184 3521 2202 3554 ι
2238 3503 2312 3555 Ού
2367 3503 2502 3574 rip;
2531 3501 2595 3556 ἐκ
2646 3519 2814 3570 τινος,
2858 3502 2982 3556 οὐδὲ
3026 3501 3095 3567 ἐξ·
3133 3502 3335 3556 ἑαυτοῦ
3360 3501 3422 3555 τὸ
3443 3495 3571 3554 εἶναι
3599 3497 3712 3568 ἔχει,

499 3617 518 3649 ‹
561 3600 680 3669 ipso
707 3598 855 3653 enim
881 3611 1006 3652 esse
1041 3597 1205 3653 habet
1230 3610 1246 3650 :
1275 3611 1379 3652 nec
1405 3598 1707 3667 quidquam
1737 3612 1926 3653 eorum
1955 3613 2028 3668 qu

2183 3612 2202 3646 ι
2241 3594 2419 3648 ούδέτι
2451 3593 2562 3650 τῶν
2615 3595 2716 3649 ὅσα
2746 3594 2882 3665 ἔχει.
2913 3596 3086 3660 Αὐτὸς
3105 3595 3163 3649 δὲ
3199 3594 3418 3667 μᾶλλόν
3447 3595 3584 3646 ἐστιν
3605 3590 3713 3659 ἀρχὴ

499 3710 517 3740 ι
555 3690 738 3753 habet,
795 3690 868 3742 ab
927 3687 1035 3742 alio
1086 3688 1249 3744 habet
1280 3705 1294 3743 :
1327 3689 1460 3759 quin
1503 3688 1687 3759 potius
1731 3689 1850 3758 ipsc
1916 3688 2032 3744 reht

2186 3703 2204 3737 ι
2248 3690 2340 3739 καὶ
2388 3687 2539 3740 αἰτία
2569 3687 2666 3741 τοῦ
2701 3681 2870 3748 εἶναι.
2903 3688 2998 3742 καὶ
3041 3689 3138 3742 τοῦ
3178 3689 3300 3752 πῶς
3333 3683 3474 3742 εἶναι
3517 3683 3712 3755 φυσικῶς

499 3803 517 3834 ι
553 3783 816 3838 omnibus
859 3782 1194 3852 principium
1250 3792 1374 3848 est,
1425 3797 1702 3854 causaque
1761 3791 1876 3838 tum
1931 3797 2032 3854 quo

2186 3797 2204 3830 ι
2237 3781 2352 3842 τοῖς
2411 3781 2609 3836 Πᾶσιν.
2647 3781 2707 3834 'O
2752 3780 2806 3833 δὲ
2838 3781 2967 3845 Υίὸς
2995 3781 3276 3853 γεννητῶς
3308 3784 3372 3835 ὲκ
3403 3781 3496 3834 τοῦ
3524 3775 3710 3848 Πατρός-

497 3894 517 3926 ‹
552 3875 684 3940 sint,
716 3884 831 3930 tum
856 3874 1006 3946 quod
1048 3874 1372 3930 naturaliter
1416 3883 1571 3930 certo
1608 3874 1770 3929 modo
1809 3873 1939 3929 sint.
1990 3871 2030 3927 F

2185 3893 2204 3925 t
2242 3875 2316 3928 Τὸ
2367 3874 2702 3944 δὲΠνεῦμα
2740 3873 2804 3928 τὸ
2859 3874 3015 3944 ἅγιον
3038 3913 3056 3942 ,
3109 3879 3202 3930 καὶ
3249 3875 3390 3928 αύτὺ
3427 3874 3523 3943 μὲν
3563 3873 3619 3924 ὲκ
3643 3865 3713 3920 τοῦ

498 3988 514 4020 ι
555 3970 662 4024 lius
717 3977 904 4022 autem
957 3982 1027 4023 ex
1088 3967 1252 4024 Patre
1300 3978 1419 4032 est,
1471 3967 1840 4039 generationis
1890 3965 2031 4022 modi

2185 3984 2203 4018 ι
2240 3965 2482 4036 Πατρὸς,
2511 3963 2629 4018 ἀλλ’
2671 3964 2734 4016 οὐ
2767 3964 3068 4035 γεννητῶς,
3099 3962 3217 4017 ἀλλ’
3245 3957 3606 4034 ἐκπορευτῶς.
3633 3953 3713 4007 Kal

498 4079 515 4112 ι
554 4059 792 4129 Spiritus
840 4073 972 4113 vero
1010 4067 1258 4122 sanctus,
1307 4066 1361 4114 et
1395 4059 1510 4128 ipse
1552 4073 1772 4130 quoque
1811 4073 1881 4114 ex
1919 4059 2031 4113 Pati

2186 4076 2205 4110 ι
2247 4057 2300 4110 τί
2335 4059 2435 4128 μέν
2485 4057 2605 4110 ἐστι
2651 4055 2887 4126 διαφορὰ
2912 4059 3220 4126 γεννήσεως
3254 4057 3351 4109 καὶ
3379 4051 3709 4123 ἐκπορεύσεως

498 4171 516 4204 σ
555 4160 662 4218 est,
687 4166 798 4206 non
837 4158 1018 4206 tamen
1065 4149 1322 4221 gignendi
1361 4151 1544 4216 modo,
1596 4151 1691 4206 sed
1720 4149 2030 4221 procedend

2185 4169 2203 4202 ι
2245 4150 2668 4220 μεμαθήκαμεν·
2697 4151 2782 4213 τίς
2811 4151 2869 4204 δὲ
2897 4153 2924 4204 6
2951 4153 3152 4220 τρόπος
3185 4150 3283 4221 τῆς
3317 4146 3566 4218 διαφορὶ,
3593 4142 3712 4195 0:36a-

499 4261 518 4292 ι
559 4242 624 4295 Et
655 4241 876 4310 quidem
913 4241 1346 4310 generationem,
1395 4250 1449 4296 et
1477 4241 1886 4312 processionem
1933 4241 2032 4296 intr

2184 4261 2203 4297 ε
2241 4244 2537 4314 μῶς.”Δμα
2568 4245 2678 4315 γὰρ
2704 4245 2798 4296 καὶ
2825 4245 2857 4314 ή
2883 4243 3016 4297 Υἱοῦ
3042 4247 3106 4298 ὲκ
3131 4243 3226 4297 τοῦ
3257 4243 3471 4310 Πατρὸς
3488 4239 3711 4308 γέννησις.

497 4352 518 4384 ι
552 4348 611 4388 se
649 4333 871 4388 ditferre
922 4343 1264 4402 compertum
1311 4335 1616 4392 habemus:
1649 4343 1909 4392 caeterum
1951 4352 2024 4406 qu

2185 4355 2203 4390 ι
2244 4340 2339 4391 καὶ
2387 4337 2420 4408 ἡ
2466 4336 2562 4390 τοῦ
2616 4335 2776 4404 ἁγίου
2833 4335 3154 4407 Πνεύματσς
3188 4337 3534 4406 ὲκπόρευσις.
3563 4330 3710 4385 Πάντα

496 4445 514 4476 ι
557 4425 722 4495 hujus
752 4425 1074 4482 differentiae
1116 4427 1311 4485 modus
1357 4430 1452 4494 sit,
1500 4445 1727 4499 prorsus
1775 4445 1883 4485 non
1917 4429 2028 4501 fugi

2185 4449 2204 4484 ι
2245 4429 2376 4500 γοῦν
2401 4430 2504 4484 ὅσα
2531 4429 2644 4501 ἔχει
2671 4431 2700 4483 6
2725 4428 2854 4493 Υἱὸς
2879 4430 3052 4484 καὶτὸ
3073 4428 3321 4499 Πνεῦμα,
3341 4430 3405 4481 ἐκ
3433 4426 3520 4493 τοῦ
3543 4419 3711 4491 Πατρδς

497 4537 516 4569 ι
555 4517 727 4572 Simul
755 4534 919 4589 porro
945 4528 1001 4576 et
1036 4518 1159 4575 Filii
1190 4536 1255 4576 ex
1288 4520 1450 4577 Patre
1488 4523 1794 4594 generatio,
1824 4532 1878 4578 et
1906 4523 2030 4593 Spir

2187 4541 2206 4575 ι
2245 4522 2380 4592 ἔχει,
2409 4523 2504 4576 καὶ
2539 4521 2672 4574 αὐτὸ
2702 4505 2766 4574 τὸ
2799 4515 2963 4576 εἶναι.
2992 4522 3100 4574 Καὶ
3125 4523 3172 4574 sl
3207 4523 3280 4592 μὴ
3311 4525 3338 4576 6
3367 4521 3545 4589 Πατήρ
3575 4518 3708 4572 ἐστιν,

493 4627 516 4659 4
555 4617 644 4663 tus
681 4611 854 4664 sancti
887 4613 1169 4694 processio
1196 4621 1298 4668 est.
1336 4612 1532 4668 Omnia
1565 4615 1730 4686 igitur
1762 4631 1883 4686 quae
1906 4615 2026 4671 Filii

2189 4632 2206 4665 ι
2245 4614 2366 4669 οὐδὲ
2411 4615 2440 4668 6
2491 4614 2620 4678 Υἱός
2657 4616 2827 4678 ὲστιν,
2867 4614 2989 4668 οὐδὲ
3031 4615 3091 4667 τὸ
3144 4613 3394 4684 Πνεῦμα,
3428 4613 3515 4666 καὶ
3547 4609 3620 4663 διὰ
3646 4605 3711 4657 τὸν

497 4718 516 4752 ι
553 4710 608 4755 ει
644 4702 888 4770 Spiritus
920 4701 1144 4769 habent,
1177 4712 1342 4774 atque
1382 4706 1518 4761 adeo
1557 4706 1662 4762 hoc
1697 4707 1899 4777 ipsum,
1929 4722 2030 4778 quo

2189 4727 2208 4760 ι
2255 4705 2510 4777 Πατέρα,
2541 4707 2791 4760 τουτέστι
2834 4707 2925 4760 διὰ
2953 4704 3014 4760 τὸ
3049 4703 3188 4760 εἶναι
3223 4706 3317 4760 τὸν
3367 4704 3573 4774 Πατέρα
3597 4698 3709 4751 ἔστιν

499 4809 517 4840 ι
557 4800 704 4844 sunt.
739 4789 897 4855 Quod
933 4792 980 4849 si
1014 4791 1170 4850 Pater
1197 4810 1306 4850 non
1337 4805 1442 4861 est,
1468 4811 1600 4852 sane
1635 4811 1736 4853 nec
1763 4795 1937 4853 Filius
1969 4814 2026 4852 es

2189 4818 2207 4851 ι
2247 4802 2276 4853 6
2307 4800 2421 4864 υίὸς
2453 4800 2548 4854 κοι)⁵
2590 4798 2653 4852 τὸ
2679 4797 2926 4869 Πνεῦμα.
2966 4800 3077 4854 Καὶ
3103 4798 3192 4852 διὰ
3226 4799 3316 4851 τὸν
3346 4797 3552 4866 Πατέρα
3577 4787 3710 4861 ἔχειὸ

501 4899 522 4932 ι
563 4896 664 4937 nec
707 4880 969 4953 Spiritus.
1015 4882 1205 4941 Itidem
1257 4887 1303 4942 si
1352 4887 1509 4942 Pater
1549 4888 1686 4943 nihil
1740 4889 1924 4957 habet,
1977 4905 2034 4945 ne

2190 4913 2208 4947 ι
2250 4895 2376 4955 Υἱὸς
2427 4895 2523 4947 καὶ
2555 4893 2616 4946 τὸ
2649 4891 2874 4963 Πνεῦμα
2922 4891 3102 4948 πάντα
3150 4891 3186 4946 ἃ
3221 4891 3355 4962 ἔχει,
3401 4888 3626 4943 τουτέστι
3645 4878 3708 4932 διὰ

501 4990 518 5012 ι
560 4970 736 5028 Filius
767 4975 986 5043 quidem
1018 4977 1316 5046 quidquam
1353 4979 1538 5045 habet,
1573 4995 1669 5035 nec
1695 4980 1955 5052 Spiritus.
1995 4983 2034 5037 A

2189 5007 2207 5041 ι
2248 4988 2308 5041 τὸ
2354 4987 2446 5041 τὸν
2479 4989 2699 5057 Πατέρα
2735 4985 2881 5057 ἔχειν
2923 4987 3086 5052 αὐτὰ,
3123 4986 3264 5057 πλὴν
3296 4985 3401 5055 τῆς
3432 4974 3707 5050 ἀγεννησίις

502 5082 520 5102 σ
560 5072 783 5134 propter
837 5064 1080 5134 Patrem,
1138 5069 1190 5122 id
1243 5079 1326 5125 est
1367 5072 1496 5140 quia
1544 5072 1702 5127 Pater
1731 5083 1852 5148 ρει,
1904 5071 2035 5128 Filiu

2190 5099 2208 5132 ι
2245 5081 2338 5135 καὶ
2399 5080 2498 5149 τῆς
2561 5080 2871 5150 γεννήσεως
2929 5079 3023 5132 καὶ
3073 5080 3175 5149 τῆς
3216 5077 3600 5148 ὲκπορεύσεως.
3639 5067 3707 5118 Ἐν

500 5174 518 5206 ι
554 5172 774 5227 quoque
814 5167 868 5213 et
909 5159 1148 5230 Spiritus
1189 5156 1340 5219 su'ut.
1394 5164 1459 5218 Et
1501 5181 1692 5221 rursus
1719 5177 1940 5238 propter
1974 5167 2033 5223 Pz

2189 5190 2208 5225 ι
2245 5171 2469 5234 ταύταις
2513 5172 2621 5243 γὰρ
2684 5171 2877 5242 μόναις
2919 5172 3041 5234 ταῖς
3093 5171 3482 5231 ὑποστατικαῖς
3524 5163 3704 5226 ἰδιότησι

501 5265 518 5299 ι
556 5258 691 5303 trem
721 5249 926 5306 habent
968 5250 1140 5310 Filius
1173 5266 1225 5310 et
1251 5256 1511 5327 Spiritus,
1560 5259 1745 5313 omnia
1791 5249 1930 5330 quae.
1963 5262 2034 5330 ips

2190 5283 2208 5318 ι
2245 5263 2598 5335 διαφέρουσιν
2645 5264 2892 5335 ἀλλήλων
2938 5265 2995 5318 al
3025 5264 3179 5334 ἅγιαι
3219 5263 3373 5335 τρεῖς
3406 5257 3703 5315 ὑποστάσεις,

500 5360 518 5386 σ
560 5343 755 5411 habet;
819 5345 926 5401 hoc
971 5354 1056 5402 est
1111 5349 1239 5419 quia
1293 5347 1458 5406 Pater
1506 5351 1624 5407 haec
1674 5352 1859 5408 habet.
1919 5351 2031 5410 Exc

2191 5375 2211 5410 ι
2251 5358 2350 5410 οὐκ
2399 5355 2581 5429 ούσίᾳ,
2605 5355 2684 5427 τῷ
2714 5357 2770 5410 δὲ
2801 5357 3289 5429 χαρακτηριστικῷ
3317 5357 3416 5428 τῆς
3449 5351 3571 5414 ιδίας
3600 5348 3703 5400 ὑπ’

500 5454 520 5490 ‹
557 5436 768 5504 ρίεηᾶεε
805 5442 1186 5497 tantummodo
1213 5452 1341 5498 sunt
1366 5443 1612 5515 ingeniti,
1647 5447 1836 5516 geniti,
1865 5457 1920 5504 et
1950 5461 2033 5519 prt

1799 5447 1836 5513 i,
1865 5457 1920 5504 et
1950 5461 2079 5519 pro-
2193 5469 2210 5500 ‹
2253 5447 2494 5511 στάσεως
2530 5449 2848 5519 ἁδιαιρέτως
2878 5449 3280 5522 διαιρούμεναι.
3312 5470 3331 5504 ι

502 5546 518 5578 ι
554 5531 824 5588 cessionis
851 5547 1036 5590 voces.
1072 5534 1131 5589 In
1166 5535 1252 5593 his
1291 5539 1436 5592 enim
1493 5541 1763 5595 duntaxat
1827 5541 2186 5614 hypostaticis
2263 5543 2689 5612 praprietatihus
2761 5552 2870 5601 tres
2928 5557 3132 5602 sancta:
3203 5539 3476 5601 Trinitatis
3506 5544 3702 5610 perm!

493 5650 512 5678 ι
555 5625 696 5680 inter
726 5639 786 5680 se
814 5624 1094 5695 diﬂerunt,
1129 5641 1238 5684 non
1262 5631 1523 5701 essentia,
1561 5633 1656 5688 sed
1691 5634 1952 5703 peculiari
2013 5635 2280 5706 cujusque
2331 5647 2581 5704 personat
2611 5643 2736 5689 nota
2772 5635 3126 5691 indistinctim
3158 5635 3440 5693 distincta.
3474 5650 3492 5685 ι

1070 5747 1501 5807 Animadversio.

2789 5755 3172 5814 Ἑπιστασία.

565 5857 584 5891 ι
619 5837 895 5895 Attendito
925 5841 1232 5913 diligenter,
1260 5845 1423 5900 simul
1452 5856 1505 5902 et
1535 5844 1658 5900 Filii
1693 5863 1756 5903 ex
1789 5848 1946 5902 Patre
1979 5864 2072 5919 ge-

2256 5866 2274 5899 t
2319 5848 2562 5917 Προσχες
2618 5849 2887 5918 ἀκριϐῶς,
2925 5851 3041 5920 ἅμα
3087 5853 3152 5904 ὲκ
3204 5849 3298 5904 τοῦ
3341 5847 3540 5920 Πατρδς
3575 5838 3694 5908 καῖῆ

494 5951 514 5985 ι
551 5933 910 6003 nerationcm,
952 5945 1006 5996 et
1043 5935 1281 6006 Spiritus
1314 5941 1726 6036 processioncm
1771 5958 1913 6001 esse.
1949 5944 2027 6009 No

2177 5959 2195 5995 t
2238 5940 2328 5995 τοῦ
2353 5939 2482 5994 Υἱοῦ
2507 5940 2780 6010 γέννησις,
2799 5943 2890 5995 καὶ
2913 5944 2944 6014 ἡ
2968 5943 3060 5996 τοῦ
3083 5943 3221 5998 Πνεύ
3230 5961 3392 6015 ματος
3409 5940 3691 6009 ὲκπὸρευσις.
