3882 6576
394 441 488 509 ἷθι

1413 435 1627 500 JOAN.
1671 432 1887 498 VECCI
1927 432 2034 493 CP.
2078 427 2594 492 PATRIARCHA!

3544 420 3638 490 592

400 580 416 609 σ
458 556 726 630 siquidem
754 563 836 612 est
863 552 1192 628 proprietas.
1225 549 1346 618 Quo
1375 551 1521 606 enim
1540 548 1782 618 alioquin
1815 546 1979 602 modo

2101 563 2106 595 l
2143 543 2334 615 Πατὴρ
2366 545 2394 596 ό
2423 542 2574 608 Υἱὸς,
2627 539 2687 595 οὐ
2744 538 2950 615 κυρίως
2999 540 3146 608 Υῑδς,
3175 538 3277 596 καὶ
3339 539 3398 593 ἒν
3438 531 3640 610 Πνεῦμα

401 673 416 705 ι
457 649 765 724 proprietas
791 647 892 704 sibi
936 653 1236 708 constaret,
1271 643 1318 698 si
1361 649 1700 704 moveretur,
1732 649 1897 706 atque
1934 651 1966 692 a

402 765 418 796 ι
458 759 517 800 se
570 739 942 799 descisceret?
985 736 1122 792 Nam
1172 735 1218 792 si
1247 733 1418 791 Filius
1445 733 1609 789 Pater
1653 739 1758 794 est,
1805 729 1970 784 Pater

403 855 418 885 ι
456 849 590 889 sane
618 831 842 903 preprie
887 845 998 884 non
1032 838 1138 884 est.
1183 824 1336 882 Unus
1382 823 1538 880 enim‘
1561 822 1780 894 proprie
1807 818 1970 874 Pater

400 943 418 976 ι
454 932 560 980 est.
598 921 802 978 Eodem
843 919 1008 974 modo
1042 919 1087 974 si
1113 916 1284 972 Filius
1321 913 1484 969 Pater
1513 921 1619 977 est,
1651 909 1821 966 Filius
1846 923 1972 981 pro-

404 1015 577 1087 vprie
615 1028 726 1069 non
770 1020 874 1068 est.
909 1011 1066 1068 Unus
1089 1009 1252 1077 ,enim
1287 1006 1506 1077 proprie
1535 1003 1708 1060 Filius
1747 1011 1857 1068 est,
1889 1009 1971 1055 at-

403 1128 422 1161 ι
459 1123 567 1180 que
592 1122 757 1162 ~unus
811 1104 1051 1176 Spiritus
1111 1110 1356 1157 sanctus.
1443 1097 1558 1152 Hoc
1612 1109 1779 1168 porro
1830 1092 1973 1149 scire

402 1220 420 1252 ι
458 1214 638 1272 operte
682 1198 920 1268 pretium
971 1203 1078 1260 est,
1114 1192 1262 1264 quod
1316 1189 1534 1246 Patrem
1574 1203 1641 1244 ex
1687 1186 1800 1241 ullo
1848 1198 1974 1239 esse

403 1316 421 1348 ι
460 1292 970 1356 minimedicintus,
994 1289 1088 1346 sed
1113 1287 1234 1342 Filii
1259 1285 1474 1342 Patrem
1502 1295 1626 1337 esse
1647 1278 1970 1335 asserimus.

403 1411 420 1444 ι
458 1389 654 1446 Filium
681 1389 818 1442 item
846 1402 953 1442 nec
984 1398 1232 1447 causam,
1275 1395 1374 1436 nec
1402 1377 1618 1434 Patrem
1667 1388 1788 1430 esse
1829 1371 1971 1428 dici-

404 1503 421 1534 I
461 1498 608 1550 mus,
640 1496 832 1538 verum
863 1495 989 1535 eum
1020 1487 1075 1533 et
1100 1473 1363 1532 ekaatre
1402 1485 1547 1536 esse,
1581 1476 1637 1525 et
1666 1465 1846 1521 Patris
1877 1463 1971 1519 Fi-

403 1595 422 1628 ι
456 1576 588 1631 lium
641 1590 784 1632 esse.
845 1572 1090 1642 Denique
1146 1567 1415 1640 Spiritum
1467 1570 1746 1625 sanctum,
1799 1567 1853 1614 et
1906 1571 1975 1612 ex

405 1689 424 1722 ι
461 1669 620 1726 Patre
646 1685 768 1726 esse
814 1667 1130 1733 statuimus,
1180 1672 1235 1719 et
1268 1657 1744 1729 Patris-Spiritum
1792 1651 1977 1724 appel-

405 1775 423 1806 ι
458 1755 659 1811 lamus.
697 1756 768 1810 At
793 1769 923 1810 vero
973 1769 1098 1810 eum
1145 1767 1212 1808 ex
1245 1749 1386 1805 Filio
1414 1763 1542 1805 esse
1580 1760 1690 1800 non
1718 1742 1975 1806 dicimus,

407 1868 424 1899 ι
462 1848 560 1905 sed
605 1846 732 1903 Filii
774 1846 1042 1919 Spiritum
1090 1844 1523 1900 nominamus.-r
1563 1837 1620 1894 Si
1655 1835 1780 1908 quis
1825 1833 1974 1890 enim

2083 656 2100 690 t
2142 636 2318 706 ἅγιον.
2342 636 2387 689 Χ
2396 635 2465 706 pi)
2484 635 2542 689 δὲ
2562 634 2852 704 γινώσκειν
2881 636 2964 689 ὃτι
2994 635 3087 688 τὸν
3107 632 3332 704 Πατέρα
3350 631 3411 685 ού
3431 632 3642 703 λέγομεν

2079 746 2100 780 ι
2137 727 2201 782 ἐκ
2224 745 2394 793 τινος,
2423 727 2657 798 λέγομεν
2695 727 2753 780 δὲ
2784 727 2948 782 αὐτὸν
2989 726 3086 781 τοῦ
3116 725 3251 780 Υίοῦ
3281 724 3523 797 Πατέρα.
3552 725 3642 780 Τὸν

2081 839 2101 875 ι
2137 819 2196 874 δὲ
2243 820 2371 874 Υίὺν
2402 821 2465 875 ού
2516 820 2750 889 λέγομεν
2779 819 2956 873 αῐτιον
2995 819 3119 873 οὐδὲ
3158 818 3409 889 Πατέρα,
3437 817 3644 887 λέγομεν

2083 927 2102 962 ι
2140 909 2198 963 δὲ
2226 908 2391 964 αὑτὸν
2421 909 2487 962 ὲκ
2520 906 2616 962 τοῦ
2643 908 2857 979 Πατρδς
2889 910 2985 962 καὶ
3015 907 3142 961 Υἱδν
3169 907 3268 961 τοῦ
3293 905 3530 978 Πατρός.
3551 908 3647 984 καὶ

2083 1021 2102 1056 ι
2145 1003 2208 1057 τὺ
2248 1002 2478 1074 Πνεῦμα
2516 1001 2579 1055 τδ
2623 1001 2782 1071 ᾶγιον
2812 1003 2876 1054 ὲκ
2907 1001 3002 1054 τοῦ
3033 999 3248 1071 Πατρδς
3284 999 3540 1068 λέγομεν,
3568 1001 3648 1053 καὶ

2083 1112 2103 1146 ι
2141 1093 2371 1164 Πνεῦμα
2430 1091 2646 1163 Πατρδς
2693 1091 3058 1164 ὀνομάζομεν,
3091 1092 3157 1144 ἐκ
3196 1089 3296 1144 τοῦ
3339 1089 3470 1144 Υίοῦ
3508 1089 3563 1143 δὲ
3599 1092 3650 1144 τὸ

2084 1203 2104 1240 ι
2145 1185 2373 1256 Πνεῦμα
2416 1185 2476 1238 ού
2516 1184 2772 1256 λέγομεν,
2803 1183 3028 1254 Πνεῦμα
3052 1183 3108 1237 δὲ
3137 1181 3274 1237 Υίοῦ
3305 1181 3649 1252 ὀνομάζομεν.

2085 1297 2104 1334 ι
2144 1278 2214 1334 Εἴ
2239 1295 2324 1343 τις
2355 1277 2582 1348 Πνεῦμα
2628 1277 2870 1348 Χριστοῦ
2925 1277 3028 1330 οὐκ
3059 1275 3198 1346 ἔχει,
3232 1275 3406 1345 φησιν
3459 1273 3487 1327 ὁ
3529 1274 3652 1336 θεῖος

2086 1388 2106 1423 ι
2155 1368 2500 1431 ’Δπόστολος.
2527 1367 2638 1420 Καὶ
2669 1367 2736 1421 δι’
2763 1365 2896 1421 Υῑοῦ
2924 1366 3354 1437 πεφανερῶσθαι
3383 1365 3476 1419 καὶ
3506 1383 3654 1436 μετα-

2088 1478 2108 1514 (
2144 1459 2379 1514 δίδοσθαι
2402 1459 2533 1530 ἡμῖν
2559 1458 2948 1531 ὁμολογοῦμεν.
2983 1477 3003 1512 ι
3028 1458 3369 1531 Ἐνεφύσησε
3395 1457 3523 1528 γὰρ,
3573 1459 3654 1512 καὶ

2087 1570 2106 1604 ι
2123 1591 2129 1596 .
2147 1547 2269 1606 εἷπε
2292 1553 2408 1617 τοῖς
2435 1551 2704 1623 μαθηταῖς
2743 1551 3170 1620 αὐτοῦλΛάδετε
3196 1551 3427 1622 Πνεῦμα
3448 1551 3638 1619 lyram

2088 1662 2108 1698 ι
2146 1644 2338 1716 ὥσπερ
2358 1644 2426 1697 ὲκ
2448 1644 2542 1698 τοῦ
2567 1644 2724 1716 ἡλίου
2751 1645 2851 1716 μὲν
2881 1646 2917 1716 ἦ
2954 1649 3014 1700 τε
3059 1646 3221 1709 ἀκτὶς
3251 1643 3353 1698 καὶ
3372 1642 3651 1714 ἐλλαμψις·

2088 1757 2108 1792 ι
2141 1738 2307 1802 αὐτὸς
2340 1738 2452 1809 γάρ
2503 1741 2674 1808 ἐστιν,
2702 1739 2737 1811 ὴ
2763 1739 2916 1810 πηγὴ
2943 1739 3044 1809 τῆς
3085 1755 3148 1794 τε
3186 1740 3415 1802 ἀκτῖνος
3458 1738 3548 1792 καὶ
3571 1740 3654 1808 τῆς

2089 1850 2111 1885 ι
2147 1831 2490 1902 ὲλλάμψεως,
2520 1831 2610 1885 διὰ
2656 1832 2715 1886 δὲ
2761 1834 2862 1903 τῆς
2904 1831 3127 1896 ἀκτῖνος
3160 1831 3196 1904 ἡ
3239 1829 3512 1902 ἐλλαμψις
3539 1830 3654 1900 ἡμῖν

408 1960 426 1992 ι
461 1940 715 2011 spiritum
746 1939 954 1998 Cltl‘iSli
1007 1953 1117 1993 non
1171 1935 1356 2002 habet,
1404 1932 1482 1988 ait
1519 1927 1838 2001 Apostolus,
1872 1923 1976 1979 ilic

2101 1942 2108 1978 ι
2151 1923 2529 1995 μεταδίδοται,
2576 1924 2673 1978 καὶ
2721 1923 2863 1995 αὕτη
2902 1923 3113 1996 ἐστὶνὴ
3160 1923 3480 1994 φωτίζουσα
3526 1923 3655 1993 ἡμᾶς

406 2050 424 2081 ι
463 2045 573 2085 non
603 2039 688 2088 est
725 2031 846 2101 ejus
871 2031 940 2084 '9.
981 2048 1000 2082 ι
1029 2029 1208 2099 Atque
1238 2027 1415 2098 ipsum
1452 2021 1610 2078 nobis
1637 2034 1733 2091 per
1751 2014 1977 2071 ~Filium

2101 2035 2114 2069 ι
2149 2016 2247 2075 καὶ
2299 2015 2639 2087 μετεχομένη
2689 2015 2781 2086 ὑφ’
2812 2016 2993 2088 ἡμῶν.
3039 2017 3144 2073 Τὸν
3168 2016 3228 2070 δὲ
3266 2014 3402 2070 Υίὺν
3421 2014 3542 2090 οὔτε
3573 2013 3654 2067 τοῦ

409 2143 427 2174 ι
463 2130 517 2178 et
545 2123 877 2193 patefactum
902 2138 1045 2191 esse,
1078 2130 1133 2177 et
1157 2116 1426 2191 impertiri
1454 2114 1800 2171 conﬁtemur.
1843 2129 1863 2164 ι
1887 2109 1980 2165 la-

2101 2108 2475 2178 ιΠνεύματος
2531 2109 2764 2180 λέγομεν
2787 2147 2804 2178 ,
2854 2107 2980 2163 οὔτε
3056 2107 3164 2181 μὴν
3231 2109 3304 2163 ὲκ
3367 2105 3462 2160 τοῦ
3506 2104 3655 2159 Πνεύ-

406 2235 426 2269 ι
464 2215 699 2272 suﬁlavit
748 2217 916 2282 enim,
959 2216 1037 2270 ait
1078 2214 1191 2282 ille,
1230 2221 1284 2268 et
1331 2210 1467 2266 dixit
1507 2205 1796 2277 discipulis
1837 2203 1979 2269 suis,
2078 2220 2114 2254 -ι
2153 2219 2344 2274 ματος.
2396 2221 2416 2256 ι

409 2329 429 2361 ι
464 2308 711 2380 Accipite
755 2309 1015 2378 Spiritum
1067 2298 1407 2368 sanctum“.
1449 2300 1510 2371 »ε
1541 2295 2016 2367 Quemadmodum
2069 2293 2329 2350 .videlicet
2411 2311 2480 2352 ex
2545 2295 2662 2354 sole
2711 2295 2960 2369 quidem,
2999 2302 3058 2353 et
3090 2293 3285 2352 radius
3338 2300 3396 2350 et
3427 2290 3658 2364 splendor

410 2424 428 2457 ι
463 2413 645 2460 ortum
679 2404 906 2469 habent,
943 2403 1058 2472 ipse
1089 2402 1234 2456 enim
1282 2407 1336 2456 et
1373 2397 1537 2463 radii,
1569 2405 1625 2452 et
1662 2391 1970 2465 splendoris
2004 2389 2122 2446 fons
2151 2399 2257 2458 est,
2323 2405 2422 2460 per
2469 2393 2699 2447 radium
2736 2401 2922 2449 autem
3000 2392 3162 2448 nobis
3203 2389 3468 2462 splendor
3527 2402 3657 2448 coms

409 2517 429 2552 ι
467 2499 799 2562 municatus,
857 2508 1021 2568 atque
1068 2495 1188 2566 ipse
1229 2499 1334 2559 est,
1381 2491 1476 2562 qui
1520 2503 1622 2545 nos
1672 2484 1980 2550 collustrat,
2012 2492 2177 2556 atque
2243 2499 2274 2540 a
2310 2483 2471 2542 nobis
2541 2486 2866 2557 percipitur.
2897 2486 2969 2541 At
3035 2483 3236 2542 Filium
3308 2499 3414 2542 nec
3443 2485 3659 2558 Spiritus

413 2610 432 2644 ι
475 2591 672 2657 ﬁlium,
699 2605 802 2646 nec
823 2603 891 2644 ex
924 2586 1134 2659 Spiritu
1175 2600 1298 2641 esse
1331 2582 1592 2638 dicimus.
1621 2597 1641 2631 ι

989 2677 1414 2734 Animadversio.

2119 2735 2134 2744 Γ
2156 2738 2159 2740 ς
2698 2666 3081 2724 Ἐπιστασια.

495 2795 514 2825 ι
552 2773 832 2854 Attentius
863 2767 1115 2827 recolens
1139 2770 1280 2824 hanc
1305 2767 1638 2838 pericopem,
1667 2773 1722 2821 et
1745 2776 1868 2835 qua
1895 2777 1990 2834 per

2177 2773 2196 2809 ι
2252 2757 2792 2837 Ἐπιστατικώτερον
2839 2761 3047 2834 ταύτης
3097 2763 3347 2828 ἀκούσας
3392 2765 3492 2836 τῆς
3527 2782 3660 2838 περι-

415 2889 434 2921 ι
469 2883 592 2923 eam
619 2849 868 2923 doctrina
904 2863 1166 2927 traditur,
1198 2860 1536 2917 concordato
1578 2874 1701 2913 cum
1737 2858 1830 2925 iis,
1869 2872 1990 2927 quae

2103 2865 2123 2900 ι
2171 2849 2371 2920 κοπῆς,
2415 2851 2511 2906 καὶ
2541 2851 2642 2923 τὴν
2687 2851 2776 2907 διά
2827 2853 3030 2924 ταύτης
3075 2855 3453 2924 διδασκαλίαν,
3486 2859 3658 2930 συμϐί-

418 2982 436 3013 ι
474 2977 640 3031 supra
698 2971 764 3014 ex
823 2959 1052 3028 reliquis
1107 2955 1330 3011 deiferis
1387 2953 1665 3016 Patribus,
1721 2949 1987 3022 Gregorio

2103 2959 2122 2994 ι
2173 2942 2339 2996 ϐασον
2388 2943 2528 3014 προς
2591 2944 2737 3015 ἅπερ
2788 2945 3044 3018 ἀνωτέρω
3104 2949 3261 3018 παρά
3313 2949 3426 3003 τῶν
3477 2950 3658 3004 λοιπῶν

417 3074 436 3107 ι
479 3068 674 3122 nempe
704 3049 1007 3122 Tlteologo,
1034 3047 1302 3118 Nysseno,
1337 3055 1391 3102 et
1424 3046 1670 3102 ctelestia
1713 3045 1988 3100 revelantc

2105 3053 2125 3087 ι
2174 3035 2450 3107 θεοφόρων
2493 3038 2778 3108 Πατέρων,
2828 3039 2923 3092 τοῦ
2967 3039 3232 3110 Θεολόγου
3282 3043 3487 3114 δηλαδὴ
3539 3045 3662 3116 Γρη-

417 3144 737 3216 «Dionysio
787 3142 1071 3211 accepisti.
1128 3138 1376 3209 Namque
1419 3154 1545 3194 cum
1603 3138 1680 3192 illi
1744 3151 1813 3192 ex
1870 3136 1988 3193 solo

2101 3145 2119 3181 ι
2167 3128 2374 3199 γορίου,
2410 3129 2504 3182 τοῦ
2549 3128 2792 3201 Νύσσης,
2826 3132 2918 3184 καὶ
2969 3133 3065 3186 τοῦ
3091 3135 3472 3206 ίεροιράντορος
3503 3139 3662 3191 Διονυ-

420 3262 439 3293 ι
478 3241 641 3296 Patre
696 3235 1107 3309 processionem
1159 3232 1400 3303 Spiritus
1449 3229 1849 3297 decrevissent,
1899 3227 1990 3284 hic

2103 3238 2122 3272 ι
2170 3220 2292 3274 σίου
2353 3221 2690 3292 παρέλαϐες.
2753 3222 3011 3280 Ἐκείνων
3055 3226 3163 3298 γὰρ
3231 3228 3302 3280 ὲκ
3365 3230 3527 3298 μόνου
3579 3230 3658 3282 τοῦ

419 3355 436 3387 ι
472 3335 690 3392 divinus
731 3328 1057 3385 item-Pater
1089 3341 1197 3381 non
1222 3325 1409 3380 [aliena
1440 3323 1510 3379 ab
1545 3338 1736 3380 eorum
1770 3329 1990 3377 senten-

2103 3331 2123 3366 ι
2169 3315 2386 3386 Πατρδς
2415 3316 2515 3388 τὴν
2548 3317 2642 3370 τοῦ
2672 3317 2992 3389 Πνεύματος
3018 3320 3468 3390 δογματισὰντων
3507 3324 3656 3378 ἐκπό-

421 3448 440 3482 ι
473 3430 548 3483 tia
571 3426 825 3489 edocens,
860 3419 1154 3492 explanat;
1195 3417 1462 3487 Spiritum
1505 3424 1757 3474 sanctum
1790 3429 1858 3470 ex
1889 3411 1990 3467 Pa-

2103 3425 2124 3460 ι
2175 3423 2382 3478 ρευσιν,
2408 3403 2566 3472 οὗτος
2600 3409 2628 3463 ό
2654 3410 2915 3482 θεοφόρος
2962 3413 3152 3482 Πατὴρ
3183 3415 3421 3478 ἐκείνοις
3471 3416 3659 3486 συνφδά

421 3541 440 3575 ι
483 3531 564 3576 tre
595 3519 850 3582 dicimus,
900 3526 953 3572 et
991 3510 1900 3584 SpiritumPatrisnuncupamus,
1929 3521 1990 3561 ett

2104 3517 2124 3551 ι
2169 3497 2456 3565 διδάσκων,
2489 3498 2773 3563 διέξεισι·
2819 3501 3004 3554 καὶτὸ
3040 3503 3270 3573 Πνεῦμα
3303 3505 3368 3557 τὸ
3418 3505 3566 3574 ἅγιον
3609 3509 3662 3558 ἐκ
3721 3496 3728 3510 ί

422 3634 440 3666 ι
474 3613 628 3668 Filio
646 3627 776 3666 vero
803 3607 1069 3679 Spiritum
1097 3621 1216 3660 non
1242 3605 1501 3660 dicimus.
1526 3603 1607 3656 Ad
1637 3603 1751 3656 hate
1786 3609 1990 3664 notato,

2107 3609 2126 3642 ι
2172 3589 2273 3648 τοῦ,
2307 3590 2522 3658 Πατρδς
2554 3589 2812 3661 λέγομεν,
2849 3593 2943 3646 καὶ
2977 3594 3201 3666 Πνεῦμα
3230 3596 3446 3668 Πατρδς
3483 3596 3663 3667 όνομά·

423 3723 441 3756 ι
481 3702 776 3774 ipsissimls
805 3698 991 3753 verbis
1018 3710 1142 3751 eum
1170 3694 1452 3757 vetuisse,
1496 3691 1734 3761 Spiritus
1772 3703 1990 3745 causam

2107 3701 2127 3736 ι
2159 3682 2364 3754 (ἴομεν,
2396 3685 2461 3736 ὲκ
2487 3681 2580 3736 τοῦ
2605 3683 2733 3737 Υίοῦ
2759 3685 2817 3738 δὲ
2847 3685 2912 3749 τὸς
2934 3685 3158 3757 Πνεῦμα
3176 3688 3237 3740 ού
3270 3687 3520 3760 λέγομεν.
3542 3689 3663 3759 Πρὸς

423 3817 443 3850 ι
479 3799 658 3854 dicere
686 3792 909 3858 Filium,
944 3805 1069 3847 cum
1095 3787 1288 3845 scribit
1326 3802 1340 3839 :
1386 3784 1584 3841 Filium
1615 3799 1744 3839 vero
1775 3798 1990 3838 causam

2111 3793 2130 3826 ι
2174 3774 2389 3839 τούτοις
2467 3776 2782 3848 σημείωσαι
2837 3780 2935 3834 καὶ
2979 3780 3063 3834 ὅτι
3112 3780 3296 3853 ῥητῶς
3343 3781 3661 3853 ἀπηγόρευσε

426 3911 445 3944 ι
487 3905 596 3945 non
632 3888 891 3952 dicimus,
939 3895 1120 3952 neque
1154 3879 1394 3933 Patrem.
1425 3877 1504 3931 lta
1545 3884 1604 3930 ut
1635 3891 1703 3930 ex
1751 3875 1818 3930 iis
1846 3875 2002 3930 colli-

426 4003 446 4036 ι
482 3997 609 4054 gere
641 3981 821 4043 liceat,
855 3991 925 4031 ex
953 3972 1073 4032 solo
1105 3970 1268 4028 Patre
1305 3966 1544 4038 Spiritus
1578 3965 1751 4022 sancti
1780 3980 2002 4035 proces-

429 4097 460 4131 ιι
487 4078 697 4133 sionem
734 4084 883 4127 esse.
917 4085 942 4121 ι

1058 4252 1351 4309 Βεῆιιαιὶο.

1058 4254 1132 4309 Re
1201 4254 1351 4308 latio.

473 4357 798 4428 'Propterea
839 4350 986 4422 quod
1045 4254 1270 4404 satteﬁ-‘tus
1307 4325 1424 4402 iste
1463 4342 1599 4400 dixit
1632 4358 1648 4398 :
1683 4361 1703 4394 ι
1740 4319 2004 4414 Spiritum

429 4460 679 4509 sanctum
715 4462 779 4501 ex
835 4442 998 4500 Patre
1022 4441 1280 4505 dicimus,
1327 4447 1380 4493 et
1413 4437 1665 4507 spiritutn
1694 4436 1872 4492 Patris
1914 4451 2009 4506 ap-

431 4537 720 4608 pellamus,
751 4540 806 4586 at
831 4545 964 4585 vero
991 4544 1116 4583 eum
1143 4542 1210 4581 ex
1239 4524 1379 4579 Filio
1403 4541 1524 4580 esse
1545 4541 1654 4580 non
1685 4526 1940 4589 dicimus,
1976 4541 1996 4574 ι

2116 3886 2135 3920 ι
2177 3867 2270 3920 τὸν
2318 3867 2448 3921 Υίδν
2480 3870 2656 3924 αίτιον
2690 3869 2969 3940 λέγεσθαι,
3012 3873 3070 3926 ὲν
3097 3868 3181 3936 οἷς
3214 3875 3458 3944 γράφει·
3491 3874 3584 3926 Τὸν
3615 3872 3661 3924 δὲ

2112 3978 2132 4013 ι
2181 3961 2310 4014 Υἱὸν
2345 3962 2406 4015 ού
2450 3961 2688 4034 λέγομεν
2729 3964 2924 4030 αῐτιον,
2975 3965 3100 4018 οὐδὲ
3143 3967 3392 4038 Πατέρα.
3460 3966 3544 4030 Ὠς
3587 3965 3661 4018 διὰ

2110 4074 2129 4109 ι
2173 4053 2380 4109 τούτων
2427 4056 2756 4125 συνάγεσθαι
2788 4058 2850 4112 τὸ
2879 4061 2944 4114 ὲκ
2987 4061 3150 4131 μόνου
3183 4059 3279 4114 τοῦ
3313 4061 3538 4132 Πατρδς.
3575 4057 3656 4111 τοῦ

2107 4166 2131 4200 ι
2178 4148 2447 4218 παναγίου
2467 4149 2914 4222 Πνεῦματοςτὴν
2940 4154 3287 4224 ὲκπόρευσιν.
3319 4172 3342 4209 ι

2299 4308 2371 4327 ἢ,
2711 4243 3106 4314 Ἀντίρῤησις.

2115 4339 2119 4342 ’
2177 4335 2322 4389 Διότι
2356 4335 2579 4406 ὀάγιος
2616 4331 2771 4399 οὗτος
2805 4337 2910 4407 ἔφη
2963 4339 3044 4403 τὸ,
3093 4354 3116 4390 ι
3158 4337 3388 4410 Πνεῦμα
3429 4336 3488 4392 τδ
3529 4337 3662 4404 ἀγιον

2109 4426 2174 4480 ὲκ
2201 4427 2297 4479 τοῦ
2334 4427 2548 4498 Πατρδς
2581 4427 2839 4498 λέγομεν,
2868 4429 2962 4482 καὶ
2991 4428 3219 4500 Πνεῦμα
3248 4430 3464 4502 Πατρδς
3485 4430 3662 4498 όνομὰο

2111 4516 2299 4588 ζομεν,
2341 4521 2406 4573 ὲκ
2442 4517 2537 4572 τοῦ
2592 4517 2718 4572 Υίοῦ
2746 4519 2804 4573 δὲ
2830 4519 2893 4573 τὸ
2930 4519 3157 4593 Πνεῦμα
3198 4522 3261 4576 οὐ
3308 4519 3659 4593 λέγομενίδιά

431 4606 487 4683 tu
550 4642 616 4682 ex
678 4625 796 4680 solo
854 4619 1016 4675 Patre
1083 4617 1350 4688 Spiritum
1405 4631 1528 4671 esse
1576 4615 1833 4684 colligis?
1893 4615 1990 4670 Sed

2111 4614 2268 4666 τοῦτο
2293 4613 2358 4665 ὲκ
2381 4611 2544 4681 μόνου
2560 4609 2656 4664 τοῦ
2677 4612 2891 4682 Πατρδς
2912 4606 3054 4667 εἶναι
3071 4613 3330 4682 συνάγεις
3349 4614 3411 4668 τὸ
3431 4611 3658 4682 Πνεῦμα;

431 4721 685 4792 quisnam
709 4732 772 4772 ex
799 4714 870 4769 iis
896 4710 1310 4793 omtiibtis,.qui
1339 4709 1443 4763 hoc
1472 4709 1703 4778 hujusce
1739 4706 2002 4777 Tlteologi

430 4816 796 4869 dictum'ante
840 4819 941 4860 nos
984 4808 1385 4874 exposuerunt,
1421 4800 1590 4855 verba
1642 4799 1842 4854 similia
1884 4813 2010 4868 pro-

434 4903 598 4962 tulit?
637 4903 1010 4957 Damascenus
1058 4895 1330 4967 siquidem
1357 4891 1597 4947 Joannes
1648 4904 1902 4945 asserens
1941 4905 2005 4945 ex

431 4997 595 5052 Patre
637 4992 802 5047 veluti
847 5003 914 5042 ex
959 4987 1137 5058 primo
1183 4985 1452 5054 principio
1499 4991 1552 5038 et
1597 4981 1772 5052 prima
1818 4995 2008 5043 causa,

322 5121 332 5133 -
447 5095 606 5159 negat
660 5099 728 5138 ex
778 5062 917 5135 Filio
951 5088 1207 5147 tanquam
1239 5091 1333 5130 ex
1362 5076 1536 5163 primo
1568 5074 1836 5144 principio
1881 5073 2009 5140 dici,

409 5190 803 5247 lnec.uttquam
833 5172 1006 5228 vetuit
1033 5185 1098 5224 ex
1119 5167 1262 5222 Filio
1287 5179 1546 5237 tanquam
1578 5182 1645 5222 ex
1672 5167 2006 5230 continente,

434 5287 536 5328 nec
554 5264 1101 5340 -per~cont1'nentetn.
1136 5258 1282 5312 ldetn
1315 5259 1462 5312 enim
1499 5255 1681 5308 valent
1726 5269 1811 5318 ex,
1841 5261 1894 5307 et
1919 5268 2012 5321 per

434 5350 871 5436 praepositiones.
922 5353 1041 5406 Hoc
1072 5350 1127 5405 in
1162 5364 1271 5405 usu
1315 5355 1400 5403 est
1448 5355 1504 5401 ct
1555 5343 2010 5416 ipsi-Scriptum,

436 5432 780 5514 necisanctis
813 5442 1069 5498 Patribus
1097 5443 1366 5510 ignotum.
1396 5436 1613 5491 Etenim
1645 5435 1713 5497 si,
1746 5449 1809 5489 ex
1844 5432 2008 5501 Filio,

435 5545 602 5601 veluti
655 5537 914 5597 ex'Patre
939 5551 1037 5606 per
1077 5532 1299 5599 Filium,
1326 5542 1380 5586 et
1415 5529 1532 5598 pari
1584 5529 1744 5584 modo
1766 5537 2012 5584 exutro—

437 5654 546 5710 que
574 5655 588 5692 :
619 5643 674 5692 et
707 5632 753 5688 si
787 5627 958 5684 veluti
1007 5640 1073 5680 ex
1102 5625 1279 5695 prima
1329 5636 1497 5678 eausa
1524 5617 1707 5683 Patre,
1736 5633 1803 5673 ex
1831 5619 2010 5674 conti-

439 5709 604 5788 nente
631 5740 757 5783 vero
777 5719 943 5786 Filio,
970 5729 1094 5787 quae
1124 5728 1356 5785 magnus
1385 5709 1747 5779 Athanasius,
1777 5723 2009 5782 magnus

511 5889 557 5924 “
588 5887 750 5944 Rom.
805 5845 1006 5954 “11,9.
1063 5899 1066 5902 ’
1099 5877 1148 5943 ³9
1174 5875 1335 5935 Joan.
1371 5875 1465 5943 xx‘,
1505 5872 1598 5936 22.

2125 4704 2284 4757 ’Δλλά
2313 4703 2396 4766 τίς
2423 4702 2537 4757 τῶν
2562 4703 2671 4774 πρὸ
2701 4704 2734 4770 ἡ
2744 4704 2862 4774 μῶν
2894 4703 2991 4776 τὴν
3018 4705 3279 4774 τοιαύτην
3302 4705 3395 4760 τοῦ
3427 4705 3657 4772 Θεολόγου

2104 4791 2294 4850 τούτου
2317 4795 2534 4866 Πατρδς
2556 4796 2926 4867 ἐξηγούμενος
2958 4799 3117 4870 ῥῆσιν
3143 4797 3286 4853 οὕτω
3311 4799 3460 4870 λέγει
3481 4797 3658 4870 ῥητῶς,

2124 4887 2184 4939 '0
2249 4886 2432 4957 μέντοι
2476 4889 2844 4958 Δαμασκηνὸς
2916 4887 3198 4961 Ἰωάννης,
3253 4891 3316 4944 τὺ
3365 4892 3431 4944 ἐκ
3477 4886 3661 4956 Πατρδς

2115 4979 2290 5048 λέγων
2310 4979 2398 5043 νὼς
2427 4980 2492 5032 ἐκ
2516 4978 2742 5051 πρώτης
2775 4981 2951 5052 ἀρχῆς
2983 4982 3078 5034 καὶ
3108 4981 3335 5053 πρώτης
3362 4980 3550 5043 αἰτίας,
3576 4977 3660 5030 οὑκ

2117 5073 2182 5125 ὲκ
2226 5071 2320 5125 τοῦ
2345 5071 2475 5125 Υίοῦ
2508 5087 2671 5142 φησιν
2712 5072 2788 5135 ὡς
2833 5075 2897 5126 ὲκ
2939 5073 3163 5146 πρώτης
3214 5075 3410 5146 ἀρχῆς,
3442 5073 3530 5126 καὶ
3573 5069 3657 5122 οὐκ

2117 5165 2471 5234 ἀπηγόρευσε
2501 5165 2564 5217 τὸ
2609 5165 2675 5217 ὲκ
2711 5163 2806 5217 τοῦ
2843 5164 2996 5232 Υίοῦ,
3025 5165 3101 5230 ὡς
3148 5169 3214 5220 ὲκ
3243 5166 3338 5220 τοῦ
3365 5162 3655 5234 προσεχοῦς,

2115 5257 2236 5327 ἦτοι
2261 5258 2348 5310 διὰ
2383 5256 2480 5312 τοῦ
2510 5257 2836 5328 προσεχοῦς.
2883 5258 3094 5313 Ταυτὸν
3117 5259 3228 5330 γὰρ
3264 5258 3482 5314 δύναται
3510 5258 3539 5326 ή
3576 5251 3659 5306 διὰ

2116 5346 2380 5417 πρόθεσις
2430 5348 2529 5402 καὶ
2547 5349 2581 5419 ή
2618 5348 2708 5413 ἐξ.
2747 5349 2856 5402 Καὶ
2884 5347 3044 5403 τοῦτο
3071 5349 3302 5421 σύνηθες
3328 5353 3420 5404 καὶ
3455 5348 3577 5416 αὐτῇ
3601 5345 3656 5412 τῇ

2114 5440 2307 5512 Γραφῇ
2354 5441 2452 5496 καὶ
2493 5443 2605 5505 τοῖς
2647 5441 2823 5511 ἁγίοις
2848 5442 3129 5513 Πατράσιν
3157 5443 3258 5498 οὐκ
3306 5439 3652 5512 ἀγνοούμενον.

2116 5531 2177 5585 El
2206 5533 2306 5602 μὲν
2336 5534 2400 5586 ἐκ
2430 5531 2524 5585 τοῦ
2557 5531 2713 5598 Υίοῦ,
2746 5533 2821 5597 ὡς
2854 5535 2920 5586 ὲκ
2945 5532 3038 5586 τοῦ
3065 5533 3278 5604 Πατρδς
3309 5533 3397 5588 διὰ
3417 5529 3502 5585 τοῦ
3527 5522 3653 5585 Υξοῦο

2115 5625 2216 5676 καὶ
2244 5622 2302 5688 ἐξ
2341 5624 2548 5693 ἀμφοῖν
2569 5639 2584 5654 ο
2614 5623 2815 5694 ὁμοίως
2855 5625 2955 5694 μὲν
2981 5624 3078 5678 καὶ
3119 5627 3168 5678 εί
3228 5626 3296 5679 ὲκ
3328 5623 3535 5696 πρώτης
3573 5614 3654 5686 μὲν

2113 5713 2295 5779 αἰτίας
2323 5713 2419 5768 τοῦ
2452 5714 2690 5786 Πατρδς,
2721 5715 2786 5770 ὲκ
2821 5714 2918 5771 τοῦ
2961 5716 3262 5790 προσεχοῦς
3307 5716 3365 5774 δὲ
3409 5712 3495 5770 τοῦ
3523 5705 3648 5782 Υίοῦ,
