3788 6590
212 480 296 549 593
454 508 472 522 -
1110 474 1193 538 IN
1232 471 1624 537 camaram
1667 467 2420 569 ANIMADVEnsmNes.
2511 514 2562 529 ..

3311 474 3416 537 594

209 591 497 666 arrepens“
531 590 559 644 ὁ
594 589 770 661 μέγας
808 588 1151 660 ’Μανάσιοα
1175 595 1205 648 ο
1237 593 1414 664 μέγας
1439 594 1732 667 Κύριλλος,

1869 596 2106 669 lyrillus,
2176 596 2457 667 Nyssenus
2505 590 2839 662 Gregorius,
2891 590 3115 660 sapiens
3168 588 3411 649 Joannes

207 694 230 746 ό
253 689 435 756 Νῦσσης
461 682 783 756 Γρηγόριος,
811 684 912 738 οὐκ
941 684 1009 739 ἂν
1036 685 1069 739 6
1097 685 1263 756 σοφὸς
1306 686 1568 759 Ἰωάννης
1584 688 1736 742 ἀντι-

206 777 469 853 φθέγξαιτο,
528 775 655 830 ἀλλ”
703 778 829 847 ἐρεῖ
864 775 961 832 καὶ
1010 778 1176 841 αὐτὸς
1209 778 1296 832 ὃτι
1338 778 1487 833 οὕτω
1533 780 1627 835 καὶ
1674 782 1739 834 ὲκ

204 872 281 929 τοῦ
310 868 422 924 Υίοῦ
452 867 509 921 τὸ
563 866 828 941 Πνεῦμαο
856 868 945 924 διὰ
994 868 1091 924 τοῦ
1135 869 1267 924 Υίοῦ
1313 871 1421 941 γάρ
1459 888 1595 942 φησι
1647 871 1742 926 καὶ

202 963 353 1029 αὐτὸς,
377 961 445 1024 ὡς
473 960 903 1034 ίσοδυναμοῠσης
932 964 1035 1034 τῆς
1059 961 1158 1020 διὰ
1206 965 1298 1019 καὶ
1324 964 1425 1035 τῆς
1444 964 1534 1031 ἐξ.
1584 955 1649 1018 Εἰ
1683 965 1741 1019 δὲ

202 1059 264 1121 ὡς
303 1057 358 1108 ἐκ
391 1053 609 1124 πρώτης
669 1054 854 1120 αἰτίας
898 1058 995 1110 καὶ
1027 1058 1093 1110 ὲκ
1126 1055 1222 1110 τοῦ
1272 1056 1406 1110 Υίοῦ
1436 1057 1588 1123 λέγει
1632 1073 1739 1123 τις,

201 1151 315 1219 ὅπερ
336 1141 445 1199 εἷπε
474 1146 585 1200 τῶν
616 1145 796 1216 ἁγίων
831 1148 1031 1215 οὐδεὶς,
1065 1148 1163 1203 καὶ
1189 1148 1611 1218 ἀντιφθέγξεται
1646 1147 1743 1201 καὶ

204 1244 322 1315 μέγα
363 1239 565 1311 βοήσει,
601 1239 778 1294 ταῦτα
809 1240 891 1303 είς
945 1240 1028 1307 τὸ,
1077 1259 1097 1293 ι
1142 1241 1205 1294 ὲκ
1254 1239 1350 1295 τοῦ
1406 1240 1537 1293 Υξοῦ
1591 1240 1650 1295 δὲ
1682 1228 1744 1292 τὸ

201 1331 391 1402 Πνεῦμα
418 1331 476 1384 οὐ
517 1330 777 1403 λέγομεν,
824 1348 843 1383 ι
886 1331 1077 1401 ἑτέρου
1121 1331 1230 1402 πρὸ
1274 1330 1433 1402 ἡμῶν
1461 1331 1743 1402 εἰρηκότος

200 1424 335 1493 σοφοῦ
359 1423 422 1481 τὰ
445 1424 590 1489 θεία,
616 1423 714 1478 καὶ
739 1423 947 1496 ὑψηλοῦ
971 1424 1071 1496 τὴν
1092 1424 1358 1493 διάνοιαν,
1382 1423 1547 1478 πλέον
1574 1424 1742 1496 ἡμεῖς

196 1516 393 1587 ἐροῦμεν
427 1516 609 1572 οὐδέν.
645 1518 772 1571 Ὀτι
804 1517 863 1571 δὲ
895 1518 1259 1588 σημειοῦσθαι
1317 1517 1500 1586 λέγεις
1550 1516 1646 1571 καὶ
1682 1515 1745 1569 τὸ

190 1606 348 1678 ῥητῶς
382 1606 752 1680 ἀπαγορεύειν
801 1609 896 1663 τὸν
938 1609 1097 1679 ἅγιον
1145 1607 1409 1678 λέγεσθαι
1460 1608 1553 1662 τὸν
1608 1607 1743 1662 Υίδν

192 1699 357 1781 αἴτιον,
379 1698 715 1755 πειθέτωσάν
746 1717 807 1754 σε
842 1701 898 1755 αἱ
931 1699 1199 1773 πολλαχοῦ
1238 1700 1337 1771 τῆς
1383 1699 1610 1773 Γραφῆς
1652 1699 1746 1769 δη-

192 1790 353 1843 λοῦσαι
385 1791 572 1861 ῥήσεις
599 1793 691 1847 τὸν
728 1793 954 1864 Πατέρα
985 1793 1162 1849 αἴτιον
1188 1793 1410 1848 πάντων
1445 1793 1541 1848 καὶ¹
1567 1791 1745 1864 ἀρχὴν

194 1880 380 1934 πάντων
413 1880 488 1953 μὴ
511 1883 653 1954 πρὸς
671 1882 962 1953 διαστολὴν
992 1885 1086 1939 τοῦ
1110 1883 1245 1939 Υίοῦ
1272 1885 1532 1954 λέγεσθαι
1557 1882 1741 1951 τοῦτο,

191 1968 307 2024 ἀλλὰ
340 1972 471 2043 πρὸς
499 1973 738 2053 δήλωσιν
779 1973 874 2029 τοῦ
929 1975 1097 2030 αὐτὸν
1138 1976 1351 2031 ἐκεῖνον
1378 1975 1473 2030 τὸν
1524 1975 1747 2044 Πατέρα
1779 1965 1821 2021 Β

193 2062 342 2135 ἀρχὴν
374 2064 469 2118 καὶ
505 2066 665 2135 ῥίζαν
691 2068 789 2137 τῆς
829 2066 1088 2121 ἁπάντων
1138 2068 1320 2132 αἰτίας
1361 2065 1528 2132 εἶναι,
1563 2067 1613 2121 εί
1648 2066 1746 2121 καὶ

188 2152 264 2204 διὰ
285 2153 372 2206 τοῦ
405 2153 536 2208 Υίοῦ
563 2154 634 2208 τὰ
661 2155 839 2216 πάντα
872 2156 937 2210 ἐκ
962 2155 1057 2210 τοῦ
1092 2156 1307 2230 Πατρὸς
1331 2152 1470 2210 εἶναι
1499 2156 1743 2225 λέγεται.

192 2243 281 2295 Καὶ
306 2243 581 2317 συνίστησι
600 2246 702 2317 τὴν
725 2246 934 2301 ἔννοιαν
959 2246 1167 2318 ταύτην
1190 2247 1286 2301 καὶ
1310 2247 1473 2312 αὐτὸς
1505 2247 1534 2301 ό
1566 2247 1745 2316 ἅγιος,

186 2331 337 2415 λέγῳν
385 2336 444 2388 ιν
479 2337 547 2406 τῇ
602 2335 835 2409 ῥηθείσῃ
891 2341 1200 2409 περικοπῇ’
1232 2338 1338 2393 Τὸν
1383 2338 1440 2392 δὲ
1494 2339 1625 2393 Υίδν
1684 2338 1745 2392 οὐ

188 2424 396 2495 λέγομεν
457 2429 633 2483 αττιον
695 2429 818 2485 οὐδὲ
877 2430 1134 2501 Πατέρα’
1198 2431 1364 2485 οἱονεὶ
1427 2430 1537 2502 γὰρ
1588 2429 1749 2486 τοῦτο

186 2518 445 2589 ἐμφαίνων
476 2522 625 2576 ἐστίν
649 2541 664 2555 ·
692 2526 720 2579 ὁ
742 2524 821 2579 at
844 2525 991 2589 Υἱὸς,
1022 2525 1212 2601 ὥσπερ
1247 2525 1348 2579 οὐκ
1379 2524 1495 2580 ἔστι
1536 2524 1748 2595 Πατὴρ,

187 2613 289 2666 οὐδὲ
328 2615 502 2680 αἴτιος
531 2616 674 2671 κατὰ
700 2618 793 2672 τὸν
841 2621 1064 2690 Πατέρα
1103 2620 1244 2686 ἐστὶ,
1297 2621 1583 2674 τουτέστιν
1628 2618 1751 2690 οὐχί⁵

186 2705 327 2770 αὑτός
359 2707 510 2763 ἔστιν
538 2708 574 2780 ἡ
607 2708 708 2780 τῆς
737 2709 920 2775 αἰτίας
958 2709 1085 2782 ῥίζα
1111 2727 1173 2764 τε
1199 2709 1293 2764 καὶ
1319 2696 1483 2784 ἀρχῆ.
1699 2707 1703 2711 ’

101 2890 106 2894 ’
195 2891 283 2949 Ἕκ
302 2894 408 2951 τοῦ
432 2893 506 2965 ιγ’
530 2896 865 2967 κεφαλαίου
887 2896 994 2953 τοῦ
1020 2896 1154 2967 περὶ
1202 2898 1377 2953 θείων
1417 2894 1748 2968 ὀνομάτων.

244 3078 414 3136 PMB'.
451 3096 473 3133 ι
506 3078 677 3135 Ὅταν
698 3080 807 3152 γὰρ
825 3081 1063 3154 ὲννοήσω
1082 3082 1209 3154 μίαν
1237 3081 1347 3138 τῶν
1377 3081 1748 3149 ὐποστὰσεων,

195 3189 213 3222 ι
250 3171 448 3227 τέλειον
480 3172 613 3227 Θεὸν
637 3174 812 3247 αὐτὴν
844 3173 983 3244 οἴδα,
1014 3174 1226 3231 τελείαν
1255 3176 1463 3230 οὐσίαν.
1488 3175 1662 3231 Ὅταν
1694 3176 1753 3229 δὲ

191 3283 209 3317 ι
239 3265 457 3337 συνάψω
484 3268 578 3321 καὶ
602 3267 996 3342 συναριθμήσω
1022 3269 1092 3324 τὰ
1140 3268 1289 3342 τρία,
1317 3269 1431 3341 ,ἕνα
1473 3269 1606 3326 Θεδν
1633 3265 1753 3324 οἶδα

191 3376 208 3408 ι
243 3358 462 3414 τέλειον.
506 3360 581 3414 Οὐ
613 3360 870 3418 σύνθετόν
903 3363 1053 3417 ἐστιν
1078 3365 1112 3434 ἠ
1135 3363 1352 3436 θεότης,
1378 3362 1495 3418 ἀλλ’
1525 3363 1584 3418 ὲν
1602 3362 1751 3433 τρισὶ

192 3466 209 3499 ι
245 3451 468 3515 τελείοις
492 3450 551 3505 ἓν
577 3453 810 3519 τέλειον,
845 3454 1054 3527 ἀμερὲς
1090 3456 1185 3511 καὶ
1217 3455 1532 3510 ἀσύνθετον.
1580 3455 1750 3509 ΞΟταν

192 3560 209 3592 ί
246 3542 299 3598 δὲ
319 3546 420 3617 τὴν
444 3546 583 3619 πρὸς
606 3547 815 3618 ἄλληλα
844 3549 1030 3619 σχέσιν
1055 3548 1163 3604 τῶν
1187 3547 1544 3602 ὑποστάσεων
1567 3548 1753 3619 ὲννοήο

191 3656 208 3688 ι
245 3655 338 3708 σω,
371 3636 493 3696 οῖδα
549 3642 635 3697 ὅτι
686 3643 835 3696 ἐστὶν
865 3644 895 3697 ὁ
925 3641 1119 3714 Πατὴρ
1165 3641 1515 3715 ὑπερούσιος,
1575 3641 1750 3712 ἣλιος,

193 3750 209 3782 ι
250 3736 396 3808 πηγὴ
424 3734 788 3808 ἀγαθότητος,
813 3735 1052 3800 ἄϐυσσος
1070 3737 1283 3801 οὐσίας,
1314 3736 1503 3807 λόγου,
1535 3735 1752 3804 σοφίας,

192 3842 210 3876 ι
239 3825 542 3900 δυνάμεως,
584 3831 791 3900 φωτὸς,
835 3829 1090 3902 θεότητος
1131 3830 1286 3902 πηγὴ
1325 3826 1623 3898 γεννητική
1659 3828 1754 3882 καὶ

194 3933 213 3966 ι
249 3917 589 3992 προσλητικὴ
620 3918 718 3974 τοῦ
748 3921 808 3973 ἐν
850 3920 991 3992 αὐτῇ
1029 3919 1265 3992 κρυφίου
1295 3918 1530 3990 ἀγαθοῦ.
1577 3918 1754 3983 Αὐτὸς

194 4027 212 4059 ι
255 4009 350 4079 μὲν
370 4008 464 4065 οὖν
492 4013 608 4065 ἐστι
642 4011 789 4076 νοῦς,
812 4011 1070 4077 ἄϐυσσος,
1108 4011 1288 4082 Λόγου
1314 4012 1627 4085 γεννήτωρ,
1656 4011 1754 4066 καὶ

194 4119 213 4152 ί
252 4094 337 4157 διὰ
381 4104 559 4173 Λόγου
607 4104 903 4175 προϐολεὺς
955 4104 1356 4177 ὲκφαντορικοῦ
1406 4104 1753 4177 Πνεῦματος,

194 4213 211 4246 ι
252 4196 341 4252 καὶ
366 4198 453 4252 ἵνα
480 4197 556 4270 μὴ
581 4197 758 4251 πολλὰ
782 4197 946 4267 λέγω,
976 4199 1078 4252 οὐκ
1106 4199 1224 4252 ἐστι
1248 4197 1327 4270 τῷ
1358 4199 1534 4269 Πατρὶ
1559 4184 1752 4269 Λόγος,

193 4307 210 4339 ι
253 4292 435 4361 σοφία,
470 4289 727 4362 δύναμις,
768 4291 992 4376 θέλησις
1021 4294 1071 4345 εί
1107 4293 1185 4364 μὴ
1209 4294 1236 4346 ὁ
1264 4292 1414 4360 Υἱὸς,
1446 4294 1505 4358 ὃς
1537 4295 1688 4349 ἑστιν
1719 4297 1752 4367 ἠ

193 4393 211 4427 ι
255 4380 395 4449 μόνη
431 4378 665 4451 δύναμις
691 4378 788 4434 τοῦ
823 4381 1060 4453 Πατρὸς,
1090 4382 1125 4453 ἡ
1166 4385 1625 4458 προκαταρκτικὴ
1657 4389 1756 4457 τῆς

195 4488 211 4520 ι
251 4469 362 4526 τῶν
395 4472 608 4528 πάντων
639 4473 933 4546 ποιήσεως.
963 4469 1159 4542 Οὗτος,
1193 4477 1271 4541 ὼς
1302 4476 1489 4531 τελεία
1518 4477 1757 4533 ὑπόπα-

194 4576 210 4609 ι
248 4577 333 4627 σις
367 4562 726 4636 γεννώμενος,
761 4565 837 4630 ὡς
868 4562 1010 4621 οἶδεν
1052 4568 1240 4634 αὐτὸς,
1265 4568 1395 4634 Υίός
1428 4571 1548 4625 ἐστι
1579 4588 1637 4626 τε
1663 4570 1757 4625 καὶ

1842 705 1943 745 nec
1986 698 2176 745 contra
2226 688 2442 745 hiscere
2486 686 2734 751 auderet,
2776 683 2871 741 sed
2924 683 3105 739 modis
3154 684 3417 741 omnibus

1842 781 2177 845 enuntiaret,
2211 781 2327 852 pari
2360 778 2525 835 modo
2549 795 2617 835 ex
2640 776 2781 834 Filio
2814 792 2940 833 esse
2969 775 3241 846 Spiritum
3273 794 3288 831 :
3315 791 3414 847 per

1843 872 2042 929 Filium
2101 873 2248 929 enim
2309 887 2435 930 esse
2489 885 2591 927 nec
2644 871 2760 941 ipse
2825 875 3025 939 negat;
3080 882 3207 924 cum
3257 882 3418 937 pares

1842 965 1987 1021 vires
2018 965 2255 1021 habeant
2279 963 2691 1036 praepositiones
2729 978 2795 1017 ex
2820 971 2870 1018 et
2902 977 3013 1033 per.
3047 959 3200 1029 Quod
3232 959 3277 1016 si
3305 959 3416 1013 vel-

1848 1059 1925 1113 uti
1965 1074 2034 1115 ex
2073 1056 2250 1129 prima
2316 1071 2484 1112 causa
2522 1055 2660 1111 Filio
2689 1055 2961 1126 quispiam
3002 1053 3225 1120 dixerit,
3270 1049 3421 1123 quod

1844 1150 2030 1206 uultus
2071 1165 2138 1205 ex
2180 1148 2439 1205 Patribus
2472 1147 2734 1213 asseruit,
2772 1155 2967 1202 contra
3004 1160 3126 1202 sese
3153 1153 3414 1214 opponet,

1844 1256 2215 1312 magnumque
2255 1239 2539 1296 clamabit.
2574 1240 2702 1295 Haec
2736 1252 2863 1294 cum
2898 1237 2956 1293 in
2986 1235 3144 1303 illud,
3180 1254 3199 1289 ι
3234 1252 3299 1292 ex
3334 1232 3426 1289 Fi-

1846 1336 1919 1392 lio
1967 1335 2230 1405 Spiritum
2288 1349 2396 1389 non
2454 1332 2713 1398 dicimus,
2749 1350 2768 1383 ι
2824 1330 2968 1387 alius
3024 1330 3304 1401 quispiam
3361 1329 3419 1383 in

1844 1427 2013 1485 rebus
2042 1427 2245 1483 divinis
2287 1425 2585 1482 admodum
2630 1432 2924 1497 praestans,
2972 1430 3028 1479 et
3058 1421 3310 1478 sublimis
3341 1421 3427 1474 in-

1845 1520 1989 1593 genii
2023 1519 2150 1588 vir,
2176 1527 2306 1576 ante
2348 1533 2449 1576 nos
2495 1517 2891 1588 interpretatus
2918 1514 3105 1582 fuerit,
3146 1530 3247 1571 nos
3280 1514 3421 1570 nihil

1846 1598 2292 1679 ultrafaddemus.
2319 1612 2477 1680 Quod
2510 1625 2640 1667 vero
2684 1619 2865 1678 notas,
2899 1610 3085 1666 verbis
3122 1608 3417 1679 ipsissimis

1844 1714 2032 1763 vetare
2063 1717 2344 1772 sanctum,
2377 1721 2448 1762 ne
2489 1704 2664 1761 Filius
2696 1704 2914 1761 dicatur
2938 1717 3125 1768 causa,
3160 1701 3427 1757 suadeant

1847 1800 1972 1869 tibi,
2003 1815 2127 1872 qua:
2153 1800 2343 1856 multis
2382 1801 2437 1855 in
2462 1800 2597 1856 locis
2624 1798 2954 1869 scriptorum
2988 1796 3136 1852 dicta
3173 1795 3425 1866 inspersa

1847 1890 2436 1963 sunt,.patet‘acientia.
2477 1892 2697 1948 Patrem
2738 1888 2987 1945 omnium
3026 1902 3249 1944 causam
3280 1900 3425 1950 esse,

1849 1985 2205 2055 omniumque
2236 1984 2590 2055 principium,
2642 1996 2752 2038 non
2786 1982 2856 2038 ad
2897 1980 3299 2037 excludendum
3338 1978 3430 2033 Fi-

1848 2077 1981 2132 lium
2010 2077 2101 2133 illa
2142 2077 2397 2148 proferri,
2432 2077 2527 2134 sed
2562 2076 2630 2131 ad
2672 2073 3136 2131 manil‘estandum
3172 2072 3428 2128 eumdem

1849 2171 2029 2238 ipsum
2080 2170 2307 2225 Patrem
2349 2168 2702 2239 principium,
2744 2167 3037 2239 originem,
3097 2179 3151 2221 et
3197 2178 3425 2233 causam

1848 2261 2094 2318 omnium
2129 2277 2274 2327 esse,
2317 2260 2446 2316 licet
2482 2275 2579 2331 per
2624 2258 2826 2315 Filium
2873 2256 3132 2314 universa
3174 2254 3430 2311 dicantur

1850 2372 1997 2414 esse.
2032 2357 2105 2413 Et
2135 2357 2278 2411 hanc
2307 2354 2638 2412 sententiam
2687 2352 2979 2409 conﬁrmat
3014 2352 3274 2406 idemmet
3302 2364 3431 2405 san-
3502 2351 3507 2355 ’

1851 2457 1974 2506 ctus
2016 2448 2074 2505 in
2107 2448 2297 2505 eadem
2333 2447 2584 2518 pericope
2626 2444 2852 2513 dicens;
2890 2443 3092 2500 Filium
3137 2456 3266 2498 vero
3317 2458 3430 2517 non

1850 2536 2087 2593 dicimus
2119 2549 2367 2599 causam,
2402 2548 2582 2605 neque
2611 2532 2852 2599 Patrem,
2875 2532 2931 2589 id
2961 2531 3121 2603 plane
3152 2546 3252 2588 nec
3280 2529 3431 2586 aliud

1852 2627 2183 2685 insinuans:
2220 2627 2392 2684 Filius
2441 2640 2574 2683 vero
2621 2627 2699 2682 uti
2730 2625 2892 2683 Pater
2946 2641 3057 2681 non
3093 2637 3197 2688 est,
3252 2639 3432 2693 neque

1852 2735 2020 2777 causa
2059 2720 2139 2776 uti
2182 2718 2349 2776 Pater
2390 2729 2473 2816 es:
2505 2736 2520 2773 :
2554 2733 2663 2775 non
2710 2726 2795 2775 est
2842 2731 3036 2788 nempe
3085 2717 3202 2788 ipse
3247 2730 3431 2771 causae

1852 2814 2030 2885 origo,
2065 2823 2119 2869 et
2145 2811 2500 2884 principium.

1889 2906 2148 2979 Ejusdem
2210 2921 2277 2961 ea:
2345 2906 2548 2961 decimo
2609 2904 2772 2979 tertio
2829 2903 3004 2974 capite
3074 2902 3139 2957 de
3198 2902 3401 2957 divinis

2076 3016 2082 3021 .
2476 2976 2801 3032 nominibus.

1924 3094 2129 3152 CXLII.
2159 3113 2178 3148 ι
2214 3090 2349 3149 Nam
2374 3106 2500 3148 cum
2533 3106 2699 3146 unam
2728 3106 2795 3146 ex
2822 3089 2997 3144 tribus
3024 3087 3272 3159 personis
3296 3101 3433 3159 erm—

1861 3206 1880 3241 ι
1923 3188 2125 3254 sidero,
2154 3183 2455 3257 perlectum
2488 3181 2656 3237 Deum
2703 3196 2770 3236 ac
2817 3178 3119 3252 perfectam
3168 3178 3428 3233 substan-

1862 3302 1880 3336 ι
1914 3283 2049 3339 tiam
2075 3293 2338 3353 agnosco,
2353 3292 2549 3335 rursus
2569 3290 2693 3333 cum
2724 3285 2834 3332 tres
2857 3289 3116 3347 personas
3137 3283 3429 3339 connecto,

1860 3395 1879 3429 ι
1915 3374 2192 3443 simulque
2217 3384 2480 3428 recenseo
2507 3367 2876 3423 Deumunum
2910 3365 3213 3437 perlectum
3260 3377 3433 3433 agno-

1862 3485 1881 3520 ι
1915 3479 2030 3524 sco.
2063 3462 2251 3535 Neque
2277 3461 2423 3519 enim
2457 3456 3113 3531 compositum-quiddam
3136 3452 3437 3510 estdivlni-

1863 3577 1883 3611 ι
1919 3567 2003 3613 tas
2028 3573 2045 3611 :
2068 3555 2162 3613 sed
2188 3555 2242 3610 in
2272 3553 2449 3610 tribus
2476 3550 2737 3623 perfractis
2758 3549 3011 3621 personis
3039 3561 3150 3603 una
3171 3545 3434 3617 perlecta,

1861 3671 1879 3705 ι
1922 3650 2176 3720 simplex,
2207 3662 2273 3704 ac
2302 3644 2591 3702 divisionis
2623 3657 2821 3715 expers
2859 3649 3078 3698 natura.
3105 3638 3243 3695 Cum
3277 3638 3431 3694 deni-

1862 3764 1883 3799 ι
1917 3759 2025 3816 que
2054 3753 2299 3800 mutuam
2328 3754 2453 3797 eam
2507 3735 2874 3800 all‘cctionem,
2907 3747 3031 3802 qua:
3059 3731 3202 3787 inter
3240 3744 3435 3802 perso-

1861 3860 1881 3894 ι
1918 3854 2020 3896 nas
2069 3844 2178 3904 est,
2234 3828 2421 3891 animo
2474 3829 2840 3901 contemplor,
2905 3826 3039 3883 illud
3091 3835 3434 3895 compertum

1862 3953 1882 3986 ι
1923 3931 2121 3996 habeo,
2202 3926 2419 3984 Patrem
2467 3919 3010 3996 superessentialem,
3069 3918 3253 3974 solem.
3292 3932 3437 3979 esse,

1863 4044 1882 4078 ι
1918 4022 2179 4080 bonitatis
2236 4019 2466 4081 fontem,
2501 4015 2777 4083 essentiae,
2823 4011 3078 4078 rationis,
3130 4008 3436 4081 sapientiae,

1863 4135 1883 4169 ι
1914 4113 2192 4187 potentiae,
2218 4109 2469 4177 luminis,
2485 4107 2791 4166 divinitatis
2816 4106 3094 4178 abyssum,
3115 4103 3440 4158 delitescen-

1865 4228 1884 4262 ι
1920 4208 1990 4265 ti‘s
2017 4215 2183 4278 atque
2219 4202 2459 4261 abstrusi
2490 4202 2547 4257 in
2589 4217 2648 4258 se
2677 4198 2804 4255 boni
2836 4196 3182 4268 genitricem,
3214 4209 3279 4250 ac
3308 4207 3436 4265 pro-

1864 4320 1885 4355 ι
1917 4299 2217 4357 ductricem
2271 4293 2681 4364 scaturiginem.
2718 4290 2837 4361 Ipse
2874 4288 3079 4361 quippe
3131 4301 3285 4341 mens
3325 4293 3432 4350 est,

1866 4393 2153 4451 curationis
2200 4391 2454 4462 abyssus,
2494 4383 2660 4441 Verbi
2701 4382 2937 4455 genitor,
2980 4377 3437 4452 expianantisque

1866 4504 1885 4538 ι
1925 4483 2165 4555 Spiritus
2201 4496 2296 4552 per
2328 4477 2566 4534 Verbum
2608 4476 2931 4548 productor.
2986 4473 3086 4539 Ac,
3144 4485 3213 4525 ne
3261 4471 3431 4523 multa

1848 4574 1887 4629 ἰ
1923 4576 2123 4645 dicam,
2176 4571 2326 4628 Patri
2389 4586 2501 4625 non
2533 4568 2680 4644 aliud
2716 4577 2803 4624 est
2840 4565 3109 4633 Verbum,
3166 4580 3277 4645 non
3329 4562 3440 4618 alia

193 4669 211 4701 ι
248 4652 488 4724 λέγεται.
516 4657 591 4712 Τὸ
620 4657 679 4712 δὲ
703 4657 932 4731 Πνεῦμα
959 4658 1022 4713 τὸ
1042 4660 1200 4730 ἅγιον
1255 4661 1750 4736 ὲκφαντορικὴ,τοῦ

1869 4686 1888 4721 ι
1922 4642 2213 4737 sapientia,
2260 4665 2344 4720 vis
2396 4677 2461 4718 ac
2519 4642 2776 4717 voluntas
2824 4665 3025 4730 prazter
3085 4642 3311 4720 Filium,
3345 4654 3443 4725 qui

196 4763 214 4797 ι
256 4748 486 4819 κρυφίου
530 4749 631 4822 τῆς
679 4749 934 4822 θεότητος
980 4751 1218 4825 δύναμις
1253 4753 1350 4808 τοῦ
1399 4754 1636 4829 Πατρδς,
1690 4758 1758 4811 ὲκ

194 4854 211 4887 ι
265 4839 479 4911 Πατρός
517 4841 621 4913 μὲν
655 4840 728 4897 δι’
768 4842 899 4898 Υίοῦ
929 4844 1367 4917 ἐκπορευομινη,
1396 4848 1475 4913 ὡς
1496 4843 1662 4915 οϊδεν,
1694 4849 1757 4903 οῦ

197 4951 215 4982 ι
263 4934 557 5005 γεννητῶς.
594 4936 688 4991 Διὸ
716 4939 813 4991 καὶ
836 4936 1066 5010 Πνεῦμα
1099 4940 1258 5010 ἅγιον
1288 4940 1347 4996 τδ
1374 4941 1758 5016 τελεσιουργὸν

197 5047 214 5076 ι
264 5027 367 5097 τῆς
400 5028 506 5083 τῶν
544 5028 804 5086 ἁπάντων
834 5032 1135 5103 ποιήσεως.
1178 5034 1319 5088 Ὀσα
1348 5034 1478 5104 γοῦν
1528 5036 1761 5109 ἁρμόζει

201 5136 219 5167 ι
271 5118 447 5191 αἰτίῳ,
497 5121 690 5193 πατρὶ,
735 5124 912 5193 πηγῇ,
944 5126 1256 5195 γεννήτορι,
1290 5124 1368 5197 τῷ
1405 5126 1581 5209 Πατρὶ
1615 5129 1762 5199 μόνῳ

200 5230 217 5260 ι
269 5213 727 5285 προσαρμοστέαο
777 5215 881 5269 ὅσα
922 5214 981 5269 δὲ
1013 5217 1268 5288 αίτιατῴ,
1300 5218 1566 5291 γεννητῷ,
1621 5220 1759 5292 Υίῷ,

200 5319 219 5351 ι
271 5303 747 5378 Δόγιρ,δυνάμει,
788 5312 1242 5382 προκαταρκτικῇ
1294 5309 1535 5382 θελήσει,
1575 5312 1761 5386 σοφίᾳ,

201 5414 218 5445 ι
276 5397 356 5467 τῷ
380 5398 525 5467 Υίῷ·
564 5400 673 5455 ὅσα
713 5400 773 5454 δὲ
822 5400 1075 5472 αἰτιατῷ,
1107 5404 1452 5476 ἑκπορευτῷ,
1497 5405 1766 5475 ἑκφαντο-

154 5547 165 5556 ο
205 5505 221 5536 ι
278 5490 864 5565 ρικῷ,τελεσιουργικῇ
893 5492 1146 5564 δυνάμει,
1175 5493 1254 5565 τῷ
1292 5496 1437 5568 ἁγίῳ
1465 5496 1762 5568 Πνεύματι.

206 5602 223 5632 ι
287 5582 347 5636 '0
375 5586 585 5658 Πατὴρ,
617 5585 794 5659 πηγὴ,
829 5585 979 5641 αἰτία
1010 5585 1142 5641 Υίοῦ
1173 5588 1268 5641 καὶ
1299 5589 1643 5659 Πνεύματος.
1707 5592 1766 5645 ’0

208 5695 225 5723 ι
284 5676 403 5743 Υἱὸς
449 5679 599 5749 Υἱὸς,
630 5680 829 5748 Λόγος,
893 5680 1080 5749 σοφία,
1128 5681 1223 5733 κα)⁵
1273 5668 1533 5752 δύναμις,
1578 5684 1764 5750 εἰκὼν,

208 5784 226 5814 ι
282 5767 632 5842 ἀπαύγασμα,
689 5772 982 5842 χαρακτὴρ
1029 5770 1124 5824 τοῦ
1160 5771 1398 5843 Πατρδς,
1433 5773 1529 5826 καὶ
1566 5775 1631 5828 ἐκ
1672 5775 1768 5829 τοῦ

214 5876 232 5908 ι
290 5859 505 5934 Πατρός,
546 5865 648 5934 οὐχ
693 5864 819 5929 Υἱὸς
848 5863 911 5933 δὲ¹
936 5863 1031 5917 τοῦ
1061 5865 1395 5935 Πνεῦματος.
1433 5865 1507 5919 Τὸ
1547 5866 1768 5937 Πνεῦμα

214 5968 240 6005 ι
295 5954 352 6009 τὸ
383 5956 529 6031 ἆγιον
579 5957 811 6042 Πνεῦμα
868 5961 959 6016 τοῦ
1019 5961 1254 6033 Πατρὸς,
1305 5961 1379 6028 ὡς
1439 5962 1502 6017 ἐκ
1554 5960 1768 6034 Πατρδς

1866 4778 1886 4814 ι
1922 4759 2043 4815 sola
2065 4766 2151 4814 est
2186 4756 2371 4812 Patris
2404 4753 2674 4827 potentia,
2726 4766 2760 4808 a
2805 4766 2917 4823 qua
2972 4763 3157 4806 rerum
3189 4747 3436 4803 omnium

1850 4869 1886 4906 -ι
1921 4851 2234 4925 procreatio
2265 4848 2480 4905 initium
2516 4845 2756 4917 accepit.
2788 4843 2871 4900 Ad
2922 4843 3073 4899 hunc
3105 4844 3346 4907 modum,
3379 4850 3442 4896 ut

1866 4962 1887 4997 ι
1922 4942 2161 5015 perfecta
2185 4957 2415 5014 persona
2431 4958 2497 4997 ex
2525 4938 2762 5012 perfecta
2788 4952 3027 5010 persona
3045 4936 3225 5008 genita
3246 4952 3446 5007 quem-

1867 5053 1887 5087 ι
1921 5033 2217 5091 admodum
2248 5034 2365 5104 ipse
2420 5031 2595 5096 novit,
2636 5028 2813 5086 Filius
2864 5036 2968 5091 est,
3008 5042 3075 5082 ac
3099 5027 3325 5082 dicitur.
3356 5028 3435 5081 Ac

1870 5147 1889 5179 ι
1928 5136 2211 5198 postremo
2258 5123 2500 5196 Spiritus
2550 5132 2799 5188 sanctus,
2834 5120 3015 5177 Patris
3065 5119 3445 5190 potentia'est,

1871 5238 1891 5272 ι
1933 5218 2240 5275 divinitatis
2272 5215 2539 5272 latebram
2580 5214 2895 5278 declarans.
2950 5227 2983 5268 a
3036 5212 3199 5269 Patre
3224 5209 3446 5281 quidem

1873 5333 1892 5366 ι
1933 5328 2027 5384 per
2076 5311 2276 5366 Filium
2319 5308 2648 5381 procedens,
2682 5323 2795 5381 quo
2836 5316 2996 5378 pacto
3046 5306 3099 5362 id
3133 5306 3249 5368 tiat,
3294 5305 3449 5359 novit

1875 5426 1894 5460 ι
1932 5404 2070 5474 ipse,
2106 5419 2215 5460 non
2275 5414 2454 5459 tamen
2513 5401 2771 5473 gignendi
2826 5402 3009 5455 modo.
3075 5396 3227 5453 Unde
3278 5396 3444 5451 etiam

1877 5517 1896 5552 ι
1935 5496 2175 5568 Spiritus
2236 5503 2464 5552 sanctus
2510 5493 2753 5549 universi
2801 5489 3237 5563 procreationem
3282 5487 3448 5541 veluti

1877 5608 1896 5642 ι
1936 5588 2193 5646 omnibus
2245 5586 2364 5644 suis
2414 5585 2663 5642 numeris
2714 5583 2972 5640 absolvit.
3031 5579 3303 5649 Quocirca
3382 5595 3453 5634 ca

1879 5702 1905 5736 ι.
1934 5681 2140 5747 omnia,
2184 5694 2306 5753 quae
2335 5694 2538 5742 causa,
2575 5676 2809 5748 parenti,
2860 5674 3023 5739 l'outi,
3047 5671 3281 5753 genitori
3317 5686 3449 5727 con-

1880 5791 1898 5825 ι
1934 5774 2187 5839 veniunt,
2210 5786 2273 5826 ea
2308 5771 2408 5826 soli
2439 5769 2592 5824 Patri
2620 5767 3027 5824 accommodari
3057 5767 3261 5822 debent
3289 5780 3303 5818 :
3330 5780 3450 5835 qum

1879 5885 1896 5919 ι
1936 5876 2119 5921 autem
2164 5880 2193 5919 a
2234 5879 2402 5920 causa
2456 5862 2699 5932 profecto
2732 5876 2796 5916 ac
2827 5862 3012 5933 genito
3047 5859 3209 5923 Filio,
3245 5857 3444 5921 Verbo,
3484 5908 3496 5917 .

1884 5977 1912 6012 ι.
1942 5956 2285 6031 primordiali
2320 5955 2599 6026 potentiae,
2647 5952 2942 6025 voluntati,
2994 5951 3274 6025 sapientia:
3319 5965 3457 6025 qua-
