3788 6594
389 436 500 503 595

1419 447 1631 514 JOAN.
1668 448 1886 514 VECCI
1923 450 2034 512 CP.
2077 449 2589 512 PATRIARCH/E

3487 459 3570 526 596

396 569 417 602 ι’
453 551 634 620 drant,
658 569 719 610 ea
753 553 893 613 Filio
922 555 1206 612 tribuenda
1244 566 1373 612 sunt
1408 576 1422 612 :
1455 573 1518 613 ea
1561 556 1798 629 denique
1848 574 1954 615 om-

2075 577 2089 612 ι
2144 560 2605 631 ἐκπορευόμενον.
2658 560 2898 631 Οὐδεμία
2936 549 3045 631 γὰρ
3083 561 3233 632 ὁρμὴ
3284 564 3400 619 ἄνευ
3446 571 3585 627 lived.

396 663 417 697 ι
456 645 543 700 nia
570 661 693 716 quae
727 663 756 703 a
789 663 954 703 causa
984 662 1080 717 per
1115 649 1524 718 processionem
1578 650 1843 714 mananti,
1874 661 1957 705 at-

396 754 415 787 (
452 752 560 807 que
599 739 835 795 obscura
869 738 1216 809 patefacienti
1253 748 1308 795 et
1359 740 1662 812 pertiwienti
1705 743 1962 812 potentia:

395 845 414 879 ι
455 838 791 900 congruunt,
827 830 1055 902 Spiritui
1091 831 1193 887 soli
1227 832 1511 903 assignare
1557 832 1832 888 convenit.
1876 832 1956 889 Ac

2071 671 2091 704 ‹
2140 669 2335 721 ματος.
2383 653 2494 705 Καὶ
2526 651 2752 731 Υίοῦιδδ
2782 652 3030 721 Πνεῦμα,
3062 655 3162 724 οὐχ
3219 655 3293 718 ὡς
3337 657 3391 724 ἐξ
3434 663 3585 731 αὑτοῦ,

2072 761 2093 796 r
2144 743 2259 796 ἀλλ’
2301 744 2376 804 ὡς
2405 743 2666 825 δι’ὶαύτοῦ
2706 746 2773 798 ὲκ
2801 743 2895 798 τοῦ
2927 745 3141 814 Πατρὸς
3173 748 3583 822 ἐκπορευόμενον.

2069 856 2088 886 ι
2129 836 2304 899 Μόνος
2333 835 2443 906 γὰρ
2488 832 2661 900 αἴτιος
2702 836 2730 889 6
2765 838 2975 909 Πατήρ.
3008 856 3032 889 ι

393 913 609 981 ὶΡοιοιι
643 928 865 1000 quidem
932 929 1055 989 fons
1099 938 1154 985 et
1194 940 1388 985 auctor
1424 937 1526 995 est,
1562 936 1677 984 tum
1744 927 1865 983 Filii
1934 937 2048 984 tum
2118 930 2358 1001 Spiritus
2407 930 2639 987 sancti:
2685 932 2860 990 solius
2894 943 3090 989 tamen
3140 932 3263 991 Filii
3312 924 3479 1010 Pater,
3534 961 3587 1002 at:

395 1037 414 1070 ι
449 1020 690 1091 Spiritus
710 1021 887 1080 sancti
921 1028 1237 1095 productor.
1260 1023 1434 1078 Filius
1463 1031 1669 1088 autem,
1724 1031 1777 1077 et
1816 1020 1987 1078 Filius
2051 1030 2105 1078 et
2133 1023 2394 1087 Verbum,
2456 1032 2515 1079 et
2580 1024 2850 1095 sapientia
2878 1033 2933 1095 et
2960 1026 3225 1095 potentia,
3252 1038 3307 1084 et
3351 1030 3528 1105 imago.
3552 1049 3595 1094 et

398 1135 416 1167 α
459 1114 737 1185 splendor,
769 1123 826 1170 et
856 1116 1141 1174 character
1163 1114 1345 1172 Patris
1410 1126 1516 1180 est,
1547 1123 1602 1171 et
1628 1129 1692 1170 ex
1728 1114 1908 1171 Patre.
1969 1115 2039 1171 At
2094 1115 2333 1187 Spiritus
2380 1125 2605 1173 sanctus
2658 1134 2766 1174 non
2817 1117 2998 1174 Patris
3061 1118 3255 1183 Filius,
3307 1124 3395 1178 sed
3445 1126 3595 1185 Patris

393 1226 410 1259 ι
447 1206 687 1280 Spiritus
734 1216 840 1274 est,
882 1217 943 1264 ut
986 1208 1081 1281 qui
1114 1224 1183 1265 ex
1225 1207 1390 1264 Patre
1428 1207 1712 1280 procedat.
1771 1206 1967 1263 Nullus
2030 1209 2176 1264 enim
2221 1209 2287 1264 ad
2316 1224 2431 1265 rem
2499 1210 2665 1265 ullam
2702 1214 2825 1266 sine
2880 1209 3091 1281 Spiritu
3148 1221 3334 1268 sancto
3399 1217 3598 1287 impetus

393 1321 411 1352 ι
447 1315 570 1356 esse
615 1309 817 1373 potest.
849 1299 953 1370 Qui
1008 1301 1132 1359 Filii
1178 1316 1402 1374 quoque
1476 1301 1714 1372 Spiritus
1771 1298 1994 1362 dicitur,

394 1416 411 1447 ο
451 1394 611 1453 deus.
647 1393 811 1453 Solus
834 1396 979 1453 enim
1009 1396 1176 1453 Pater
1200 1413 1364 1454 causa
1386 1405 1493 1454 est.
1527 1415 1546 1449 ι

957 1487 1063 1541 Ani
1070 1487 1384 1542 ntadverst'o.

459 1606 478 1642 ι
516 1583 881 1645 Considerata
918 1583 1231 1654 diligenter,
1261 1597 1600 1654 quaecunque
1646 1596 1744 1653 per
1774 1588 1956 1635 totam

389 1699 408 1731 ι
448 1681 592 1737 hanc
616 1680 930 1751 pericopem
977 1677 1216 1736 obscure
1266 1676 1414 1734 forte
1468 1676 1686 1732 videtur
1738 1681 1962 1728 sanctus

389 1791 409 1824 ι
444 1771 756 1842 scripsisse,
801 1771 857 1828 in
906 1771 1012 1827 fine
1047 1772 1197 1828 illius
1227 1781 1284 1827 et
1313 1768 1643 1834 declarasse,
1671 1774 1726 1824 et
1775 1764 1961 1835 expla-

2058 1314 2165 1356 non
2197 1307 2259 1354 ut
2329 1313 2397 1355 ex
2434 1298 2577 1370 ipso,
2609 1300 2705 1356 sed
2760 1315 2858 1370 per
2931 1299 3114 1370 ipsum
3153 1316 3220 1355 ex
3258 1301 3410 1359 Patre
3435 1322 3596 1377 proce-

2666 1478 3053 1533 ‘Emo'tao'la.

2144 1587 2165 1621 ‹
2233 1568 2518 1639 Ἐννόησον
2559 1570 2829 1641 ἀκριϐῶς,
2858 1572 2977 1635 πῶς
3007 1572 3108 1626 ὅσα
3148 1573 3221 1627 δι’
3250 1574 3376 1648 ὅλης
3411 1583 3500 1651 τῆς
3526 1603 3606 1641 πε-

2072 1682 2091 1714 r
2146 1660 2376 1734 ρικοπῆς
2418 1661 2625 1732 ταύτης
2669 1662 2900 1732 ἀσαφῶς
2933 1665 3077 1734 τάχα
3124 1664 3379 1734 φαίνεται
3423 1676 3605 1746 γράψας

2071 1772 2091 1806 ι
2136 1755 2165 1806 6
2197 1751 2375 1822 ἅγιος,
2406 1754 2464 1806 ὲν
2492 1755 2570 1826 τῷ
2598 1754 2744 1810 τέλει
2773 1756 2979 1823 ταύτης
3034 1756 3133 1810 καὶ⁵
3185 1759 3495 1831 ὲσαφήνισε,
3533 1771 3608 1822 καὶ

392 1883 412 1915 ι
446 1878 627 1928 nasse,
660 1872 715 1920 et
771 1878 868 1933 per
901 1864 1043 1919 lianc
1088 1873 1145 1919 et
1192 1854 1566 1933 praidigestam
1622 1858 1954 1932 pericopem.

2075 1866 2089 1899 t
2139 1848 2454 1919 ἡρμήνευσε
2480 1865 2495 1879 ·
2528 1847 2615 1901 διὰ
2664 1847 2872 1918 ταύτης
2903 1847 2961 1902 δὲ
3003 1852 3100 1903 καὶ
3128 1851 3227 1922 τὴν
3272 1856 3609 1924 προλαϐοῦσαν

391 1972 409 2004 ι
440 1952 600 2020 Quod
631 1953 777 2008 enim
806 1954 862 2009 in
902 1954 999 2021 illa
1023 1954 1163 2009 dixit
1201 1970 1215 2006 :
1241 1952 1320 2009 Ex
1351 1954 1488 2009 Filio
1527 1966 1656 2008 vero
1687 1965 1797 2005 non
1826 1948 1963 2004 dit-i-

389 2066 408 2098 ι
445 2061 568 2103 mus
593 2046 883 2116 Spiritum,
906 2048 961 2103 in
985 2048 1090 2103 hac
1114 2047 1410 2102 dilucidius
1439 2042 1960 2116 explicavitdicens.

391 2156 410 2189 ι
444 2137 513 2194 Et
550 2136 675 2193 Filii
723 2137 981 2209 Spiritus,
1032 2154 1141 2194 non
1179 2139 1255 2194 uti
1303 2154 1370 2194 ex
1404 2139 1544 2208 ipso,
1590 2135 1687 2193 sed
1741 2134 1821 2189 uti
1865 2148 1963 2203 per

390 2248 410 2282 ι
449 2219 626 2301 ipsum
659 2245 726 2286 ex
758 2229 917 2289 Patre
945 2232 1268 2301 procedens.
1293 2229 1535 2286 Tandem
1566 2229 1656 2284 illa
1682 2242 1804 2300 qua:
1831 2225 1962 2283 sub-

282 2344 287 2349 -
388 2340 411 2374 ι
449 2320 638 2386 infert,
696 2320 862 2383 Solus
905 2323 1052 2379 enim
1107 2338 1273 2379 causa
1307 2324 1492 2388 Pater.
1521 2322 1855 2386 universam,
1902 2325 1962 2373 ut

393 2431 414 2464 ι
447 2411 711 2478 diximus,
743 2414 1057 2486 pericopem
1091 2416 1458 2472 elucidarunt.
1502 2434 1521 2466 ι

1022 2600 1323 2672 Refutatio.

459 2691 597 2749 Vere
620 2691 839 2763 quidem
875 2693 927 2746 in
978 2693 1084 2747 line
1110 2693 1358 2747 adductae
1396 2692 1680 2762 pericopes
1711 2691 1959 2762 apposita

386 2801 415 2839 a
442 2796 653 2850 sancto,
685 2783 1112 2841 declarationem
1148 2782 1342 2839 eorum
1371 2783 1678 2851 continent,
1714 2800 1839 2855 qua:
1862 2799 1961 2853 per

386 2877 701 2933 universam
733 2876 936 2933 dictam
975 2877 1312 2946 pericopeut.
1348 2892 1451 2932 nec
1483 2881 1589 2931 non
1647 2876 1701 2931 in
1751 2891 1958 2947 pracc—

384 2969 533 3025 denti
558 2968 887 3039 perobscure
910 2967 1125 3024 videtur
1152 2968 1467 3046 scripsisse,
1502 2983 1613 3023 non
1664 2982 1730 3023 eo
1777 2977 1958 3022 tamen

391 3062 758 3132 tnodo,quem
787 3069 876 3116 tua
900 3059 1148 3117 doctrina
1180 3062 1456 3132 proponit,
1483 3061 1581 3117 sed
1614 3059 1957 3131 profundiori

383 3162 442 3211 et
481 3144 849 3223 exquisitiori.
890 3152 1027 3209 Nam
1076 3168 1201 3208 cum
1249 3153 1305 3208 in
1362 3152 1705 3224 praecedente
1733 3160 1957 3209 sanctus

2074 1958 2091 1991 ι
2141 1940 2470 2008 περικοπὴν.
2509 1938 2576 1994 ’0
2610 1939 2722 2012 γὰρ
2742 1942 2805 1994 ἑν
2830 1939 3016 2015 ἐκείνῃ
3039 1938 3215 2007 εἶπεν,
3261 1943 3358 1998 Ἐκ
3386 1948 3474 2001 τοῦ
3498 1951 3610 2004 Υίοῦ

2071 2049 2089 2082 ι
2130 2031 2187 2083 δὲ
2221 2032 2282 2084 τὸ
2326 2030 2553 2102 Πνεῦμα
2594 2032 2657 2085 οὐ
2691 2031 2949 2101 λέγομεν.
3000 2033 3058 2087 ἐν
3086 2032 3266 2106 ταύτῃ
3312 2038 3612 2108 σαφέστερον

2068 2140 2087 2175 ι
2138 2123 2360 2194 εἴρηκεν
2407 2122 2602 2187 ιίπὼν,
2664 2123 2777 2177 Καὶ
2828 2123 2960 2178 Υίοῦ
3026 2125 3257 2195 Πνεῦμα
3321 2128 3417 2199 οὐχ
3457 2129 3526 2194 ὡς
3567 2134 3615 2201 ἐξ

2069 2234 2087 2266 ι
2137 2216 2328 2282 αὐτοῦ,
2355 2216 2472 2269 ἀλλ’
2504 2217 2580 2276 ὡς
2629 2216 2699 2271 δι’
2728 2217 2895 2272 αὑτοῦ
2939 2221 3005 2275 ὲκ
3052 2219 3149 2272 τοῦ
3207 2220 3422 2292 Πατρδς
3469 2225 3611 2276 sane.

2069 2323 2087 2356 ι
2143 2307 2463 2378 ρευόμενον.
2516 2307 2582 2360 Ἢ
2639 2307 2698 2362 δὲ
2735 2308 2852 2373 τοῦ,
2888 2309 3069 2374 Μόνος
3099 2308 3213 2381 γὰρ
3260 2311 3434 2375 αἴτιος
3464 2313 3491 2366 ὁ
3520 2315 3615 2369 Πα-

2068 2416 2087 2449 ι
2142 2398 2270 2470 τὴρ,
2298 2399 2588 2470 ἐπαγωγὴ,
2627 2400 2731 2471 τὴν
2762 2399 2913 2471 ὅλην,
2945 2400 3021 2466 ὡς
3048 2401 3307 2473 εἴπομεν,
3336 2406 3615 2475 περικοπὴν

2073 2507 2090 2541 ι
2136 2488 2488 2562 ἐσαφήνισεν.
2514 2510 2533 2543 ι

2655 2585 3048 2655 ’Δντίρῤησις.

2143 2671 2387 2747 Ἀληθῶς
2418 2675 2519 2744 μὲν
2546 2677 2615 2731 τὰ
2664 2680 2722 2731 ὲν
2744 2678 2825 2747 τῷ
2856 2678 3003 2732 τέλει
3029 2678 3131 2749 τῆς
3188 2678 3453 2749 ρηθείσης
3486 2697 3623 2750 περι·
3672 2704 3677 2709 ’

2062 2764 2239 2834 κοπῆς
2272 2764 2373 2836 rip;
2406 2766 2550 2837 ἁγίῳ
2596 2767 2864 2839 εἰρημένα
2906 2769 3216 2839 σαφήνειαν
3261 2785 3387 2822 τινα
3414 2769 3619 2838 φέρουσι

2059 2856 2192 2922 τῶν,
2228 2857 2328 2911 ὅσα
2362 2857 2432 2911 δι’
2477 2858 2610 2928 ὅλης
2641 2862 2741 2930 τῆς
2795 2861 3103 2931 περικοπῆς
3133 2860 3369 2929 ταύτης,
3417 2861 3546 2914 ἀλλὰ
3569 2862 3623 2933 δὴ

2061 2950 2155 3002 καὶ
2185 2948 2288 3019 τῆς
2340 2950 2720 3021 πρ)λα6ούσης
2765 2952 2995 3020 ἀσαφῶς
3027 2954 3171 3020 τάχα
3224 2956 3478 3022 φαίνεται
3507 2954 3624 3022 γρά-

2058 3041 2187 3110 ψας,
2226 3040 2372 3113 πλὴν
2402 3043 2504 3114 οὐχ
2547 3041 2622 3106 ῶς
2668 3044 2700 3112 ἡ
2753 3042 2820 3114 σὴ
2849 3042 3098 3098 διδάσκει
3131 3046 3461 3110 ἐπιστασία,
3502 3046 3641 3099 ἀλλὰ

2065 3134 2368 3206 βαθύτερον
2399 3135 2574 3200 ἄλλως
2621 3139 2716 3193 καὶ
2765 3139 3185 3212 ἀκριϐέστερον.
3232 3138 3427 3193 Εἰπὼν
3458 3140 3558 3210 γὰρ
3598 3139 3622 3192 6

380 3245 728 3315 scripsisset.
758 3243 839 3299 Ex
891 3243 1031 3301 Filio
1057 3259 1187 3301 vero
1232 3244 1491 3317 Spiritum
1543 3260 1651 3302 non
1697 3245 1954 3311 dicimus,

2075 3229 2224 3298 Ξγιος
2254 3229 2314 3284 ὲν
2334 3230 2400 3301 τῇ
2433 3229 2779 3303 προλαὸούσῃ
2819 3232 3121 3302 περικοπῇ,
3163 3231 3269 3285 Ἐκ
3300 3232 3395 3285 τοῦ
3424 3231 3551 3285 Υίοῦ
3580 3231 3630 3284 δὲ

382 3326 682 3408 volensque
702 3335 757 3390 in
789 3337 934 3393 dicta
961 3337 1211 3408 pericope
1231 3351 1523 3409 exponere,
1544 3338 1697 3405 illud,
1714 3352 1784 3393 ex
1804 3339 1991 3406 Filio,-

334 3496 338 3501 η
386 3428 696 3486 convellere
719 3444 843 3500 qua:
872 3429 1151 3500 pessimus
1176 3429 1478 3486 Eunomius
1508 3412 1861 3495 de‘cernebat,
1892 3448 1961 3486 ex

384 3521 528 3576 Filio
552 3521 940 3585 antecedeutcr
967 3520 1133 3576 veluti
1161 3536 1227 3579 ex
1265 3523 1439 3593 prima
1471 3538 1635 3578 causa
1668 3533 1723 3580 et
1752 3524 1961 3594 princi-

386 3613 481 3682 pio
511 3612 778 3686 Spiritum
802 3626 1079 3679 asserens,
1110 3627 1223 3669 non
1260 3628 1390 3669 vero
1416 3630 1512 3684 per
1546 3600 1745 3670 Filium
1814 3631 1963 3670 rece-

388 3715 546 3776 ptum
582 3721 597 3758 :
624 3719 805 3775 neque
820 3705 970 3759 enim
1003 3704 1112 3760 alio
1136 3706 1308 3761 modo
1328 3708 1497 3762 trium
1530 3709 1873 3766 continuum.
1904 3715 1961 3762 et

384 3812 700 3864 commune,
742 3797 887 3869 quod
938 3798 991 3854 in
1041 3788 1236 3853 natura
1280 3808 1385 3867 est,
1435 3807 1815 3866 conservatur,
1851 3798 1958 3853 nisi

384 3889 624 3957 Spiritus
657 3904 753 3961 per
785 3888 986 3945 Filium
1038 3903 1105 3946 ex
1133 3887 1296 3945 Patre
1322 3890 1665 3959 procederet,
1713 3904 1812 3959 pro
1848 3888 1960 3944 cla-

382 3981 568 4046 ritate,
598 3990 655 4035 et
702 3981 1066 4051 expositione,
1096 3996 1220 4051 quae
1270 3981 1410 4037 forte
1464 3981 1696 4036 obscure
1745 3979 1957 4052 digesta

384 4080 545 4128 antea
597 4071 777 4140 fuere,
832 4074 1119 4143 subjunxit
1170 4072 1227 4128 in
1279 4072 1422 4128 dicta
1461 4072 1735 4143 pericope,
1775 4091 1794 4125 ι
1846 4089 1955 4129 non

383 4171 645 4234 tauquam
690 4179 755 4218 ex
787 4164 928 4234 ipso.
970 4182 987 4214 ι
1038 4162 1105 4218 Et
1139 4178 1246 4218 una
1291 4164 1457 4219 simul
1489 4180 1519 4218 a
1568 4172 1641 4230 te,
1676 4163 1768 4232 qui
1801 4164 1954 4236 legis,

384 4255 518 4312 illud
552 4256 955 4320 consideretur,
981 4255 1061 4309 uti
1087 4270 1154 4311 ex
1178 4256 1353 4325 prima
1387 4272 1549 4311 causa
1582 4266 1634 4311 et
1666 4255 1952 4326 principio,

385 4349 478 4404 sed
534 4347 611 4403 uti
669 4362 766 4419 per
808 4345 985 4417 ipsum
1031 4362 1098 4402 ex
1136 4346 1292 4402 Patre
1324 4346 1645 4415 procedens,
1691 4344 1779 4414 cui
1830 4360 1953 4400 cum

385 4440 580 4500 addit;
619 4458 639 4492 ι
683 4438 846 4494 Solus
873 4440 1019 4494 enim
1065 4452 1229 4494 causa
1282 4437 1464 4503 Pater,
1505 4457 1524 4491 ι
1559 4436 1951 4503 manifestavit,

2065 3323 2126 3374 τὸ
2158 3320 2386 3391 Πνεῦμα
2433 3322 2496 3376 οὐ
2538 3322 2796 3393 λέγομεν,
2848 3324 2945 3377 καὶ
2979 3324 3153 3379 θέλων
3184 3326 3247 3376 ὲν
3296 3327 3368 3396 τῇ
3423 3324 3630 3396 ῥηθείσῃ

2066 3416 2340 3485 περικοπῇ
2390 3417 2740 3486 παραστῆσαι
2780 3415 2858 3480 ὡς
2895 3418 3072 3470 ἐκεῖνο
3100 3416 3186 3482 τὸ,
3219 3418 3291 3471 ὲκ
3349 3416 3446 3470 τοῦ
3502 3415 3633 3477 fieri,

2062 3504 2298 3573 ἀναιρεῖ,
2330 3504 2468 3575 ὅπερ
2503 3506 2531 3558 6
2564 3504 2824 3567 κάκιστος
2859 3506 3122 3577 Εὑνόμιος
3159 3506 3545 3577 ὲδογμάτιζεν,
3580 3505 3635 3556 ὲκ

2061 3594 2157 3648 τοῦ
2188 3593 2322 3647 Υίοῦ
2369 3596 2799 3667 προηγουμένως
2825 3596 2902 3659 ὡς
2946 3598 3011 3651 ὲκ
3043 3596 3280 3667 πρώτης
3330 3596 3513 3660 αἰτίας
3557 3593 3638 3651 καὶ

2060 3685 2235 3757 ἀρχῆς
2279 3684 2456 3755 λέγων
2505 3687 2566 3740 τὸ
2610 3686 2860 3759 Πνεῦμα,
2895 3688 3165 3757 οὔμενουν
3212 3691 3281 3743 τὸ
3342 3688 3422 3752 ὡς
3449 3687 3539 3741 διὰ.
3557 3685 3636 3739 τοῦ

2063 3778 2195 3833 Υίοῦ
2257 3778 2860 3849 παραλαμόανὸμενον·
2915 3781 3038 3835 οὐδὲ
3085 3782 3199 3852 γὰρ
3247 3782 3320 3835 ἂν
3372 3781 3546 3841 ἄλλως
3590 3777 3641 3831 τὸ

2059 3869 2168 3924 τῶν
2207 3870 2378 3941 τριῶν
2435 3872 2660 3943 συνεχὲς
2715 3890 2776 3925 τε
2829 3873 2923 3927 καὶ
2961 3875 3220 3943 συμφυὲς
3258 3873 3556 3946 τηρηθείη,
3599 3874 3640 3922 εί

2064 3964 2141 4035 μὴ
2165 3963 2226 4017 τὸ
2244 3964 2470 4035 Πνεῦμα
2496 3964 2586 4018 διὰ
2609 3965 2701 4019 τοῦ
2722 3966 2853 4030 Υἱοῦ
2885 3968 2946 4020 ὲκ
2971 3965 3065 4020 τοῦ
3096 3968 3327 4039 Πατρὸς
3361 3963 3644 4037 ἐκπορευό-

2063 4071 2225 4125 μενον
2250 4057 2337 4125 εῑη
2356 4055 2451 4109 ἐπὶ
2480 4057 2750 4127 σαφηνείᾳ
2772 4058 2866 4112 καὶ
2896 4058 3168 4129 ἑρμηνείᾳ
3212 4059 3334 4113 τῶν
3361 4060 3503 4128 τάχα
3526 4059 3646 4110 ἀσα-

2060 4148 2176 4217 φῶς
2208 4147 2637 4221 προρρηθέντων
2685 4150 2968 4220 ἐπήγαγεν
3026 4153 3184 4221 ὲντῇ
3229 4152 3478 4222 ῥηθείσῃ
3509 4167 3646 4217 περι-

2059 4243 2202 4312 κοπῇ
2238 4241 2298 4295 τὸ
2339 4259 2357 4292 ι
2396 4241 2496 4312 οὐχ
2539 4242 2614 4305 ὡς
2641 4240 2701 4307 ἐξ
2728 4240 2920 4295 αὐτοῦ.
2984 4261 3003 4294 ι
3060 4244 3177 4297 Καὶ
3219 4243 3647 4297 συνεπινοείσθω

2061 4352 2145 4387 σοι
2176 4333 2252 4405 τῷ
2282 4333 2712 4403 ἀναγινώσκοντι
2748 4336 2830 4399 τὸ,
2863 4335 2935 4399 ὡς
2964 4337 3029 4388 ἐκ
3063 4335 3307 4408 πρώτης
3354 4337 3538 4400 αἰτίας
3565 4337 3649 4389 καὶ

2057 4428 2254 4498 ἀρχῆς.
2285 4427 2401 4481 ἀλλ’
2429 4428 2503 4489 ὡς
2544 4427 2610 4481 δι’
2645 4426 2810 4480 αὑτοῦ
2848 4430 2910 4480 ἑκ
2944 4426 3041 4481 τοῦ
3095 4430 3332 4501 Πατρὸς
3362 4427 3649 4498 ἐκπορευό-

384 4543 495 4581 non
517 4541 642 4583 esse.
659 4542 883 4582 causam
910 4527 1230 4598 primarium
1261 4527 1478 4595 Filium,
1506 4542 1695 4583 eorum
1719 4542 1953 4598 quorum

2075 4537 2253 4588 μενον⁸
2298 4519 2559 4589 προσθεὶς
2588 4520 2645 4573 δὲ
2694 4520 2792 4573 καὶ¹
2830 4518 2915 4586 τὸ,
2964 4540 2982 4571 ι
3032 4521 3223 4585 Μόνος
3262 4522 3385 4592 γὰρ
3420 4520 3650 4583 αῐτιοςού

385 4619 501 4688 ipse
533 4633 705 4674 causa
735 4616 898 4673 Pater
919 4628 1053 4675 est:
1099 4619 1337 4691 itemque
1386 4634 1497 4673 non
1549 4635 1669 4675 esse
1718 4620 1953 4690 primam

2075 4611 2270 4681 Πατὴρ,
2329 4628 2346 4662 ι
2384 4610 2687 4681 δεδήλωκεν
2711 4608 2785 4670 ὼς
2824 4609 2925 4663 οὐκ
2970 4610 3037 4664 ἂν
3079 4614 3172 4682 εἴη
3208 4589 3404 4665 αἴτιον
3435 4611 3650 4681 ἀρχικὸν

384 4723 634 4774 causam,
671 4718 725 4764 et
759 4709 1092 4780 principium
1129 4708 1328 4765 Filium
1356 4725 1372 4764 :
1403 4724 1511 4765 non
1554 4724 1708 4775 vero,
1736 4719 1797 4766 ut
1830 4711 1957 4782 qui-

383 4802 509 4855 dam
542 4800 800 4871 suspicati
841 4810 989 4867 sunt,
1026 4811 1311 4873 propterea
1357 4812 1581 4857 sanctus
1609 4803 1778 4857 dixit:
1818 4820 1838 4855 ι
1877 4801 1956 4856 Ex

385 4890 526 4946 Filio
561 4907 694 4947 vero
717 4891 983 4963 Spiritum
1020 4910 1126 4949 non
1149 4894 1410 4959 dicimus,
1454 4914 1472 4948 ι
1510 4905 1569 4949 ιιι
1598 4895 1957 4965 distingueret

384 4980 583 5037 Filium
621 4999 652 5037 a
690 4981 868 5038 Patre.
902 4983 1035 5038 Nam
1071 4985 1115 5039 si
1158 4984 1209 5039 id
1238 4994 1403 5052 esset,
1460 5000 1739 5055 nunquam
1783 4986 1955 5039 dixis-

383 5086 486 5136 set.
515 5091 623 5130 non
661 5076 739 5130 uti
770 5090 835 5130 ex
865 5075 1005 5142 ipso,
1038 5075 1131 5131 sed
1163 5083 1222 5130 ut
1267 5091 1363 5145 per
1394 5076 1573 5147 ipsum
1628 5074 1951 5145 procedens.

384 5170 671 5240 Separatio
699 5169 845 5224 enim
879 5167 998 5224 Filii
1021 5184 1052 5222 a
1096 5168 1253 5224 Patre
1278 5183 1558 5238 nunquam
1591 5169 1646 5224 in
1681 5169 1955 5224 exsisteu-

382 5263 456 5315 tia
502 5261 736 5331 Spiritus
769 5276 799 5315 a
834 5260 1016 5324 Patre,
1050 5261 1218 5325 illud,
1244 5276 1341 5332 per
1368 5259 1588 5326 Filium,
1625 5260 1950 5317 admitteret.

384 5353 771 5410 Verumtamen
790 5353 943 5421 illud,
964 5372 981 5404 ι
1002 5351 1175 5408 Nemo
1192 5354 1369 5408 bonus
1387 5352 1488 5407 nisi
1509 5370 1657 5408 unus
1684 5355 1905 5421 Deus",
1928 5371 1947 5407 ι

385 5464 617 5520 magnus
639 5447 896 5513 Basilius,
922 5460 1019 5516 pro
1051 5461 1134 5510 eo,
1157 5444 1259 5500 nisi
1279 5444 1427 5500 solus
1446 5443 1625 5509 Pater,
1651 5461 1953 5516 exponens,
1980 5490 1989 5497 ,

386 5552 440 5597 et
473 5542 632 5611 plane
656 5539 868 5604 dicens,
897 5538 1189 5594 dictionem
1220 5536 1504 5603 denotare,
1553 5535 1792 5606 primum
1850 5538 1951 5592 bo-

338 5648 345 5655 '
389 5650 516 5688 num
557 5648 681 5690 esse
709 5634 945 5696 Patrem,
973 5640 1027 5685 et
1076 5629 1243 5695 illud,
1293 5647 1311 5681 ι
1351 5628 1520 5685 Nemo
1567 5634 1719 5685 novit
1750 5629 1948 5686 Filium

386 5726 489 5779 nisi
528 5724 686 5781 Pater
718 5728 784 5792 ²¹,
828 5744 846 5776 ι
892 5734 945 5779 et
998 5722 1052 5776 in
1103 5720 1192 5776 illa
1229 5721 1676 5791 interpretatione
1726 5724 1952 5779 dctnon-

463 5883 502 5913 "
550 5879 660 5933 Luc
713 5896 864 5945 χχιιι,
906 5879 989 5934 l9.
1102 5881 1146 5911 ”
1180 5876 1372 5933 Matth.
1408 5895 1483 5944 χι,
1513 5879 1604 5931 ‘27.

2059 4707 2087 4757 6
2119 4703 2267 4769 Υἱὸς,
2308 4698 2383 4758 ὧν
2415 4701 2724 4764 αὑτοαίτιος
2748 4703 2776 4755 6
2803 4701 3013 4773 Πατὴρ,
3045 4704 3141 4756 καὶ
3175 4702 3262 4766 ὡς
3309 4705 3443 4774 οὐχὶ
3473 4701 3650 4774 πρώτη

2060 4798 2208 4852 αίτία
2237 4800 2334 4852 καὶ
2363 4798 2509 4869 ἀρχὴ
2536 4797 2630 4850 τοῦ
2655 4797 2977 4868 Πνεύματός
3006 4799 3161 4850 ἐστιν
3207 4801 3240 4852 6
3279 4799 3413 4862 Υἱός
3433 4815 3451 4830 ο
3469 4798 3654 4867 66pm:-

2060 4909 2176 4956 ουν,
2217 4890 2295 4955 ὣς
2344 4907 2491 4956 τινες
2539 4891 2891 4961 ὑπειλήφασι,
2926 4890 3016 4944 διὰ
3076 4890 3253 4945 τοῦτο
3283 4892 3316 4945 6
3346 4892 3509 4960 ἅγιος
3537 4890 3653 4960 ἔφη,

2018 4982 2033 4993 ’
2066 5001 2085 5034 ι
2122 4984 2187 5036 ἐκ
2218 4982 2315 5037 τοῦ
2347 4982 2480 5035 Υίοῦ
2507 4982 2565 5036 δὲ
2590 4981 2651 5036 τὸ
2679 4982 2905 5052 Πνεῦμα
2934 4982 2996 5035 οὐ
3039 4982 3326 5052 λέγομεν,
3363 5002 3384 5034 ι
3421 4986 3510 5035 ἵνα
3551 4982 3659 5032 δια·

2062 5074 2251 5147 στείλη
2278 5075 2369 5129 τὸν
2404 5075 2534 5129 Υἱὸν
2564 5075 2673 5130 ἀπὸ
2695 5073 2788 5128 τοῦ
2831 5075 3066 5145 Πατρός.
3103 5074 3169 5127 Et
3216 5075 3341 5147 γὰρ
3392 5074 3542 5129 τοῦτ’
3572 5070 3652 5145 ἦν,

2060 5169 2159 5221 οὐκ
2196 5168 2262 5223 ἄν
2303 5185 2434 5221 ποτε
2477 5166 2604 5238 ἔφη,
2632 5166 2730 5237 οὐχ
2756 5167 2832 5230 ὡς
2890 5163 2952 5229 ἐξ
3002 5165 3203 5229 αὐτοῦ,
3259 5168 3393 5220 ἀλλ’
3460 5170 3538 5232 ὡς
3598 5165 3658 5217 δι’

2060 5259 2229 5313 αὐτοῦ
2287 5261 2745 5329 ἐκπορευόμενον.
2808 5258 2876 5311 Ἦ
2941 5258 3052 5327 γὰρ
3103 5259 3226 5312 ἀπὸ
3296 5260 3402 5313 τοῦ
3454 5259 3654 5330 [ἰατρὸς

2061 5350 2313 5422 διαστολὴ
2350 5352 2442 5406 τοῦ
2480 5351 2632 5418 Υἱοῦ,
2676 5352 2776 5404 οὐκ
2815 5351 2881 5406 ἄν
2911 5367 3045 5403 ποτε
3093 5352 3156 5403 ὲν
3207 5355 3281 5422 τῇ
3338 5355 3412 5406 ἐκ
3458 5353 3656 5420 Πατρὸς

2063 5442 2297 5513 ὑπάρξει
2329 5446 2424 5496 τοῦ
2456 5442 2804 5512 Πνεύματος,
2832 5440 3211 5514 παραδέξαιτο
3262 5444 3332 5496 τὸ
3384 5445 3454 5497 δι’
3485 5441 3653 5512 ξΥίοῦ.

2070 5537 2234 5592 Ἀλλὰ
2264 5541 2360 5593 καὶ
2384 5539 2467 5605 τὸ,
2517 5556 2535 5590 ι
2582 5538 2773 5602 Οὐδεὶς
2801 5536 3007 5605 ἀγαθὸς
3050 5538 3098 5590 εἰ
3125 5537 3215 5608 μὴ
3262 5535 3355 5604 67.;
3383 5542 3414 5593 6
3446 5540 3597 5600 Θεὸς,
3637 5555 3653 5586 ι

2057 5633 2086 5685 6
2121 5633 2295 5702 μέγας
2323 5631 2604 5696 Βασίλειος
2636 5632 2757 5685 ἀντὶ
2784 5630 2901 5696 τοῦ,
2937 5632 3000 5684 Εἰ
3037 5632 3111 5701 μὴ
3144 5631 3356 5700 τμόνος
3392 5636 3422 5686 6
3455 5632 3656 5700 Πατὴρ.

2059 5722 2445 5795 ἐξηγούμενος,
2480 5725 2576 5779 καὶ
2621 5722 2807 5795 σαφῶς
2854 5723 3049 5793 λέγων,
3087 5723 3361 5794 δήλωσιν
3405 5724 3555 5797 ἔχειν
3602 5721 3656 5775 τὸ
