3882 6574
493 394 595 458 δτιο

1519 407 1729 470 JOAN.
1770 409 1985 472 VECCI
2025 411 2054 474 C

2177 413 2693 480 PATRIARCHA!
3615 415 3701 480 ϐου

496 536 514 568 ε
549 518 814 585 veritatis,
850 520 941 590 qui
989 538 1019 577 ιι
1055 522 1212 579 Patre
1267 525 1532 594 procedit,
1587 527 1820 584 deducet
1858 545 1955 587 vos
1993 531 2044 585 in

2167 549 2177 584 i
2213 533 2380 603 ὑμᾶς.
2407 554 2426 587 ι
2463 537 2573 591 Καὶ
2596 536 2758 590 πάλιν
2779 551 2792 567 ⁶
2836 555 2855 588 ι
2885 535 3054 590 Ὅταν
3077 533 3134 590 δὲ
3154 534 3287 608 ἔλθῃ
3310 536 3338 590 ό
3363 535 3699 610 Παράκλητος,

495 627 515 659 ι
554 625 770 665 omnem
808 613 1087 670 veritatem
1119 618 1186 671 ³⁸.
1226 634 1245 667 ι
1279 616 1337 671 1η
1382 632 1449 672 eo
1478 628 1680 685 autem,
1725 624 1870 692 quod
1896 624 2059 692 dixit,

500 719 518 750 ε
553 700 630 755 Ex
663 702 824 758 Patre
875 705 1138 772 procedit,
1184 705 1424 762 ostendit
1457 707 1674 765 Patrem
1701 726 1826 768 esse
1856 712 2060 772 fontem

497 813 515 842 ε
551 792 813 864 Spiritus.
863 794 931 850 Et
984 810 1092 852 non
1144 797 1304 866 dixit,
1337 800 1605 868 procedet,
1657 804 1754 859 sed
1802 808 2060 877 procedit,

496 904 513 936 ι
547 886 842 942 ostendens
881 896 937 942 et
988 895 1195 943 natura;
1247 889 1602 956 identitatem,
1637 901 1691 950 et
1739 896 2062 956 substantiae

500 997 516 1026 ε
552 977 1066 1048 indivisibilitatem,
1117 990 1172 1037 et
1227 981 1672 1054 iudiﬂ‘erentiam,
1709 997 1764 1044 et
1797 991 2056 1047 unionem

500 1089 516 1119 ι
560 1084 944 1136 personarum.
973 1071 1129 1139 Quod
1163 1073 1308 1130 enim
1341 1077 1606 1146 procedit,
1630 1094 1739 1134 non
1783 1090 1962 1151 potest
1991 1084 2058 1139 ab

497 1181 513 1211 ε
549 1175 616 1216 eo
644 1163 914 1234 separari,
948 1179 977 1218 a
1015 1179 1128 1234 quo
1168 1167 1434 1236 procedit.
1476 1168 1698 1226 Divinus
1726 1187 1856 1228 vero
1911 1172 2061 1244 Apo-

494 1271 511 1301 ι
548 1252 725 1308 stolus
753 1255 820 1309 de
851 1251 1058 1325 Spiritu
1092 1257 1207 1312 haec
1231 1257 1399 1314 dicit:
1430 1279 1450 1312 ι
1482 1261 1722 1332 Spiritus
1765 1266 1911 1321 enim
1939 1283 2060 1323 om-

493 1363 509 1392 ε
551 1343 638 1398 nia
688 1355 986 1413 scrutatur,
1019 1348 1180 1404 etiam
1219 1351 1488 1420 profunda
1543 1355 1637 1410 Dei
1694 1358 1759 1412 ".
1796 1378 1816 1410 ι
1842 1378 1845 1379 ν
1871 1359 1948 1415 Ac
1987 1377 2058 1418 ne

493 1455 510 1485 ι
551 1436 674 1506 quis
731 1437 1077 1507 ignoratione
1137 1455 1260 1498 esse
1357 1445 1748 1502 scrutationem
1801 1459 2052 1518 putaret,

449 1547 452 1550 ~
491 1547 508 1576 ε
542 1528 830 1598 subiunxit
873 1549 888 1586 :
923 1551 943 1584 ι
985 1533 1178 1590 Nullus
1225 1535 1510 1592 hominum
1557 1541 1730 1605 novit,
1761 1557 1884 1612 quae
1928 1554 2056 1600 sunt

498 1638 514 1666 ι
553 1619 814 1684 hominis,
851 1622 956 1678 nisi
988 1625 1216 1695 spiritus
1247 1629 1507 1695 hominis,
1541 1631 1634 1701 qui
1686 1633 1740 1687 in
1777 1634 1897 1705 ipso
1925 1644 2008 1692 est
2037 1654 2051 1690 :

493 1725 510 1756 ε
548 1707 622 1762 ita
659 1717 716 1764 et
753 1726 875 1781 quae
899 1712 990 1770 Dei
1016 1724 1145 1772 sunt
1166 1732 1328 1774 nemo
1359 1723 1634 1792 cognovit,
1670 1724 1775 1781 nisi
1813 1724 2053 1797 Spiritus

493 1817 514 1850 ι
553 1798 648 1854 Dei
681 1801 746 1856 ”.
793 1822 811 1855 ι

1053 1994 1480 2054 Animadversio.

566 2099 585 2134 ι
616 2067 819 2139 Ἁυάἰιο
849 2083 994 2141 hunc
1038 2102 1258 2160 quoque
1285 2091 1755 2162 sapientissimum
1787 2111 1852 2154 ac
1873 2100 2059 2157 erudi-

493 2192 510 2222 ε
547 2173 820 2231 tissimum
854 2175 1094 2245 Patrem,
1132 2197 1238 2236 non
1276 2182 1495 2240 diversa
1558 2188 1627 2242 ab
1678 2188 1803 2244 aliis
1857 2191 2057 2249 divinis

491 2286 512 2316 ι
548 2263 804 2324 Patribus
831 2269 898 2324 de
936 2275 1293 2341 processione
1347 2275 1587 2346 Spiritus
1635 2282 1810 2337 sancti
1859 2283 2056 2340 decer-

492 2378 512 2409 ι
546 2368 785 2424 nentem,
821 2362 1220 2438 docentemque
1267 2383 1392 2426 eum
1433 2385 1502 2426 ex
1551 2371 1664 2429 Deo
1711 2373 1872 2432 Patre
1918 2380 2061 2436 exsi-

493 2471 509 2502 ι
544 2453 799 2510 stentiam
828 2455 1050 2514 habere.
1094 2479 1117 2515 ι
1243 2449 1258 2526 Α,

1119 2553 1418 2627 Refutatio.

556 2640 980 2702 Eruditissimus
1041 2661 1106 2702 ac
1161 2651 1602 2720 sapientissimus
1644 2656 1746 2734 hic
1797 2658 1901 2724 vir,
1962 2657 2056 2718 hic

488 2731 628 2786 nihil
657 2732 842 2800 habet,
868 2738 1011 2808 quod
1052 2754 1083 2794 a
1126 2745 1353 2799 veritate
1390 2731 1656 2803 absonum
1690 2750 1781 2815 sit,
1814 2766 2059 2821 Cumas-

489 2824 646 2890 serit,
677 2841 743 2881 ex
797 2827 906 2884 Deo
936 2840 991 2884 et
1035 2831 1196 2888 Patre
1237 2831 1500 2905 Spiritum
1548 2839 1922 2897 exsistentiam
1961 2844 2057 2901 ha-

484 2915 638 2981 bere,
667 2932 732 2972 ex
770 2935 1012 2990 quonam
1050 2923 1198 2979 enim
1238 2925 1328 2982 ille
1359 2928 1624 2998 originem
1651 2947 1806 2987 suam
1837 2948 1902 2990 ac
1929 2932 2055 2990 fon-
2107 2923 2110 2926 ’

483 3017 594 3062 tem
631 3022 979 3078 agnosceret,
1016 3014 1120 3070 nisi
1152 3030 1299 3074 esset
1326 3034 1392 3075 ex
1423 3018 1624 3078 Patre?
1663 3021 2053 3082 Verumtamen

486 3100 544 3154 in
601 3103 721 3158 suis
767 3103 1033 3164 adversus
1083 3107 1344 3187 Cyrillum
1395 3116 1813 3184 certaminibus,
1866 3129 2056 3174 contra

482 3194 736 3249 eumdem
770 3197 923 3253 orbis
957 3209 1226 3258 terrarum
1264 3203 1446 3260 lumen
1481 3206 1766 3277 disputans
1798 3211 2054 3282 blasphe-

483 3287 628 3351 miae.
655 3302 721 3345 ac
752 3289 1046 3363 impietatis
1075 3303 1259 3352 notam
1290 3297 1508 3364 inussit,
1539 3302 1588 3356 si
1635 3303 1725 3358 ille
1766 3305 2056 3375 proprium

483 3377 607 3436 Filii
635 3377 900 3452 Spiritum
928 3383 1087 3447 dixit,
1120 3388 1285 3443 veluti
1311 3404 1376 3445 ex
1399 3388 1555 3458 Filio,
1591 3401 1686 3448 aut
1707 3408 1802 3464 per
1828 3394 2050 3462 Filium,

483 3471 744 3542 Spiritum
796 3489 920 3532 esse
970 3477 1259 3537 deﬁniens.
1326 3483 1581 3538 Attamen
1637 3486 2053 3543 eruditissimus

487 3565 577 3620 hic
622 3579 688 3621 ac
716 3566 1159 3638 sapientissimus
1201 3571 1585 3632 Theodoretus
1617 3580 1953 3634 tantumdem
1985 3593 2054 3635 ex

484 3657 577 3712 illa
603 3673 704 3713 sua
738 3659 794 3713 in
826 3669 1075 3717 sanctum
1103 3663 1367 3735 Cyrillum
1397 3669 1752 3726 contentione
1779 3670 1831 3725 in
1867 3669 2055 3744 Eccle-e

484 3749 566 3804 sia
620 3749 716 3807 Dei
755 3754 1048 3824 demeruit,
1102 3760 1173 3814 ob
1224 3773 1386 3827 quam
1441 3751 1743 3832 impietatis
1799 3773 2052 3820 sanctum

482 3840 784 3905 accusavit,
815 3842 861 3898 si
902 3844 1186 3913 proprium
1229 3845 1353 3902 Filii
1406 3846 1671 3918 Spiritum
1704 3853 1860 3920 dicit,
1888 3855 2052 3912 veluti

404 4002 410 4006 _
481 3945 548 3986 ex
575 3929 716 3987 Filio
753 3942 848 3990 aut
872 3949 970 4005 per
998 3935 1197 3993 Filium
1225 3938 1600 3998 exsistentiam
1631 3944 1882 4014 haberet,
1908 3956 1967 4002 ut
1993 3957 2048 4025 et

484 4018 826 4092 depositioni,
859 4034 913 4082 et
946 4030 1332 4101 proscriptioni
1367 4033 1628 4092 subactus
1680 4037 1872 4106 fuerit,
1921 4020 2052 4096 licet

484 4121 668 4182 postea
719 4121 1095 4191 semetipsum,
1163 4132 1218 4179 et
1272 4139 1556 4184 sermones
1589 4131 1862 4201 proprios,
1905 4148 2046 4204 quos

483 4210 832 4266 exsecranda:
861 4213 1235 4272 contentionis
1261 4216 1446 4272 studio
1470 4218 1765 4289 eil‘utierat,
1790 4225 2050 4281 condem-

484 4311 643 4366 nans,
681 4313 744 4356 ac
773 4301 1051 4374 ablegans,
1081 4315 1137 4362 et
1180 4310 1552 4369 anathematis
1604 4315 1743 4373 diris
1773 4316 2047 4374 devovens

484 4390 568 4444 vix
603 4394 816 4449 tandem
847 4409 1097 4470 receptus
1137 4413 1241 4458 est.

464 4504 766 4575 'Ex-opere,
794 4510 944 4577 cuius
984 4513 1082 4591 illg
1111 4526 1187 4591 est
1236 4519 1533 4587 inscriptio,
1579 4539 1598 4574 ι
1635 4520 1912 4591 Eram‘sta,
1945 4525 2054 4580 sive

1033 4585 1440 4656 Polymorphus.
1477 4610 1496 4643 ι

549 4667 782 4728 σχειν.
825 4691 845 4726 ι
880 4677 945 4730 Α.
983 4675 1153 4733 Deum
1184 4678 1424 4737 Verbum
1480 4698 1544 4738 ex
1605 4683 1767 4740 Patre
1821 4693 1875 4741 et
1935 4686 2051 4742 Deo

492 4778 509 4810 ι
543 4775 665 4818 esse
693 4779 850 4821 sacra
877 4767 1012 4825 dicit
1035 4769 1334 4841 Scriptura.
1387 4775 1446 4829 Β.
1494 4773 1630 4830 Vera
1685 4776 1847 4833 dicis.
1879 4777 1944 4834 Α.
1981 4778 2051 4834 Ει

490 4871 508 4902 ι
542 4851 807 4923 Spiritum
865 4870 1118 4919 sanctum
1157 4865 1410 4920 similiter
1457 4882 1524 4922 ex
1572 4868 1688 4923 Deo
1717 4884 1838 4926 esse
1867 4870 2050 4926 docet.

492 4970 510 5000 ε
542 4945 603 5004 Β.
635 4948 694 5005 In
725 4951 983 5008 confesso
1005 4964 1108 5010 est.
1139 4955 1207 5009 A.
1245 4956 1315 5010 At
1349 4955 1514 5010 Deum
1545 4957 1766 5028 quidem
1808 4958 2046 5016 Verbum

494 5061 512 5094 ι
545 5043 743 5100 Filium
779 5040 1029 5100 nominat
1063 5046 1428 5116 unigenitum.
1458 5047 1520 5102 Β.
1558 5048 1650 5106 Sic
1673 5051 1944 5106 nominat.
1981 5053 2051 5105 Δ.

492 5159 510 5192 ι
550 5137 816 5208 Spiritum
857 5147 1039 5194 autem
1076 5149 1324 5196 sanctum
1385 5157 1664 5212 nunquam
1705 5143 1785 5199 sic
1815 5143 2054 5214 appella-

552 5230 650 5285 vit.
676 5228 737 5286 B.
763 5227 1075 5300 Nusquam,
1095 5229 1159 5284 A.
1197 5229 1264 5285 Et
1293 5242 1473 5286 tamen
1497 5233 1542 5288 is
1564 5248 1780 5304 quoque
1802 5248 1865 5288 ex
1893 5234 2055 5290 Patre

494 5342 513 5373 ε
551 5332 605 5379 et
638 5321 749 5378 Deo
784 5312 940 5378 suam
975 5322 1138 5378 habet
1181 5323 1583 5379 exsistentiam.
1616 5325 1678 5380 Β.
1715 5325 1917 5381 Verum
1951 5335 2057 5384 est.

497 5433 514 5464 ‹
551 5413 618 5470 Α.
641 5410 910 5478 Quoniam
930 5413 1094 5483 igitur
1117 5414 1518 5478 conﬁtemurjex
1544 5414 1653 5469 Deo
1670 5423 1722 5470 et
1750 5414 1910 5472 Patre
1935 5432 2058 5473 esse

495 5525 514 5556 ‹
535 5491 604 5560 et
633 5503 828 5560 Filium
860 5514 916 5562 et
930 5504 1194 5577 Spiritum
1226 5515 1502 5569 sanctum,
1548 5506 1791 5562 audesne
1817 5523 2056 5578 unquam

498 5613 517 5646 ι
556 5594 818 5666 Spiritum
850 5597 1422 5666 sanctumappellare
1461 5595 1701 5652 Filium?
1734 5596 1798 5651 Β.
1837 5597 2056 5668 Nequa-

497 5706 512 5737 ι
553 5700 741 5757 quam.
773 5687 841 5741 A.
872 5685 1048 5754 Quam
1073 5689 1144 5743 ob
1165 5702 1279 5744 rem
1304 5687 1327 5741 ‘!
1350 5687 1412 5744 B.
1437 5686 1575 5753 Quia
1611 5688 1667 5744 in
1705 5703 1862 5745 sacra
1907 5690 2057 5746 Scri-

595 5863 818 5945 f'loan.
849 5881 924 5936 χι,
960 5867 1087 5945 15.¹
1163 5867 1255 5925 "1
1287 5867 1406 5925 Cor.
1445 5883 1504 5936 ιι,
1542 5868 1628 5926 ιο·

1739 5869 1784 5902 ’τ
1806 5869 1940 5927 ibid.
1980 5869 2064 5927 ll.

2173 645 2193 678 ε
2235 625 2296 680 τὺ
2329 627 2556 699 Πνεῦμα
2595 628 2698 700 τῆς
2749 628 3033 701 ἀληθείας,
3081 629 3111 682 δ
3156 628 3312 700 παρά
3372 629 3465 682 τοῦ
3522 631 3700 703 Πατρδς

2170 735 2190 768 ι
2237 717 2621 790 ἐκπορεύεται,
2647 720 2907 792 ὁδηγήσει
2937 721 3082 791 ὑμᾶς
3111 722 3247 792 πρὸς
3274 722 3455 775 πᾶσαν
3475 722 3568 792 τὴν
3589 724 3698 793 ait]-

2171 828 2191 862 ι
2226 809 2397 867 θειαν.
2439 829 2458 863 ι
2489 810 2581 882 Τῷ
2601 811 2656 865 δὲ
2681 813 2878 876 εἰπεῖν,
2903 813 2968 866 ὲκ
2988 811 3083 866 τοῦ
3107 812 3326 882 Πατρδς
3350 812 3700 881 ἐκπορεύεται,

2169 919 2188 953 ε
2234 901 2408 970 ἔδειξε
2481 901 2664 974 πηγὴν
2708 901 2838 957 ὅντα
2867 901 2965 958 τοῦ
3003 903 3328 973 Πνεῦματος
3359 902 3452 955 τὸν
3494 903 3698 973 Πατέρα.

2169 1011 2188 1045 ι
2232 995 2343 1048 Καὶ
2373 993 2477 1047 οὑκ
2512 989 2668 1048 εἶπεν
2695 994 3149 1064 ἐκπορεύσεται,
3183 993 3300 1048 ἀλλ’
3331 994 3699 1063 ἐκπορεύεται,

2167 1104 2187 1138 ι
2233 1085 2451 1151 δεικνὺς
2493 1085 2589 1140 καὶ
2624 1085 2726 1154 τῆς
2755 1086 2974 1155 φύσεως
3007 1086 3105 1156 τὴν
3135 1085 3472 1155 ταυτότητα,
3507 1084 3596 1138 καὶ
3622 1088 3700 1158 τῆς

2170 1196 2189 1230 ι
2235 1179 2426 1244 οὐσίας
2453 1179 2516 1233 τὸ
2533 1179 2797 1249 ἄτμητον,
2831 1177 2929 1233 καὶ
2959 1177 3022 1232 τὸ
3051 1178 3313 1249 διάφορον
3338 1179 3435 1232 καὶ
3460 1179 3700 1248 ἡνωμένον

2167 1291 2184 1324 ι
2231 1272 2343 1326 τῶν
2377 1272 2753 1326 ὐποστάσεων.
2799 1270 2875 1324 To
2903 1269 3012 1341 γὰρ
3051 1270 3496 1341 ἐκπορευόμενον
3533 1269 3700 1342 ἀχώρι-

2165 1387 2183 1417 ε
2232 1383 2358 1420 στον
2387 1365 2445 1430 ἐξ
2485 1366 2722 1427 ἑκείνου,
2759 1364 2820 1428 ἐξ
2847 1356 2910 1418 οὗ
2944 1362 3339 1433 ἐκπορεύεται.
3387 1362 3449 1414 '0
3496 1361 3548 1414 δὲ
3581 1362 3694 1423 θεῖος

2167 1473 2186 1507 ι
2246 1455 2573 1518 Ἀπόστολος
2631 1453 2808 1508 ταῦτα
2860 1453 3111 1525 περὶτοῦ
3163 1451 3488 1520 Πνεῦματος
3519 1449 3700 1520 ἐφησεο

2163 1566 2182 1599 ι
2223 1547 2298 1600 Τὸ
2320 1548 2376 1602 δὲ
2401 1547 2628 1616 Πνεῦμα
2663 1545 2844 1601 πάντα
2873 1546 3070 1616 ἐρευνᾷ
3100 1545 3168 1598 τὰ
3215 1543 3360 1614 βάθη
3399 1542 3491 1595 τοῦ
3519 1543 3655 1596 Θεοῦ.
3681 1562 3696 1596 ι

2162 1658 2182 1691 ε
2235 1640 2322 1703 Ὠς
2344 1639 2409 1694 ἀν
2431 1639 2487 1693 δὲ
2519 1639 2594 1710 μή
2618 1655 2704 1702 τις
2717 1638 2910 1708 ἀγνοίᾳ
2937 1636 3185 1708 ὑπολάόῃ
3212 1635 3314 1707 τὴν
3333 1633 3573 1704 ἔρευναν,
3598 1634 3703 1704 ἐπή-

2162 1749 2181 1782 t
2226 1746 2430 1800 γαγεν·
2464 1749 2485 1784 ι
2522 1731 2712 1795 οὐδεὶς
2735 1729 3040 1800 ἀνθρώπων
3068 1724 3178 1782 οἶδε
3200 1728 3272 1783 τά
3298 1726 3395 1780 τοῦ
3447 1724 3699 1796 ἀνθρώπου

2161 1840 2182 1877 ι
2227 1799 2386 1894 είμὴ
2421 1823 2484 1876 τὸ
2516 1822 2735 1894 πνεῦμα
2771 1799 2866 1877 τοῦ
2911 1819 3242 1892 ἀνθρώπουο
3284 1837 3304 1870 ι
3361 1817 3504 1871 οῦτω
3544 1818 3625 1871 καὶ
3649 1818 3702 1871 τὰ

2087 1906 2131 1962 Β
2165 1935 2184 1969 ι
2223 1915 2318 1972 τοῦ
2342 1916 2474 1972 Θεοῦ
2526 1917 2702 1978 οὐδεὶς
2726 1915 2868 1970 οἶδεν
2891 1916 2941 1969 εί
2973 1913 3048 1985 μὴ
3069 1913 3131 1967 τδ
3157 1910 3388 1982 Πνεῦμα
3409 1909 3502 1963 τοῦ
3523 1907 3657 1964 Θεοῦ.
3683 1926 3698 1961 ι

2758 2006 3142 2062 Ἐπιστασία.

2237 2120 2256 2154 ι
2307 2103 2508 2156 Ἀκουε
2535 2099 2747 2155 καὶτοῦ
2773 2097 3260 2170 πολυμαθεστάτου
3289 2096 3388 2152 καὶ
3420 2093 3701 2163 σοφωτάτω

2165 2214 2185 2248 ι
2228 2196 2441 2266 Πατρδς
2485 2195 2556 2249 τά
2589 2195 2730 2250 αὐτὰ
2752 2197 2864 2260 τοτς
2893 2193 3099 2258 λοιποῖς
3129 2190 3298 2253 θείοις
3327 2186 3569 2261 Πατράσι
3599 2187 3702 2256 περὶ

2165 2303 2184 2338 ι
2231 2286 2330 2355 τῆς
2359 2285 2454 2339 τοῦ
2491 2285 2650 2355 ἀγίου
2683 2283 3029 2350 Πνεῦματος’
3061 2280 3450 2353 ἐκπορεύσεως
3479 2279 3704 2346 δογματί-

2168 2395 2186 2428 ι
2233 2377 2439 2442 ζοντος,
2469 2377 2562 2428 καὶ
2590 2376 2654 2430 ἐκ
2712 2375 2850 2430 Θεοῦ
2889 2375 3103 2443 Πατρός
3153 2375 3304 2446 ἔχειν
3352 2370 3454 2443 τὴν
3503 2367 3702 2439 ὕπαρξιν
3790 2451 3795 2458 ’

2165 2487 2184 2521 ι
2229 2466 2394 2523 τοῦτο
2419 2467 2788 2532 διδάσκοντος.
2828 2485 2850 2519 ι

2646 2617 2660 2633 _
2758 2560 3149 2628 Ἀντίρῤησις.

2239 2655 2302 2708 ’0
2337 2653 2818 2726 πολυμαθέστατος
2845 2653 2944 2706 καὶ
2969 2651 3287 2720 σοφώτατος
3313 2642 3469 2711 οὗτος
3498 2643 3699 2701 ἐνταῦθα

2162 2748 2265 2822 μὲν
2287 2747 2528 2805 ὀὐδέντι
2551 2747 2700 2816 λέγει
2729 2745 2934 2816 ἀπᾷδον
2958 2746 3023 2814 τῇ
3057 2743 3317 2817 ἀληθείᾳ,
3349 2741 3416 2799 lx
3459 2738 3547 2797 τοῦ
3586 2735 3698 2795 Θεοῦ

2158 2844 2254 2897 καὶ
2278 2842 2490 2914 Πατρδς
2521 2841 2668 2913 ἔχειν
2701 2835 3078 2912 τὴνὊπαρξίν
3132 2837 3314 2906 λέγων
3373 2835 3432 2890 τὸ
3484 2833 3696 2903 Πνεῦμα.

2157 2937 2328 2991 Πόθεν
2356 2936 2467 3006 γὰρ
2497 2935 2565 2989 ἀν
2591 2933 2686 2988 καὶ
2717 2933 2803 3005 εἴη
2827 2933 2948 3005 ἔχον
2981 2931 3083 2995 τὰς
3122 2929 3219 2985 τοῦ
3269 2924 3416 2983 εἶναι
3439 2927 3601 2998 ἀρχὰς
3623 2925 3698 2980 καὶ

2159 3027 2343 3099 πηγὰς
2367 3029 2419 3083 ,εν
2449 3027 2526 3098 μὴ
2561 3028 2626 3080 ἐκ
2650 3026 2901 3098 Πατρόςς
2947 3026 3008 3079 ὲν
3066 3023 3124 3077 δὲ
3166 3026 3282 3087 τοῖς
3328 3022 3470 3076 κατὰ
3507 3018 3592 3120 τοῦ
3625 3035 3698 3120 με·

2157 3121 2325 3190 γάλου
2357 3118 2630 3190 Κυρίλλου
2653 3117 2864 3188 ἀγῶσιν
2894 3114 3063 3171 αὐτοῦ
3102 3115 3224 3170 κατ’
3255 3114 3473 3169 ἐκείνου
3502 3111 3589 3164 τοῦ
3619 3111 3698 3178 τῆς

2156 3210 2480 3281 οἰκουμένης
2501 3209 2690 3280 φωστῆ
2699 3226 2790 3280 ρος
2804 3205 3208 3300 ἀγωνιζόμενος
3232 3202 3579 3300 βλασφημίας
3593 3202 3700 3300 ius:

2164 3300 2382 3364 σεὸείας
2406 3297 2626 3370 γραφὴν
2658 3299 2737 3366 τῷ
2766 3297 2909 3369 ἀγίῳ
2935 3296 3240 3369 προσῆψεν,
3304 3295 3404 3350 ὲάν
3446 3294 3568 3347 ἴδιον
3593 3291 3696 3344 Υἱοῦ

2163 3393 2370 3456 ἐκεῖνος
2398 3390 2504 3463 ἔφη
2533 3391 2594 3444 τὸ
2621 3389 2870 3460 Πνεῦμα,
2925 3389 3002 3453 ὡς
3042 3386 3104 3454 ἐξ
3149 3387 3309 3454 Υίοῦ,
3341 3387 3378 3458 ἢ
3409 3384 3477 3440 δι’
3515 3383 3630 3438 Υίοῦ
3650 3383 3697 3435 τὸ

2161 3484 2388 3556 Πνεῦμα
2413 3483 2701 3552 θεολογῶν.
2737 3482 2797 3538 '0
2827 3482 2885 3536 δὲ
2916 3479 3227 3552 σοφώτατος
3256 3475 3420 3545 οὗτος
3447 3479 3536 3533 καὶ
3563 3476 3700 3530 πολυ-

2165 3576 2504 3648 μαθέστατος
2525 3574 2870 3647 Θεοδώρητος
2892 3573 3148 3630 τοσοῦτον
3171 3573 3271 3645 τῆς
3287 3572 3433 3628 κατά
3457 3569 3546 3624 τοῦ
3570 3566 3698 3636 ἁγίου

2159 3665 2434 3739 Κυρίλλου
2460 3667 2717 3722 ἀπώνατο
2743 3667 2936 3736 ἔριδος,
2967 3666 3036 3720 δι’
3065 3669 3132 3737 ἢν
3161 3665 3258 3720 κα)⁸
3293 3660 3602 3724 δυσσεϐείας
3627 3658 3698 3711 τὸν

2160 3759 2318 3827 ἆγιον
2345 3759 2608 3830 ἔγραφεν,
2635 3758 2732 3813 ἐὰν
2762 3758 2894 3812 ἴδιον
2920 3756 3052 3812 Υίοῦ
3103 3757 3249 3826 λέγει
3290 3755 3356 3810 τὸ
3384 3752 3610 3823 Πνεῦμα,
3639 3749 3698 3812 ὡς

2162 3851 2223 3917 ἐξ
2255 3850 2410 3916 Υίοῦ,
2436 3850 2470 3921 ἢ
2495 3849 2564 3905 δι’
2591 3848 2720 3904 Υίοῦ
2747 3849 2842 3919 τὴν
2859 3848 3094 3921 ὕπαρξιν
3123 3849 3269 3920 ἕχον,
3303 3850 3384 3913 ὡς
3411 3847 3504 3902 καὶ
3534 3843 3697 3899 καθαι-

2164 3942 2388 4014 ρεθῆναι
2413 3943 2508 3996 καὶ
2537 3939 3016 4018 ἀποκηρυχθῆναι,
3064 3939 3168 3995 κᾶν
3200 3939 3434 4012 ὕστερον
3455 3948 3698 4004 κατεγνωο

2163 4033 2276 4098 κὼς
2302 4033 2396 4088 καὶ
2422 4033 2588 4097 αὐτὸς
2615 4031 2832 4103 ἑαυτοῦ,
2858 4033 3102 4097 καὶτοὺς
3131 4032 3372 4096 οἰκείους
3400 4031 3583 4098 λόγους
3607 4030 3698 4079 ὅσοι

2161 4126 2260 4197 τῆς
2285 4125 2611 4194 θεοστυγοῦς
2635 4124 2814 4196 ἔριδος
2833 4125 3447 4195 ἀποσκευασάμενος,οὑ
3472 4122 3572 4194 μὴν
3589 4117 3696 4174 ἀλλᾶ

2161 4221 2258 4276 καὶ
2285 4221 2405 4285 ταῖς
2430 4218 2522 4273 τοῦ
2538 4218 2894 4298 ⁴ἀναθέματος
2922 4219 3085 4291 ἀραῖς
3114 4216 3530 4282 καθυποσαλὼν,
3571 4211 3696 4284 μόλις

2158 4311 2302 4368 οὕτω
2331 4311 2710 4384 προσδιδεκτο.

2166 4518 2280 4573 Τοῦ
2314 4517 2502 4574 αὐτοῦ
2561 4517 2681 4574 ἀπὸ
2726 4515 2838 4584 τῆς
2893 4517 3324 4588 πραγματείας,
3383 4512 3458 4588 ἧς
3507 4516 3544 4585 ἡ
3591 4515 3694 4568 ἐπι·

2265 4589 2486 4658 γραφὴ,
2539 4605 2560 4641 ι
2607 4587 2988 4656 Ἐρανιστὴς,
3043 4587 3082 4655 ἢ
3119 4587 3532 4657 Πολύμορφος.
3574 4604 3593 4637 ι

2229 4675 2406 4732 PMA'.
2443 4694 2463 4728 ι
2503 4676 2572 4731 Α.
2599 4677 2702 4730 Τὸν
2731 4676 2903 4744 Λόγον
2934 4677 2997 4729 ὲκ
3018 4674 3113 4729 τοῦ
3137 4676 3350 4748 Πατρὸς
3389 4671 3525 4730 εἶναι
3546 4673 3574 4744 ἠ
3597 4670 3691 4725 θεία

2166 4786 2186 4822 ε
2246 4769 2440 4841 Γραφὴ
2470 4767 2644 4837 λέγει.
2679 4768 2742 4822 Β.
2813 4768 3019 4840 Ἀληθῆ
3053 4768 3255 4839 λέγεις.
3299 4773 3366 4825 Α.
3401 4770 3508 4824 Καὶ
3538 4767 3690 4839 μέντοι

2165 4878 2186 4912 ι
2241 4862 2335 4915 καὶ
2359 4863 2419 4916 τὸ
2447 4860 2670 4932 Πνεῦμα
2699 4862 2760 4915 τδ
2781 4847 2937 4931 ἅγιον
2964 4861 3228 4926 ὡσαύτως
3255 4863 3321 4916 ἐκ
3343 4861 3434 4917 τοῦ
3473 4858 3598 4914 Θεοῦ
3627 4854 3691 4910 εἷο

2164 4971 2185 5005 ι
2238 4970 2327 5008 ναι
2353 4952 2618 5006 διδάσκει.
2652 4953 2715 5008 Β.
2751 4953 3138 5023 Ὣμολόγηται.
3170 4955 3237 5008 Α.
3302 4954 3459 5008 Ἀλλά
3489 4952 3573 5005 τὸν
3611 4951 3689 5018 μὲν

2164 5062 2184 5096 ι
2243 5045 2377 5099 Θεὸν
2403 5045 2576 5113 Λόγον
2605 5045 2864 5116 ὀνομάζει
2913 5045 3040 5100 raw
3073 5045 3366 5116 μονογενῆ.
3421 5046 3475 5100 Β.
3534 5040 3690 5100 Οὕτως

2169 5155 2188 5188 ι
2243 5136 2522 5208 ὀνομάζει.
2569 5137 2635 5192 Α.
2691 5137 2764 5190 Τὸ
2797 5136 2856 5190 δι
2912 5119 3141 5207 Πνεῦμα
3189 5140 3252 5191 τὸ
3301 5137 3454 5205 διγιον
3486 5128 3687 5200 οὐδαμοῦ

2170 5247 2188 5280 ι
2245 5229 2709 5300 προσηγόρευσεν.
2747 5230 2808 5285 Β.
2862 5229 2939 5284 Οὐ
2974 5230 3130 5300 δῆτα.
3171 5232 3238 5284 Α.
3273 5229 3462 5284 Καίτοι
3499 5229 3556 5280 ἐκ
3577 5220 3687 5277 Θεοῦ

2171 5341 2189 5373 ι
2255 5322 2348 5374 καὶ
2377 5320 2586 5390 Πατρὺς
2617 5321 2711 5374 καὶ
2738 5319 2897 5375 τοῦτο
2918 5321 3029 5391 ἔχει
3055 5322 3153 5392 τὴν
3183 5321 3435 5392 ὓπαρξιν.
3472 5318 3527 5372 Β.
3561 5315 3686 5381 Ἀλη-

2171 5431 2190 5466 ι
2235 5413 2350 5477 θές.
2377 5416 2442 5470 Α.
2484 5414 2642 5468 Ἐπεὶ
2682 5413 2861 5468 τοίνυν
2890 5413 3363 5484 συνομολογοῦμεν
3389 5413 3452 5466 ὲκ
3480 5408 3564 5462 τοῦ
3594 5405 3683 5457 Πα-

2170 5525 2188 5558 ⁶
2247 5508 2376 5577 τρὺς
2411 5501 2554 5561 εἶναι
2602 5506 2698 5560 καὶ
2729 5503 2789 5558 τδ
2809 5504 3038 5574 Πνεῦμα
3068 5506 3164 5558 καὶ
3205 5504 3298 5558 τὸν
3343 5503 3483 5567 Υίὸν,
3511 5495 3680 5565 τολμή-

2105 5608 2128 5620 ’
2171 5616 2189 5650 ι
2247 5615 2348 5669 σῃς
2363 5599 2429 5654 ἄν
2470 5613 2602 5651 ποτε
2630 5596 2758 5650 Υίὺν
2779 5596 3048 5666 ὀνομάσαι
3070 5596 3131 5650 τὸ
3159 5595 3424 5666 πανάγιον
3456 5589 3677 5659 Πνεῦμα;

2170 5710 2188 5742 ι
2245 5693 2305 5745 Β.
2339 5691 2624 5762 Οὐδαμῶς.
2663 5691 2730 5746 Α.
2754 5689 2938 5758 Διατί;
2967 5693 3028 5746 Β.
3067 5689 3330 5763 Ἐπείπερ
3362 5688 3455 5762 οὐχ
3477 5683 3678 5756 εὑρίσκω
