3882 6608
183 438 284 503 601

1155 443 1240 508 ΙΝ
1279 444 1672 508 CAMA'IERI
1717 440 2465 508 ANIMADVERSIONES.

3329 401 3437 509 eos

187 572 208 604 1
269 553 334 608 τὸ
361 553 545 626 ὄνομα
567 553 690 609 τόδε
721 552 874 626 παρά
902 555 970 626 τῇ
997 551 1120 626 θείᾳ
1143 555 1359 626 Γραφῇ.
1383 557 1450 609 Λ.
1485 553 1647 608 Ἀλλά
1680 568 1766 620 γε-

1886 572 1895 604 ι
1938 563 2097 625 ptura
2122 556 2227 611 boc
2260 571 2460 611 nomen
2499 570 2605 612 non
2636 553 2873 611 invenio.
2908 556 2976 610 Α.
3013 553 3092 611 An
3159 570 3290 612 vero
3347 573 3443 626 ge-

187 661 206 694 1
250 646 599 716 γεννημένον
627 662 644 712 ;
678 647 743 700 Β.
775 644 910 699 Οὐδὲ
938 643 1121 700 τοῦτο.
1149 646 1214 699 Δ.
1245 644 1353 700 Τοῦ
1381 644 1446 715 δὴ
1473 643 1632 714 χάριν
1657 660 1674 711 ;
1702 643 1764 696 Β.

186 756 205 787 1
263 736 384 792 Οὐκ
416 738 705 812 ἐδιδάχθην
737 737 1039 793 οὐδὲτοῦτο
1067 738 1223 810 παρά
1271 737 1372 807 τῆς
1421 737 1666 808 Γραφῆς.
1701 737 1766 791 Λ.

187 848 206 880 1
258 828 336 882 Τὸ
386 830 451 885 δὲ
493 832 568 902 μὴ
604 832 1010 902 γεγεννημένον
1058 831 1191 902 μηδὲ
1252 829 1572 902 ὲκτισμένον
1609 827 1769 890 ποίας

183 942 204 973 1
260 921 334 976 ἂν
360 923 598 988 είκότως
618 925 772 995 τύχοι
804 924 1211 996 προσηγορίας;
1239 923 1298 978 Β.
1323 925 1614 989 Ἀκτιστον
1636 919 1771 974 αὐτὸ

179 1030 204 1067 1
261 1015 364 1068 καὶ
425 1017 728 1089 ἀγέννητον
780 1016 1144 1089 ὀνομάζομεν.
1182 1017 1251 1071 Λ.
1282 1015 1356 1070 Τὸ
1388 1015 1446 1071 δὲ
1504 1015 1770 1081 πανάγιον

183 1105 222 1157 ς’
250 1107 493 1178 Πνεῦμα
525 1107 650 1164 οὔτε
687 1111 794 1183 μὴν
819 1111 1066 1165 ἐκτίσθαι
1100 1108 1224 1164 οὔτε
1258 1109 1367 1181 μὴν
1402 1103 1770 1178 γεγεννῆσθαί

185 1217 204 1250 ⁴
265 1216 488 1270 φαμεν.
516 1201 578 1256 Β.
610 1201 897 1272 Οὐδαμῶς.
931 1203 996 1261 A.
1026 1202 1273 1256 Καλέσαι
1303 1199 1438 1270 γοῦν
1472 1201 1770 1268 ἀγέννητον

265 1291 576 1366 θαρρήσῃς
602 1293 670 1348 ἂν
723 1295 785 1348 τὸ
820 1280 1044 1367 Πνεῦμα
1094 1297 1155 1350 τὸ
1183 1296 1338 1363 ἆγιον
1365 1312 1381 1361 ;
1417 1295 1478 1350 B.
1509 1294 1583 1346 Οὐ
1611 1293 1767 1362 δῆτα.

264 1386 334 1437 Δ.
370 1383 492 1438 Καὶ
516 1385 569 1438 τί
597 1383 661 1454 δή
695 1402 828 1440 ποτε
859 1389 938 1456 μὴ
983 1387 1172 1450 καλεῖς
1202 1387 1498 1456 ἀγέννητον
1525 1385 1586 1438 τὸ
1611 1384 1769 1438 ἀκτι-

265 1492 426 1542 στον,
465 1476 694 1547 μηδαμῆ
747 1477 805 1532 δὲ
833 1478 1268 1549 γεγεννημένον;
1297 1479 1359 1533 Β.
1382 1477 1504 1530 Ὅτι
1534 1475 1692 1530 τοῦτο
1707 1475 1768 1529 οὐ

265 1567 580 1638 μεμάθηκα
603 1571 756 1640 παρά
790 1570 892 1640 τῆς
926 1571 1074 1636 Θείας
1129 1571 1375 1641 Γραφῆς,
1414 1569 1511 1623 καὶ
1563 1569 1770 1639 σφόδρα

181 1675 202 1710 ι
252 1657 540 1730 δειμαίνω
575 1660 758 1731 λέγειν
778 1661 847 1716 τὰ
876 1664 1010 1734 παρ’
1031 1662 1246 1734 ἐκείνης
1275 1661 1633 1733 σεσιγημένα.
1675 1678 1695 1712 1

801 1751 1184 1808 Ἐπιστασία.

251 1863 272 1896 1
324 1844 411 1900 Τδ
441 1845 575 1900 αὐτὸ
605 1845 710 1900 κάν
737 1845 803 1915 τῇ
840 1843 1093 1915 παρούσῃ
1125 1825 1483 1913 πραγματείᾳ
1511 1837 1606 1893 τοῦ
1661 1839 1761 1892 αὑ-

1876 665 1896 700 1
1937 646 2112 702 nitum
2134 648 2157 702 ‘I
2180 647 2241 701 Β.
2274 647 2386 702 Νεε
2415 640 2792 718 Ιιοε,ίιιιί‹1εῐὴ.
2831 649 2892 704 Λ.
2916 648 3056 715 Quid
3094 649 3205 704 ita?
3243 643 3309 704 Β.
3336 650 3444 705 Νε-
3486 708 3488 710 ,

1877 759 1895 792 1
1933 755 2039 807 que
2063 739 2166 795 hoc
2193 755 2224 794 a
2253 755 2410 796 sacra
2437 739 2716 807 Scriptura
2753 741 2937 796 didici.
2970 741 3036 796 Α.
3057 736 3214 808 Quod
3250 751 3436 798 autem

1876 851 1894 884 1
1932 847 2032 887 nec
2057 831 2295 901 genitum
2323 843 2424 897 est,
2455 847 2556 887 nec
2585 841 2853 895 creatum,
2877 848 3038 902 quam
3064 840 3438 902 congruenter

1878 943 1896 976 1
1931 922 2352 994 appellationem
2406 923 2677 994 accipiet?
2720 922 2781 980 Β.
2835 924 3141 980 lncreatum
3201 924 3332 980 illud
3388 933 3444 980 et

1879 1037 1897 1070 1
1935 1018 2235 1087 ingenitum
2268 1017 2628 1087 appellamus.
2663 1018 2727 1072 A.
2775 1017 3037 1087 Spiritum
3078 1031 3246 1087 porro
3316 1033 3446 1070 san-

1878 1129 1898 1162 1
1936 1120 2084 1165 ctum
2115 1124 2216 1164 nec
2237 1119 2506 1175 creatum,
2539 1125 2637 1164 nec
2660 1109 2898 1180 genitum
2930 1125 3050 1165 esse
3083 1109 3338 1164 dicimus.
3379 1108 3441 1164 Β.

1879 1220 1899 1254 1
1935 1199 2095 1256 Nullo
2123 1202 2306 1256 modo.
2339 1200 2404 1254 A.
2433 1200 2673 1255 Audebis
2699 1201 2863 1268 igitur
2894 1200 3160 1267 Spiritum
3191 1209 3442 1255 sanctum

1879 1313 1898 1346 1
1938 1293 2236 1364 ingenitum
2275 1293 2589 1363 appellare?
2621 1293 2680 1346 Β.
2728 1290 3104 1361 Nequaquam.
3141 1292 3206 1346 A.
3241 1289 3307 1344 Et
3347 1304 3443 1344 cur

1880 1406 1898 1440 1
1937 1387 2240 1457 ingenitum
2276 1402 2383 1442 non
2447 1401 2612 1442 vocas
2662 1401 2784 1441 eum
2817 1395 3004 1440 natum
3040 1384 3362 1447 increatum,
3389 1390 3444 1436 ct

1879 1500 1898 1532 1
1936 1481 2088 1535 nullo
2120 1480 2281 1536 modo
2310 1479 2590 1550 genitum?
2623 1479 2702 1546 εΒ.
2744 1478 2880 1545 Quia
2918 1478 3019 1532 hoc
3053 1491 3083 1532 a
3109 1491 3262 1550 sacra
3299 1473 3444 1530 Scri-

1881 1591 1900 1625 1
1933 1581 2090 1643 ptura
2119 1587 2229 1628 non
2255 1572 2440 1637 didici,
2473 1582 2527 1627 et
2551 1572 2713 1627 valde
2759 1569 3066 1625 reformido
3115 1583 3178 1624 ea
3237 1567 3440 1632 dicere,

1879 1684 1900 1718 1
1932 1679 2054 1736 quae
2076 1665 2145 1720 ab
2177 1664 2271 1719 illa
2293 1663 2512 1719 silentio
2543 1673 2670 1719 sunt
2701 1663 2994 1731 praeterita.
3028 1682 3047 1714 ι

2435 1754 2857 1810 Animadversio.

1951 1869 1971 1904 1
2012 1849 2211 1905 Eadem
2255 1847 2309 1903 in
2342 1847 2447 1904 hoc
2475 1831 2710 1917 quoque
2733 1854 2966 1902 tractatu
3017 1844 3260 1916 ejusdem
3293 1841 3448 1916 addi-

185 1958 203 1989 1
250 1935 354 1991 τοῦ
418 1937 683 2009 μάνθανε,
737 1936 802 1991 ἑκ
853 1934 950 1990 τοῦ
999 1933 1214 2006 Πατρδς
1259 1933 1404 2004 ἔχειν
1449 1930 1650 2001 δηλαδὴ
1707 1928 1765 1983 τὸ

1886 1961 1894 1995 ι
1939 1942 2099 2006 scito,
2144 1955 2209 1997 ex
2244 1941 2408 1996 Patre
2466 1953 2662 2008 nempe
2721 1953 2874 1994 suam
2927 1937 3130 1992 habere
3180 1933 3447 1992 exsisten-

185 2049 204 2082 1
248 2028 490 2100 Πνεῦμα
521 2030 620 2102 τὴν
654 2028 911 2100 ὕπαρξιν.
956 2047 978 2082 ι

787 2119 1175 2189 Ἅντίῤῥησις.

264 2212 443 2268 Ἀλλὰ
472 2212 572 2268 καὶ
615 2214 680 2267 σὺ
712 2211 814 2284 τὴν
861 2211 1034 2283 αὐτὴν
1064 2213 1159 2266 καὶ
1207 2210 1300 2264 ἐπὶ
1336 2213 1451 2275 τοῖς
1499 2211 1768 2281 παροῦσιν

185 2305 519 2378 ἀντίρρησιν
545 2303 724 2375 δέχου,
748 2304 818 2377 ἢν
853 2303 948 2358 ἐπὶ
980 2306 1046 2374 τῇ
1079 2304 1516 2377 προηγησαμένῃ
1540 2305 1768 2358 ἐπιστα-

185 2397 279 2470 σίᾳ
308 2398 677 2469 ἐποιήσαμεν.

187 2511 531 2583 Τοῦ-αὐτοῦ
559 2513 677 2568 ἀπὸ
710 2512 816 2583 τοῦ
842 2512 1128 2581 δευτέρου
1147 2511 1343 2583 ᾴόγου
1367 2511 1474 2567 τοῦ
1498 2510 1765 2583 βιϐλίου,

253 2580 328 2641 οὗ
365 2587 408 2654 ἡ
456 2582 782 2654 ἐπιγραφὴ,
839 2580 1251 2652 Ἑλληνικῶν’
1277 2582 1647 2652 παθημάτων
1678 2583 1764 2635 θε-

252 2654 616 2725 ραπευτική.

257 2769 447 2824 PME’.
499 2785 520 2821 1
581 2764 748 2820 ’Δλλά
785 2763 860 2836 μὴ
897 2761 1236 2834 θορυϐεῖσθε,
1284 2760 1350 2816 ὲκ
1396 2759 1490 2815 τοῦ
1551 2757 1769 2830 Πατρός

195 2877 214 2909 1
260 2859 360 2912 καὶ
385 2859 483 2914 σὺν
500 2857 577 2929 τῷ
596 2857 773 2927 Πατρὶ
801 2856 893 2910 τὸν
918 2856 1093 2926 Λόγον
1121 2850 1477 2919 ἀκούσαντές.
1512 2853 1635 2908 Τῶν
1657 2852 1768 2929 γὰρ

195 2971 214 3004 1
260 2927 634 3006 ἀτοπωτάτων
667 2949 955 3013 Πλάτωνος
986 2948 1085 3020 μὲν
1113 2947 1394 3018 ἀνέχεσθε,
1448 2947 1545 3001 καὶ
1587 2927 1766 3000 αίτιον

198 3064 216 3096 1
268 3047 372 3116 τῆς
405 3044 538 3115 ὕλης
570 3045 666 3099 τὸν
715 3045 848 3098 Θεὸν
896 3043 1176 3112 λέγοντος,
1227 3043 1326 3096 καὶ
1366 3041 1642 3096 ωναῖδιον
1668 3039 1764 3094 τοῦ

199 3155 217 3188 1
256 3136 396 3191 Θεοῦ
430 3136 529 3208 τὴν
553 3136 684 3207 ὕλην
713 3134 1138 3198 ἀποκαλοῦντος.
1163 3134 1372 3199 καὶτὰς
1404 3133 1546 3198 ίδέας
1575 3133 1640 3196 ὲκ
1669 3131 1763 3186 τοῦ

1873 2051 1892 2086 1
1930 2033 2085 2088 tiam.
2118 2050 2139 2084 ι

2499 2119 2795 2189 ΒεῙιιιαιίο.

1939 2216 2003 2271 Et
2033 2224 2087 2271 tu
2119 2229 2338 2286 quoque
2378 2213 2626 2270 eamdem
2677 2212 2943 2267 adversus
2989 2207 3191 2263 similia
3237 2204 3446 2260 refuta-

1867 2307 2069 2362 tionem
2121 2306 2356 2376 excipito
2384 2319 2550 2375 quam
2611 2304 2668 2358 in
2702 2300 3029 2374 praecedenti
3060 2307 3151 2354 tua
3201 2295 3446 2352 animad-

1865 2399 2116 2456 versione
2137 2399 2513 2470 apposuimus.

1869 2514 2124 2586 Ejusdem
2172 2532 2238 2571 ea:
2277 2515 2507 2570 secunda
2542 2515 2780 2586 oratione
2817 2512 3012 2586 operis,
3042 2509 3180 2586 quod
3221 2507 3309 2562 ille
3341 2507 3445 2559 ad-

1935 2604 2124 2670 versus.
2165 2586 2438 2658 gentilium
2488 2584 2791 2654 aﬂ‘ectiones
2849 2581 3260 2648 therapeuticam
3306 2594 3447 2648 pra:-

1935 2668 2165 2726 scripsit.

1935 2771 2058 2826 145.
2105 2789 2122 2822 1
2159 2768 2320 2825 Nulla
2367 2784 2466 2824 vos
2514 2776 2720 2832 autem,
2745 2781 2950 2837 quaso,
2984 2764 3072 2820 bic
3109 2759 3448 2832 perturbatio

1875 2884 1894 2917 1
1933 2865 2147 2929 subeat,
2177 2861 2320 2932 quod
2372 2861 2479 2916 dici
2526 2857 2751 2925 auditis,
2785 2856 3024 2912 Verbum
3080 2863 3132 2910 et
3176 2842 3242 2910 es
3287 2851 3449 2907 Patre

1877 2974 1898 3009 1
1940 2955 2106 3025 gigni,
2141 2961 2194 3009 et
2226 2969 2350 3009 cum
2392 2952 2554 3008 Patre
2584 2965 2726 3008 esse.
2763 2936 3052 3016 Quaa'sunt
3097 2946 3243 3002 enim
3301 2942 3446 3013 apud

1873 3067 1892 3101 1
1933 3048 2211 3104 Platonem
2257 3045 2666 3110 insulsissima,
2719 3043 2890 3113 aequis
2939 3039 3139 3097 animis
3187 3037 3446 3092 auribus-

1871 3158 1894 3194 1
1930 3156 2036 3210 que
2069 3137 2343 3209 accipitis.
2378 3137 2471 3192 ille
2505 3138 2650 3191 enim
2685 3142 2740 3190 et
2772 3119 2939 3189 Deum
2973 3130 3216 3186 materite
3258 3137 3448 3184 aucto-

199 3248 217 3282 1
269 3230 412 3284 Θεοῦ
442 3230 537 3284 καὶ
561 3229 660 3283 σὺν
679 3229 756 3300 τῷ
781 3227 901 3300 Θεῷ
937 3229 1235 3298 φάσκοντος
1265 3221 1434 3280 srvat.“
1469 3225 1564 3280 τόν
1590 3224 1648 3279 δὲ
1674 3223 1766 3279 τοῦ

1886 3247 2074 3296 trem,
2108 3239 2163 3288 et
2191 3239 2369 3286 tamen
2432 3228 2543 3284 Deo
2593 3236 2920 3284 coaeternam
2978 3224 3260 3282 materiam
3327 3235 3448 3280 esse

200 3340 220 3374 1
279 3322 420 3376 Θεοῦ
451 3322 624 3390 Λόγον
643 3321 738 3376 καὶ
767 3320 829 3374 τὸ
857 3320 1127 3389 πανάγιον
1153 3319 1380 3388 Πνεῦμα
1403 3309 1487 3390 ’μὴ
1516 3317 1768 3372 πείθεσθε

108 3453 112 3456 .
203 3433 220 3466 1
261 3416 326 3468 ἐκ
361 3413 458 3468 τοῦ
490 3413 626 3468 Θεοῦ
651 3414 834 3484 φῦναι,
870 3412 961 3467 καὶ
989 3414 1086 3467 σὺν
1115 3412 1193 3483 τῷ
1219 3411 1338 3481 Θεῷ
1367 3408 1529 3467 εἶναι.
1561 3411 1623 3465 Et
1657 3410 1768 3484 γὰρ

205 3527 222 3560 ι
274 3507 374 3578 τὴν
404 3506 492 3560 ire
503 3507 679 3576 ροφυᾶ
701 3508 796 3560 καὶ
823 3505 1137 3576 ἑτερογενῆ,
1164 3504 1258 3558 καὶ
1308 3503 1607 3573 ἀλλόφυλον
1633 3503 1769 3575 ὕλην

203 3619 220 3653 1
271 3601 366 3656 καὶ
400 3603 467 3654 ἐκ
494 3598 588 3654 τοῦ
635 3598 795 3665 Θεοῦ,
846 3599 941 3652 καὶ
982 3601 1041 3652 ὲν
1089 3597 1167 3668 τῷ
1203 3595 1321 3667 Θεῷ
1353 3592 1518 3664 εἶναι,
1547 3597 1576 3650 ό
1617 3596 1771 3667 φιλό-

207 3712 225 3746 1
281 3710 447 3763 σοφος
468 3691 596 3764 ἔφη,
632 3690 810 3761 πολλῷ
861 3691 1036 3763 δήπου
1071 3689 1441 3760 εὐλογώτερον
1491 3689 1584 3743 καὶ
1638 3688 1771 3762 ἀλη-

209 3805 226 3837 1
269 3786 530 3856 θέστερον
559 3784 902 3858 ὑποληπτέον
956 3783 1050 3838 τὸν
1083 3783 1356 3855 ἡμέτερον
1401 3781 1580 3850 λόγον.
1632 3783 1770 3838 Οὐδὲ

209 3896 227 3930 ι
278 3879 385 3951 γάρ
418 3879 688 3949 ἑτεροφυᾶ
705 3878 796 3931 τὸν
812 3879 963 3943 Υίὸν,
1001 3876 1124 3931 οὐδὲ
1155 3875 1218 3930 τὸ
1245 3875 1513 3946 πανάγιον
1545 3874 1771 3946 Πνεῦμά

209 3989 227 4022 1
284 3985 468 4040 φαμεν
495 3963 658 4034 εῖναι,
712 3967 846 4022 ἀλλὰ
899 3967 1030 4038 μίαν
1091 3962 1234 4021 εἶναι
1284 3966 1386 4038 τὴν
1431 3967 1622 4021 οὐσίαν
1670 3967 1769 4036 τῆς

209 4081 226 4114 1
280 4061 513 4132 Τριάδος
537 4059 912 4132 κηρύττομεν.
938 4059 1003 4112 Εί
1035 4058 1095 4112 δέ
1124 4075 1209 4121 τις
1239 4057 1341 4128 τῆς
1364 4056 1652 4128 ὑπάρξεως
1674 4055 1767 4110 τοῦ

209 4173 227 4207 1
280 4155 417 4209 Υίοῦ
448 4152 664 4209 καὶτοῦ
694 4153 852 4222 ἁγίου
877 4151 1199 4218 Πνεύματος
1231 4153 1485 4221 ἐπιζητεῖ
1514 4151 1610 4206 τὸν
1639 4152 1768 4221 τρό-

211 4267 228 4298 1
285 4264 389 4303 πον
420 4247 636 4318 μαθεῖν,
669 4247 880 4300 είπάτω
906 4245 970 4299 δὴ
1000 4245 1265 4316 πρότερος
1299 4245 1394 4299 τὸν
1436 4246 1638 4320 τρόπον
1669 4248 1769 4318 τῆς

211 4359 228 4391 1
277 4340 582 4409 ἀγεννήτου
615 4338 922 4411 ὑπάρξεως,
975 4337 1092 4403 πῶς
1120 4337 1268 4392 ἐστιν
1312 4336 1452 4410 ἔχων
1481 4338 1542 4392 τὸ
1571 4341 1764 4396 αἴτιον.

211 4454 227 4485 ι
279 4432 455 4488 Τοῦτο
486 4432 597 4503 γὰρ
622 4433 686 4501 δὴ
717 4430 998 4494 παντελῶς
1028 4431 1254 4502 ἄπορον,
1290 4432 1383 4485 καὶ
1411 4431 1548 4505 μόνῃ
1582 4450 1646 4500 γε
1697 4435 1766 4504 τῇ

212 4544 230 4576 1
285 4524 448 4594 φύσει
478 4527 544 4596 τῇ
577 4523 796 4594 καθαρᾷ
823 4523 914 4576 καὶ
943 4522 1240 4593 ἀκραιφνεῖ
1268 4524 1534 4594 χωρητόν.
1562 4525 1634 4578 Τὸ
1667 4525 1768 4596 μὲν

209 4633 226 4666 1
270 4617 392 4687 ’γὰρ
418 4615 479 4682 ἐξ
505 4614 677 4669 αἰτίου
707 4613 966 4683 γενέσθαι
995 4631 1070 4678 τι,
1099 4613 1132 4684 ἢ
1164 4615 1422 4685 γεννητὸν
1451 4616 1485 4687 ἢ
1524 4617 1768 4684 κτιστὸν,

208 4728 225 4756 1
277 4707 482 4772 δέξαιτ’
523 4706 591 4760 ἂν
629 4707 827 4778 ῥᾳδίως
874 4709 902 4760 ό
942 4706 1222 4776 λογισμόςο
1271 4707 1334 4760 τὸ
1383 4705 1440 4760 δὲ
1464 4700 1608 4762 εἷναί
1645 4726 1768 4763 τινα

210 4815 228 4849 ι
270 4798 406 4868 ἄτερ
433 4797 609 4852 αίτίου
640 4797 760 4851 οὐδὲ
791 4797 1078 4866 προσίεται
1118 4796 1401 4866 λογισμὸς,
1431 4799 1483 4851 εἰ
1533 4797 1609 4870 μὴ
1659 4800 1770 4870 ἄρα

213 4906 232 4940 1
271 4890 415 4958 φανῇ
443 4887 540 4958 τῆς
570 4886 807 4949 πίστεως
837 4886 900 4939 τὸ
927 4885 1214 4956 ἐχέγγυον.
1248 4887 1323 4960 ΕΞ,
1348 4887 1404 4940 δὲ
1439 4887 1769 4957 πιστεύομεν

212 4998 229 5032 ι
281 4976 425 5034 εἶναί
451 4997 504 5033 τι
534 4980 628 5034 καὶ
647 4980 943 5051 ἀγέννητον
969 4979 1067 5032 καὶ
1094 4979 1351 5050 ἄναρχον,
1383 4981 1477 5034 καὶ
1503 4982 1768 5049 ἀναίτιον,

209 5090 227 5124 1
280 5072 601 5126 πιστευτέον
627 5071 735 5142 ἄρα
759 5070 833 5133 ὡς
866 5073 934 5124 ὲκ
955 5070 1170 5136 τούτου,
1198 5070 1288 5124 νοῦ
1322 5071 1472 5136 ὄντος
1499 5073 1766 5146 ἐγεννήθη

207 5183 226 5216 1
286 5164 487 5234 Λόγος,
518 5163 614 5218 καὶ
649 5162 890 5234 προῆλθε
925 5161 986 5214 τὸ
1019 5160 1248 5231 Πνεῦμα
1276 5161 1338 5215 τὸ
1363 5163 1540 5232 ἀγιον.
1571 5184 1592 5218 ι

211 5280 228 5312 1
259 5275 378 5316 esse
428 5272 560 5316 vero
598 5257 802 5327 aliquid
859 5257 1003 5325 quod
1057 5271 1164 5333 non
1221 5265 1440 5313 emanat
1489 5272 1522 5314 a
1574 5274 1764 5331 causa,
1837 5262 1985 5319 nulla
2046 5260 2188 5316 ratio
2245 5256 2540 5314 aasentitur
2584 5271 2600 5310 :

1880 3347 1900 3382 1
1937 3324 2479 3394 allirmat.ldemque
2549 3321 2700 3377 ideas
2755 3335 2822 3376 ex
2877 3319 2989 3374 Deo
3047 3326 3101 3374 et
3163 3333 3286 3374 cum
3338 3315 3449 3370 Deo

1880 3439 1900 3474 1
1932 3417 2240 3476 constituit.
2273 3416 2384 3472 Vos
2411 3423 2592 3470 autem
2636 3413 2872 3469 Verbum
2916 3411 3035 3478 Dei,
3086 3423 3448 3478 sanctumque

1880 3531 1900 3566 1
1939 3512 2203 3583 Spiritum
2257 3523 2436 3578 neque
2465 3522 2532 3562 ex
2565 3507 2676 3562 Deo
2699 3506 2939 3576 prodire,
2973 3518 3149 3572 neque
3174 3517 3298 3557 esse
3321 3516 3445 3556 cum

1879 3626 1899 3660 1
1943 3607 2051 3661 Deo
2081 3601 2324 3660 creditis.
2360 3600 2418 3656 Si
2441 3600 2587 3655 enim
2617 3598 2925 3664 materiam,
2960 3613 3082 3667 quae
3109 3595 3332 3651 alterius
3365 3605 3450 3651 est

1881 3720 1900 3754 1
1941 3708 2151 3756 natura;
2187 3710 2351 3768 quam
2386 3695 2549 3760 Deus,
2579 3693 2908 3764 generisque
2937 3689 3187 3753 alterius,
3219 3705 3308 3752 ac,
3369 3688 3448 3743 uti

1881 3813 1900 3847 1
1939 3793 2011 3849 ita
2040 3789 2296 3854 dixerim,
2328 3786 2630 3856 alienigena
2668 3792 2722 3838 et
2756 3783 3019 3848 extraria,
3052 3790 3107 3836 et
3143 3797 3210 3836 ex
3251 3780 3360 3836 Deo
3389 3787 3447 3835 et

1879 3905 1899 3939 1
1939 3900 2060 3942 cum
2114 3884 2226 3938 Deo
2264 3896 2386 3938 esse
2413 3879 2528 3934 vult
2579 3877 2751 3944 Plato,
2806 3875 2978 3930 multo
3024 3875 3196 3945 magis
3250 3871 3449 3928 rationi

1880 3998 1899 4032 1
1940 3984 2382 4039 consentaneus,
2439 3970 2722 4040 multoque
2781 3968 2961 4023 verior
3018 3981 3201 4022 sermo
3251 3973 3451 4024 noster

1883 4089 1903 4123 1
1940 4068 2216 4140 putandus
2287 4074 2392 4123 est.
2462 4063 2656 4134 Neque
2731 4061 2878 4119 enim
2957 4057 3159 4114 Filium
3224 4054 3450 4110 alterius

1881 4181 1900 4216 1
1941 4170 2173 4226 naturae,
2219 4174 2397 4228 neque
2453 4165 2705 4214 sanctum
2746 4152 3010 4223 Spiritum
3041 4163 3168 4204 esse
3190 4146 3447 4207 dicimus,

1881 4269 1900 4304 1
1937 4251 2033 4307 sed
2067 4264 2232 4304 unam
2269 4247 2560 4302 Trinitatis
2581 4244 2946 4302 substantiam
2973 4238 3353 4310 praedicamus.
3389 4233 3446 4289 Si

1880 4362 1899 4396 1
1941 4343 2064 4413 quis
2115 4353 2299 4397 autem
2351 4347 2593 4394 vestrum
2646 4337 2788 4392 scire
2843 4333 3152 4394 desiderat,
3205 4341 3446 4398 quonam

1881 4454 1901 4489 1
1935 4432 2255 4490 substantia:
2301 4431 2466 4486 modo
2499 4428 2571 4484 sit
2617 4425 2786 4480 Filius
2827 4433 2880 4479 et
2917 4421 3152 4492 Spiritus
3203 4425 3446 4480 sanctus,

1882 4546 1900 4579 1
1935 4541 2149 4597 aequum
2177 4537 2308 4580 sane
2342 4531 2444 4587 est,
2479 4529 2539 4576 ut
2566 4520 2613 4575 is
2676 4519 2826 4588 prior
2870 4512 3132 4585 quaerenti
3177 4509 3309 4565 mibi
3359 4521 3447 4561 re-

1882 4637 1901 4671 1
1946 4617 2239 4687 spondeat,
2259 4628 2420 4685 quem
2474 4610 2691 4667 essendi
2743 4608 2960 4662 modum
3015 4603 3215 4658 habere
3275 4599 3451 4671 possit

1883 4728 1902 4762 1
1943 4708 2088 4779 quod
2119 4721 2226 4761 non
2271 4713 2352 4760 est
2381 4703 2642 4774 genitum.
2680 4699 2798 4766 Quo
2840 4705 3018 4768 pacto,
3053 4695 3298 4763 inquam,
3339 4698 3446 4755 est,

1884 4823 1903 4856 1
1940 4800 2086 4873 quod
2121 4799 2322 4856 nullam
2342 4795 2526 4859 habet,
2555 4795 2700 4849 unde
2738 4791 2830 4854 sit,
2863 4802 3103 4844 causam.
3143 4784 3268 4839 llaec
3303 4783 3448 4837 enim

1884 4914 1903 4948 1
1937 4893 2168 4965 quzestio
2195 4904 2420 4962 prorsus
2446 4895 2530 4943 est
2556 4885 2744 4952 dubia,
2787 4883 3012 4952 solaque
3055 4878 3180 4934 ﬁdei
3215 4877 3450 4949 puritate

1885 5005 1904 5039 1
1942 5001 2008 5042 ac
2070 4981 2382 5040 sinceritate
2449 4977 2734 5047 capienda.
2791 4974 2934 5030 Fieri
2970 4973 3118 5028 enim
3183 4986 3248 5027 ac
3302 4967 3450 5040 gigni

1887 5096 1904 5130 1
1949 5074 2282 5147 praecedente
2310 5083 2476 5127 causa
2505 5056 2784 5139 quippiam
2814 5081 3030 5127 eorum,
3069 5077 3192 5133 qua:
3225 5061 3368 5133 gigni
3393 5069 3450 5115 ct

1886 5187 1906 5221 1
1947 5166 2118 5224 creari
2166 5170 2415 5235 possunt,
2471 5162 2711 5215 humana
2765 5158 2904 5213 ratio
2956 5155 3117 5212 facile
3162 5155 3448 5209 admittit:

2682 5254 2788 5309 nisi
2873 5251 3014 5308 forte
3107 5251 3449 5305 interventus

215 5375 232 5409 1
268 5356 391 5411 ﬁdei
443 5369 508 5410 ac
548 5354 769 5422 sponsio
815 5351 1134 5408 intercedat.
1165 5351 1371 5420 Quodsi
1427 5368 1550 5410 esse
1589 5357 1797 5428 aliquid
1869 5356 2203 5414 credendum
2260 5361 2364 5420 est,
2415 5365 2511 5408 nec
2557 5350 2670 5405 ullo
2739 5346 2902 5403 modo
2966 5345 3232 5418 genitum,
3270 5358 3370 5399 nec
3419 5351 3448 5398 a

218 5464 234 5498 1
269 5460 432 5502 causa
464 5445 791 5516 profectum,
831 5457 932 5498 nec
975 5442 1044 5496 ab
1074 5442 1196 5528 ullo
1249 5443 1495 5512 pendens
1557 5448 1840 5518 superiore
1879 5447 2191 5519 principio;
2266 5443 2599 5500 credendum
2641 5442 2831 5513 utique
2919 5440 3026 5496 erit
3068 5439 3136 5494 ab
3172 5438 3275 5494 hoc
3303 5438 3448 5507 ipso,

220 5557 236 5590 1
269 5540 412 5611 quod
435 5537 743 5595 intellectus
784 5535 881 5600 sit,
911 5535 1153 5602 genitum
1193 5549 1315 5591 esse
1347 5534 1607 5605 Verbum,
1642 5551 2004 5614 sanctumque
2026 5539 2367 5614 processisse
2395 5536 2682 5607 Spiritum.
2725 5553 2745 5586 ι

821 5629 1204 5702 Ἐπιστασία.

285 5745 302 5777 1
337 5797 343 5810 ‘
368 5725 652 5796 Πρόσσχες
677 5723 794 5785 πῶς
823 5725 916 5776 καί
935 5711 1092 5785 οῦτος
1117 5723 1146 5774 ό
1191 5721 1463 5793 μακάριος
1489 5723 1550 5775 τὸ
1577 5725 1644 5777 ὲκ
1669 5723 1767 5777 τοῦ

224 5839 239 5869 1
289 5817 421 5873 Θεοῦ
455 5817 578 5872 ἀντὶ
605 5811 701 5868 τοῦ
728 5815 942 5884 Πατρδς
969 5812 1375 5885 ὲκλαμϐἀνεται
1403 5815 1461 5866 ὲν
1489 5809 1572 5878 οἷς
1617 5813 1768 5882 λέγει

225 5925 241 5960 ι
297 5908 389 5964 καὶ
414 5907 507 5964 τὸν
535 5906 627 5962 τοῦ
654 5905 790 5963 Θεοῦ
820 5906 996 5979 Λόγον
1030 5908 1124 5964 καὶ
1153 5908 1214 5964 τὸ
1255 5909 1519 5978 πανάγιον
1544 5907 1767 5980 Πνεῦμα

2467 5627 2887 5683 Animadversio.

1954 5724 2300 5800 1Atteudito
2327 5721 2604 5793 quomodo
2635 5728 2690 5774 et
2728 5720 2816 5773 hic
2845 5719 3036 5772 beatus
3071 5717 3298 5790 illutlex
3344 5716 3454 5773 Deo

1887 5836 1908 5871 1
1943 5833 2042 5888 pro
2094 5818 2253 5872 Patre
2305 5817 2557 5885 accipiat,
2605 5827 2728 5868 cum
2780 5811 2934 5877 dicit,
2975 5811 3066 5866 Dei
3119 5809 3354 5867 Verbum
3401 5819 3455 5865 et

1887 5928 1904 5962 1
1945 5911 2350 5968 sanctissimum
2381 5906 2667 5979 Spiritum,
2709 5919 2774 5961 cx
2813 5903 2924 5962 Dco
2965 5904 3203 5975 prodire,
3239 5913 3290 5962 ct
3323 5919 3450 5961 cum
