3788 6614
502 435 604 499 6οἹ
1529 438 1740 500 JOAN.
1779 437 1991 501 VECCI
2033 437 2138 498 cr.
2184 436 2696 496 PATRIARCHzE
3587 447 3666 513 ωδ

511 572 529 603 ι
560 568 689 622 que,
732 563 794 609 ut
827 563 883 610 tu
919 553 1078 619 dicis,
1115 553 1280 610 etiam
1327 569 1394 610 ex
1434 553 1576 611 Filio
1610 553 1878 625 procedit,
1923 569 2007 625 qu:

2197 569 2215 602 ι
2262 551 2438 621 ἅγιον.
2472 553 2534 606 Ei
2567 552 2718 622 γοῦν,
2743 551 2817 615 ῶς
2846 549 2910 605 σὺ
2941 550 3068 622 φῂς,
3093 549 3185 604 καὶ
3216 551 3279 604 ὲκ
3306 550 3394 606 τοῦ
3419 555 3531 611 Υίοῦ
3555 562 3677 621 ἐκπο-

510 664 528 695 ι
563 646 634 700 ob
661 661 879 702 causam
916 646 968 702 id
997 645 1214 702 divinus
1255 647 1344 702 bic
1372 646 1564 702 doctor
1606 646 1824 703 silentio
1863 657 2006 716 praet:

2193 662 2213 696 ι
2267 647 2500 714 ρεύεται,
2538 647 2655 710 πῶς
2701 645 2861 700 τοῦτο
2919 642 3339 716 παρεσιὼπησεν
3365 646 3537 714 όθεῖος
3561 649 3673 725 οὗτος

511 755 531 788 ι
572 738 672 793 iit?
705 758 726 792 ι

2194 756 2212 788 ε
2258 737 2575 802 διδάσκαλος
2601 754 2617 804 ;
2666 757 2685 791 ι

1142 830 1443 900 Relntatio.
2783 831 3177 900 ἈντΙρῤησις.

573 917 653 976 Ne
684 920 738 975 id
771 921 1105 984 consideres.
1147 923 1192 977 si
1237 925 1402 976 etiam
1435 935 1499 975 ex
1531 919 1668 976 Filio
1693 919 1933 990 Spiritus
1960 935 2069 990 pro-

2257 921 2350 991 Μὴ
2380 919 2540 974 τοῦτο
2572 921 2789 986 σκόπει,
2823 921 2899 984 ὡς
2934 918 3095 989 εἴπερ
3121 917 3217 972 καὶ
3241 919 3304 974 ἐκ
3349 920 3437 975 τοῦ
3466 923 3575 980 Υῖοῦ
3611 931 3673 984 ἐκ.

501 1011 666 1072 cedit.
700 1027 871 1082 quare
891 1012 944 1067 id
995 1012 1212 1068 divinus
1267 1013 1354 1068 hic
1385 1012 1578 1068 doctor
1621 1011 1837 1067 silentio
1865 1021 1997 1082 praet

2186 1013 2481 1081 πορεύεται
2506 1014 2567 1066 τὸ
2615 1013 2865 1084 Πνεῦμα,
2918 1014 3036 1075 πῶς
3063 1010 3222 1066 τοῦτο
3274 1015 3675 1088 παρεσιὼπησενὸ

503 1101 586 1157 iit.
645 1099 704 1155 In
757 1101 994 1160 diversis
1049 1103 1321 1172 siquidem
1389 1105 1596 1158 nostris
1650 1102 1999 1158 refutationil

2186 1102 2331 1166 θεῖος
2383 1097 2540 1164 οῦτος
2585 1102 2930 1167 διδάσκαλος.
2974 1103 3062 1156 Ἐν
3122 1101 3230 1174 γὰρ
3281 1102 3532 1175 διαφόροις
3565 1111 3675 1180 ἡμῶν

503 1191 736 1262 hujusce
765 1207 931 1249 causa
955 1193 1230 1264 assignata
1257 1201 1361 1249 est.
1384 1192 1490 1248 Sed
1518 1192 1649 1248 illud
1680 1192 1866 1247 animo
1896 1207 1995 1263 ape

2185 1193 2572 1267 ἀντιρῤήσεσιν
2607 1197 2654 1249 δ’
2680 1198 2810 1267 περὶ
2857 1194 3048 1250 τούτου
3106 1193 3265 1262 λόγος
3295 1195 3442 1267 ὲδόθή
3472 1215 3558 1264 σοι,
3584 1203 3675 1258 ἀλλὰ

499 1281 724 1348 volvite,
778 1284 966 1352 quod,
1023 1284 1166 1354 quod
1231 1285 1318 1340 hic
1374 1284 1576 1340 dicitur
1622 1285 1870 1355 prodire,
1905 1292 1995 1353 te]

2185 1285 2422 1357 πρόσεχε
2448 1287 2695 1358 ἀκριϐῶς
2721 1287 2806 1341 ὄτι
2837 1286 2899 1340 τὸ
2926 1285 3282 1354 προέρχεται
3313 1286 3527 1342 ἐνταῦθα
3546 1291 3673 1348 suo.

503 1375 730 1430 verbum
754 1375 1035 1444 procedere
1073 1378 1433 1447 expressisse.
1480 1376 1662 1444 Quare
1684 1377 1780 1432 tibi
1815 1377 1866 1431 in
1897 1391 1995 1446 pos

2180 1379 2418 1449 ρεύεται
2463 1357 2624 1444 ε’ίπας
2672 1379 2858 1442 αὐτός.
2901 1378 3013 1434 Καὶ
3041 1378 3228 1432 οὐκέτι
3281 1395 3362 1432 σοι
3390 1378 3575 1445 ἐξέσται
3598 1385 3676 1438 δια-

500 1480 623 1521 rum
675 1467 759 1522 fas
796 1482 906 1523 non
963 1467 1147 1534 fuerit,
1189 1470 1483 1526 discrimen
1519 1469 1740 1540 aliquod
1774 1469 1918 1524 inter
1959 1486 1994 1540 p

2186 1471 2361 1543 φορὰν
2393 1471 2576 1542 λέγειν
2605 1473 2700 1526 τοῦ
2733 1471 3172 1540 ἐκπορεύεσθαι
3231 1470 3328 1525 καὶ
3356 1471 3673 1543 προέρχεσθαι

503 1558 652 1628 gredi
680 1565 734 1616 et
764 1560 1044 1631 procedere
1072 1561 1128 1615 in
1161 1562 1550 1634 progressione
1606 1561 1846 1633 Spiritus
1876 1576 1999 1618 cont

1629 1561 1846 1633 Spiritus
1876 1562 2084 1618 consti-
2186 1565 2286 1619 ἐπὶ
2310 1566 2378 1636 τῇ
2413 1564 2626 1637 προόδῳ
2657 1565 2752 1618 τοῦ
2781 1563 3125 1635 Πνεύματος.

503 1663 681 1710 tuere.

961 1744 1387 1803 AUGUSTINI
1417 1745 1663 1803 DICTA.

2528 1749 2802 1806 ΡΗΣΕΙΣ
2847 1750 3300 1806 ΑΥΓΟΥΣΤΙΝΟ
3310 1750 3373 1804 Υ.

506 1855 691 1913 Sancti
733 1858 1020 1928 Augustini
1055 1859 1330 1955 εωιιὶὁτρ,
1364 1859 1468 1955 qui.
1499 1856 1844 1914 Encltiridion
1875 1875 2002 1915 nunc

2189 1859 2305 1915 Τοῦ
2335 1863 2538 1955 ⁸ἁγίου
2577 1864 3030 1955 Αὐγῑουστίτςρυ
3049 1862 3177 1955 ἀπό
3204 1857 3325 1955 τοῦ¹
3353 1861 3568 1955 βιϐλίου
3611 1867 3681 1922 τοῦ

1061 1938 1244 1996 patur.
1274 1920 1410 1999 Cap.
1447 1929 1500 1983 1.
2108 1920 2152 1976 Β
2316 1920 2557 2004 xei-oper

2108 1920 2152 1976 Β
2316 1920 2648 2004 λετῖομένου
2680 1920 3095 2003 Ἔγχειρίδιον.
3125 1920 3456 2001 Κεφῑὶλιὶιογ
3473 1941 3542 1989 .a'.

578 2061 812 2120 CXLIX.
833 2081 852 2116 ι
887 2061 1032 2120 Satis
1053 2072 1138 2119 est
1162 2032 1478 2119 Christiano
1503 2079 1682 2118 rerum
1707 2074 2074 2120 creaturarum

2261 2067 2444 2123 PMG’.
2481 2085 2505 2120 ι
2568 2066 2826 2138 Ἀρκετόν
2876 2066 2992 2120 ἐστι
3027 2064 3103 2136 τῷ
3138 2062 3463 2135 Χριστιανῷ,
3494 2064 3582 2118 τῶν
3602 2084 3679 2119 κτι-

513 2172 533 2205 ι
571 2168 817 2220 causam,
852 2155 968 2210 sive
1021 2155 1352 2222 cmlestium,
1394 2155 1511 2211 sive
1562 2159 1931 2221 terrestrium,
1969 2158 2009 2212 si

2194 2179 2214 2214 ι
2261 2161 2403 2214 στῶν
2429 2151 2784 2230 ’πραγμάτων
2811 2159 2910 2230 τὴν
2933 2160 3137 2224 αἰτίαν,
3168 2156 3282 2210 εἴτε
3313 2157 3557 2226 οὐρανίων
3596 2157 3671 2211 εἴτε

513 2237 531 2298 ε
571 2246 896 2312 visibilium,
945 2247 1061 2304 sive
1105 2247 1487 2316 invisibiliumJ
1530 2249 1752 2304 nonnisi
1783 2247 2009 2310 bonitati

2195 2270 2215 2305 ι
2259 2241 2542 2321 ἐπιγείων,
2598 2252 2712 2306 εἴτε
2741 2251 2954 2323 ὁρατῶν
2997 2251 3109 2304 εἴτε
3158 2248 3426 2320 ἀοράτων,
3475 2248 3677 2318 μηδεμίαν

510 2354 531 2387 ι
577 2336 804 2392 credere
859 2335 1160 2402 Creatoris,
1199 2338 1293 2407 qui
1327 2354 1471 2394 unus
1502 2346 1557 2393 et
1579 2353 1741 2395 verus
1771 2348 1856 2394 est
1894 2338 2003 2394 Deu

2195 2363 2215 2397 ι
2262 2339 2426 2408 εἶναι,
2461 2342 2637 2412 ἀλλ’ἢ
2673 2343 2775 2412 τὴν
2807 2343 3120 2414 ἀγαθότητα
3157 2341 3433 2395 πιστεύειν
3457 2339 3541 2393 τοῦ
3577 2341 3680 2392 ἀκτί-

515 2447 534 2480 ι
575 2429 890 2500 nullamque
949 2445 1072 2486 esse
1131 2439 1405 2496 naturam,
1433 2447 1555 2501 qua:
1590 2448 1697 2486 non
1727 2440 1821 2486 aut
1859 2431 2011 2502 ipse:

2196 2454 2216 2490 ι
2263 2454 2411 2504 στου,
2448 2436 2505 2500 ὃς
2555 2436 2672 2488 ἐστι
2729 2434 2860 2500 Θεὸς
2913 2434 3170 2506 ἀληθινὸς
3225 2429 3327 2499 εἷς,
3375 2433 3462 2486 καὶ
3491 2431 3682 2501 οὐδεμίαν

515 2538 534 2572 ι
570 2529 665 2576 aut
710 2522 780 2578 ab
832 2523 992 2593 ipso:
1031 2538 1271 2594 eumque
1323 2538 1446 2578 esse
1477 2523 1824 2589 Trinitatem,
1872 2525 2011 2580 Patri

2199 2548 2220 2583 ι
2263 2525 2403 2584 εἶναι
2437 2531 2620 2600 φύσιν,
2649 2532 2772 2602 ἥτις
2795 2531 2829 2601 ἢ
2855 2530 3017 2592 αὐτὸς
3048 2529 3148 2582 οὐκ
3184 2529 3354 2590 ἐστιν,
3385 2527 3416 2597 ἦ
3445 2526 3530 2579 ἀπ’
3549 2525 3681 2589 αὑτοῦ,

513 2631 533 2664 ο
586 2614 798 2670 scilicet
841 2624 896 2670 et
927 2614 1126 2670 Filium
1169 2631 1199 2670 a
1235 2613 1399 2670 Patre
1429 2615 1696 2686 genitum,
1728 2625 1782 2670 et
1823 2615 2009 2686 Spiritu

2200 2641 2220 2676 ι
2263 2623 2427 2678 αὐτόν
2452 2640 2512 2675 τε
2542 2621 2683 2678 εἶναι
2715 2622 2948 2694 Τριάδα,
2980 2622 3204 2692 Πατέρα
3233 2620 3461 2692 δηλονότι
3489 2619 3572 2672 καὶ
3601 2619 3684 2672 Υἱὸν

514 2723 534 2757 ι
575 2715 822 2762 sanctum
851 2709 919 2763 ab
949 2708 1139 2764 eodem
1178 2711 1346 2765 Patre
1374 2711 1780 2781 procedentem.
1821 2730 1840 2764 ι

2199 2731 2220 2767 ι
2264 2717 2330 2768 ὲκ
2359 2716 2572 2784 Πατρδς
2605 2715 2960 2787 γεννηθέντα,
2992 2719 3088 2770 καὶ
3119 2713 3347 2784 Πνεῦμα
3392 2711 3529 2782 ἅγιον
3553 2711 3601 2777 ἐξ
3624 2712 3686 2763 αὖ·

2200 2824 2222 2860 ι
2257 2804 2350 2861 τοῦ
2381 2806 2476 2861 τοῦ
2511 2808 2725 2878 Πατρδς
2754 2808 3210 2879 ἐκπορευόμενον.
3249 2825 3268 2858 ι

1073 2899 1507 2956 Animadversio.

2794 2882 3190 2953 ’Emataala:

588 3001 607 3038 ι
646 2981 787 3050 Quid
821 2985 911 3042 hic
960 2987 1063 3054 ais,
1097 2991 1188 3060 qui
1221 2992 1423 3049 multas
1460 2994 1816 3054 sanctissimo
1861 2995 2084 3069 Spiritui

2270 3006 2292 3041 ι
2341 2988 2407 3042 Τί
2435 2987 2615 3058 λέγεις
2641 2992 2670 3044 ὁ
2705 2989 2806 3053 τὰς
2859 2989 3062 3053 πολλὰς
3120 2987 3470 3059 ὲκπορεύσεις
3513 2985 3576 3058 τῷ
3612 3003 3686 3041 πι-

520 3093 542 3127 s
575 3078 950 3144 processiones
975 3081 1264 3156 elargiris?
1293 3083 1498 3141 Vestra:
1522 3087 1702 3158 gregis
1733 3097 1786 3143 et
1814 3089 1901 3144 hic
1934 3105 2016 3160 prt

2204 3099 2226 3132 ο
2263 3079 2438 3150 ναγίῳ
2487 3080 2769 3152 Πνεύματι
2836 3080 3007 3134 θέλων
3066 3078 3424 3151 χαρίζεσθαις
3477 3079 3570 3147 Τῆς
3604 3078 3687 3131 καθ’

519 3182 538 3216 ι
573 3180 669 3222 sus
698 3177 885 3238 pastor
921 3179 1028 3228 est.
1056 3172 1196 3228 Audi
1241 3176 1433 3231 saltem
1468 3177 1634 3244 hunc,
1663 3179 1846 3246 sodes,
1879 3195 2015 3250 preci

2205 3189 2226 3224 ε
2266 3172 2414 3242 ἡμᾶς
2447 3171 2650 3242 ἀγέλης
2677 3172 2898 3236 πάντως
2923 3170 3129 3244 ποιμὴν
3161 3171 3261 3224 καὶ
3291 3163 3456 3233 οὗτος.
3484 3170 3689 3224 Ἄκουσον

408 3301 412 3306 .
519 3274 540 3309 ι
585 3273 692 3314 non
725 3269 935 3318 tantum
961 3264 1285 3336 simpliciter
1310 3267 1574 3338 Spiritum
1607 3285 1674 3326 ex
1710 3269 1904 3342 Patre]

2198 3281 2220 3316 ι
2260 3263 2392 3333 γοῦν
2435 3263 2540 3318 κᾶν
2587 3264 2802 3330 τούτου,
2859 3264 3188 3336 παρακαλῶ,
3251 3267 3326 3335 μὴ
3378 3263 3525 3335 μόνον
3568 3261 3689 3323 οὕτως

522 3367 542 3400 ε
580 3348 709 3405 dere
763 3351 1102 3421 edocentem,
1157 3360 1251 3414 sed
1312 3361 1663 3431 adjicientem
1722 3372 1778 3418 et
1841 3364 1972 3419 illud

2196 3374 2216 3408 ι
2261 3356 2447 3420 ἁπλῶς
2475 3357 2541 3410 ἐκ
2571 3355 2668 3410 τοῦ
2702 3359 2918 3430 Πατρὸς
2967 3345 3370 3428 δέπορεύεσθαι
3393 3347 3471 3408 ’τὸ
3517 3353 3683 3421 Πνεῦμα

523 3458 544 3492 ι
579 3442 771 3498 eodem
805 3461 821 3500 :
855 3444 980 3502 hinc
1021 3447 1090 3502 ab
1125 3449 1233 3508 alio
1270 3445 1684 3520 prohibentem,
1738 3457 2019 3524 qucmadrr

2197 3467 2216 3501 ι
2259 3447 2624 3515 διδάσκοντος,
2657 3449 2796 3502 ἀλλὰ
2827 3448 3225 3520 προστιθέντος
3258 3446 3434 3504 καὶτὸ
3479 3446 3532 3511 ἐξ
3551 3443 3687 3499 αὑτοῦ·

523 3550 542 3584 ι
579 3532 709 3590 dum
748 3546 803 3594 et
834 3539 889 3593 in
914 3538 1038 3596 aliis
1069 3557 1290 3614 quoque
1319 3544 1731 3603 adnotavimus.
1771 3566 1790 3600 ι

2201 3558 2220 3592 ι
2265 3539 2557 3596 κάντεῦθεν
2607 3540 2668 3594 τὸ
2715 3539 2774 3607 ἐξ
2821 3539 3011 3608 ἐτέρου
3063 3540 3513 3610 ἀπαγορεύοντος,
3559 3534 3688 3596 καθὼς

2201 3651 2219 3686 ι
2264 3635 2362 3688 καὶ
2383 3635 2441 3689 ὲν
2471 3633 2682 3705 ἑτέροις
2711 3632 2882 3702 ἑπεση
2895 3631 3281 3703 μειωσάμεθα.
3319 3649 3338 3684 ι

1158 3724 1461 3796 Refutatio.

2793 3724 3195 3792 Ἀντιρῤησις.

591 3811 693 3870 Hic
741 3822 969 3873 sanctus
996 3831 1272 3886 asserens,
1305 3817 1572 3889 Spiritum
1603 3820 1672 3876 ab
1700 3821 1889 3879 eodem
1929 3823 2087 3880 Patre

2276 3815 2546 3870 Ἐνταῦθα
2575 3816 2674 3888 μὲν
2703 3816 2880 3886 λέγων
2903 3817 2932 3871 ό
2965 3815 3121 3885 ἅγιος
3152 3815 3217 3869 τὸ
3252 3813 3464 3885 Πνεῦμα
3495 3812 3545 3880 ἐξ
3573 3809 3687 3864 αὒτοῦ

521 3906 817 3976 procedere
860 3917 1051 3979 aperte
1102 3910 1452 3976 constabilit,
1498 3911 1762 3984 Spiritum
1807 3930 1918 3971 non
1975 3931 2017 3972 es

2196 3907 2291 3961 τοῦ
2325 3909 2542 3979 Πατρδς
2569 3907 2996 3982 ἐκπορεύεσθαι,
3031 3908 3370 3980 παρίστησιν
3403 3903 3612 3974 ἐναργῶς
3634 3900 3683 3970 μὴ

520 4013 588 4053 ex
619 3997 727 4054 alio
750 3998 1041 4071 principio,
1091 4003 1240 4072 quod
1271 4003 1465 4060 alienae
1485 4006 1744 4062 essentia:
1777 4008 1848 4063 sit
1881 4026 1896 4063 :
1931 4008 2016 4079 idq

2197 4001 2430 4064 ἒκιτινος
2466 4000 2811 4072 ὲτεροουσίου
2835 4001 2896 4054 «cs
2927 3999 3155 4070 Πνεῦμα
3190 3995 3334 4054 εἶναι
3377 3997 3551 4070 ἀρχῆς,
3587 3995 3682 4060 ὅπερ

522 4088 850 4146 confirmant
901 4091 1068 4147 etiam
1127 4093 1195 4148 de
1238 4093 1380 4150 Filio
1432 4106 1740 4154 asserentes
1799 4097 1998 4154 Filium

2201 4095 2296 4148 καὶ
2328 4095 2457 4165 περὶ
2484 4095 2579 4148 τοῦ
2609 4094 2740 4149 Υίοῦ
2770 4094 3117 4167 παριστῶσιν
3143 4095 3196 4148 οι
3218 4094 3467 4162 λέγοντες
3494 4093 3548 4143 ὲκ
3573 4087 3689 4159 μόνον

521 4181 640 4237 solo
670 4181 850 4249 Patre,
886 4198 986 4239 nec
1022 4185 1090 4240 ab
1115 4186 1222 4242 alio
1249 4201 1393 4254 esse;
1425 4203 1604 4259 neque
1660 4204 1729 4245 ex
1759 4191 1867 4246 alia
1906 4207 2017 4253 esse

2200 4185 2292 4237 τοῦ
2327 4185 2538 4258 Πατρδς
2600 4185 2690 4240 τὸν
2720 4186 2850 4239 Υἱὸν
2880 4181 3044 4249 εῖναι,
3076 4185 3171 4240 καὶ
3229 4185 3332 4238 οὐκ
3364 4183 3578 4243 ἄλλοθεν,
3607 4177 3689 4230 οὐδὲ

522 4273 618 4338 tia,
645 4283 742 4329 aut
791 4273 1072 4347 bypostasi
1105 4279 1381 4348 propriam
1410 4280 1613 4337 habere
1662 4282 2016 4339 subsistentia

2201 4275 2262 4341 ἐξ
2286 4276 2480 4346 ἐτέρας
2525 4276 2674 4341 τινὸς
2717 4277 2910 4341 οὐσίας
2941 4276 2974 4347 ἢ
3011 4275 3372 4339 ὑποστάσεως
3421 4273 3511 4343 τὴν
3545 4268 3691 4324 οἰκείαν

521 4364 791 4421 Caeterum
845 4368 902 4422 in
959 4369 1086 4424 aliis
1138 4369 1279 4425 beati
1325 4371 1556 4443 hujusce
1607 4375 1905 4437 enuntiatis
1963 4390 2017 4432 sc

2204 4369 2371 4424 αὐτὸν
2402 4369 2550 4439 ἔχειν
2586 4369 2907 4424 ὑπόστασιν.
2955 4369 3044 4422 Ἐν
3074 4368 3268 4431 ἄλλαις
3293 4367 3351 4421 δὲ
3381 4366 3482 4419 τῶν
3509 4361 3586 4416 τοῦ
3624 4360 3692 4430 μά-

523 4460 814 4527 coutineri,
862 4476 931 4517 ex
960 4460 1101 4518 Filio
1138 4462 1403 4535 Spiritum
1435 4465 1751 4536 procedere.

2205 4479 2376 4533 καρος
2425 4461 2615 4515 τούτου
2677 4461 2969 4530 θεολογιῶν
3001 4460 3112 4516 ἴσθι
3167 4462 3268 4515 καὶ
3321 4461 3385 4514 ἐκ
3413 4456 3507 4528 ξτοῦ
3536 4452 3637 4508 1·ἱοῦ
3657 4449 3694 4501 ιδ

2205 4553 2433 4625 Πνεῦμα
2463 4553 2694 4623 λέγοντα
2721 4554 2888 4608 αὺτὸν
2917 4553 3336 4624 ἐκπορεύεσθαι.

952 4671 1388 4730 ΗΙΕΒΟΝΥΜΙ
1433 4673 1670 4730 DICTA.
2128 4611 2182 4671 Β

2128 4611 2182 4671 D
2617 4670 2889 4724 ΡΗΣΕιΣ
2927 4668 3173 4723 ἸΕΡΩΝ
3182 4668 3402 4743 mor.

527 4789 717 4847 Sancti
765 4788 1071 4844 Hieronumi
1101 4803 1165 4842 ea:
1215 4788 1541 4857 expositione
1586 4785 1823 4857 Symboli
1873 4791 1943 4843 ad
1990 4788 2023 4844 Β

2211 4788 2322 4844 Τοῦ
2373 4789 2547 4858 ἁγίου
2612 4787 2972 4856 Ἱερωνύμου
3022 4786 3091 4858 ἐκ
3148 4802 3261 4854 της
3294 4782 3439 4858 πρὸς
3486 4779 3693 4847 Δάμασον

1196 4855 1425 4914 τηαδιιηι.
1478 4865 1484 4872 “
1630 4855 1643 4857 ⁷
2279 4916 2282 4917 ,
2421 4855 2429 4858 ⁷
2449 4859 2692 4929 ἑξηγήσ.

2279 4916 2282 4917 ν
2421 4855 2798 4929 ’ἐξηγήσεως
2827 4855 2934 4912 τοῦ
2967 4856 3142 4927 ἁγίου
3167 4855 3489 4925 Συμϐόλου.

595 4971 704 5027 CL.
744 4990 763 5024 ι
818 4969 1107 5025 Credimus
1172 4969 1230 5022 in
1259 4966 1524 5037 Spiritum
1601 4977 1879 5032 sanetum,
1911 4985 2091 5023 verum

2281 4975 2410 5034 PN'.
2450 4993 2472 5027 ι
2502 4971 2842 5042 Πιστεύομεν
2874 4972 2955 5034 εἰς
3010 4947 3325 5038 τδῐῖνεῦμα
3341 4966 3398 5018 τὸ
3435 4963 3585 5030 ἅγιον,
3608 4956 3695 5008 Θεὸν

531 5086 550 5118 ι
596 5066 761 5121 Deum
791 5080 857 5119 ex
888 5063 1050 5118 Patre
1081 5060 1489 5132 procedentem,
1522 5063 1788 5132 aequalem
1823 5065 1880 5119 in
1929 5078 2027 5119 Ollli

2209 5085 2228 5118 ι
2275 5064 2549 5136 ἀληθινὸν,
2618 5065 2682 5118 ἐκ
2714 5060 2930 5130 Πατρὸς
2977 5059 3432 5128 ἐκπορευόμενον,
3481 5051 3576 5103 ἴσον
3602 5045 3695 5099 καῖὲ

528 5179 548 5212 ε
589 5160 692 5217 bus
718 5158 867 5215 Patri
898 5167 952 5214 et
978 5157 1140 5213 Filio.
1173 5178 1191 5212 ι

2210 5177 2228 5211 ι
2275 5157 2454 5212 πάντα
2485 5155 2561 5227 τῷ
2598 5154 2780 5226 Πατρὶ
2811 5153 2908 5208 καὶ
2943 5152 3023 5222 τῷ
3050 5150 3189 5219 Υίῴ.
3232 5167 3252 5201 ι
3333 5145 3335 5152 “

1105 5251 1528 5306 Animadversio.
2817 5246 3194 5303 Ἐπιστασία.

605 5365 624 5399 ‹
663 5346 914 5403 Salvator
963 5345 1018 5400 in
1057 5343 1344 5415 Evangelio
1401 5342 1608 5406 docuit,
1639 5342 1712 5419 .in
1751 5358 1848 5399 ore
1870 5343 2101 5399 duorum

2282 5361 2301 5395 ι
2346 5342 2454 5396 Τοῦ
2483 5343 2737 5413 Σωτῆρος
2769 5341 2828 5394 ὲν
2861 5341 3219 5408 Εὖαγγελίοις
3264 5340 3552 5406 διδάξαντος
3596 5327 3693 5384 ἑνώ·

535 5460 554 5493 ι
592 5441 676 5496 vel
723 5442 888 5496 trium
937 5441 1156 5495 testium
1200 5454 1323 5495 esse
1367 5453 1531 5493 omne
1586 5438 1813 5493 verbum
1850 5457 1864 5504 ;
1899 5449 1952 5493 et
2003 5456 2031 5492 n

2213 5457 2231 5490 ι
2273 5455 2396 5492 πιον
2425 5437 2518 5490 δύο
2551 5437 2584 5507 ἢ
2614 5433 2781 5506 τριῶν
2822 5434 3118 5505 μαρτύρων
3159 5436 3312 5505 ρἦα
3351 5435 3454 5487 πᾶν
3478 5424 3691 5482 ἵστασθαι·

537 5551 556 5584 ‹
591 5533 658 5587 de
687 5529 1026 5586 sanctissimi
1058 5529 1296 5600 Spiritus
1323 5545 1388 5584 ex
1413 5530 1530 5584 solo
1555 5527 1719 5583 Patre
1736 5531 2028 5599 processio:

2213 5553 2231 5585 ι
2275 5532 2433 5603 ἡμῶν
2457 5532 2514 5586 δὲ
2540 5532 2830 5594 τοσούτους
2854 5529 3302 5600 παρεισαγόντων
3335 5543 3416 5580 σοι
3460 5523 3691 5603 μάρτυρας,

536 5645 553 5675 ι
591 5633 670 5678 tot
715 5623 814 5678 tibi
847 5630 1012 5678 testes
1047 5621 1400 5687 adduximus,
1445 5621 1771 5690 tandemque
1798 5636 1863 5675 ex
1909 5631 2032 5675 vest‘

2211 5645 2229 5676 ε
2276 5602 2528 5694 περὶτῆς
2551 5623 2648 5676 τοῦ
2701 5621 2970 5690 παναγίου
3000 5619 3317 5690 Πνεύματος
3365 5620 3426 5670 ἐκ
3455 5614 3593 5685 μόνου
3633 5602 3693 5656 τοῦ

541 5737 558 5769 ι
593 5714 907 5785 regionibus
963 5723 1092 5778 tres,
1129 5714 1223 5785 qui
1268 5725 1394 5773 ante
1422 5721 1504 5768 tot
1553 5713 1748 5768 szecula
1778 5711 2037 5783 praesulat

2213 5736 2230 5768 ι
2276 5716 2484 5786 Πατρδς
2507 5713 2910 5782 ὲκπορεύσεως,
2935 5711 3072 5775 τέως
3104 5711 3162 5764 δὲ
3195 5711 3286 5763 καὶ
3317 5711 3455 5778 τρεῖς
3478 5699 3693 5774 ὑμετέρων

542 5828 560 5859 ι
611 5806 872 5878 dignitate
902 5807 1240 5873 praefulsere.
1289 5804 1370 5861 Tu
1407 5821 1570 5877 porro
1603 5805 1707 5861 illis
1743 5805 1902 5860 ﬁdem
1948 5804 2038 5859 adi

2215 5827 2230 5859 ι
2278 5809 2472 5878 χωρῶν
2496 5805 2604 5876 πρὸ
2625 5807 2795 5859 τόσων
2831 5802 3261 5876 ἀμνημονεύτων
3313 5800 3443 5855 ἐτῶν
3499 5798 3693 5866 appar/0'

541 5919 557 5952 ι
605 5901 760 5966 licus,
787 5900 868 5956 vel
914 5895 1267 5966 additioucm,
1305 5916 1425 5973 qua:
1472 5899 1743 5956 undenatn
1797 5897 2036 5969 irrepser

2219 5921 2230 5953 ι
2273 5899 2652 5969 τεύσαντας,ἣ
2707 5897 2919 5963 τούτοις
2962 5896 3228 5967 πεισθεὶς,
3289 5895 3380 5950 τοῦ
3419 5889 3548 5964 ἱεροῦ
3583 5887 3715 5972 Συμξ
