3882 6566
128 538 140 570 ι
178 510 313 567 δόλου
341 507 432 580 τὴν
465 505 568 561 οὐκ
595 502 715 562 οῖδα
736 504 901 560 πόθεν
929 504 962 578 ἢ
993 505 1146 578 παρὰ
1180 506 1329 571 τίνος
1376 523 1647 580 παρεντε-
1677 512 1727 572 Λ

126 630 140 661 ι
183 607 346 660 θεῖσαν
375 598 702 673 προσθήκην
731 595 958 663 ὑπέξελε
986 611 1000 629 ⁸
1035 599 1135 652 καὶ
1163 597 1324 669 δεῦρο
1357 600 1490 664 στὰς
1525 599 1645 670 μέθ,

129 721 145 754 ε
178 695 316 768 ἡμῶν
345 691 658 762 σόμψαλλε,
688 689 872 754 καθὼς
907 689 1019 745 ἀπὸ
1047 689 1157 744 τῶν
1187 689 1348 745 θείων
1378 691 1648 762 Πατέρων

124 788 286 846 ιαύτδ
340 783 760 856 παρελάϐομεν⁹
817 783 852 856 ἢ
909 783 1083 850 δεῖξον
1113 783 1276 848 αὐτὸς
1335 785 1468 856 ¹ἡμίν
1498 785 1654 850 τινὰς

125 902 137 936 ι
171 881 262 934 τῶν
283 877 378 948 τῆς
403 875 460 929 εὐ
470 874 687 941 σεσείας
706 874 986 947 κηρύκων,
1015 875 1113 930 καὶ
1133 874 1329 929 κοινῶν
1359 877 1458 945 τῆς
1477 875 1659 929 οἰκου-

122 996 135 1026 ι
170 972 316 1042 μένης
347 967 675 1039 φωστήρων,
701 969 792 1021 καὶ
814 967 1153 1021 διδασκάλων
1206 967 1338 1038 περὶ
1363 967 1464 1035 τῆς
1491 985 1662 1039 προσ.

120 1086 134 1118 ι
161 1065 314 1135 θήκης
325 1059 522 1132 ταύτης
540 1061 794 1132 φανερῶς
809 1061 903 1114 καὶ
921 1060 1103 1130 σαφῶς
1121 1060 1554 1128 δυγματισαντας
1565 1060 1659 1113 καὶ

125 1174 138 1204 ι
171 1151 484 1216 διδάξαντας,
521 1149 620 1202 καὶ
669 1147 973 1218 τηνικαῦτα
999 1149 1100 1218 τὴν
1125 1141 1294 1218 ἧτταν
1318 1147 1653 1220 δμολογήσοέ

122 1266 136 1299 ι
173 1261 277 1317 μεν,
310 1241 397 1296 καὶ
423 1241 770 1312 φιλαδέλφως
803 1258 886 1295 σοι
914 1242 1395 1312 συμφρονήσομεν.
1434 1260 1454 1294 ι

683 1441 1089 1511 Ἀντιρῤησις.

179 1540 385 1603 ’Δδικεῖς
405 1536 508 1608 τὴν
543 1535 834 1608 ἀλήθειαν,
865 1535 1146 1606 ἄνθρωπε,
1185 1532 1422 1598 πολλοὺς
1475 1531 1655 1602 λέγων

122 1631 436 1706 παρεισάγειν
467 1629 601 1694 τοὺς
634 1629 924 1702 μάρτυρας
1004 1627 1134 1699 περὶ
1183 1628 1283 1696 τῆς
1334 1625 1428 1680 τοῦ
1483 1642 1660 1680 πανα-

85 1777 91 1782 ,
121 1728 211 1796 γίου
237 1723 542 1794 ΙΙνεύματος
574 1723 641 1775 ὲκ
677 1719 841 1790 μόνου
871 1718 966 1774 τοῦ
993 1717 1208 1791 Πατρδς
1239 1717 1654 1790 ὲκπορεύσεως.

121 1819 270 1881 Οὐδεὶς
295 1816 401 1888 γάρ
424 1815 536 1869 τῶν
593 1813 769 1883 ἁγίων
829 1813 1022 1885 εἴρηκε
1070 1813 1154 1878 τὸ,
1192 1813 1256 1864 ὲκ
1287 1813 1473 1882 μόνου.
1513 1810 1656 1864 Ἀλλ’

1025 395 1122 459 ἸΝ
1157 396 1553 458 CAMATERI
1591 395 2347 460 ANIMADVERSIONES.

3237 395 3343 460 610

1759 526 1778 558 ι
1825 520 1920 563 aut
1957 525 1987 563 a
2026 523 2137 578 quo
2178 508 2389 563 intrusa
2443 502 2612 560 fuerit
2639 503 2800 575 plane
2855 503 3071 576 ignoro,
3122 517 3153 559 e
3181 519 3342 560 sacro

1764 621 1782 652 ι
1820 599 2082 672 Symbolo
2114 600 2273 671 abige
2305 615 2322 654 :
2364 607 2419 654 et
2453 597 2616 654 simul
2653 596 2940 653 nobiscum
2967 605 3120 652 stans
3153 597 3343 650 conci-

1764 713 1784 747 ι
1824 694 1963 758 nito,
2013 691 2478 764 quemadmodum
2517 691 2648 748 illud
2678 706 2708 746 a
2741 690 2940 746 divinis
2968 689 3226 746 Patribus
3249 704 3345 745 ac-

1765 805 1784 838 ι
1821 787 2072 856 cepimus
2104 786 2231 842 :vel
2256 787 2534 843 ostendito
2582 786 2742 842 nobis
2773 793 2831 841 tu
2865 785 2983 856 ipse
3017 800 3082 840 ex
3125 785 3345 853 pietatis

1765 897 1784 930 ι
1823 877 2189 950 praeconibus,
2229 886 2286 933 et
2333 877 2724 933 communibus
2743 877 2895 932 orbis
2959 886 3231 933 terrarum
3260 876 3346 932 ιιι-

1767 989 1785 1023 ι
1824 971 2063 1027 minibus
2087 985 2151 1026 ac
2178 971 2498 1026 doctoribus
2536 970 2750 1041 aliquos
2777 970 2844 1026 de
2871 970 3035 1025 simili
3070 968 3347 1025 additione

1765 1082 1784 1116 ι
1821 1063 2001 1134 palam
2033 1063 2241 1136 aliquid
2287 1071 2342 1119 et
2369 1064 2661 1120 manifesto
2685 1065 3070 1138 decernentes,
3091 1071 3188 1118 aut
3210 1061 3346 1116 edo-

1765 1175 1784 1208 ι
1823 1166 2034 1222 centes,
2063 1167 2291 1226 tumque
2318 1170 2349 1210 a
2377 1164 2428 1212 te
2451 1157 2596 1212 vinci
2647 1170 2804 1226 aequo
2828 1155 3014 1211 animo
3033 1153 3346 1217 fatebimur,

1767 1267 1785 1301 ι
1825 1257 1881 1304 et
1943 1249 2021 1304 uti
2091 1248 2293 1305 fratres
2354 1248 2796 1319 conjunctissimi
2861 1248 3052 1304 eadem
3113 1247 3345 1304 conﬁte-

1767 1360 1785 1394 ι
1825 1341 2028 1398 bimur.
2080 1359 2098 1394 ι

2401 1432 2698 1502 Refutalio.

1833 1520 2133 1580 Veritatem
2166 1524 2366 1596 injuria
2407 1523 2602 1588 allicis,
2635 1528 2707 1578 mi
2742 1524 2929 1588 homo,
2961 1538 3089 1578 cum
3125 1537 3349 1580 asseve-

1763 1629 1875 1680 ras,
1909 1616 1977 1672 de
2007 1618 2342 1674 sanctissimi
2392 1617 2633 1689 Spiritus
2666 1632 2733 1672 ex
2779 1617 2900 1672 solo
2925 1616 3085 1672 Patre
3128 1615 3347 1688 proces-

1759 1707 1917 1764 sione
1976 1708 2179 1764 multos
2254 1717 2422 1766 testes
2484 1709 2800 1765 adduxisse.
2856 1707 3030 1765 Nemo
3090 1708 3235 1764 enim
3280 1723 3349 1762 ex

1760 1796 2017 1856 Patribus
2046 1799 2200 1867 illud,
2257 1815 2324 1856 ex
2355 1800 2492 1866 solo,
2538 1799 2858 1872 prolocutus
2901 1807 3006 1855 cst.
3051 1796 3348 1854 Verumta-

120 1861 268 1962 ξιῖαῖ
284 1861 470 1978 μηδεὶς
495 1905 615 1959 τῶν
643 1861 820 1975 άγίων
850 1861 915 1957 εξ
942 1861 1112 1974 μόνου
1139 1861 1263 1956 ’τοῦ
1287 1861 1524 1974 τΠατρδς
1555 1903 1654 1956 ικ-

1775 1905 1892 1947 men
1923 1891 1972 1947 si
1998 1891 2188 1948 nullus
2221 1906 2284 1948 ex
2315 1861 2570 1948 Patribus
2613 1889 2920 1957 aliirmavit,
2955 1905 3020 1946 ex
3049 1889 3169 1946 solo
3191 1889 3350 1946 Patre

121 1997 410 2072 πορεύεσθαι
437 1997 660 2069 εἴρηκε,
683 1999 748 2049 ὲκ
791 1995 958 2067 μόνου
983 1994 1080 2048 τοῦ
1116 1993 1332 2066 Πατρὸς
1358 1993 1656 2064 ὑπάρχειν,

122 2090 444 2164 ἢπηγάζειν,
496 2089 531 2160 ἢ
592 2087 926 2152 ἀναϐλύζειν
976 2088 1038 2140 τὸ
1083 2087 1347 2157 Πνεῦμαο
1400 2085 1560 2160 εἴπερ
1607 2087 1658 2141 ol

56 2161 61 2170 ’
121 2161 462 2254 προστιθέντες
493 2181 663 2252 ὑμεῖς
717 2180 864 2234 κατὰ
891 2178 1122 2251 γνώμην
1179 2178 1315 2250 είδθῆ
1344 2180 1442 2234 καὶ
1491 2179 1655 2236 ἀδιά-

125 2291 319 2346 στροφον
363 2273 438 2336 είς
470 2272 575 2344 τὴν
612 2271 826 2326 ἔννοιαν
861 2271 1022 2324 τοῦτο
1085 2269 1519 2342 ὲξελαμόάνεσθε
1559 2271 1660 2342 τῆς

124 2365 344 2438 “eam;
377 2364 528 2437 παρὰ
583 2362 683 2417 τοῦ
716 2363 958 2434 μεγάλου
1015 2363 1298 2418 Βασιλείου
1345 2364 1660 2434 ἐξηγήσεως

124 2456 226 2525 περὶ
251 2454 362 2526 τῆς,
395 2473 418 2507 ί
455 2454 622 2525 μόνος
676 2455 706 2509 ὸ
757 2452 964 2526 Πατὴρ,
1008 2473 1028 2508 ι
1068 2454 1273 2524 φωνῆς,
1306 2454 1429 2525 ἥτις
1461 2451 1661 2525 ἐξήγη-

124 2564 189 2609 σις
215 2545 470 2616 ὲντράνως
505 2545 770 2616 διασαφεῖ
794 2545 1053 2616 λέγεσθαι
1084 2545 1179 2599 ἐπὶ
1212 2544 1308 2599 τοῦ
1340 2547 1570 2618 ιΠατρὸς
1601 2546 1661 2601 τὸ

120 2643 273 2711 μόνος
295 2640 377 2694 διὰ
399 2639 460 2692 τὺ
484 2640 671 2695 πάντα
695 2639 790 2692 ἐπὶ
817 2637 908 2692 τὸν
935 2638 1158 2708 Πατέρα
1190 2638 1515 2708 ἀνάγεσθαι,
1564 2638 1662 2693 καὶ

120 2733 255 2786 αὐτὸν
279 2732 360 2786 διὰ
388 2732 610 2788 πάντων
644 2731 744 2800 τὴν
774 2731 1002 2803 πρώτην
1055 2730 1239 2786 αἰτίαν
1285 2731 1659 2801 γινώσκεσθαι

125 2819 240 2896 ᾗτινι
271 2823 441 2895 ἐννοίᾳ
464 2823 762 2878 ἀκολουθεῖ
820 2824 989 2895 μηδὲν
1055 2823 1340 2896 διαφέρειν
1394 2824 1461 2877 ὲκ
1494 2825 1658 2893 μόνου

121 2915 197 2970 τοῦ
228 2917 422 2988 Πατρός
452 2917 549 2970 καὶ
587 2919 656 2971 ἐκ
683 2914 910 2988 πρώτης
943 2917 1131 2980 αἰτίας
1179 2915 1275 2970 τοῦ
1329 2916 1543 2991 Πατρὸς
1575 2916 1662 2970 λέ-

123 3025 234 3078 γειν,
267 3009 360 3062 οὐκ
390 3010 456 3064 ἂν
502 3010 675 3081 ἡμεῖς
709 3011 759 3063 οἰ
793 3008 882 3062 διὰ
932 3006 1024 3063 τὸν
1065 3008 1204 3079 ὑπὲρ
1235 3008 1334 3080 τῆς
1373 3007 1662 3077 ἐκκλησια-

123 3099 281 3171 στικῆς
301 3101 518 3174 είρήνης
551 3102 718 3173 ζῆλον
753 3103 878 3165 ταῖς
929 3101 1262 3172 παραλόγοις
1321 3100 1660 3174 προσθήκαις

123 3190 201 3242 καὶ
253 3191 696 3263 παρεξηγήσεσιν
751 3189 1150 3259 ἀντιλέγοντες,
1207 3191 1337 3260 ύμῖν
1387 3192 1658 3262 ὲζυγομα-
1689 3229 1734 3288 c

121 3283 348 3353 χήσαμεν.
375 3285 494 3338 Ὀτι
513 3283 575 3338 δὲ
602 3284 662 3337 τὸ
683 3301 704 3336 ι
727 3285 792 3337 ἐκ
807 3284 973 3355 μόνου
994 3301 1020 3334 -›
1033 3283 1308 3353 πανταχοῦ
1331 3283 1441 3336 τῶν
1461 3284 1661 3354 ὑμετέ-

126 3389 214 3443 ρων
250 3375 675 3447 παρεξηγήσεων
727 3376 812 3439 εἰς
869 3358 1155 3445 διαστολὴν
1200 3375 1511 3444 λαμϐάνετε
1564 3374 1659 3429 τοῦ

133 3465 253 3532 Υίοῦ,
286 3467 576 3538 προθύμως
611 3467 742 3538 ὑμῖν
788 3467 884 3520 καὶ
931 3466 1353 3539 ζυγομαχοῦμεν
1386 3468 1482 3523 καὶ
1513 3469 1666 3523 ἀντι-

124 3557 336 3629 λέγομεν.
383 3561 471 3625 Ὠς
505 3561 622 3633 γὰρ
649 3559 914 3626 πολλάκις
949 3562 1283 3633 εἰρήκαμεν,
1339 3563 1376 3632 ἡ
1415 3561 1524 3616 άπὸ
1564 3561 1662 3616 τοῦ

127 3651 304 3724 [ἰατρὸς
335 3652 595 3727 διαστολὴ
643 3653 738 3709 τοῦ
778 3655 910 3709 Υίοῦ
966 3655 1067 3707 οὐκ
1126 3655 1193 3708 ἄν
1231 3670 1364 3707 ποτε
1408 3656 1467 3707 ὲν
1496 3657 1562 3725 τῇ
1599 3655 1664 3708 ἐκ

126 3747 302 3818 Ιιατρὸς
329 3749 576 3824 ὑπάρξει
601 3747 695 3803 τοῦ
729 3748 1047 3820 Πνεύματος
1100 3747 1476 3818 παραδέξαιτο
1500 3748 1562 3800 τὸ
1593 3747 1662 3800 δι’

128 3838 250 3894 Υἱοῦ.

211 3986 217 3993 .
332 3933 862 3991 ΘΕΟΦΥΛΑΚΤΟΥ
916 3935 1415 4000 ΒΟΥΛΓΑΡΙΛΣ,

121 4046 201 4114 Εἰς
224 4048 282 4103 τὸ
303 4051 404 4106 τοῦ
435 4051 592 4107 κατὰ
633 4048 925 4118 Ἰωάννην
943 4051 1518 4120 Εὐατγελίουρητὸν
1546 4052 1618 4106 τό
1644 4068 1658 4082 ·

181 4138 198 4170 ι
235 4121 324 4174 ⁸ον
355 4122 466 4192 ἐγὼ
498 4121 722 4192 πέμψω
751 4120 898 4192 ὑμῖν
925 4123 1088 4191 παρὰ
1121 4121 1228 4176 τοῦ
1270 4122 1529 4192 Πατρός.
1565 4141 1586 4174 ο

185 4276 200 4310 ι
238 4259 400 4318 ΡΝΛ’.
433 4263 508 4317 Τὸ
534 4262 616 4328 δὲ,
653 4280 674 4315 ι
714 4262 814 4316 ’ον
846 4259 1215 4332 ἐγιδπέμψω,
1256 4279 1276 4314 ι
1307 4260 1407 4334 τὴν
1441 4256 1668 4334 ίσότητα

127 4351 306 4423 ιδηλοί
331 4354 426 4428 τὴν
474 4357 618 4427 πρὸς
675 4353 768 4408 τὸν
822 4353 1068 4425 Πατέρα.
1116 4354 1377 4426 Ἀλλαχοῦ
1416 4355 1527 4426 γάρ
1574 4356 1668 4410 τὸν

125 4461 140 4493 ι
180 4447 377 4519 Πατέρα
423 4446 555 4504 εἷπε
610 4449 854 4520 πέμπειν
897 4448 960 4501 τὺ
990 4447 1258 4520 Πνεῦμα⁶
1301 4448 1538 4502 ἐνταῦθα
1584 4447 1666 4514 δὲ,

129 4537 347 4592 (ἑαυτὸν
400 4539 646 4612 πέμψειν
677 4537 837 4592 τοῦτο
890 4535 1061 4591 εἰπὼν
1117 4537 1273 4592 οὐδὲν
1311 4536 1442 4591 ἄλλο
1485 4537 1519 4608 ἦ
1567 4537 1666 4606 τὴν

1764 1983 2081 2054 procedere,
2145 1992 2200 2039 et
2227 1999 2296 2040 ex
2348 1984 2469 2040 solo
2506 1981 2669 2038 Patre
2736 1997 2881 2049 esse,
2932 1994 3028 2038 aut
3064 1997 3346 2045 emanare.

1765 2086 1855 2132 aut
1882 2075 2124 2143 exsilire,
2157 2074 2419 2148 Spiritum
2456 2093 2472 2132 :
2518 2076 2566 2132 si
2597 2075 2860 2132 addentes
2892 2091 2988 2132 vos
3041 2075 3176 2131 illud
3199 2076 3350 2132 exci-

1766 2168 1968 2238 peretis
1998 2167 2299 2224 secundum
2323 2169 2654 2224 sententiam
2691 2175 2922 2235 rectam,
2955 2176 3011 2223 et
3047 2167 3350 2236 inconcus;

1767 2273 1884 2314 sam
1920 2260 2333 2331 intelligentiam
2387 2260 2860 2331 interpretationis
2883 2275 2916 2316 a
2963 2275 3164 2331 magno
3195 2259 3350 2316 Basi-

1765 2353 1842 2408 lio
1869 2354 2172 2424 propinatae
2227 2354 2294 2410 de
2325 2369 2460 2410 voce
2505 2354 2596 2410 illa
2634 2372 2653 2406 ι
2713 2353 2865 2410 solus
2937 2353 3140 2420 Pater;
3175 2371 3197 2405 ι
3229 2368 3352 2424 quae

1765 2445 2035 2516 expositio
2056 2446 2233 2515 palam
2267 2445 2509 2501 ostendit
2536 2445 2686 2500 solus
2727 2445 2794 2500 de
2824 2445 2988 2500 Patre
3037 2445 3170 2507 dici.
3205 2445 3351 2516 quod

1765 2535 1951 2590 omnia
1983 2533 2050 2590 ad
2080 2533 2294 2590 Patrem
2322 2535 2657 2598 referantur,
2689 2543 2743 2590 et
2801 2534 2890 2590 ille
2919 2549 3018 2606 per
3053 2536 3239 2590 omnia
3271 2536 3351 2589 uti

1766 2627 2024 2696 primaria
2055 2641 2219 2684 causa
2259 2638 2614 2698 agnoscatur,
2649 2641 2712 2682 ex
2769 2641 2877 2697 qua
2933 2627 3206 2682 sententia
3260 2641 3350 2682 se-

1765 2719 1954 2790 quitur
1987 2719 2126 2774 nihil
2175 2717 2416 2782 dill‘erre,
2458 2735 2524 2774 ex
2565 2719 2684 2776 solo
2747 2715 2904 2775 Patre
2967 2731 3023 2776 et
3061 2734 3128 2776 ex
3171 2719 3380 2790 prima

1765 2826 1934 2868 causa
1967 2810 2130 2868 Patre
2163 2812 2374 2876 dicere,
2436 2826 2536 2868 nos
2565 2811 2832 2882 profecto,
2876 2812 2968 2883 qui
2999 2821 3222 2882 propter
3253 2827 3350 2868 ec-

1765 2903 2087 2961 clesiasticze
2130 2904 2352 2961 unionis
2400 2905 2601 2968 zelum,
2634 2905 2890 2961 absurdis
2939 2905 3348 2975 additionibus,

1766 3003 1821 3053 et
1859 2996 2015 3054 falsis
2044 2995 2590 3068 interpretationibus
2620 2996 3073 3064 contradicimus,
3096 3012 3218 3053 cum
3253 3012 3352 3054 vo-

1765 3089 1852 3145 bis
1879 3090 2099 3161 quidem
2118 3090 2361 3145 altercati
2386 3105 2496 3144 non
2522 3088 2845 3145 fuissemus.
2871 3087 3008 3145 Cum
3032 3104 3164 3146 vero
3190 3089 3346 3156 illud,

1773 3198 1793 3232 ι
1833 3195 1902 3235 ex
1954 3181 2074 3237 solo
2109 3198 2130 3233 ι
2186 3181 2243 3234 in
2311 3180 2506 3236 vestris
2567 3179 2727 3238 falsis
2798 3180 3355 3250 interpretationibus

1765 3280 2030 3340 perpetuo
2083 3271 2382 3327 assumatis
2435 3271 2502 3326 ad
2546 3271 2950 3326 excludendum
3004 3268 3206 3327 Filium
3238 3273 3358 3327 ala-

1763 3361 1932 3416 criter
1986 3359 2373 3416 contendimus
2401 3368 2458 3414 et
2487 3360 2942 3416 contradicimus.
2973 3358 3358 3426 Quemadmo-

1761 3451 1894 3507 dum
1916 3452 2062 3508 enim
2106 3450 2310 3523 saepius
2372 3451 2644 3519 diximus,
2681 3452 2984 3509 exclusioa
3021 3450 3183 3510 Patre
3231 3451 3356 3510 Filii

1764 3545 1820 3600 in
1847 3545 2166 3601 exsistentia
2203 3543 2442 3616 Spiritus
2463 3559 2531 3601 ex
2557 3542 2740 3612 Patre,
2781 3558 3064 3616 nunquam
3117 3544 3358 3603 admittit

1765 3635 1923 3703 illttd,
1957 3649 2054 3707 per
2074 3634 2298 3692 Filium.

1766 3918 2297 3980 THEOPllYLACTl
2367 3917 2753 3976 'BULGARM‘]
2825 3917 3357 3978 ARCHIEPISCOPl

1835 4033 2175 4161 inpletam)?
2224 4033 2430 4088 dictum
2459 4049 2480 4088 :
2529 4052 2548 4086 ι
2583 4030 2753 4099 Quem
2806 4050 2900 4105 ego
2945 4035 3157 4090 mittam
3205 4034 3354 4091 vobis
3399 4040 3412 4053 '

1844 4125 1876 4160 a
1965 4123 2079 4160 are
2163 4145 2179 4159 .
2217 4123 2236 4156 ι

1844 4125 1876 4160 a
1913 4123 2079 4160 ratre
2111 4123 2179 4159 ".
2217 4123 2236 4156 ι

1837 4239 1970 4297 Cll.
2007 4256 2026 4291 ι
2047 4238 2222 4306 Quem
2256 4252 2356 4309 ego
2389 4236 2622 4304 mittam,
2647 4256 2668 4291 ι
2703 4237 3069 4308 aequalitatem
3095 4254 3224 4311 erga
3250 4240 3358 4296 Pa-

1775 4353 1795 4388 ι
1836 4343 1974 4390 trem
2030 4331 2325 4402 signiﬁcat.
2383 4329 2522 4385 Nam
2566 4329 2675 4385 alio
2714 4329 2840 4386 loco
2884 4331 2954 4386 de
2989 4330 3153 4388 Patre
3195 4333 3357 4403 dixit,

1776 4445 1796 4480 ι
1839 4425 1989 4497 quod
2051 4423 2230 4481 mittet
2264 4421 2578 4492 Spiritum;
2640 4422 2744 4478 hoc
2793 4431 2977 4484 autem
3033 4425 3176 4491 loco,
3209 4428 3356 4496 quod

1783 4537 1802 4572 ι
1845 4518 1962 4588 ipse
1990 4515 2188 4580 mittet,
2233 4513 2422 4584 utique
2459 4527 2593 4570 sane
2621 4514 2991 4584 aequalitatem
3019 4517 3361 4586 significans.

93 4607 100 4622 ⁸
127 4644 142 4678 ι
181 4627 378 4702 ἰσότητα
404 4591 575 4704 δηλοί.
600 4591 731 4686 ilva.
758 4591 826 4684 δὲγ
847 4632 923 4702 μὴ
960 4630 1086 4703 δόξῃ
1115 4591 1452 4684 ἀντανιστῶν
1478 4591 1662 4683 ἑαυτόν

1788 4630 1808 4665 ι
1845 4609 1926 4665 Ne
1954 4617 2134 4664 autem
2183 4605 2434 4662 videatur
2465 4605 2735 4662 obluctari
2761 4606 2931 4675 Patri,
2969 4609 3128 4678 quasi
3158 4609 3228 4666 ab
3253 4611 3363 4667 alia

130 4738 145 4770 ι
183 4723 249 4793 τῷ
304 4725 496 4797 Πατρὶ,
537 4725 614 4790 ὡς
675 4724 786 4779 ἀπὸ
843 4724 1009 4794 άλλης
1052 4723 1307 4788 ἐξουσίας
1343 4725 1580 4794 πέμπων
1607 4722 1669 4776 τὸ

129 4828 144 4862 ι
184 4814 404 4888 Πνεῦμα,
438 4817 752 4889 προσέθηκε
811 4815 965 4886 παρὰ
1015 4814 1117 4868 τοῦ
1165 4814 1400 4885 Πατρός.
1456 4812 1667 4885 Πέμψω

132 4922 146 4955 ι
183 4906 270 4976 μὲν
291 4909 398 4980 γὰρ
429 4908 611 4973 αὐτὸς,
647 4908 783 4962 ἀλλὰ
818 4909 970 4978 παρὰ
996 4905 1092 4959 τοῦ
1121 4907 1354 4976 Πατρὸς,
1384 4906 1665 4960 τουτέστιν

132 5015 146 5047 ι
184 4999 516 5066 εὐδοκοῦντος
569 5000 664 5054 τοῦ
706 5002 921 5072 [ἰατρὸς
974 5002 1070 5053 καὶ
1106 4999 1661 5062 συναποστέλλοντος.

132 5090 246 5144 «οὒ
272 5093 376 5166 γὰρ
405 5094 464 5160 ἐξ
521 5094 743 5148 οἰκείων
797 5091 1013 5145 κόλπων
1069 5091 1233 5153 abte;
1281 5091 1548 5160 προϊεμαι
1601 5089 1663 5144 τὺ

133 5198 148 5231 ι
187 5183 412 5256 Πνεῦμα,
466 5187 602 5242 ἀλλὰ
633 5184 786 5257 παρὰ
817 5184 913 5238 τοῦ
964 5184 1178 5255 Πατρὸς
1207 5183 1275 5236 δι’
1329 5182 1464 5252 ἐμοῦ
1496 5199 1666 5254 χορη-

134 5290 149 5324 t
185 5279 548 5349 γεῖται.ι⁰οταν
575 5278 838 5352 ἀκούσῃς,
868 5278 1255 5347 ἐκπορεύεται,
1286 5274 1362 5345 μὴ
1395 5275 1504 5328 νόει
1528 5275 1667 5329 ἁπο-

137 5382 152 5416 ι
190 5370 363 5441 στολὴν
409 5372 504 5446 τὴν
558 5370 906 5442 ὲκπόρευσιν,
937 5368 1056 5422 οἵαν
1116 5366 1544 5421 ἀποστέλλονται
1592 5367 1664 5422 τὰ

135 5474 150 5508 t
183 5458 510 5536 λειτουργικὰ
543 5465 856 5535 πνεύματα,
889 5462 1028 5516 ἀλλὰ
1057 5463 1266 5533 φυσικὴ
1303 5458 1539 5529 ῦπαρξις
1569 5459 1665 5514 τοῦ

133 5569 150 5602 ι
189 5553 475 5630 Πνεύματός
504 5561 652 5616 ἑστιν
687 5561 722 5630 ἡ
745 5558 1093 5630 ὲκπόρευσις.
1139 5575 1158 5608 ι

689 5651 1067 5706 Ἑπιστασία.

191 5753 208 5788 ι
239 5739 469 5810 Ἀκούεις
493 5745 592 5800 καὶ
633 5743 724 5799 τοῦ
753 5743 902 5817 παρὰ
923 5743 1024 5816 τῆς
1049 5741 1202 5809 θείας
1225 5742 1694 5819 ἐμπνευσθὼτος,

189 5900 227 5931 ’³
252 5900 397 5962 Joan.
426 5924 520 5971 xv.
550 5909 644 5966 26.

1783 4719 1804 4754 ι
1849 4698 2156 4756 substantia
2207 4696 2391 4752 mittat
2445 4694 2750 4766 Spiritum,
2817 4697 3025 4753 addidit
3091 4715 3122 4754 a
3172 4698 3360 4756 Patre.

1780 4811 1800 4846 ι
1841 4789 1980 4846 Nam
2007 4799 2062 4847 et
2086 4789 2204 4860 ipse
2247 4787 2469 4860 quidem
2503 4789 2706 4855 mittet,
2743 4787 2840 4844 sed
2865 4804 2896 4844 a
2921 4789 3104 4857 Patre,
3140 4791 3243 4847 hoc
3283 4802 3368 4848 est

1825 4882 2169 4954 approbante
2228 4870 2440 4947 Patre,
2473 4890 2528 4936 et
2560 4879 2726 4936 simul
2757 4881 3028 4938 mittente.
3064 4881 3184 4938 Non
3218 4885 3363 4939 enim

1775 4999 1794 5032 ι
1834 4993 1900 5035 ex
1925 4977 2148 5048 proprio
2172 4976 2296 5032 sinu
2324 4978 2443 5049 ipse
2477 4975 2632 5046 prius
2662 4976 2840 5038 tnitto,
2870 4977 2967 5032 sed
2996 4993 3026 5032 a
3059 4976 3223 5033 Patre
3260 4993 3360 5048 per

1778 5088 1798 5123 ι
1838 5085 1927 5127 me
1958 5069 2356 5140 suppeditatur.
2391 5068 2527 5124 Cum
2557 5076 2739 5122 autem
2789 5068 3030 5123 audieris
3063 5069 3208 5140 quod
3236 5084 3365 5139 pro-

1776 5180 1797 5214 ι
1835 5163 1997 5229 cedit,
2029 5177 2098 5216 ne
2122 5160 2396 5231 intelligas
2435 5176 2531 5231 per
2561 5160 2978 5230 processionem
3011 5163 3363 5224 missionem,

1778 5271 1798 5306 ι
1839 5252 1988 5324 quali
2019 5252 2316 5307 mittuntur
2343 5251 2730 5308 ministratorii
2761 5253 3024 5324 Spiritus,
3057 5253 3154 5308 sed
3200 5262 3364 5308 natu-

1775 5366 1796 5401 ι
1835 5346 1968 5405 ralis
1996 5346 2353 5404 subsistentia
2384 5345 2624 5418 Spiritus
2664 5356 2748 5404 est
2788 5347 3092 5419 processio.
3127 5365 3148 5400 ι

2366 5649 2792 5707 Animadversio.

1848 5745 2143 5812 gAudisne
2193 5745 2338 5804 etab
2395 5761 2482 5812 eo,
2540 5744 2635 5814 qui
2681 5743 2864 5801 Jir'na
2919 5739 3095 5813 gratia
3149 5750 3361 5810 motus,
