3882 6556
160 393 278 456 613
1217 410 1220 412 τ
1577 403 2053 486 ΕΡΙῧΙῖΛΡΗᾹζ.
3345 391 3453 457 614

158 510 262 564 τοῦ
304 511 465 569 1⁸ίοῦ
496 515 555 570 τὸ
581 516 804 588 Πνεῦμα
835 516 1299 588 πεμπόμενον,ὼς
1331 514 1384 584 ’ξ
1407 515 1572 569 αὐτοῦ
1597 517 1773 586 ὑπάρ-

1878 515 2038 579 mitti,
2083 513 2160 569 uti
2189 527 2256 569 ex
2292 514 2414 584 ipso
2443 512 2713 570 exsisteus
2744 510 2812 568 ab
2837 512 2952 582 ipso
2978 509 3234 565 mittitur.

159 619 263 668 χον
307 603 619 673 πέμπεται
649 607 779 677 παρ’
812 609 1002 664 αὐτοῦ.

941 967 1241 1084 ΤΟΥ
1296 966 1787 1083 ΑΥΤΟΥ
1860 968 2689 1081 ΕΠΙΓΡΑΦΑΙ

158 1188 276 1238 ΕΙΣ
325 1188 435 1242 TA
474 1189 630 1243 Il.\P'
687 1189 918 1244 ΑΥΤΟΥ
963 1187 2324 1314 ΣΥΝΕΙΛΕΓΜΕΝῒΓῖΣέΥΤῗιῙὲΕῇιᾶἶὲίῖοξητιὶ
2363 1189 2521 1242 ΠΕΡΙ
2573 1190 2710 1244 ΤΗΣ
2765 1189 3260 1246 ΕΚΠΟΡΕΥΣΕΩΣ
3316 1193 3454 1246 ΤΟΥ

1809 1445 1881 1459 —

1047 1596 1677 1716 EJUSDEM
1767 1595 2620 1712 EPIGRAPHfE

160 1820 370 1882 SIVE
423 1821 1119 1886 PRESCRIPTIONES
1178 1824 1260 1884 IN
1304 1821 1572 1896 DICTA,
1622 1821 1724 1884 AC
1782 1808 2283 1884 SENTENTIAS
2345 1824 2838 1890 SANCTORUM
2897 1829 3222 1890 PATRUM
3267 1829 3318 1889 A
3363 1829 3457 1890 SE

850 1902 1210 1964 COLLECT
1217 1903 1314 1964 AS
1349 1904 1454 1962 DE
1497 1901 2052 1998 PROCESSIONE
2089 1904 2346 1964 SPIRIT
2356 1904 2446 1966 US
2483 1906 2798 1969 SANC'I‘I.

779 2065 1127 2124 ΕΠΙΓΡΑΦΗ
1164 2064 1244 2123 A'.

252 2162 500 2232 Ῥήσεις
531 2161 782 2230 διάφοροι
808 2159 1100 2231 γραφικαὶ,
1135 2157 1479 2227 συλλεγεῖσαι
1530 2159 1610 2222 εἰς
1637 2157 1775 2213 ἀπό-

167 2255 351 2322 δειξιν
382 2254 487 2308 τοῦ
519 2247 662 2308 εἶναι
688 2251 754 2306 τὸ
772 2251 995 2321 Πνεῦμα
1017 2251 1117 2304 καὶ
1151 2252 1217 2304 ἐκ
1245 2251 1340 2304 τοῦ
1364 2249 1519 2315 Υίοῦ,
1558 2249 1678 2320 μεθ’
1706 2249 1774 2315 ἃς

166 2347 380 2416 ἕτεραι
421 2348 650 2432 χρήσεις
699 2342 1246 2432 καταστρωννύονται
1302 2344 1358 2396 ὲν
1412 2345 1478 2414 τῇ
1523 2342 1774 2415 παρούσῃ

172 2439 356 2509 βίϐλῳ
393 2430 478 2502 ei;
505 2436 778 2502 ἀπόδειξιν
835 2435 930 2489 τοῦ
954 2430 1124 2489 .εἷναι
1193 2435 1255 2488 τὸ
1286 2434 1508 2504 Πνεῦμα
1542 2435 1630 2488 διὰ
1676 2435 1773 2488 τοῦ

171 2530 311 2584 Υίοῦ
343 2531 425 2584 ἐκ
451 2527 548 2581 τοῦ
583 2527 818 2598 Πατρὸς,
849 2526 943 2580 καὶ
973 2525 1160 2597 ἐπειδὴ
1189 2527 1244 2580 oi
1272 2526 1372 2596 μὲν
1407 2529 1472 2578 ὲκ
1493 2524 1587 2578 τοῦ
1616 2523 1772 2590 Υἱοῦ,

173 2623 234 2677 αἱ
269 2622 333 2676 δὲ
373 2621 471 2674 διὰ
501 2621 595 2674 τοῦ
635 2616 767 2672 Υίοῦ
820 2615 1274 2672 ἀποδεικνύουσιν
1325 2610 1464 2671 εἶναι
1498 2615 1650 2678 αὐτὸ,
1694 2615 1776 2677 είς

173 2712 545 2784 παράστασιν
605 2709 704 2792 τοῦ
757 2711 1080 2780 ίσοδυνάμου
1133 2709 1234 2779 τῆς
1261 2708 1359 2762 διὰ
1397 2708 1488 2762 καὶ
1532 2706 1632 2776 τῆς
1681 2707 1771 2772 ἐκ,

175 2805 511 2868 ἀκολούθως
539 2801 818 2874 παρευθῦς
848 2801 1037 2872 ἕτεραι
1089 2799 1360 2868 γραφικαὶ
1415 2798 1638 2869 χρήσεις
1671 2814 1774 2849 κα·-

177 2895 692 2969 ταστρωννύονται,
738 2893 807 2949 δι’
836 2887 913 2949 ὧν
944 2894 1008 2946 τὸ
1035 2891 1142 2947 τῶν
1181 2889 1494 2962 προθέσεων
1530 2887 1776 2942 ίσοδύνα-

184 3007 288 3061 μον
318 2989 754 3045 ἀποδείκνυται.

567 3180 697 3234 Ὅτι
727 3177 835 3234 τοῦ
861 3176 1000 3232 Υίοῦ
1029 3175 1096 3230 τὸ
1126 3173 1394 3245 Πνεῦμα.

271 3298 336 3352 Ὁ
361 3298 589 3368 Νύσσης
623 3294 924 3367 Γρηγόριος
968 3297 1026 3346 ὲν
1047 3294 1115 3363 τῇ
1165 3291 1245 3355 είς
1270 3290 1333 3345 τὸ
1380 3289 1564 3361 Πάτερ
1612 3287 1775 3359 ἡμῶν

1806 2072 1856 2132 Β
2379 2068 2854 2126 ΡΠᾹΞΞΕΒΙΡΤΙΟ
2923 2069 2965 2125 l.

1947 2159 2108 2217 Varia
2138 2162 2464 2233 diversaque
2496 2163 2702 2234 scripto
2729 2163 2927 2218 tradita
2966 2147 3144 2228 uicta,
3177 2164 3428 2222 Patrum-

1875 2269 1981 2325 qtte
2012 2255 2296 2311 sententiae
2325 2257 2588 2322 collectae,
2623 2257 2824 2323 quibus
2860 2257 3290 2322 demonstratur.
3323 2257 3449 2330 Spi-

1874 2353 2041 2406 ritum
2085 2353 2249 2407 etiam
2273 2367 2340 2406 ex
2375 2351 2513 2405 Filio
2540 2367 2688 2407 esse.
2734 2351 3161 2422 Subsequuntur
3193 2367 3257 2406 ac
3294 2353 3448 2423 dige-

1874 2451 2071 2498 runtur
2122 2444 2177 2498 in
2209 2445 2396 2498 eodem
2465 2444 2605 2498 libro
2663 2444 2767 2498 alia
2815 2444 2980 2511 dicta,
3019 2444 3450 2516 enrumdemque

1875 2536 2180 2600 sententiae,
2233 2536 2434 2606 quibus
2484 2537 2894 2592 demonstratur
2935 2538 3198 2608 Spiritum
3228 2553 3356 2594 esse
3379 2555 3443 2593 ex

1878 2624 2032 2681 Patre
2074 2641 2169 2694 per
2215 2623 2435 2680 Filium.
2471 2625 2538 2680 Et
2581 2643 2705 2682 cum
2755 2627 2978 2682 illorum
3012 2644 3139 2698 pars
3172 2644 3238 2685 ex
3288 2629 3448 2694 Filio,

1873 2730 2000 2786 pars
2037 2732 2132 2786 per
2160 2715 2357 2770 Filium
2400 2715 2661 2786 Spiritum
2709 2734 2830 2774 esse
2877 2721 3237 2787 demonstret,
3274 2731 3456 2776 astru-

1879 2819 2048 2864 untur
2078 2810 2525 2880 praepositionum
2555 2826 2621 2865 ετ
2655 2821 2710 2865 et
2736 2828 2827 2880 per
2856 2813 2996 2866 vires
3030 2814 3292 2884 a-quales,
3343 2825 3455 2870 sta-

1878 2902 2085 2972 timque
2145 2903 2492 2972 postmodum
2530 2903 2900 2959 adnectuntur
2947 2905 3052 2959 alia
3109 2905 3451 2970 testimonia,

1875 2993 2076 3066 quibus
2129 2993 2441 3049 earumdem
2513 2986 2957 3066 praepositionum
3013 2995 3158 3051 \ires
3213 2996 3454 3068 aequales

1876 3086 2262 3142 ostenduntur.

2256 3177 2409 3242 Quod
2437 3188 2516 3234 est
2555 3194 2621 3234 ea:
2651 3177 2792 3234 Filio
2827 3177 3076 3248 Spiritus.
3120 3240 3127 3249 _

1947 3290 2243 3362 Gregorius
2273 3291 2553 3364 Nyssenus
2609 3292 2831 3347 bomilia
2861 3294 2932 3361 εἰη
2967 3292 3282 3350 Orationem
3339 3296 3444 3351 Do-

185 3392 381 3464 ὁμιλία
413 3391 603 3452 αὐτοῦ,
625 3385 692 3462 ἧς
724 3389 757 3458 ἡ
789 3386 934 3458 ἀρχὴ
972 3404 991 3439 ι
1044 3386 1103 3439 '0
1149 3384 1249 3456 τὴν
1304 3382 1464 3437 σκιὰν
1495 3383 1606 3436 τῶν
1639 3381 1770 3450 μελ-

1878 3383 2152 3449 minicam,
2180 3385 2340 3454 cujus
2370 3376 2499 3440 illud
2528 3385 2856 3456 principium
2907 3396 2991 3441 est
3027 3405 3040 3442 :
3083 3404 3102 3438 ι
3145 3386 3252 3469 Lex
3303 3386 3448 3443 futu-

187 3485 401 3538 λόντων
431 3481 705 3551 περιέχων
736 3481 922 3548 νόμος,
966 3496 984 3530 ι
1021 3476 1164 3531 οὕτω
1197 3475 1364 3547 φησίν
1389 3490 1406 3507 ⁸
1449 3493 1468 3526 ‹
1509 3473 1641 3530 Ὅτε
1665 3473 1774 3544 γὰρ

1879 3491 2066 3532 torum
2115 3476 2365 3532 umbram
2411 3476 2721 3542 continens,
2755 3495 2774 3529 ι
2813 3477 3009 3547 inquit.
3061 3495 3080 3529 ι
3117 3478 3252 3533 Cum
3305 3479 3449 3533 enim

189 3574 324 3639 Υίδς
351 3577 417 3627 ἐκ
445 3571 541 3624 τοῦ
575 3571 786 3640 Πατρδς
816 3569 1034 3640 ἐξῆλθε,
1062 3568 1248 3631 καθώς
1289 3583 1460 3638 φησιν
1488 3567 1522 3637 ἡ
1550 3565 1770 3638 Γραφὴν

189 3669 283 3720 καὶ
309 3669 376 3718 τὸ
407 3662 636 3733 Πνεῦμα
665 3663 730 3714 ὲκ
759 3661 856 3715 τοῦ
904 3661 1065 3725 Θεοῦ,
1097 3660 1192 3714 καὶ
1221 3661 1374 3728 παρὰ
1412 3657 1510 3712 τοῦ
1548 3658 1768 3728 Πατρὸς

191 3755 588 3827 ἐκπορεύεται·
623 3753 737 3808 ἀλλ’
760 3752 949 3823 ὥσπερ
976 3751 1036 3804 τὸ
1063 3751 1189 3805 ἄνευ
1217 3750 1398 3813 αἰτίας
1437 3744 1577 3802 εἶναι
1610 3749 1772 3820 μόνου

191 3848 283 3902 τοῦ
328 3847 545 3917 nam;
575 3846 658 3913 ὃν,
686 3845 766 3916 τῷ
798 3843 910 3914 Υἱῷ
940 3844 1033 3897 καὶ
1055 3842 1134 3911 τῷ
1185 3840 1364 3912 Πατρὶ
1416 3841 1771 3912 ὲφαρμοσθῆ-

192 3955 282 3992 ναι
308 3939 372 3992 ού
397 3938 648 4002 δύναται,
673 3936 814 3990 οὕτω
844 3935 938 3988 καὶ
965 3932 1200 4004 ἔμπαλιν
1229 3932 1289 3985 τὸ
1320 3931 1378 3997 ἐξ
1400 3931 1579 3997 αἰτίας
1605 3927 1770 3999 εἶναι,

193 4029 330 4100 ὅπερ
366 4029 500 4082 ῑδιόν
534 4030 652 4082 ἐστι
702 4027 798 4080 τοῦ
839 4024 968 4079 Υἱοῦ
1021 4025 1118 4079 καὶ
1166 4023 1261 4077 τοῦ
1319 4023 1658 4094 Πνεύματος,
1691 4025 1770 4095 τῷ

195 4123 376 4193 lla.sz
417 4119 864 4192 ὲπιθεωρηθῆναι
917 4117 1080 4187 φύσιν
1131 4117 1231 4173 αύκ
1282 4115 1416 4185 ἔχει.
1467 4115 1667 4168 Κοινοῦ
1714 4115 1771 4167 δὲ

194 4213 346 4277 ὄντος
373 4212 454 4283 τῷ
487 4213 602 4282 Υίῷ
632 4214 740 4274 καὶ
767 4210 845 4282 τῷ
896 4209 1180 4279 Πνεύματι
1232 4209 1294 4262 τὸ
1345 4208 1421 4279 μὴ
1457 4207 1771 4277 ἀγεννήτως

195 4303 356 4370 εἶναι,
393 4306 470 4367 ὡς
509 4304 576 4359 ἂν
611 4305 686 4375 μή
714 4320 798 4366 τις
826 4302 1089 4372 σύγχυσις
1118 4301 1248 4371 περὶ
1296 4300 1356 4353 τὸ
1406 4298 1770 4370 ὑποκείμενον

196 4396 530 4468 θεωρηθείη,
562 4396 727 4450 πάλιν
756 4395 906 4447 ἐστὶν
927 4394 1164 4464 ἄμικτον
1189 4391 1288 4462 τὴν
1317 4393 1374 4444 ὲν
1401 4392 1513 4454 τοῖς
1543 4389 1770 4460 ίδιώμσι⁸

196 4505 279 4541 σιν
310 4487 493 4542 αὐτῶν
519 4486 784 4559 διαφορὰν
814 4484 1080 4554 ἐξευρεῖν,
1123 4482 1198 4546 ὡς
1233 4480 1302 4534 ἂν
1351 4483 1446 4534 καὶ
1472 4481 1549 4532 ’τὸ
1590 4480 1769 4533 κοινὸν

195 4579 524 4651 φυλαχθείη,
555 4581 650 4632 καὶ
681 4577 742 4629 τὸ
771 4577 902 4630 ἴδιον
937 4577 1011 4646 μὴ
1044 4574 1368 4645 συγχυθείη.
1431 4573 1493 4626 '0
1525 4574 1634 4644 γὰρ
1669 4591 1767 4644 μοι·

196 4673 424 4741 νογενὴς
456 4671 582 4733 Υίὸς
614 4670 680 4721 ὲκ
705 4667 798 4720 τοῦ
831 4667 1048 4737 Πατρὸς
1105 4665 1254 4733 παρὰ
1289 4665 1388 4732 τῆς
1419 4665 1581 4733 ἁγίας
1615 4665 1770 4735 Γρα-

197 4764 305 4832 φῆς
337 4760 690 4831 ὀνομάζεται,
721 4759 816 4812 καὶ
847 4759 1010 4827 μέχρι
1057 4756 1247 4809 τούτου
1281 4758 1310 4810 ὁ
1364 4755 1520 4826 λόγος
1553 4757 1768 4828 ἵστησιν

200 4853 356 4924 αῦτῷ
391 4853 452 4906 τὸ
481 4851 702 4920 ἰδίωμα.
736 4849 808 4902 Τὸ
861 4849 918 4901 δὲ
966 4847 1120 4916 ἆγιον
1176 4846 1400 4917 Πνεῦμα
1439 4848 1533 4901 καὶ
1559 4849 1625 4902 ἐκ
1675 4848 1768 4903 τοῦ

199 4944 415 5014 Πατρδς
446 4943 692 5010 λέγεται,
727 4942 820 4994 καὶ
851 4942 916 4992 ἐκ
943 4938 1036 4992 τοῦ
1073 4938 1201 4990 Υίοῦ
1225 4933 1365 4990 εἶναι
1406 4955 1766 5010 προσμαρτυ‹

201 5037 398 5106 ρεῐται.
440 5035 504 5087 Εἰ
528 5035 637 5104 γάρ
665 5051 746 5096 τις
772 5030 995 5100 Πνεῦμα
1021 5027 1261 5100 Χριστοῦ
1288 5029 1390 5082 οὐκ
1415 5028 1551 5099 ἔχει,
1576 5029 1764 5099 φησὶν,

197 5123 348 5190 οὗτος
381 5128 483 5179 οὐκ
507 5125 655 5178 ἐστιν
691 5123 878 5181 αὑτοῦ.
923 5122 1134 5177 Οὐκοῦν
1189 5121 1252 5174 τὸ
1301 5121 1403 5190 μὲν
1448 5120 1668 5190 Πνεῦμα
1703 5122 1766 5175 τὸ

199 5220 261 5272 ὲκ
282 5219 379 5272 τοῦ
396 5218 530 5271 Θεοῦ
557 5195 766 5270 καὶτοῦ
791 5212 1028 5286 Χριστοῦ
1057 5210 1282 5282 Πνεῦμὰ
1306 5211 1587 5278 ἑστιν,ὀδὲ
1613 5211 1759 5277 Υἱὸς,

1871 3551 2044 3623 Filius
2080 3583 2149 3625 ex
2175 3567 2336 3624 Patre
2371 3569 2563 3633 exivit,
2597 3578 2658 3624 ut
2686 3569 2968 3640 Scriptura
3005 3571 3190 3637 tradit,
3222 3581 3276 3625 et
3325 3571 3450 3640 Spi-

1871 3660 2013 3716 ritus
2035 3676 2104 3716 ex
2128 3660 2238 3716 Deo
2268 3668 2322 3716 et
2353 3660 2510 3716 Patre
2537 3661 2780 3731 procedit
2812 3679 2828 3717 :
2855 3662 2947 3716 sed
2976 3661 3444 3731 quemadmodum

1871 3752 2079 3823 absque
2119 3766 2284 3808 causa
2311 3767 2432 3807 esse
2485 3751 2656 3808 solius
2706 3749 2889 3808 Patris
2931 3761 3036 3818 est,
3067 3753 3211 3822 quod
3272 3766 3454 3820 neque

1869 3845 2030 3910 Filio,
2088 3861 2263 3916 neque
2320 3845 2548 3916 Spiritui
2609 3845 2856 3917 adoptari
2945 3855 3142 3917 potest,
3194 3847 3276 3901 sic
3327 3847 3447 3900 vice

1870 3954 2024 3994 versa
2048 3955 2110 3994 ex
2137 3955 2303 3994 causa
2335 3953 2480 4003 esse,
2555 3939 2702 4009 quod
2762 3948 2847 3994 est
2873 3925 3156 4009 prOprium
3235 3937 3358 3991 Filii
3394 3948 3454 3992 et

1873 4031 2133 4099 Spiritus,
2187 4029 2255 4084 de
2287 4029 2446 4085 Patre
2477 4030 2728 4101 intelligi,
2774 4031 3013 4085 alienum
3043 4045 3075 4084 a
3107 4040 3303 4084 natura
3340 4040 3446 4084 est.

1870 4115 2007 4178 Cum
2033 4135 2161 4176 vero
2187 4121 2326 4176 Filio
2358 4130 2411 4176 et
2444 4121 2675 4192 Spiritui
2711 4137 3008 4178 commune
3031 4123 3127 4184 sit.
3162 4123 3442 4192 ingenito:

1873 4227 1981 4266 non
2015 4226 2160 4276 esse,
2201 4227 2266 4266 ne
2305 4211 2560 4268 confusio
2586 4213 2734 4269 circa
2761 4214 3073 4282 subjectum
3128 4213 3446 4268 introduca-

1871 4307 1984 4366 tur,
2012 4317 2206 4358 rursus
2231 4311 2416 4372 potest
2454 4303 2697 4360 immista
2718 4305 2772 4358 in
2801 4318 2990 4359 eorum
3014 4303 3451 4374 proprietatibus

1869 4387 2172 4444 diﬂerentia
2215 4390 2465 4461 reperiri,
2503 4399 2562 4446 ut
2594 4403 2650 4447 et
2719 4407 3014 4446 commune
3071 4402 3452 4458 conservetur,

1870 4490 1925 4536 et
1955 4483 2232 4550 proprium
2264 4498 2372 4539 non
2419 4482 2810 4540 contundatur.
2849 4482 3098 4553 Namque
3134 4485 3451 4553 unigenitus

1869 4569 2040 4626 Filius
2064 4585 2130 4626 ex
2167 4571 2326 4626 Patre
2351 4587 2448 4643 per
2463 4572 2798 4642 Scripturam
2839 4587 3050 4628 sacram
3079 4573 3300 4637 dicitur,
3341 4589 3447 4627 nec

1871 4663 2012 4718 ultra
2045 4665 2147 4718 hoc
2176 4663 2325 4719 illius
2363 4664 2756 4734 proprietatem
2783 4664 2958 4718 oratio
2992 4663 3259 4718 extendit.
3314 4662 3442 4732 Spi-

1873 4754 2011 4809 ritus
2039 4768 2169 4810 vero
2213 4762 2442 4808 sanctus
2463 4761 2517 4807 et
2539 4770 2606 4808 ex
2653 4753 2812 4808 Patre
2861 4753 3084 4814 dicitur,
3116 4761 3169 4806 et
3209 4768 3273 4806 ex
3308 4752 3455 4807 Filio

1873 4860 1996 4900 esse
2016 4846 2306 4900 astruitur.
2347 4844 2402 4899 Si
2440 4846 2562 4916 quis
2593 4845 2737 4900 enim
2784 4843 3050 4914 Spiritum
3101 4843 3303 4898 Christi
3337 4860 3447 4897 non

1873 4937 2058 5004 habet,
2094 4937 2294 5007 inquit,
2329 4937 2417 4994 liic
2471 4952 2577 4993 non
2611 4949 2696 4993 est
2742 4937 2911 4992 illius.
2969 4937 3157 5007 Itaque
3204 4936 3445 5006 Spiritus

1868 5029 1963 5100 qui
1990 5044 2057 5084 ex
2084 5027 2194 5084 Deo
2225 5038 2331 5096 est,
2384 5038 2436 5085 et
2467 5030 2669 5085 Christi
2703 5030 2942 5099 Spiritus
2991 5038 3076 5085 est
3107 5047 3123 5089 :
3154 5028 3327 5084 Filius
3351 5029 3446 5097 qui

1867 5136 1934 5176 ex
1960 5119 2070 5176 Deo
2099 5130 2202 5185 est,
2255 5120 2488 5191 Spiritus
2517 5137 2694 5192 neque
2727 5131 2832 5188 est,
2865 5137 3044 5194 neque
3065 5123 3285 5189 dicitur,
3340 5137 3441 5175 ne-

1865 5229 1973 5285 que
2012 5215 2348 5270 convertitur
2369 5215 2596 5270 relativa
2629 5217 2736 5271 ista
2768 5217 3008 5286 sequela.
3055 5233 3078 5267 ›

198 5317 260 5368 ἐκ
285 5313 377 5366 τοῦ
409 5311 546 5365 Θεοῦ
579 5309 874 5377 ὣν,ούκέτι
905 5305 1116 5362 καὶτοῦ
1140 5305 1460 5378 Πνεύματος
1494 5303 1620 5358 οὔτε
1663 5306 1834 5374 ἐστὶν,
1860 5304 1983 5360 οῦτε
2015 5306 2256 5376 λέγεται,
2293 5307 2414 5362 οὐδὲ
2444 5307 2792 5378 ἀντιστρέφει
2824 5310 2858 5380 ἡ
2888 5309 3114 5382 σχετικὴ
3151 5305 3449 5368 ἀκολουθία

199 5406 355 5460 αῦτη.
401 5422 420 5456 ι

275 5427 544 5566 εἱέγας
574 5492 853 5554 Βασίλειος
885 5491 944 5545 ὲν
971 5488 1050 5559 τῷ
1071 5488 1242 5560 τρίτῳ
1271 5485 1381 5541 τῶν
1417 5484 1556 5558 πρὸς
1594 5465 1736 5540 Εῦνό

203 5607 322 5660 μιον
357 5586 793 5660 ἁντιρῤητικῶν,
826 5579 888 5639 οῦ
917 5585 952 5654 ἡ
979 5582 1148 5653 ἁρχὴ,
1186 5599 1204 5632 ι
1240 5579 1410 5641 Μόλις
1439 5579 1572 5632 ποτὲ
1603 5584 1763 5650 κορεὲ

202 5685 345 5746 σθεὶς
373 5682 485 5736 τῶν
525 5681 605 5742 είς
629 5678 719 5752 τὸν
751 5674 1034 5744 Μονογενῆ
1062 5670 1448 5743 βλασφημιῶν,
1490 5689 1508 5724 i
1547 5670 1710 5739 φησίν
1738 5683 1755 5702 ·

207 5796 223 5827 ι
265 5777 361 5838 Τίς
393 5775 502 5846 γὰρ
535 5773 774 5840 ἀνάγκη,
827 5771 874 5822 εί
927 5767 1004 5837 τῷ
1042 5765 1322 5835 ἀξιώματι
1377 5763 1472 5816 καὶ
1514 5764 1579 5833 τῇ
1613 5761 1766 5825 τάξει

202 5869 377 5941 τρίτον
415 5867 648 5936 ὑπάρχει
699 5864 760 5916 τὸ
797 5859 1044 5930 Πνεῦμα,
1094 5857 1280 5928 τρίτον
1315 5852 1456 5909 εἶναι
1509 5854 1642 5908 αὐτὸ
1673 5855 1766 5907 καὶ

1945 5486 2171 5559 Magnus
2216 5487 2452 5546 Basilius
2499 5490 2553 5544 in
2587 5489 2746 5546 tertio
2787 5489 2843 5544 in
2885 5488 3212 5544 Eunomium
3272 5491 3448 5546 antir~

1871 5578 2106 5647 rhetico,
2134 5581 2294 5650 cujus
2347 5582 2700 5652 principium,
2743 5580 2877 5636 (Vix
2931 5581 3146 5637 tandem
3182 5581 3438 5652 blasphe-

1872 5669 1998 5724 miis
2029 5671 2083 5723 in
2138 5667 2485 5741 Uuigenitum
2530 5683 2830 5737 saturnius,
2872 5689 2893 5721 ι
2928 5673 3052 5726 ait:
3096 5690 3114 5722 ι
3149 5671 3259 5726 Cur
3299 5674 3448 5726 enim

1874 5776 2094 5817 necesse
2130 5772 2233 5826 est,
2257 5762 2302 5818 si
2334 5763 2622 5832 dignitate,
2653 5772 2709 5817 et
2737 5763 2931 5817 ordine
2973 5763 3166 5818 tertius
3185 5773 3268 5818 est
3317 5764 3446 5834 Spi-

1875 5855 2032 5921 ritus,
2071 5865 2265 5910 natura
2294 5871 2511 5927 quoque
2544 5856 2721 5926 ipsum
2751 5855 2974 5910 tertium
3020 5872 3142 5912 esse
3179 5858 3203 5911 ?
3258 5855 3450 5929 Digni-
