3788 6620
420 411 525 473 625

1453 405 1662 468 JOAN.
1707 401 1925 467 VECCI
1969 400 2079 462 CP.
2118 395 2632 466 PATRIARCHAE
3536 399 3622 466 016

417 543 529 592 tate
553 536 808 606 namque]
855 533 1034 605 ipsum
1077 529 1379 589 secundum
1443 541 1567 583 esse
1597 541 1628 580 a
1672 524 1834 590 Filio,
1873 537 1999 579 cum

2120 522 2172 592 τῇ
2205 519 2404 589 φύσεις
2451 514 2754 586 Ἀξιὼματι
2782 511 2883 584 μὲν
2906 509 3014 582 γὰρ
3039 508 3368 581 δευτερεύειν
3394 510 3477 566 τοῦ
3498 513 3621 583 Υίοῦ,

418 631 487 684 ab
519 630 640 699 ipso
692 628 908 693 haheat,
959 623 1106 696 quod
1165 621 1256 688 sit,
1289 629 1344 677 et
1388 620 1457 676 ab
1493 621 1614 690 ipso
1655 617 1910 687 accipiat,
1941 625 1998 670 et

419 721 579 778 nobis
610 720 917 785 annuntiet,
952 727 1005 774 et
1034 732 1263 789 prorsus
1292 715 1362 770 ab
1397 714 1489 770 illa
1520 727 1687 768 causa
1731 710 1993 782 pendeat,

427 814 652 883 pictatis
680 829 859 869 sermo
884 813 1066 868 tradit.
1096 809 1300 866 Natura
1331 824 1462 865 vero
1483 806 1644 862 tertia
1677 806 1778 872 uti,
1835 818 1938 859 nec
1965 818 1996 858 a

423 905 622 960 divinis
677 905 974 976 Scripturis
1026 903 1344 968 didicimus,
1395 916 1496 956 nec
1533 916 1600 956 ex
1629 898 2000 956 antecedenti-

423 997 528 1052 bus
564 997 677 1053 ﬁeri
727 1005 929 1068 potest,
970 1003 1030 1052 ut
1093 995 1408 1066 colligatur.
1450 991 1585 1047 Nam
1647 989 2002 1062 quemadmo-

421 1089 550 1143 dum
584 1087 755 1144 Filius
785 1089 976 1144 ordine
1007 1087 1228 1159 quidem
1274 1104 1302 1140 a
1333 1087 1496 1142 Patre
1557 1083 1834 1140 secundus
1891 1091 1998 1148 est,

422 1179 683 1250 quoniam
719 1181 788 1235 ab
819 1180 910 1235 illo
946 1189 1050 1246 est,
1081 1189 1134 1234 et
1169 1179 1432 1258 dignitate
1467 1176 1729 1248 quoniam
1769 1177 1927 1248 origo
1947 1168 2002 1230 et

401 1285 588 1337 causa
639 1272 856 1335 essendi
886 1271 1048 1326 Pater
1072 1271 1174 1340 ipsi
1200 1281 1308 1336 est,
1326 1279 1378 1324 et
1398 1269 1662 1341 quoniam
1696 1285 1793 1340 per
1817 1269 1998 1340 ipsum

423 1377 682 1418 accessus
739 1373 792 1418 et
842 1364 1103 1419 adductio
1157 1365 1225 1418 ad
1271 1363 1441 1418 Deum
1499 1361 1744 1427 Patrem,
1804 1373 2002 1418 natura

421 1471 552 1510 vero
593 1456 739 1511 nullo
793 1456 957 1511 modo
988 1456 1266 1511 secundus
1309 1472 1324 1510 :
1361 1455 1623 1525 quoniam
1682 1457 1739 1510 in
1769 1464 2004 1526 utroque

424 1565 533 1604 una
563 1540 885 1616 est'deitas;
917 1549 988 1602 ita
1017 1548 1266 1604 videlicet
1303 1555 1356 1604 et
1386 1547 1625 1619 Spiritus
1659 1555 1886 1604 sanctus
1917 1555 2004 1602 et-

428 1643 483 1698 si
522 1642 786 1713 dignitate
830 1652 882 1696 et
937 1642 1131 1696 ordine
1184 1639 1684 1696 secundusaFilio
1735 1649 1840 1705 est,
1892 1655 2002 1694 non

427 1745 609 1790 tamen
647 1734 1018 1790 verisimiliter
1054 1733 1244 1789 alienae
1266 1733 1444 1804 ipsum
1473 1749 1595 1791 esse
1634 1745 1845 1790 naturae
1881 1734 2006 1789 inde

425 1835 817 1896 consequetur.
853 1844 870 1876 ι

495 1916 791 1988 Gregorius
832 1916 1113 1989 Nyssenus
1138 1917 1316 1988 primo
1360 1918 1627 1974 adversus
1671 1915 2000 1972 Eunomium

424 2009 817 2074 Antirrhetico,
845 2010 1005 2080 cujus
1032 2010 1365 2081 principium
1389 2019 1497 2074 est,
1537 2027 1558 2061 ι
1601 2008 1771 2077 Fieri,
1808 2020 1864 2064 ut
1920 2009 2007 2063 vi-

425 2101 605 2167 detur,
626 2115 732 2156 non
756 2110 958 2170 potest,
986 2109 1043 2156 ut
1067 2103 1193 2172 quis
1219 2103 1286 2157 de
1311 2101 1568 2158 omnibus
1591 2101 1728 2156 bene
1745 2099 1945 2155 mereri
1982 2118 2002 2153 ι

423 2206 592 2261 prope
647 2191 804 2246 tinem
836 2192 950 2248 hrec
980 2194 1140 2249 ba‘bet
1175 2210 1189 2248 :
1229 2213 1248 2247 ι
1308 2193 1369 2250 Si
1409 2193 1760 2263 temporalem
1815 2208 2009 2262 quatu-

317 2335 320 2337 Α
425 2281 548 2334 dam
579 2279 1041 2350 intercapedinem
1075 2282 1376 2354 hypostasi,
1409 2297 1506 2338 seu
1530 2282 1852 2338 substantia:
1884 2282 2008 2338 Filii

423 2381 800 2442 anteponeret,
856 2374 949 2443 qui
1001 2374 1221 2430 Patrem
1278 2375 1394 2430 sola
1462 2375 1718 2446 principii
1796 2379 2011 2430 ratione

423 2461 580 2532 prius
612 2459 753 2517 Filio
798 2463 1060 2534 concipit,
1110 2462 1237 2535 jure
1266 2464 1482 2520 censeri
1525 2472 1712 2536 posset
1757 2464 2010 2520 doctrina

425 2555 492 2607 de
524 2552 645 2608 Filii
682 2556 991 2611 aeternitate
1022 2557 1075 2610 in
1112 2556 1415 2626 periculum
1443 2557 1653 2613 vocari.
1685 2576 1704 2609 ι
1737 2555 1803 2612 Et
1819 2558 2010 2627 paucis

426 2644 778 2716 interjectls:
841 2665 861 2699 ι
895 2646 1368 2714 Quemadmodum
1424 2651 1574 2705 enim
1616 2647 1766 2705 Patri
1838 2647 2010 2706 Filius

428 2737 805 2808 conjungitur,
835 2749 891 2794 et
925 2755 1051 2794 cum
1087 2741 1153 2796 ex'
1209 2739 1304 2796 illo
1354 2740 1620 2811 originem
1681 2741 1871 2803 ducat,
1905 2755 2008 2794 ex-

427 2827 674 2884 sistentia
706 2839 888 2886 tamen
923 2832 1198 2901 posterior
1251 2847 1360 2888 non
1394 2843 1476 2889 est
1510 2847 1527 2885 :
1555 2832 1635 2888 sic
1665 2833 1830 2887 etiam
1877 2829 2004 2900 Spi-

429 2918 569 2973 ritus
596 2929 821 2976 sanctus
854 2923 920 2976 ad
946 2921 1146 2977 Filium
1177 2937 1238 2978 se
1271 2922 1457 2989 habet,
1516 2921 1830 2992 cognitione
1885 2921 2004 2975 sola

427 3009 730 3066 secundum
762 3027 942 3068 causae
975 3013 1238 3069 rationem
1269 3011 1310 3068 Ε
1316 3013 1444 3071 ilius
1480 3014 1657 3085 prius,
1687 3025 1858 3086 quam
1879 3009 2004 3084 Spi-

427 3103 566 3157 ritus
597 3105 774 3159 sancti
816 3106 1125 3177 hypostasis
1153 3108 1480 3178 concipitur.
1523 3125 1542 3160 ι

2104 617 2235 685 παρ’
2273 609 2440 666 αὐτοῦ
2469 609 2529 664 τὸ
2554 604 2698 662 εἶναι
2729 606 2875 677 ἕχον,
2907 604 3001 658 καὶ
3025 601 3159 672 παρ’
3182 601 3340 655 αὐτοῦ
3362 600 3620 672 λαμϐάνον,

2100 705 2196 758 καὶ
2223 700 2553 772 ἀναγγέλλον
2603 698 2762 768 ἡμῖν,
2806 696 2901 749 καὶ
2929 693 3065 755 ὅλως
3110 690 3321 761 ἐκείνης
3361 690 3451 761 τῆς
3480 693 3624 753 αἰτίας

2100 795 2434 868 ἐξημμένον,
2491 788 2922 863 παραδίδωσινό
2977 785 3080 856 τῆς
3141 781 3416 848 εὐσεϐείας
3465 785 3622 852 λόγοςο

2103 889 2264 959 φύσει
2298 887 2355 940 δὲ
2384 885 2546 958 τρίτῃ
2578 883 2818 955 χρῆσθαι
2855 881 2980 935 οὐτε
3013 878 3168 950 παρὰ
3192 876 3302 930 τῶν
3334 876 3490 945 ἁγίων
3513 878 3625 932 δεδιο

2102 978 2356 1047 δάγμεθα
2385 978 2642 1049 Γραφῶν,
2677 973 2799 1028 οὐτε
2839 976 2902 1027 ἐκ
2936 972 3046 1026 τῶν
3092 969 3397 1042 εἰρημένων
3423 969 3550 1024 κατὰ
3580 972 3627 1024 τδ

2103 1069 2401 1127 ἀκόλουθον
2426 1069 2655 1122 δυνατὸν
2699 1063 3137 1135 συλλογίζεσθαι.
3179 1061 3269 1124 Ὠς
3314 1061 3418 1130 γὰρ
3455 1063 3480 1114 6
3511 1061 3624 1127 Υἱὸς,

2103 1163 2252 1228 τάξει
2285 1164 2382 1233 μὲν
2409 1161 2668 1233 δεύτερος
2695 1158 2792 1213 τοῦ
2819 1156 3056 1230 Πατρὸς,
3087 1158 3169 1210 ὅτι
3201 1155 3530 1220 ἀπ’ἐκείνου,
3554 1158 3627 1208 καὶ

2111 1255 2411 1326 ἀξιώματι,
2447 1255 2527 1308 ὄτι
2555 1252 2698 1324 ἁρχὴ
2728 1253 2822 1306 καὶ
2849 1249 2999 1304 αἰτία
3046 1246 3124 1320 τῷ
3151 1244 3288 1300 εἶναι
3320 1245 3522 1315 Πατέρα
3552 1247 3625 1300 αὐ-

2104 1347 2220 1408 τοῦ,
2249 1348 2342 1399 καὶ
2378 1346 2461 1400 ὃτι
2489 1343 2555 1397 δι’
2603 1342 2769 1398 αὐτοῦ
2800 1343 2832 1414 ἡ
2873 1340 3135 1413 πρόσοδος
3192 1337 3287 1392 καὶ
3337 1341 3625 1409 προσαγωγὴ

2105 1439 2246 1508 πρὸς
2266 1438 2360 1492 τὸν
2385 1436 2516 1490 Θεὸν
2538 1437 2631 1490 καὶ
2659 1435 2902 1506 Πατέρα,
2933 1433 3096 1504 φύσει
3124 1430 3181 1484 δέ
3204 1431 3382 1483 οὐκέτι
3401 1428 3627 1499 δεύτερος,

2106 1529 2308 1598 διότι,ὴ
2341 1529 2533 1600 θεότης
2574 1527 2632 1580 ἐν
2662 1527 2910 1596 ἐκατέρῳ
2965 1525 3095 1594 μίαο
3141 1522 3286 1575 οῦτω
3316 1520 3630 1591 δηλονότικαί

2104 1623 2165 1676 τὸ
2198 1619 2423 1690 Πνεῦμα
2455 1620 2516 1673 τὸ
2539 1618 2720 1688 ἅγιον,
2761 1619 2809 1671 εἰ
2862 1619 2959 1670 καὶ
2987 1613 3302 1684 ὐποόέϐηκε
3331 1612 3420 1666 τὸν
3446 1612 3555 1666 Υἱδν
3579 1616 3630 1682 τῇ

2105 1715 2258 1779 τάξει
2286 1712 2490 1782 καὶτῷ
2514 1711 2814 1782 ἀξιώματι,
2851 1708 3032 1764 οὐκέτ’
3061 1707 3127 1762 ἂν
3161 1707 3386 1770 εἰκότως
3416 1705 3483 1768 ὡς
3507 1705 3632 1758 ἁλλο-

2106 1801 2267 1873 τρίας
2299 1801 2547 1871 ὑπάρχον
2579 1801 2821 1868 φύσεως.
2854 1818 2874 1852 ι

2191 1895 2250 1946 '0
2284 1893 2506 1964 Νύσσης
2552 1893 2855 1964 Γρηγόριος
2920 1893 2980 1947 ἐν
3032 1891 3112 1962 τῷ
3142 1889 3346 1963 πρώτῳ
3395 1893 3494 1948 τῶν
3529 1895 3634 1965 πρὸς

2109 1987 2374 2057 Εὐνόμιον
2408 1983 2838 2057 ἁντιρῤητικῶν,
2895 1977 2959 2038 οῦ
3009 1985 3043 2056 ἡ
3077 1982 3247 2055 ἀρχὴ,
3281 2002 3299 2036 ι
3338 1984 3447 2038 Οὐκ
3475 1979 3552 2057 ἦν,
3579 1987 3636 2051 ὡς

2109 2077 2279 2146 ἔοικε,
2314 2077 2374 2131 τὸ
2399 2077 2607 2139 πάντας
2646 2075 2855 2130 ἐθέλειν
2917 2076 3254 2146 εὐεργετεῖν,
3293 2095 3312 2129 ι
3355 2079 3507 2148 φησὶν
3526 2078 3636 2134 οὕτω

2109 2171 2240 2242 περὶ
2270 2169 2331 2223 τὸ
2360 2171 2511 2232 τέλος
2528 2183 2576 2221 ἰ
2615 2169 2674 2222 Εί
2703 2170 2802 2240 μέν
2821 2185 2941 2222 τινα
2961 2169 3222 2241 χρονικὴν
3250 2168 3478 2239 ἔμφασιν
3502 2172 3638 2244 ὐπερο

2111 2267 2262 2339 ετίθη
2318 2266 2415 2336 τῆς
2467 2264 2562 2318 τοῦ
2606 2263 2947 2333 Μονογενοῦς
2994 2266 3350 2330 ὑποστάσεως
3387 2269 3414 2320 6
3439 2267 3520 2320 τὸν
3551 2268 3635 2321 ﬂa-

2107 2359 2244 2430 τέρα
2269 2357 2364 2413 τοῦ
2389 2357 2522 2411 Υίοῦ
2555 2357 2700 2429 μόνῳ
2730 2355 2808 2428 τῷ
2829 2357 2928 2427 τῆς
2951 2357 3134 2423 αἰτίας
3159 2357 3307 2427 λόγῳ
3329 2358 3636 2430 προθεωρῶν,

2109 2453 2340 2517 εἰκότως
2370 2453 2437 2506 ἂν
2463 2454 2491 2506 6
2530 2453 2632 2522 τῆς
2671 2452 2973 2524 ἀῖδιότητσς
3012 2454 3146 2525 ἡμῖν
3171 2453 3411 2524 περὶτοῦ
3439 2454 3550 2510 Υἰοῦ
3575 2455 3640 2508 M-

2109 2563 2206 2614 γος
2240 2544 2634 2600 ἐκινδυνεύετο.
2687 2563 2707 2598 ι
2755 2547 2866 2600 Καὶ
2913 2547 3058 2617 μετά
3104 2563 3252 2615 τινα,
3291 2547 3548 2618 προειπὼν
3572 2547 3640 2600 τὸν

2110 2639 2334 2707 Πατέρα
2355 2709 2357 2711 ι
2376 2637 2471 2692 τοῦ
2506 2637 2636 2692 Υἰοῦ
2664 2639 2812 2709 μόνῳ
2830 2639 2908 2709 τῷ
2931 2639 3032 2710 τῆς
3060 2640 3240 2704 αἰτίας
3272 2639 3410 2711 λόγῳ
3439 2639 3641 2711 προθεω-
3713 2663 3715 2665 ί

2133 2731 2368 2803 ρεϊσθαι,
2404 2731 2782 2802 προστίθησινο
2827 2749 2848 2785 ι
2900 2732 2962 2786 '0
2999 2733 3056 2788 δὲ
3081 2732 3250 2797 αὐτὸς
3272 2734 3402 2804 ἡμῖν
3426 2735 3509 2787 καὶ
3534 2737 3633 2806 περὶ

2114 2825 2208 2877 τοῦ
2245 2821 2564 2893 Πνεύματος
2590 2823 2771 2892 λόγος,
2805 2825 2862 2877 ἐν
2895 2824 3029 2897 μόνῃ
3061 2827 3130 2896 τῇ
3187 2825 3340 2892 τάξει
3369 2823 3461 2894 τὴν
3486 2823 3638 2895 Stupo-

2117 2917 2218 2990 ραν
2249 2917 2391 2986 ἕχον.
2436 2917 2524 2982 Ὠς
2550 2917 2660 2988 γὰρ
2692 2919 3026 2974 συνάπτεται
3052 2918 3128 2988 τῷ
3154 2918 3335 2988 Πατρί
3363 2918 3391 2969 6
3411 2917 3542 2983 Υἱὸς,
3570 2918 3641 2970 καί

2112 3012 2176 3066 τὸ
2223 3008 2284 3076 ἐξ
2311 3009 2477 3064 αὐτοῦ
2521 3005 2676 3063 εἶναι
2710 3010 2872 3082 ἔχων,
2931 3011 3030 3082 οὐχ
3070 3011 3350 3083 ὑστερίζει
3395 3010 3522 3065 κατὰ
3567 3009 3643 3082 τὴν

2117 3101 2375 3175 ὕπαρξιν,
2407 3099 2552 3156 οὕτω
2582 3101 2748 3158 πάλιν
2781 3105 2875 3156 καὶ
2902 3101 3000 3156 τοῦ
3039 3098 3386 3173 Μονογενοῦς
3416 3103 3577 3173 ἔχεται
3597 3101 3642 3154 τὸ

427 3195 656 3264 Πνεῦμα
684 3197 746 3250 τὸ
777 3196 958 3266 ἅγιον,
983 3199 1199 3271 ἐπινοίᾳ
1233 3200 1370 3272 μόνῃ
1408 3199 1553 3254 κατὰ
1576 3198 1668 3254 τὸν
1691 3198 1792 3269 τῆς
1819 3196 2000 3262 αἰτίας
2044 3195 2204 3267 λόγον
2265 3194 2762 3267 προθεωρουμένου
2832 3197 2936 3267 τῆς
2963 3194 3060 3249 τοῦ
3093 3195 3416 3266 ῐΙνεύματος
3441 3193 3639 3248 ὐποστά·

429 3303 590 3350 σεως.
611 3289 676 3341 Αἰ
703 3287 759 3341 δὲ
789 3290 1045 3361 χρονικαί
1071 3292 1412 3363 παρατάσεις
1433 3293 1620 3364 χώραν
1647 3293 1749 3346 οὐκ
1814 3292 2036 3363 ἔχουσιν
2077 3290 2172 3343 ἐπὶ
2200 3289 2300 3362 τῆς
2361 3288 2694 3360 προαιωνίου
2752 3288 2898 3359 ζωῆς
2928 3301 2945 3316 ⁸

2985 3287 3128 3342 ὥστε
3161 3289 3263 3342 τοῦ
3295 3287 3450 3357 λόγου
3470 3286 3554 3358 τῆς
3581 3291 3644 3342 αι’

427 3379 1024 3452 τίαςύπεξῃρημένου,
1072 3384 1130 3436 ἐν
1177 3383 1370 3456 μηδενὶ
1415 3384 1519 3456 τὴν
1563 3383 1728 3453 ἁγίαν
1793 3383 2006 3453 Τριάδα
2047 3383 2186 3456 πρὸς
2217 3382 2421 3452 ἐαυτὴν
2446 3380 2796 3452 ἀσυμφώνως
2830 3380 2998 3452 ἔχειν.
3048 3399 3068 3432 ι

499 3477 556 3532 In
611 3479 748 3534 actis
782 3477 1016 3536 Nicaeum
1060 3483 1251 3551 prima:
1289 3481 1508 3553 synodi,
1569 3483 1773 3552 quibus
1827 3481 2085 3546 Patresc

429 3570 758 3641 Philosophe
786 3587 883 3643 per
913 3571 1201 3630 Leontium
1243 3578 1560 3646 episcopum
1586 3575 2008 3645 responderunt,

427 3663 585 3732 cujus
606 3665 855 3734 responsi
884 3666 1208 3737 principium
1238 3676 1321 3723 est
1349 3685 1363 3723 :
1416 3686 1436 3720 ι
1479 3666 1608 3722 Illud
1639 3668 1801 3722 etiam
1836 3667 2013 3723 amice

429 3755 780 3828 Philosophe,
802 3758 1263 3815 considerandum
1293 3769 1395 3826 est,
1420 3779 1438 3812 ι
1468 3759 1768 3830 reperitur:
1793 3778 1812 3812 ι
1839 3759 2011 3829 Spiri-

311 3844 316 3849 ’
430 3857 515 3904 tus
545 3859 772 3905 sanctus
799 3851 1102 3920 procedens
1156 3851 1374 3923 quidem
1409 3866 1478 3906 ex
1531 3850 1714 3918 Patre,
1754 3851 2011 3922 proprius

431 3955 557 3996 vero
589 3939 734 4008 Filii,
765 3951 902 3998 etex
948 3943 1068 4014 ipso
1108 3944 1387 4000 exsiliens.
1421 3961 1440 3996 ι

501 4033 737 4090 Sanctus
789 4033 1026 4107 Cyrillus
1069 4036 1323 4092 aratione
1342 4037 1410 4092 ad
1460 4035 1792 4103 Nestorium,
1849 4036 2012 4106 cujus

431 4125 780 4196 principium,
842 4145 862 4179 ι
925 4126 1203 4182 Salvatore
1271 4140 1461 4190 nostro
1509 4128 1686 4199 palam
1739 4127 2009 4194 ediccnte,

434 4231 454 4265 ι
491 4214 597 4283 Qui
620 4225 766 4271 amat
788 4225 994 4287 patrem
1023 4227 1077 4274 et
1101 4227 1328 4273 matrem
1352 4235 1516 4290 super
1546 4235 1653 4286 me,
1693 4234 1802 4275 non
1826 4228 1910 4275 est
1924 4234 2012 4276 me

430 4305 626 4375 dignus
658 4310 698 4374 ι,
733 4325 752 4359 ι
781 4309 950 4379 inquit
976 4325 992 4364 :
1016 4327 1036 4362 ι
1072 4308 1223 4365 Licet
1257 4312 1328 4366 sit
1377 4312 1432 4366 in
1471 4313 1747 4383 hypostasi
1777 4312 2012 4383 Spiritus

432 4402 674 4470 ptopria,
703 4411 755 4458 et
781 4401 895 4473 jam
926 4403 1278 4475 intelligatur,
1304 4406 1602 4461 secundum
1621 4407 2011 4477 seipsum,qua

433 4490 671 4560 Spiritus
708 4502 812 4560 est,
855 4502 1038 4549 etnon
1080 4493 1277 4560 Filius,
1337 4507 1710 4551 verumtamen
1763 4513 1873 4552 non
1929 4506 2012 4554 est

433 4587 641 4639 alienus
682 4586 750 4640 ab
796 4601 882 4647 eo.
916 4585 1154 4657 Spiritus
1211 4591 1358 4643 enim
1388 4589 1661 4659 gveritatis
1710 4589 2013 4659 appellatus

433 4687 536 4742 εει,
563 4689 618 4732 et
658 4688 740 4732 est
769 4678 1022 4734 Christus
1060 4681 1279 4750 veritas,
1329 4693 1384 4736 et
1431 4681 1732 4738 eﬂunditur
1782 4682 1852 4736 ah
1894 4683 2013 4754 ipso

403 4785 537 4847 _qua
561 4778 659 4824 eta
688 4769 850 4826 Patre
871 4771 1098 4830 ratione.
1139 4790 1158 4824 ι

2205 3481 2297 3535 Ἐν
2323 3483 2436 3543 τοῖς
2475 3479 2812 3549 Πρακτικοίς
2840 3481 2938 3551 τῆς
2961 3482 3018 3534 ἐν
3045 3479 3256 3552 Νικαίᾳ
3287 3479 3500 3552 πρώτης
3522 3480 3641 3534 συνό-

2119 3572 2236 3639 δου,
2280 3573 2341 3626 ἐν
2369 3567 2452 3637 οἷς
2479 3565 2636 3626 εἶπον
2663 3573 2714 3626 οἰ
2743 3572 2985 3645 Πατέρες
3011 3573 3149 3644 πρὸς
3177 3574 3275 3626 τὸν
3297 3573 3563 3642 φιλόσοφον
3577 3571 3642 3626 διὰ

2117 3665 2214 3721 τοῦ
2247 3665 2554 3719 ἐπισκόπου
2603 3665 2886 3730 Λεοντίου,
2913 3658 2988 3718 ὧν
3018 3664 3205 3735 ῥητῶν
3244 3665 3278 3737 ἡ
3318 3663 3475 3735 ἀρχὴ,
3505 3683 3520 3716 ι
3558 3664 3644 3716 Κά-

2119 3759 2270 3811 κεϊνο
2302 3757 2358 3811 δέ
2387 3758 2628 3829 νοητέον,
2663 3753 2708 3812 ὦ
2735 3757 2877 3827 φίλε,
2913 3756 3104 3812 λοιπὸν
3133 3757 3242 3826 τῆς
3287 3755 3549 3828 ἀληθείας,
3577 3772 3644 3825 φι-

2117 3850 2332 3921 λόσοφε·
2367 3850 2599 3923 ε’ὐρηται
2627 3851 2689 3904 τὸ
2726 3850 2957 3921 Πνεῦμα
2991 3851 3432 3922 ἐκπορευόμενον
3476 3851 3533 3903 ἐκ
3570 3843 3643 3903 τύὐ

2119 3942 2357 4016 Πατρδς,
2383 3943 2516 3997 ίδιον
2535 3943 2592 3997 δέ
2625 3941 2717 3996 τοῦ
2740 3942 2893 4009 Υἰοῦ,
2921 3944 3015 3996 καὶ
3039 3943 3100 4008 ἐξ
3121 3942 3293 3997 αὐτοῦ
3319 3940 3639 4006 ἁναϐλύζον.»

2201 4037 2260 4091 Ὀ
2291 4037 2448 4105 ἅγιος
2471 4035 2742 4108 Κύριλλος
2777 4038 2837 4090 ὲν
2865 4035 2945 4106 τῷ
2988 4035 3127 4105 πρὸς
3172 4036 3464 4106 Νεστόριον
3513 4034 3643 4103 λδΥφν
3727 4026 3731 4034 ’

2118 4123 2182 4186 οῦ
2216 4130 2439 4202 ἡάρχὴ,
2479 4147 2498 4182 ι
2533 4129 2642 4183 Τοῦ
2675 4130 2930 4200 Σωτῆρος
2959 4128 3120 4200 ἡμῶν
3144 4129 3396 4198 λέγοντος
3419 4127 3643 4200 ἐναργῶς,

2126 4241 2145 4274 ι
2195 4221 2256 4294 ὐ
2289 4221 2462 4291 φιλῶν
2495 4217 2712 4291 πατέρα
2771 4220 2805 4291 ἢ
2866 4221 3082 4292 μητέρα
3113 4220 3258 4291 ὑπὲρ
3291 4219 3391 4289 ἐμέ
3423 4221 3515 4273 οὐκ
3555 4218 3645 4271 ἐστι

2121 4331 2225 4386 μου
2257 4313 2430 4378 ἄξιος,
2469 4332 2488 4366 ι
2525 4313 2711 4383 φησὶν,
2751 4329 2770 4365 ι
2811 4312 2873 4364 Εἰ
2901 4313 2994 4366 καί
3023 4312 3174 4366 ἔστιν
3197 4315 3272 4366 ἐν·
3293 4311 3570 4366 ὑποστάσει
3599 4309 3646 4362 τὸ

2121 4405 2348 4477 Πνεῦμα
2377 4407 2544 4477 ἰδικῇ,
2575 4407 2670 4458 καὶ
2698 4404 2768 4475 ’δὴ
2795 4405 2893 4457 καὶ
2933 4405 3140 4480 νοεῖται
3168 4404 3300 4458 καθ’
3341 4403 3514 4469 ἑαυτὸ,
3540 4402 3645 4455 καθὸ

2121 4499 2352 4568 Πνεῦμα
2375 4499 2492 4551 ἐστι
2527 4497 2624 4551 καὶ
2656 4497 2754 4567 οὐχ
2785 4486 2933 4561 Υίδς,
2965 4495 3083 4552 ἀλλ’
3114 4493 3209 4550 οὖν
3236 4499 3387 4550 ἐστιν
3411 4495 3503 4550 οὐκ
3529 4492 3646 4548 ἁλλό-

2119 4609 2269 4663 τριον
2295 4589 2488 4644 αὐτοῦ.
2521 4590 2747 4660 Πνεῦμα
2774 4590 2883 4661 γὰρ
2913 4589 3177 4663 ἀληθείας
3223 4590 3543 4661 ὠνόμασται,
3574 4586 3646 4640 καὶ

2120 4685 2238 4740 ἐστι
2273 4685 2510 4755 Χριστὸς
2545 4686 2578 4756 ὴ
2607 4684 2839 4756 ἀλήθεια
2870 4685 2966 4738 καὶ
3017 4689 3307 4756 προχεῖται
3339 4685 3462 4756 παρ’
3489 4679 3641 4745 αὐτοῦ,

2122 4778 2375 4846 καθάπερ
2406 4777 2602 4848 ἀμέλει
2629 4777 2724 4830 καὶ
2753 4777 2814 4830 ἐκ
2838 4774 2933 4829 τοῦ
2962 4776 3199 4846 Πατρός.
3237 4795 3257 4829 ι

509 4861 566 4913 lu
590 4862 938 4930 expositione
963 4859 1132 4918 Joelis
1175 4863 1473 4934 praphetaa,
1505 4878 1633 4919 cum
1668 4863 1823 4930 illud,
1853 4881 1873 4916 ι
1919 4863 2006 4918 Ef-

2189 4870 2302 4925 Ιίαί
2328 4865 2487 4932 αὖθις
2517 4871 2575 4923 ἐν
2607 4871 2675 4939 τῇ
2715 4866 2984 4938 ἑρμηνεία
3010 4870 3074 4938 τῇ
3110 4869 3191 4931 εἰς
3244 4866 3338 4922 τὸν
3397 4864 3644 4938 προφήτην

435 4954 661 5009 fundam
691 4969 721 5010 e
755 4953 958 5024 Spiritu
984 4971 1108 5010 meo
1137 4956 1179 5022 ’,
1212 4974 1232 5008 ι
1271 4956 1777 5026 ἱιιιθτρτειαιυτ,,αἱι
1809 4971 1824 5009 :
1855 4975 1874 5009 ι
1909 4955 2017 5011 Βα-

434 5050 584 5102 tioue
607 5049 849 5118 quidem,
896 5063 1004 5119 qua
1043 5061 1125 5104 εει
1152 5048 1319 5112 Deus,
1343 5059 1397 5106 et
1426 5064 1493 5106 ex
1551 5048 1663 5106 Deo
1712 5049 2014 5105 secundum

435 5150 688 5195 naturam
725 5138 895 5196 Filius
929 5157 944 5195 :
978 5156 1219 5212 namque
1269 5157 1336 5198 ex
1370 5141 1482 5198 Deo
1506 5151 1561 5197 et
1587 5141 1752 5198 Patre
1785 5158 2015 5214 genera-

435 5239 522 5285 tus
547 5239 655 5296 est,
708 5230 962 5300 proprius
1001 5231 1175 5301 ipsius
1215 5240 1270 5286 et
1302 5230 1359 5285 in
1391 5232 1533 5301 ipso,
1569 5239 1624 5286 et
1676 5245 1743 5286 ex
1783 5231 1903 5300 ipso
1930 5237 2016 5286 est

435 5313 674 5392 Spiritus
703 5333 948 5388 sanctus,
979 5323 1437 5394 quemadmodum
1458 5323 1664 5380 scilicet
1686 5321 1754 5379 de
1782 5323 1902 5393 ipso
1932 5322 2016 5376 iu-

357 5410 368 5422 ’
435 5415 672 5486 telligiur
694 5413 805 5472 Deo
839 5424 892 5471 et
921 5415 1132 5471 Patre.»

505 5505 650 5560 Idem
691 5505 939 5563 oratione
963 5507 1030 5562 ad
1058 5507 1442 5578 imperatorem
1482 5507 1876 5574 Theodosium,
1920 5525 2017 5564 cu-

436 5598 522 5668 ius
555 5599 918 5669 principium,
973 5618 991 5652 ι
1025 5597 1352 5670 Supremum
1401 5601 1656 5658 humana:
1681 5601 1866 5669 gloria:
1895 5602 2016 5656 cul-

436 5707 638 5763 men”
675 5693 790 5747 ait:
833 5709 852 5745 ι
882 5691 1253 5763 Baptizantem
1285 5692 1622 5751 dixitJesum
1648 5695 1701 5751 in
1729 5696 1871 5766 igne,
1907 5708 2015 5748 non

527 5855 543 5885 ⁸
580 5852 771 5907 Matth.
819 5869 870 5920 χ,
909 5850 1000 5910 57.
1091 5853 1110 5885 ’
1135 5852 1276 5910 Joel.
1315 5865 1380 5923 tt,
1405 5855 1498 5911 28.

2127 4960 2306 5031 Ἰωήλ,
2335 4962 2402 5031 τῇ
2445 4977 2465 5011 ι
2510 4959 2721 5030 Ἐκχεῶ
2774 4958 2882 5013 ἀπὸ
2924 4957 3018 5013 τοῦ
3051 4956 3374 5029 Πνεύματός
3407 4975 3503 5028 μου
3534 4973 3551 5007 ›
3579 4953 3646 5018 t5-

2116 5051 2316 5122 ηγήσει
2359 5051 2548 5122 φησίνο
2590 5069 2609 5103 ι
2656 5043 2734 5120 ’ᾞ
2767 5049 2867 5120 μὲν
2892 5049 2997 5120 γάρ
3028 5051 3145 5103 ἐστι
3169 5049 3306 5113 Θεὸς
3338 5048 3430 5103 καί
3458 5051 3517 5101 ἐκ
3539 5042 3646 5098 Θεοῦ

2118 5143 2260 5196 κατὰ
2293 5141 2458 5212 φύσιν
2483 5141 2512 5194 6
2537 5142 2663 5204 Υἱός
2686 5157 2702 5173 ο
2732 5142 3058 5212 γεγέννηται
3086 5140 3196 5213 γὰρ
3224 5142 3290 5196 ἐκ
3317 5140 3409 5194 τοῦ
3433 5138 3555 5194 Θεοῦ
3575 5135 3647 5190 καί

2119 5234 2360 5306 Πατρδς,
2399 5234 2534 5288 ίδιον
2560 5231 2728 5286 αὐτοῦ
2763 5249 2822 5286 τε
2854 5234 2951 5288 καὶ
2988 5235 3047 5286 tv
3092 5233 3264 5304 αὐτῷ,
3314 5233 3405 5286 καὶ
3433 5230 3486 5298 ἐξ
3512 5224 3645 5284 αὐτοῦ

2120 5326 2182 5380 τὸ
2210 5325 2441 5397 Πνεῦμα
2467 5328 2610 5388 ἐστι,
2647 5323 2905 5396 καθάπερ
2935 5324 3132 5395 ἀμέλει
3161 5327 3254 5379 καὶ
3288 5324 3349 5391 ἐξ
3365 5321 3520 5378 αὐτοῦ
3539 5320 3647 5375 νοεῖ-

2124 5434 2218 5472 ται
2252 5416 2346 5470 τοῦ
2387 5417 2522 5470 Θεοῦ
2561 5418 2655 5472 καὶ
2684 5417 2922 5488 Πατρός.
2962 5435 2981 5469 ι

2205 5508 2266 5562 ’0
2306 5507 2471 5572 αὐτὸς
2505 5509 2562 5562 ἐν
2590 5507 2668 5578 τῷ
2689 5507 2829 5580 πρὸς
2855 5511 2946 5562 τὸν
2967 5507 3198 5579 βασιλέα
3218 5505 3492 5560 Θεοδόσιον
3512 5501 3642 5568 λόγῳ,

2124 5594 2247 5673 οὗζή
2281 5601 2444 5674 ἀρχὴ,
2480 5621 2499 5654 ι
2525 5602 2636 5674 Τῆς
2661 5603 2763 5672 μὲν
2789 5603 2847 5656 ἐν
2870 5600 3180 5672 ἀνθρώποις
3201 5597 3446 5659 εὐκλείας
3468 5595 3522 5649 τὸ
3539 5593 3648 5646 ἀνω-
3732 5664 3734 5668 λ

2125 5697 2297 5765 τὰτω,
2323 5715 2363 5768 ὴ»
2403 5695 2568 5768 φησίν
2595 5712 2609 5728 ο
2660 5716 2678 5749 ι
2715 5694 3058 5759 Βαπτίζοντα
3113 5692 3215 5763 ἔφη
3269 5690 3360 5745 τὸν
3397 5684 3582 5758 Ἰησοῦν
3603 5683 3646 5734 ἐν
