3882 6600
147 459 226 522 σει
1098 532 1101 533 ν
1480 455 1693 519 EPlGI

1807 452 1967 518 'H.E.
3262 452 3373 525 6‘32

144 575 219 631 καὶ
241 574 347 643 οὐχὶ
381 570 445 643 δὴ
478 562 673 642 μᾶλλον
705 569 781 633 ὠς
807 569 971 635 αὑτός
1006 587 1063 623 τε
1110 573 1206 624 καί
1246 570 1375 637 παρ’
1418 568 1586 623 αὑτοῦ
1620 569 1681 621 τὸ

1807 569 1955 625 Ρλιῑυςι
1979 566 2371 626 colloeabitur?
2406 568 2471 625 Et
2499 572 2604 641 qua
2631 567 2839 624 ratione
2864 552 3001 623 Filio
3033 571 3381 641 praestantior

144 666 332 736 Πνεῦμα
363 664 546 729 αὐτοῦ,
583 664 713 734 ὅλην
754 663 879 735 ἔχον
925 663 1092 719 αὐτοῦ
1123 663 1222 735 τὴν
1251 662 1558 734 ἐνέργειαν,
1591 662 1682 715 καὶ

1807 663 1952 715 ἰιι-ῆι
1979 675 2031 717 et
2056 662 2369 734 nmrpotius
2405 670 2462 717 ut
2486 662 2622 733 ipse,
2660 663 2802 718 etab
2836 663 2964 733 ipso
2993 662 3253 733 Spiritus,
3284 665 3379 733 qni

140 763 221 832 τὴν
246 757 395 814 αὑτοῦ
435 755 650 827 μέθεξιν
675 755 969 828 ἐμποιοῦν;
1020 775 1041 809 ›
1260 808 1266 817 ,

1812 755 1962 823 psius
1989 755 2260 810 actionem
2291 755 2606 811 universam
2644 756 2698 810 in
2736 770 2793 811 se
2822 755 3089 822 continet,
3120 761 3175 811 et
3200 753 3293 826 qui
3321 756 3384 809 il-

1793 850 1894 901 lius
1931 847 2402 916 participationem
2431 849 2847 903 communicat?
2885 868 2903 902 ι
3225 847 3229 850 ’

1860 940 2251 1008 Metapbrastes
2289 942 2345 996 in
2395 943 2652 1011 martyrio
2687 939 2924 1013 Dionysii
2960 939 3299 1013 Areopagitae
3328 941 3381 996 in

1792 1036 1911 1103 ipso
1942 1037 2207 1092 orationis
2229 1034 2475 1101 exordio,
2507 1036 2580 1090 ait
2622 1053 2635 1089 :
2676 1055 2693 1087 ι
2719 1034 2861 1090 Olim
2895 1035 3117 1106 quidem
3146 1035 3282 1090 ﬁdes
3311 1034 3386 1090 si-

1794 1135 1844 1180 ta
1876 1138 1993 1180 erat
2038 1129 2089 1181 in
2120 1127 2292 1197 signis
2325 1135 2378 1181 et
2436 1126 2842 1197 a-nigmatibus,
2897 1137 2950 1182 et
2983 1127 3145 1183 nubat
3190 1126 3385 1181 umbra

210 943 260 995 '0
315 940 714 1013 Μεταφραστής
766 943 825 995 ἐν
877 940 957 1011 τῷ
1012 941 1304 1011 μαρτυρίῳ
1361 940 1457 994 τοῦ
1525 939 1684 1009 ἁγίου

138 1034 389 1090 Διονυσίου
439 1031 535 1086 τοῦ
594 1034 994 1105 ’Δρεοπαγιτου
1047 1032 1109 1099 ἐξ
1156 1033 1325 1102 αὐτῆς
1354 1033 1454 1101 τῆς
1513 1032 1687 1102 ἀρχῆς

136 1128 215 1182 τοῦ
237 1126 383 1195 λόγου
433 1125 600 1195 φησιν
624 1141 637 1155 ο
680 1143 699 1177 ι
744 1124 920 1179 Πάλαι
961 1124 1060 1196 μὲν
1094 1126 1152 1177 ἐν
1183 1123 1375 1186 τύποις
1402 1118 1472 1196 ἦν
1493 1122 1564 1176 τὰ
1592 1124 1690 1192 τῆς

141 1221 342 1278 πίστεως
367 1222 458 1269 καὶ
491 1217 804 1286 αἰνίγμασι,
842 1218 937 1269 καὶ
975 1216 1155 1286 τὸτῆς
1184 1214 1444 1287 ἀληθείας
1487 1215 1688 1284 φέγγος

139 1310 201 1379 τῷ
226 1310 311 1377 τῆς
335 1311 491 1370 σκιᾶς
516 1308 669 1376 νέφει
702 1308 1163 1362 συνεκαλύπτετο.
1205 1307 1359 1360 Ἐπεὶ
1387 1307 1443 1359 δὲ
1461 1308 1519 1359 τὸ
1548 1310 1691 1377 μέγα

139 1405 216 1470 τῆς
241 1402 384 1471 ἡμῶν
416 1389 695 1472 σωτηρίας
715 1382 1167 1472 ’ἐπραγματεῦθη
1226 1400 1552 1470 μυστήριον,
1596 1400 1692 1453 καὶ

139 1494 376 1555 όπλάσας
429 1496 572 1547 κατὰ
607 1493 778 1563 μόνας
814 1494 912 1556 τὰς
960 1492 1195 1563 καρδίας
1252 1492 1409 1562 ἡμῶν
1468 1491 1546 1561 τῷ
1589 1491 1692 1561 τῆς

138 1588 307 1649 οἰκείας
341 1584 469 1656 περὶ
500 1588 648 1657 ἡμᾶς
690 1588 857 1657 οἴκτῳ
887 1587 1260 1661 χρηστότητος
1288 1587 1692 1658 ἀναμαρτήτως

139 1681 325 1747 γέγονεν
354 1677 426 1741 ὡς
457 1680 642 1747 ἡμεῖς,
675 1679 848 1733 τᾶλλα
903 1696 961 1731 τε
1016 1678 1258 1748 ὑπῆλθεν
1293 1679 1394 1733 ὅσα
1441 1679 1543 1748 τῆς
1595 1681 1692 1732 ἀν-

1796 1228 1935 1271 tecta
1971 1229 2084 1271 erat
2134 1219 2222 1271 lux
2264 1218 2529 1272 veritatis.
2590 1216 2888 1287 Postquam
2954 1228 3137 1273 autem
3180 1226 3388 1272 nostra:

1799 1401 1875 1453 xit
1896 1401 2213 1471 singillatim
2244 1400 2411 1455 corda
2448 1407 2637 1454 nostra
2668 1415 2782 1455 sua:
2817 1399 3167 1471 benignitatis
3194 1400 3251 1460 in
3282 1414 3385 1455 nos

1798 1493 2200 1559 misericordia,
2234 1492 2368 1547 citra
2401 1502 2686 1562 peccatum
2718 1502 2879 1547 natus
2925 1502 3011 1547 est
3066 1493 3209 1548 sicut
3260 1506 3383 1557 nos,

1797 1596 1851 1638 et
1879 1584 1983 1637 alia
2027 1584 2218 1648 subiit,
2255 1599 2376 1654 quae
2409 1592 2539 1638 sunt
2567 1584 2820 1638 humanae
2874 1582 3285 1648 imbecillitatis,
3326 1590 3388 1638 ut

1798 1695 1899 1748 ego
1955 1678 2184 1747 primaut
2241 1677 2538 1747 reciperent
2596 1677 2959 1742 nobilitatem,
3017 1685 3071 1733 et
3111 1686 3388 1748 postremo

140 1768 379 1838 θρωπένης
410 1770 558 1821 ἐστὶν
594 1768 904 1834 ἀσθενετας,
935 1770 1004 1825 ἶν’
1030 1770 1141 1839 ἐγὼ
1168 1772 1266 1842 τὴν
1304 1770 1529 1843 πρώτην
1553 1775 1693 1826 ἀπο-

1807 1770 2194 1824 condemnatus
2210 1768 2310 1823 fuit
2338 1778 2512 1824 marte
2530 1769 2730 1836 crucis,-
2753 1779 2807 1825 et
2832 1785 2897 1825 ne
2928 1770 3105 1825 dicam
3132 1769 3345 1839 singula
3368 1784 3384 1830 :

139 1860 258 1914 ὶαύω
288 1861 583 1928 εὐγένειαν,
621 1863 716 1916 καὶ
745 1864 895 1924 τέλος
932 1864 1022 1916 τὸν
1053 1863 1142 1916 διὰ
1202 1862 1439 1935 σταυροῦ
1466 1863 1693 1920 θάνατον

1807 1874 1928 1918 sunt
1955 1863 2101 1918 enim
2133 1863 2303 1918 multa
2334 1863 2655 1919 intermedia
2686 1863 3006 1919 ceconomia:
3036 1863 3219 1919 carnis
3252 1877 3388 1918 sus-

139 1954 524 2023 κατακρίνεται’
588 1957 681 2009 καὶ
746 1957 834 2009 ἵνα
892 1955 967 2026 μὴ
1026 1955 1095 2009 τὰ
1149 1956 1470 2010 καθέκαστα
1516 1957 1685 2025 λέγω,

1807 1970 1960 2027 :ept:e
1998 1956 2276 2028 mysteria,
2321 1955 2483 2011 linem
2547 1955 2757 2023 accepit
2822 1947 3393 2025 corporeus’adven-

139 2045 280 2099 πολλά
312 2046 417 2116 γὰρ
444 2046 513 2099 τά
543 2048 606 2101 ἐν
637 2048 785 2116 μέσῳ
812 2048 910 2117 τῆς
947 2047 1260 2118 οἰκονομίας
1294 2048 1459 2101 αὑτοῦ
1486 2050 1693 2120 μυστή-

1807 2057 1886 2103 lus
1919 2066 1934 2104 :
1971 2047 2163 2117 incipit
2196 2048 2347 2103 clara
2374 2046 2746 2102 manifestatio
2788 2045 3065 2112 veritatis;
3102 2054 3156 2100 et
3190 2044 3242 2099 in
3273 2058 3391 2101 c09-

140 2157 232 2210 ρια,
254 2141 411 2212 πέρας
448 2143 520 2195 τὰ
558 2143 662 2211 τῆς
697 2144 1015 2213 σωματικῆς
1049 2143 1314 2214 ἐνδημίας
1344 2144 1590 2215 δέχεται,
1622 2144 1693 2199 τὰ

1807 2142 1908 2193 lum
1956 2139 2200 2194 ascendit
2243 2154 2400 2194 meus
2458 2136 2733 2204 ChriStus,
2769 2146 2825 2194 et
2875 2137 2940 2191 ad
2976 2139 3158 2193 sedem
3208 2134 3391 2207 pater-

138 2230 214 2283 τοῦ
255 2233 560 2304 Πνεύματος
611 2236 882 2307 ἄρχεται,
935 2237 1030 2288 καὶ
1079 2238 1160 2299 εἰς
1194 2237 1456 2308 οὐρανοὺς
1488 2238 1517 2290 ό
1561 2238 1693 2308 ἐμὸς

1807 2246 1922 2284 nam
1975 2232 2291 2296 revertitur,
2348 2240 2403 2286 et
2434 2231 2530 2301 qui
2566 2244 2629 2284 ex
2665 2230 2786 2301 ipso
2823 2230 3087 2300 procedit,
3120 2227 3390 2298 Spiritum

137 2322 334 2393 Χριστὸς
370 2326 727 2397 ἀναφέρεται,
763 2329 856 2380 καὶ
890 2328 1025 2397 πρὸς
1069 2329 1160 2404 τὶν
1204 2328 1470 2398 πατρικὸν
1519 2330 1690 2382 ἐπάν-

1807 2325 2030 2381 lemittit
2071 2323 2385 2395 discipulis,
2428 2334 2488 2378 ut
2518 2332 2704 2379 essent
2761 2322 2927 2377 duces
2958 2346 2961 2349 ν
2989 2323 3231 2392 gentium
3269 2319 3394 2375 inti-

138 2431 222 2467 εισι
278 2416 480 2488 θρόνον,
531 2421 631 2473 καὶ
685 2422 746 2473 τὸ
800 2404 1232 2490 ἐκπορευόμενον
1265 2419 1430 2474 αὑτοῦ
1466 2416 1691 2490 Πνεῦμα
1793 2419 2020 2475 delium.
2053 2432 2075 2471 ι

139 2504 215 2556 ἐπὶ
239 2508 296 2577 τῇ
328 2509 431 2579 τῷν
480 2509 732 2564 ἀπίστων
766 2510 966 2578 ἐθνῶν,
1038 2510 1413 2582 Καταπέμπει
1493 2513 1608 2574 τοῖς
1673 2508 1947 2582 μαθηταῖς
1992 2508 2210 2581 ὁδηγίᾳ.
2251 2508 2349 2563 Ἔν
2397 2523 2509 2560 τισι
2565 2506 2792 2577 βιϐλίοις

147 2594 454 2653 Ἀναστάσιον
488 2602 627 2672 ἔχει.
1776 2626 1791 2639 ·

193 2689 439 2760 Θεόδωρος
485 2697 513 2747 ό
543 2694 648 2763 τῆς
707 2696 925 2750 Ῥαῖθοῦ
985 2698 1358 2770 πρεσϐύτερος
1405 2698 1532 2770 περὶ
1583 2697 1694 2752 τῶν

2875 2510 2908 2578 η
2963 2509 3251 2579 ἐπιγραφὴ
3298 2517 3392 2563 τον

1878 2693 2203 2750 Theodorus
2230 2691 2550 2764 Baytlienus
2593 2691 2878 2761 presbyter
2902 2706 2970 2747 ue
3000 2692 3163 2747 rectis
3191 2702 3394 2751 nostra:

140 2780 239 2833 καθ’
265 2785 400 2853 ἡμᾶς
439 2786 628 2856 ὀρθῶν
658 2789 759 2856 τῆς
787 2790 1048 2860 ἀληθείας
1078 2792 1365 2861 Ξογμάτων
1395 2791 1686 2860 θεολογῶν,

1807 2788 1931 2844 lidei
1965 2797 2021 2844 et
2056 2787 2307 2843 veritatis
2347 2786 2697 2855 degmatibus
2730 2783 2976 2839 decernit
3013 2801 3028 2839 :
3076 2803 3094 2835 ι
3133 2784 3393 2855 Corporis

143 2874 306 2942 φησίν·
338 2893 356 2928 ι
392 2876 498 2931 Τοῦ
538 2879 602 2931 δὲ
634 2879 886 2950 σώματος
916 2862 983 2936 τδλ
1006 2882 1204 2952 ἰδίωμα
1231 2883 1484 2948 λαϐόντες
1506 2884 1692 2956 παρὰ·

1807 2897 1920 2936 rere
1943 2878 2399 2951 proprietatemjn
2429 2876 2737 2947 exemplum
2759 2876 3112 2947 accipientes,
3143 2891 3393 2935 mutuam

143 2964 343 3044 δειγμα,
391 2971 489 3041 τὴν
545 2970 917 3044 ἀλληλουχίαν
955 2974 1064 3028 τῶν
1121 2975 1285 3028 θείων
1337 2976 1693 3031 ῦποττάσεων

1807 2973 2111 3028 divinorum
2142 2969 2534 3026 cohaerentiam
2576 2982 2672 3038 per
2730 2967 3103 3024 membrorum
3162 2982 3393 3038 propor-

143 3063 527 3131 παρεστήσαμεν
564 3063 653 3116 διὰ
685 3066 785 3135 τῆς
815 3067 925 3118 τῶν
965 3067 1145 3136 μελῶν
1179 3068 1474 3136 ἀναλογίας
1507 3082 1563 3121 τε
1602 3069 1693 3121 καὶ

1807 3065 2000 3119 tionem
2055 3074 2111 3118 et
2160 3059 2615 3117 assimilationem
2670 3058 3188 3129 repraesentavimus
3223 3060 3392 3115 :liinc

144 3142 386 3213 εἰκασίαν
424 3153 605 3226 ταύτῃ
637 3158 747 3226 γὰρ
791 3157 888 3208 καὶ
931 3155 1151 3227 πνεῦμα
1187 3158 1458 3227 στόματος
1504 3158 1693 3225 αὑτοῦ,

1807 3165 1858 3214 et
1886 3155 2115 3228 spiritus
2143 3153 2453 3214 orisillius,
2487 3151 2581 3206 Dei
2616 3165 2835 3220 nempe,
2866 3150 3092 3211 dicitur.
3130 3153 3218 3206 cui
3252 3149 3389 3206 Uni-

143 3238 345 3309 δηλονότι
387 3244 480 3299 τοῦ
529 3246 712 3312 Θεοῦ,
747 3249 808 3301 τὸ
860 3248 1083 3318 Πνεῦμα
1136 3250 1198 3302 τὸ
1245 3250 1402 3319 ἂγιον
1448 3254 1691 3322 λέγεται,

1807 3249 2014 3319 genitus
2051 3261 2115 3302 os
2145 3255 2248 3313 est,
2281 3244 2525 3316 Spiritus
2554 3234 2782 3299 sanctus
2815 3244 3040 3301 dicitur.
3071 3241 3391 3313 EtSpii-itns

143 3334 373 3402 στόματος
399 3338 560 3402 bino;
603 3340 698 3392 τοῦ
738 3342 1100 3410 Μονογενοῦς.
1128 3345 1236 3397 Καὶ
1280 3345 1506 3415 Πνεῦμα
1535 3351 1693 3401 πάλιν

1807 3355 2000 3395 rursus
2034 3354 2100 3394 ex
2138 3339 2258 3408 ipso
2301 3339 2626 3407 procedens,
2657 3346 2709 3392 et
2747 3337 2952 3392 missus
2988 3353 3095 3392 non
3127 3346 3334 3391 tantum
3359 3352 3391 3391 a

145 3423 193 3488 ἐξ
238 3426 388 3481 αὑτοῦ
447 3430 893 3501 ἐκπορευόμενον
969 3436 1063 3488 καὶ
1116 3437 1585 3508 ἀποστελλόμενον
1633 3443 1693 3495 οῦ

147 3516 276 3586 μόνον
297 3523 439 3592 παρα
461 3522 564 3576 τοῦ
600 3526 831 3595 Πατρδς,
866 3527 1002 3581 ἀλλά
1031 3527 1128 3582 καὶ
1164 3529 1317 3600 παρὰ
1346 3529 1442 3583 τοῦ
1467 3530 1623 3588 Υίοῦ.
1668 3555 1686 3587 ι

145 3609 233 3663 Καὶ
255 3617 381 3682 μετά
398 3633 518 3670 τινα
539 3632 561 3649 ·
596 3635 616 3668 ι
650 3617 760 3671 Καὶ
786 3617 894 3689 μὴν
917 3620 944 3671 ό
971 3620 1175 3690 Κύριος
1205 3620 1265 3684 ἐξ
1285 3619 1452 3673 αὐτοῦ
1480 3622 1695 3690 δεικνὺς

144 3703 248 3756 αὐτὸ
274 3705 562 3779 ὑπάρχειν,
593 3712 853 3781 ἐμφυσῶν
883 3714 996 3777 τοῖς
1016 3714 1289 3784 μαθηταῖς
1308 3713 1461 3784 ἔλεγε
1484 3733 1498 3747 ο
1542 3736 1559 3769 ι
1585 3717 1697 3770 Λᾶς

144 3792 388 3869 δετε-πνεῦ
396 3819 472 3870 μα
502 3802 687 3870 ᾰιγιον.
721 3823 740 3856 ι

206 3888 257 3943 '0
284 3892 427 3961 ἅγιος
467 3895 795 3961 ’Δθανὰσιος
827 3901 883 3952 ἐν
915 3900 981 3971 τῇ
1035 3901 1296 3973 ὁμολογία
1351 3905 1451 3974 τῆς
1522 3904 1691 3959 αὐτοῦ

144 3976 364 4046 πίστεως,
419 3984 594 4055 φησιν
614 4003 626 4017 ο
660 4004 679 4038 ι
706 3986 781 4039 Tb‘
813 3988 970 4057 ἅγιον
1002 3990 1227 4060 Πνεῦμα
1263 3994 1328 4046 ἐκ
1354 3991 1448 4045 τοῦ
1479 3993 1694 4066 Πατρός

142 4072 220 4125 καὶ
258 4075 316 4129 ἐκ
354 4078 446 4131 τοῦ
500 4078 644 4132 Υἰοῦ
679 4081 849 4147 ἐστιν,
883 4082 944 4135 οὐ
993 4086 1236 4155 ποιητὸν,
1266 4084 1328 4139 οῦ
1368 4086 1607 4155 κτιστὸν,
1630 4089 1691 4142 οὐ

142 4169 386 4238 γεννητὸν,
417 4172 538 4224 ἀλλ’
569 4173 1032 4245 ἐκπορευόμενον.
1081 4193 1100 4228 ι

208 4256 261 4312 ’0
301 4263 449 4329 ἅγιος
514 4263 836 4332 Ἐπιφάνιος
869 4267 926 4317 ἐν
968 4263 1049 4335 τῷ
1078 4265 1220 4336 λόγῳ
1260 4266 1340 4338 τῷ
1373 4267 1693 4339 καλουμένῳ

152 4342 454 4424 Ἀγκυρωτῷ
488 4354 664 4423 φησίν
690 4371 705 4385 ο
745 4373 765 4406 ι
795 4356 868 4408 Τὸ
896 4357 1120 4427 Πνεῦμα
1150 4359 1558 4429 ἀκατάληπτον,
1590 4361 1692 4414 οῦκ

142 4436 386 4509 ἀλλότριον
435 4444 539 4499 τοῦ
596 4446 810 4515 Πατρὸς
862 4450 955 4501 καὶ⁸
1004 4449 1167 4513 Υἱοῦ,
1215 4450 1338 4505 οὐδὲ
1391 4452 1689 4525 συναλοιφή

142 4526 238 4581 ἔστι
279 4530 484 4613 Πατρός
535 4536 632 4588 καὶ
695 4535 847 4601 Υίοῦ,
887 4556 905 4588 ι
940 4537 1077 4591 Μετ’
1132 4538 1325 4607 ὀλίγα⁶
1381 4557 1400 4591 ι
1469 4540 1694 4612 Πνεῦμα

141 4613 274 4683 ἅγιον
305 4622 363 4673 οὺ
406 4625 762 4694 συνάδελφον,
803 4628 866 4679 οὐ
894 4628 1275 4698 πατράδελφον
1295 4668 1311 4693 ,
1359 4629 1475 4682 ἀλλ’
1504 4631 1568 4684 ἐκ
1593 4634 1693 4701 τῆς

141 4709 283 4780 αὐτῆς
332 4718 517 4780 οῦσίας
558 4718 772 4788 Πατρός
825 4723 917 4773 καὶ
966 4720 1123 4774 Υίοῦ.
1173 4722 1282 4773 Καὶ
1321 4721 1486 4785 αὐτὸς
1517 4723 1624 4793 γὰρ
1667 4725 1695 4776 ό

142 4796 421 4876 Μόνογενὴς
451 4807 625 4876 λέγει,
658 4807 719 4861 τδ
751 4809 974 4880 Πνεῦμα
999 4810 1092 4863 τοῦ
1128 4810 1336 4883 Πατρός
1373 4811 1467 4864 καὶ
1497 4816 1561 4865 ἐκ
1599 4812 1694 4869 τοῦ

144 4890 330 4963 Πατρός
373 4899 833 4971 ἐκπορευόμενον,
882 4905 974 4955 καὶ
1004 4904 1067 4954 ἐκ
1109 4903 1202 4956 τοῦ
1258 4904 1393 4974 ἐμοῦ
1440 4898 1695 4975 augeam,

145 4980 216 5035 ἵνα
253 4987 322 5056 μὴ
369 4988 651 5060 ἀλλότριον
684 4992 965 5063 νομισθείη
1009 4992 1241 5063 Πατρός,
1297 4993 1433 5064 μηδὲ
1478 4993 1631 5048 Υίοῦ.
1671 5012 1690 5046 ι

145 5073 238 5128 Καὶ
281 5080 393 5147 μετ’
425 5081 622 5150 όλίγα’
656 5100 676 5135 ι
724 5084 820 5136 Ἐκ
850 5082 945 5137 τοῦ
1008 5084 1218 5156 Πατρός
1276 5087 1370 5138 καὶ
1425 5087 1518 5138 τοῦ
1554 5086 1685 5140 Υἱοῦ

141 5168 302 5236 τρίτον
325 5175 390 5243 τῇ
420 5174 708 5247 ὀνομασίᾳ.
750 5194 768 5228 ι
807 5179 913 5229 Καὶ
934 5178 1072 5246 μετὰ
1094 5179 1262 5231 πολλὰ
1289 5178 1431 5232 πάνυ
1457 5195 1471 5209 ο
1513 5194 1532 5229 ι
1556 5179 1691 5251 Ἀμ-

145 5260 320 5332 φάτερα
344 5269 594 5319 κατοικεῖ
631 5270 689 5319 ἐν
713 5267 790 5338 τῷ
821 5270 1096 5339 ἀνθρώπῳ
1126 5269 1445 5341 τῷδικαίῳ,
1488 5274 1515 5325 ό
1553 5272 1689 5341 Χρι-

144 5350 251 5415 στὸς
294 5359 387 5410 καὶ
445 5360 507 5410 τό
566 5359 790 5429 Πνεῦμα
839 5359 1029 5414 αὐτοῦ.
1066 5360 1128 5411 Εἰ
1159 5361 1215 5412 δὲ
1238 5361 1472 5430 Χριστὸς
1503 5364 1567 5415 ἐκ
1596 5362 1689 5416 τοῦ

144 5440 329 5514 Πατρός
358 5450 673 5505 πιστεύεται
703 5454 835 5515 θεὸς
869 5454 933 5505 ἐκ
980 5453 1137 5519 Θεοῦ,
1163 5454 1257 5506 καὶ
1283 5455 1344 5506 τὸ
1375 5454 1598 5525 Πνεῦμα
1629 5457 1693 5508 ἐκ

143 5532 225 5585 τοῦ
257 5536 509 5607 Χριστοῦ,
555 5542 589 5612 ἢ
639 5538 770 5613 παρ’
801 5542 1151 5613 ἀμφοτέρων,
1187 5540 1261 5606 ὥς
1301 5560 1464 5613 φησιν
1490 5545 1517 5596 ό
1561 5546 1694 5615 Χρι-

148 5626 273 5687 stic,
315 5632 413 5682 «Ὀ
440 5635 591 5703 παρὰ
621 5633 714 5685 τοῦ
742 5634 954 5703 Πατρός
987 5633 1373 5705 ἐκπορεύεται,
1409 5638 1504 5691 καὶ
1539 5631 1695 5701 οὗτος

146 5712 202 5769 ἑκ
233 5722 316 5773 τοῦ
339 5723 471 5792 ἐμοῦ
503 5724 750 5796 λήψεται.
787 5743 807 5778 ι
847 5725 956 5778 Καὶ
993 5723 1113 5796 μετ’
1137 5724 1293 5795 ὀλίγα
1314 5741 1327 5756 ·
1370 5744 1389 5780 t
1413 5726 1551 5782 Ἀλλ’
1580 5730 1698 5801 ἐρεῖ

1801 3432 1961 3487 Patre
1993 3431 2088 3511 sed
2119 3430 2284 3486 etiam
2324 3444 2356 3482 a
2384 3427 2546 3484 Filio.
2583 3447 2602 3481 ι
2640 3429 2706 3483 Et
2749 3440 2873 3498 post
2905 3443 3077 3499 pauca
3103 3423 3173 3482 εἰ
3225 3426 3292 3482 Et
3314 3427 3393 3481 ni-

1801 3523 2102 3579 hilominus
2153 3521 2416 3576 Dominus
2444 3537 2509 3576 ex
2566 3535 2627 3576 se
2678 3520 2798 3592 ipso
2841 3524 3107 3576 exsistere
3163 3520 3391 3603 docens,

1801 3615 2086 3686 discipulis
2118 3612 2404 3670 insuﬂlans
2424 3612 2562 3669 dixit
2597 3630 2614 3668 :
2663 3630 2683 3665 ι
2726 3612 3392 3684 AccipiteSpiritumsath

1801 3718 1949 3764 ctum
1981 3709 2027 3764 '.
2069 3714 2088 3758 ι

1879 3891 2119 3948 Sanetus
2180 3892 2519 3949 Atnanasius
2575 3891 2632 3948 in
2683 3891 3025 3964 professione
3059 3910 3200 3950 vera:
3239 3897 3392 3964 fidei,

1800 3984 1935 4041 dicit
1983 4001 2000 4040 :
2033 4004 2053 4039 ι
2079 3984 2320 4057 Spiritus
2342 3992 2567 4041 sanctus
2609 4001 2676 4041 ex
2709 3983 2892 4053 Patre,
2946 3995 3001 4043 et
3029 4003 3095 4043 ex
3119 3987 3256 4044 Filio
3283 3999 3390 4058 est,

1798 4086 1909 4133 non
1938 4078 2144 4145 factus,
2191 4092 2303 4134 non
2338 4086 2578 4147 creatus,
2619 4093 2727 4135 non
2780 4080 3018 4151 genitus,
3057 4081 3153 4137 sed
3195 4083 3393 4153 pro’ce-

1798 4168 1956 4222 dens.
1996 4175 2019 4220 ι

1868 4259 2209 4331 Epiphanius
2248 4262 2521 4330 oratione,
2550 4261 2641 4318 cui
2686 4276 2889 4318 nomen
2942 4263 3174 4334 praeﬁxit
3210 4265 3392 4338 Ancy-

1795 4360 1938 4418 roto,
1966 4353 2100 4408 dicit
2140 4369 2153 4407 :
2185 4352 2465 4423 «Spiritus
2485 4354 2879 4425 comprehendi
2916 4369 3026 4411 non
3062 4364 3388 4427 potest,non

1798 4445 2013 4500 alienus
2068 4456 2150 4502 est
2211 4444 2390 4502 Patris
2419 4456 2475 4502 et
2530 4445 2677 4514 Filii,
2729 4462 2905 4517 neque
2954 4451 3263 4504 contractio
3305 4460 3391 4505 est

1799 4537 1979 4593 Patris
2004 4548 2059 4593 et
2081 4537 2227 4594 Filii.
2270 4557 2290 4590 ι
2322 4537 2391 4593 Ει
2422 4538 2545 4610 poSt
2575 4554 2748 4610 pauca
2786 4558 2801 4594 :
2848 4558 2867 4592 ι
2905 4541 3143 4610 Spiritus
3165 4554 3390 4598 sanctus

1806 4642 1917 4684 non
1964 4628 2135 4684 frater
2163 4630 2369 4696 fratris,
2394 4645 2503 4707 non
2525 4630 2705 4687 Patris
2732 4629 2924 4695 frater,
2954 4632 3047 4687 sed
3101 4637 3168 4685 ex
3198 4633 3386 4688 eadem

1796 4723 2035 4778 essentia
2085 4720 2282 4793 Patris.
2306 4732 2362 4778 et
2391 4720 2560 4778 Filii.-
2593 4722 2838 4793 Namque
2887 4723 3006 4794 ipse
3059 4724 3388 4794 Unigenitus

1799 4813 1970 4873 dicit:
2006 4806 2271 4885 Spiritum
2314 4812 2497 4870 Patris
2521 4814 2618 4886 qui
2639 4829 2707 4869 ex
2748 4804 2911 4871 Patre
2943 4815 3209 4885 procedit,
3240 4826 3294 4869 et
3315 4832 3386 4872 ex

1801 4918 1924 4960 meo
1956 4905 2191 4976 accipiet
2219 4906 2262 4971 ⁸,
2298 4924 2316 4959 ι
2358 4916 2426 4961 ne
2454 4906 2665 4962 alienus
2691 4921 2721 4960 a
2744 4906 2906 4963 Patre
2925 4918 2982 4962 et
3007 4904 3150 4962 Filio
3198 4908 3363 4963 existi

1804 5006 2066 5051 maretur.
2108 5015 2127 5049 ι
2177 4995 2243 5051 Ει
2266 4999 2460 5069 paucis
2491 4997 2795 5070 interjectis
2822 5017 2836 5054 :
2873 5018 2893 5051 ι
2926 5000 3002 5056 Ex
3034 5000 3195 5057 Patre
3219 5008 3276 5057 et
3296 5000 3387 5058 Fi-

1796 5087 1870 5143 lio
1909 5090 2101 5145 tertius
2129 5089 2511 5159 appellatione.
2552 5110 2571 5143 ο
2611 5090 2679 5146 Ει
2706 5104 2830 5163 post
2858 5093 3095 5163 plurima
3128 5109 3381 5151 annexa:

1804 5199 1823 5232 ι
1862 5178 2106 5251 Utraque
2127 5180 2441 5237 inhabitant
2466 5183 2523 5237 in
2575 5185 2794 5239 nomine
2818 5184 2994 5255 justo,
3048 5186 3307 5244 Christus
3329 5197 3386 5243 et

1799 5270 2037 5342 Spiritus
2073 5270 2247 5342 ipsius
2277 5287 2293 5325 :
2330 5270 2375 5327 si
2406 5286 2535 5328 vero
2557 5274 2811 5329 (.hristus
2830 5282 2898 5330 ex
2943 5275 3101 5329 Patre
3144 5277 3388 5330 creditur

1800 5363 1942 5418 Deus
1975 5379 2043 5421 ex
2078 5363 2208 5431 Deo,
2260 5372 2315 5419 et
2337 5360 2575 5434 Spiritus
2602 5379 2665 5419 ex
2703 5365 2943 5432 Clu-isto,
2972 5374 3066 5420 aut
3113 5381 3182 5422 ex
3215 5366 3382 5422 utris-

1800 5468 1928 5523 que,
1955 5461 2015 5507 ut
2066 5451 2318 5509 Christus
2354 5453 2619 5523 insinuat,
2672 5456 2764 5525 qui
2797 5471 2863 5512 ex
2900 5455 3061 5511 Patre
3114 5455 3385 5527 procedit,

1798 5556 1851 5601 et
1887 5546 1976 5602 bic
2006 5546 2074 5601 de
2106 5562 2229 5602 meo
2263 5547 2513 5618 accipiet.
2547 5567 2565 5600 ι
2602 5546 2669 5603 Et
2701 5557 2823 5620 post
2848 5564 3061 5621 pauca:
3104 5568 3124 5602 ι
3168 5548 3274 5606 Sed
3298 5549 3390 5606 di-

1798 5646 1883 5697 cet
1910 5645 2097 5697 uesclo
2115 5642 2234 5713 quis
2258 5659 2272 5699 :
2312 5656 2331 5695 ‹
2365 5641 2533 5714 Igitur
2563 5643 2800 5701 dicimus
2825 5643 2964 5702 duos
2987 5658 3107 5702 esse
3130 5644 3299 5715 tliios,
3329 5652 3387 5704 et

1800 5731 2074 5806 quomodo
2106 5730 2478 5804 Unigenitus'!
2522 5733 2694 5807 Atqui
2740 5742 2801 5794 tu
2826 5735 2956 5808 quis
3006 5748 3092 5807 es,
3127 5736 3222 5811 qui
3252 5750 3384 5796 cum

207 5875 391 5938 'Joan.
425 5899 516 5952 xx,
544 5885 633 5942 22.
780 5888 801 5919 ⁸
828 5886 961 5943 ibid.
995 5901 1089 5961 xv,
1116 5885 1222 5956 26;
1256 5902 1367 5955 xvr,
1408 5885 1494 5955 Μ,
1531 5885 1619 5944 15.
1726 5856 1742 5870 ’

1794 1310 1986 1363 salutis
2011 1324 2262 1379 magnum
2284 1316 2560 1380 peractum
2587 1307 2687 1362 fuit
2710 1309 3055 1379 mysterium,
3088 1318 3142 1364 et
3161 1310 3256 1379 qui
3279 1308 3386 1363 fin-
3439 1376 3445 1383 ,

3434 1390 3451 1437 ἑ

3432 1438 3489 1504 *ε
