3882 6594
482 427 587 491 627

484 631 730 702 incipit:
770 651 790 685 ι
822 631 1041 689 Justum
1098 645 1184 690 est
1227 635 1483 705 equidem
1533 651 1653 699 vos,
1702 640 1794 707 qui
1844 639 2054 695 viribus

482 724 699 796 polletis
722 725 778 780 in
811 726 959 781 omni
997 726 1194 782 robore
1222 726 1530 795 decertare,
1564 749 1584 783 ι
1621 731 1853 786 scribit:
1896 750 1915 783 ‹
1948 729 2055 785 Im-

484 818 801 874 niutabilem
842 826 896 873 et
931 833 1025 888 per
1072 820 1254 874 omnia
1305 820 1541 875 similem
1595 830 1844 876 naturam
1882 822 2052 878 conﬁ-

476 917 676 973 tcntes,
703 907 1005 963 discrimen
1032 923 1211 965 causze
1241 919 1295 964 et
1319 909 1548 965 eﬂ'ectus
1580 926 1685 965 non
1720 912 2049 977 inliciamttr,

476 1001 530 1054 in
562 1016 672 1070 quo
727 1000 904 1056 solum
942 1000 1186 1069 disjungi
1230 1001 1463 1056 alterum
1517 1002 1587 1056 ab
1636 1002 1810 1056 altero
1855 1005 2051 1073 depre-

477 1089 806 1156 hendimus;
858 1105 982 1145 cum
1030 1092 1325 1146 credamus
1385 1091 1489 1146 hoc
1547 1092 1765 1162 quidem
1821 1087 2046 1147 causam

473 1197 619 1245 esse,
669 1182 802 1238 illud
839 1198 905 1239 ex
934 1198 1123 1246 causa.
1159 1194 1211 1238 et
1259 1185 1423 1249 illius,
1458 1186 1604 1254 quod
1637 1199 1701 1239 ex
1751 1200 1914 1240 causa
1944 1195 2048 1251 est,

474 1275 623 1329 aliud
660 1291 857 1330 rursus
885 1275 1182 1331 discrimen
1219 1276 1758 1343 comprehendimus.
1798 1274 2047 1349 Namque

478 1368 582 1422 hoc
611 1367 834 1435 quidem
878 1379 959 1423 est
1013 1367 1326 1421 immediate
1367 1383 1395 1420 a
1430 1366 1624 1437 primo,
1674 1368 1777 1422 hoc
1827 1384 1954 1423 vero
1981 1385 2047 1424 ex

469 1459 732 1530 contiguo
771 1474 803 1515 a
839 1459 1063 1531 primo:
1098 1461 1232 1514 adeo
1280 1470 1340 1514 ut
1386 1459 1723 1528 unigenitum
1763 1460 2046 1516 indubita-

470 1563 585 1608 tum
635 1563 855 1609 maneat
899 1553 952 1608 in
1004 1552 1164 1620 Filio,
1209 1562 1261 1608 et
1296 1568 1359 1606 ex
1396 1551 1558 1607 Patre
1609 1568 1732 1608 esse
1762 1552 2045 1623 Spiritum,

467 1641 595 1698 Filii
620 1645 1000 1709 meditatione,
1026 1646 1130 1700 sibi
1162 1645 1264 1714 ipsi
1293 1643 1636 1712 unigenitum
1662 1656 2046 1711 conservantr,

467 1746 523 1792 et
558 1736 823 1807 Spiritum
857 1752 887 1793 a
924 1736 1161 1793 naturali
1201 1735 1265 1790 ad
1298 1733 1515 1790 Patrem
1569 1736 1892 1794 habitudine
1938 1755 2044 1794 non

458 1838 711 1886 arcente.
745 1848 765 1882 ι

541 1921 686 1977 Idem
719 1922 968 1980 oratione
992 1924 1060 1980 de
1088 1924 1297 1995 Spiritu
1342 1937 1534 1986 sancto
1569 1927 1832 1983 adversus
1868 1925 2048 1981 Mace-

468 2012 762 2078 donianos,
791 2015 869 2070 ait
905 2034 919 2070 :
964 2036 982 2067 ι
1021 2017 1079 2073 ln
1117 2019 1319 2087 quibus
1344 2035 1466 2091 quae
1498 2017 1802 2075 secundum
1842 2019 2045 2071 bonum

469 2106 721 2177 operatio
749 2115 856 2168 cst.
890 2109 1095 2164 nullam
1133 2111 1593 2175 imminutionem,
1641 2119 1737 2165 aut
1790 2109 2045 2164 immuta-

471 2202 679 2255 tionem
716 2199 899 2256 habet.
927 2200 1213 2267 Quomodo
1242 2203 1439 2258 rationi
1467 2212 1894 2258 consentaneum
1933 2201 2048 2256 lue-

468 2293 543 2348 rit
604 2294 851 2348 ordinem
918 2294 1219 2350 secundum
1281 2309 1570 2350 numerum
1642 2292 2048 2348 imminutionis

469 2385 747 2456 alicujus,
812 2396 905 2441 aut
973 2387 1275 2442 secundum
1325 2372 1597 2442 'naturam
1652 2384 2048 2441 immutationis

470 2477 690 2547 signum
741 2493 863 2535 esse
909 2480 1250 2537 existimare.
1297 2477 1769 2545 Quemadmodum
1817 2476 1862 2532 si
1921 2476 2048 2546 quis

471 2563 527 2618 in
560 2564 737 2621 tribus
764 2567 1108 2636 lampadibus
1147 2567 1484 2623 subdivisam
1518 2566 1792 2622 ﬂammam
1826 2567 2049 2636 conspi-

472 2653 656 2721 ciens;
684 2671 907 2712 causam
943 2671 1076 2711 vero
1106 2656 1249 2712 tertii
1279 2657 1501 2712 luminis
1524 2672 1901 2728 supponamus
1927 2671 2047 2711 esse

471 2749 707 2817 primam
733 2749 1034 2815 ﬂammam,
1067 2765 1136 2804 ex
1176 2748 1680 2804 communicatione
1711 2763 1836 2804 cum
1866 2747 2047 2802 medio

468 2851 776 2897 extremum
813 2842 1279 2911 inﬂammantem;
1308 2844 1659 2913 postmodum
1689 2851 1958 2898 astrueret
1985 2841 2039 2896 in

468 2933 646 3003 prima
680 2933 900 2991 ﬂamma
929 2936 1209 2992 abundare
1251 2937 1523 3003 calorem;
1574 2950 1694 2990 cam
1733 2949 1885 3001 vero,
1926 2949 2048 3004 quae

472 3029 851 3098 subsequitur,
885 3028 1191 3094 immutari,
1233 3040 1287 3084 et
1324 3028 1585 3099 paulatim
1618 3026 1906 3092 imminui;
1940 3035 2049 3080 ter-

468 3120 601 3177 tiam
655 3136 757 3177 nec
827 3121 1007 3192 ignem
1057 3120 1293 3191 amplius
1332 3120 1665 3176 censendum
1724 3134 1869 3185 esse,
1920 3117 2049 3173 licet

1515 433 1726 498 IOAN.
1766 436 1980 499 VECCI
2022 440 2129 503 (ΣΡ.
2173 440 2692 517 ΡᾼΤΒΙΛΒΩΗΕ

536 537 856 612 ,Gregorius
889 536 1172 613 Nyssenus
1199 541 1447 598 oratione
1492 544 1560 599 ad
1586 543 1901 613 Ablabium,
1937 563 2058 618 qua:
2087 552 2133 610 Α

2077 1882 2123 1942 Β

2246 547 2307 603 Ὀ
2337 548 2560 618 Νύσσης
2602 547 2904 620 Γρηγόριος
2956 547 3017 603 ὲν
3049 544 3125 619 τῷ
3152 532 3291 618 πρὸς
3328 544 3612 610 unum.
3642 548 3692 607 οὗ

2158 639 2384 711 ἡάρχὴ,
2418 658 2437 695 ι
2497 640 2675 710 ’Υμᾶς
2711 640 2812 710 μὲν
2861 640 3070 694 δίκαιον
3124 640 3252 705 τοὺς
3301 638 3629 709 ἀκμάζοντας
3650 648 3699 700 ὲν

2158 733 2308 806 πάσῃ
2330 734 2561 805 δυνάμει
2587 733 3028 803 διαγωνίζεσθαι,
3068 751 3088 786 ι
3116 734 3248 807 φησί
3271 750 3287 766 ο
3320 751 3340 786 ι
3381 734 3454 788 Τὸ
3482 736 3696 807 ἀπαράλ-

2154 822 2351 876 λακτον
2385 825 2484 895 τῆς
2512 823 2728 892 φύσεως
2771 824 3180 895 ὁμολογοῦντες,
3232 823 3335 894 τὴν
3376 825 3517 878 κατά
3546 826 3601 878 τὸ
3631 828 3701 879 αἰ-

2153 926 2268 967 τιον
2300 916 2397 969 καὶ
2450 916 2694 970 αἰτιατδν
2753 916 3017 985 διαφορὰν
3056 915 3155 968 οὐκ
3187 914 3522 984 ἀρνούμεθα,
3569 918 3620 970 ὲν
3664 914 3699 987 ᾧ

2158 1006 2303 1074 μόνῳ
2344 1006 2721 1077 διακρίνεσθαι
2770 1007 2830 1060 τὸ
2857 1007 3049 1078 ἓτερον
3096 1007 3188 1063 τοῦ
3220 1005 3415 1075 ἑτέρου
3445 1008 3697 1077 καταλαμο

2155 1096 2410 1164 ϐάνομεν,
2445 1096 2524 1167 τῷ
2548 1097 2610 1151 τὸ
2645 1098 2744 1167 μὲν
2784 1097 2959 1151 αἴτιον
3008 1096 3289 1151 πιστεύειν
3318 1093 3479 1159 εἶναι,
3506 1097 3563 1151 τὸ
3583 1100 3630 1153 δὲ
3650 1103 3699 1154 ὲκ

2106 1215 2111 1219 -
2153 1187 2245 1241 τοῦ
2286 1189 2465 1242 αἰτίου
2504 1193 2599 1243 καὶ
2649 1190 2744 1244 τοῦ
2815 1191 2876 1255 ἐξ
2925 1192 3105 1252 αἰτίας
3160 1189 3314 1252 ὄντος
3358 1178 3528 1261 ἆλὶην
3568 1192 3699 1245 πάλιν

2152 1280 2418 1352 διαφορὰν
2480 1281 2787 1351 ἐννοοῦμεν.
2836 1281 2911 1334 Τὸ
2960 1281 3059 1353 μὲν
3090 1280 3201 1351 γὰρ
3234 1281 3522 1351 προσεχῶς
3546 1284 3603 1335 ὲκ
3625 1282 3697 1337 τοῦ

2154 1374 2394 1440 πρώτου,
2426 1371 2486 1426 τὸ
2536 1373 2592 1427 δὲ
2622 1373 2712 1427 διὰ
2766 1373 2861 1426 τοῦ
2924 1358 3316 1444 προσεχῶςὲκ
3346 1372 3442 1426 τοῦ
3491 1373 3696 1441 πρώτου,

2152 1462 2292 1518 ὥστε
2327 1464 2421 1518 καὶ
2438 1464 2497 1518 τὸ
2516 1466 2805 1535 μονογενὲς
2833 1466 3202 1536 ἀναμφίὸολον
3238 1466 3334 1518 ἐπὶ
3360 1464 3452 1521 τοῦ
3481 1464 3600 1525 Υἱοῦ
3629 1468 3699 1536 μί-

2152 1575 2281 1626 νειν,
2319 1560 2416 1613 καὶ
2446 1561 2506 1614 τὸ
2544 1561 2608 1613 ἐκ
2636 1559 2731 1614 τοῦ
2767 1561 2979 1631 Πατρδς
3008 1557 3150 1615 εἶναι
3171 1562 3231 1614 τὸ
3260 1560 3488 1632 Πνεῦμα
3515 1564 3585 1632 μὴ
3611 1565 3696 1633 ἀμ-

2151 1650 2456 1719 φιϐάλλειν,
2486 1650 2586 1720 τῆς
2622 1652 2715 1706 τοῦ
2746 1652 2876 1706 Υίοῦ
2909 1653 3190 1724 μεσιτείας
3210 1654 3309 1707 καὶ
3342 1654 3519 1723 ἑαυτῷ
3545 1654 3599 1707 τὸ
3620 1672 3696 1724 μοι

2151 1742 2366 1810 νογενὲς
2400 1742 2801 1814 φυλαττούσης,
2842 1745 2940 1799 καὶ
2971 1744 3033 1798 τὸ
3073 1745 3303 1815 Πνεῦμα
3355 1749 3456 1816 τῆς
3487 1748 3691 1816 φυσικῆς

2150 1834 2290 1905 πρὸς
2311 1835 2403 1888 τὸν
2433 1834 2659 1904 Πατέρα
2690 1836 2926 1907 σχέσεως
2962 1836 3037 1905 μὴ
3070 1836 3468 1908 ἀπειργούσης.
3499 1855 3517 1889 ι

2233 1925 2293 1979 ’0
2323 1925 2485 1989 αὐτὸς
2518 1927 2577 1979 ὲν
2605 1925 2684 1997 τῷ
2715 1928 2845 1997 περὶ
2887 1926 2981 1980 τοῦ
3023 1928 3182 1996 ἁγίου
3244 1927 3562 1996 Ιινεύματος
3583 1929 3697 1987 κατὰ

2149 2015 2569 2071 Μακεδονιανῶν
2616 2017 2759 2088 λόγῳ
2799 2018 2963 2088 φησιν
2986 2034 3004 2049 ο
3051 2038 3070 2071 ι
3131 2018 3254 2087 Ἐφ’
3280 2013 3359 2074 ὧν
3390 2021 3497 2088 γὰρ
3525 2020 3555 2089 ἡ
3586 2019 3700 2073 κατὰ

2149 2109 2356 2179 ἀγαθὸν
2397 2110 2647 2183 ἐνέργεια
2678 2110 2937 2181 οὐδεμίαν
2967 2111 3267 2166 ἐλάττωσιν
3325 2111 3420 2165 καὶ
3452 2111 3698 2181 παραλλας

2149 2178 2253 2273 γῆν
2294 2200 2432 2272 ἔχει,
2613 2204 2762 2255 ἐστιν
2800 2178 3021 2270 εὔλογον
3052 2202 3153 2273 τὴν
3187 2203 3333 2256 κατᾶ
3364 2207 3455 2255 τὸν
3498 2178 3697 2272 ἀριθμὸν

2148 2292 2304 2359 τάξιν
2333 2293 2686 2357 ὲλαττώσεώς
2716 2309 2863 2357 τινος
2896 2294 2930 2365 ἢ
2959 2295 3058 2365 τῆς
3084 2295 3225 2347 κατὰ
3254 2294 3420 2362 φύσιν
3449 2294 3695 2365 παραλλα-

2147 2387 2250 2454 γῆς
2275 2385 2483 2439 οἴεσθαι
2519 2388 2745 2457 σημεῖον
2775 2381 2913 2439 εἶναι
2944 2403 2958 2418 ·
2988 2384 3178 2455 ὥσπερ
3210 2386 3282 2439 ἂν
3313 2386 3372 2438 εί
3391 2403 3474 2447 τις
3499 2387 3553 2437 ὲν
3580 2386 3700 2455 τρισὶ

2148 2476 2399 2546 λαμπάσι
2424 2477 2763 2549 διῃρημένην
2794 2476 3011 2548 βλέπων
3048 2477 3145 2546 τὴν
3177 2477 3408 2549 πρώτην
3432 2476 3611 2546 φλόγα,
3633 2477 3699 2530 αί·

2147 2566 2268 2622 τίαν
2327 2567 2386 2622 δὲ
2429 2567 2607 2636 φωτὸς
2672 2566 2768 2621 τοῦ
2818 2569 3005 2638 τρίτου
3054 2568 3394 2639 ύποθὼμεθα
3445 2565 3575 2622 εἶναι
3621 2567 3698 2637 τὴν

2147 2658 2374 2729 πρώτην
2408 2659 2581 2729 φλόγα
2611 2660 2674 2713 ἐκ
2701 2658 2992 2724 διαδόσεως
3019 2658 3109 2714 διὰ
3134 2660 3231 2716 τοῦ
3278 2660 3447 2730 μέσου
3476 2660 3533 2713 τὸ
3559 2659 3698 2729 ἄκρον

2147 2749 2464 2821 ἐξάψασανο
2513 2751 2723 2805 ἔπειτα·
2743 2751 3148 2815 κατασκευάζει
3207 2750 3519 2815 πλεονάζων
3567 2753 3617 2803 ὲν
3645 2752 3695 2815 τῇ

2148 2844 2344 2915 πρώτῃ
2374 2844 2534 2912 φλογὶ
2566 2844 2664 2914 τὴν
2697 2842 3003 2914 Θερμασίαν
3023 2858 3037 2871 ·
3071 2844 3137 2912 τῇ
3165 2841 3211 2896 δ’
3234 2842 3439 2911 ἑφεξῆς
3462 2840 3697 2910 ὑποϐεϐη-

2149 2934 2323 2996 κὲναι,
2357 2936 2451 2987 καὶ
2484 2935 2621 3005 πρὸς
2652 2933 2712 2987 τὸ
2736 2934 2959 2991 ἔλαττον
2992 2933 3141 3003 ἔχειν
3168 2934 3272 3005 τὴν
3328 2933 3693 3004 παραλλαγήν·

2147 3029 2245 3096 τὴν
2279 3026 2335 3078 δὲ
2364 3029 2556 3095 τρίτην
2603 3025 2738 3097 μηδὲ
2771 3024 2880 3098 πῦρ
2934 3025 3016 3083 ἔτι
3046 3027 3388 3095 λογίζεσθαι,
3419 3026 3520 3080 κᾶν
3549 3043 3699 3096 παρα-

2149 3119 2394 3188 πλησίως
2423 3119 2553 3191 καίῃ
2594 3118 2689 3171 καὶ
2737 3117 2926 3190 φαίνῃ,
2966 3120 3059 3173 καὶ
3114 3118 3295 3173 πάντα
3332 3119 3402 3175 τὰ
3431 3116 3520 3172 τοῦ
3557 3119 3697 3188 unﬁt;

468 3231 628 3287 aequa
660 3215 875 3272 ratione
913 3215 1125 3283 aduret,
1160 3224 1216 3270 et
1242 3214 1546 3285 splendeat,
1574 3212 1867 3283 omniaque
1899 3210 2042 3283 ignis

2153 3210 2468 3282 ἐργάζηται.
2509 3228 2528 3261 ι

468 3319 747 3383 operetur.
781 3330 801 3365 ι

546 3403 784 3459 Sanctus
841 3401 1111 3459 Maximus
1155 3402 1209 3458 in
1245 3400 1630 3472 expositione,
1686 3418 1703 3452 ι
1762 3397 2047 3465 Quomodo

471 3493 701 3565 intelligi
737 3494 902 3550 debet
932 3507 1158 3549 aureum
1197 3491 1611 3551 candelabrum.
1643 3499 1698 3545 et
1726 3503 1890 3557 super
1913 3485 2044 3540 illud

468 3602 637 3658 parva
693 3587 942 3657 lampas,
992 3594 1047 3641 et
1102 3585 1361 3643 lucernae.
1400 3601 1419 3635 ι
1490 3581 1654 3636 tradit
1698 3598 1712 3634 :
1752 3598 1771 3630 ι
1808 3580 2046 3648 Spiritus

465 3679 611 3735 enim
679 3687 907 3734 sanctus
955 3676 1416 3746 quemadmodum
1482 3682 1674 3727 natura
1742 3671 2043 3726 secundum

469 3771 766 3828 essentiam
795 3780 902 3835 est,
933 3769 1030 3823 Dei
1061 3777 1115 3823 et
1143 3766 1342 3832 Patris,
1376 3766 1450 3820 ita
1494 3774 1549 3820 et
1579 3763 1701 3819 Filii
1742 3763 2043 3819 secundum

470 3864 768 3921 essentiam
826 3871 929 3927 est,
984 3869 1241 3929 tanquam
1270 3858 1363 3929 qui
1397 3873 1462 3912 ex
1492 3857 1653 3914 Patre
1683 3854 2045 3911 essentialiter

473 3972 572 4029 per
602 3955 801 4011 Filium
831 3953 1095 4023 genitum,
1128 3949 1310 4015 modo,
1345 3948 1440 4018 qui
1466 3945 1698 4018 exprimi
1732 3945 1911 4001 verbis
1936 3960 2041 3999 non

468 4057 671 4123 potest.
703 4045 1029 4117 procedens.
1069 4064 1088 4098 ι

543 4143 712 4197 Divus
737 4140 1001 4197 Tarasius
1036 4140 1100 4195 ad
1126 4140 1386 4209 praesules
1424 4146 1479 4193 et
1507 4134 1823 4192 sacerdotes
1851 4133 2045 4187 Antio-

468 4237 630 4300 οιιίειι,
670 4235 1034 4300 Alexandriae,
1076 4244 1129 4290 et
1145 4243 1346 4290 sancta:
1374 4232 1610 4288 civitatis
1631 4228 1886 4300 epistola,
1920 4242 2043 4296 qua:

470 4329 663 4400 incipit
706 4346 776 4384 ιι
820 4327 986 4383 Multa
1032 4336 1090 4381 et
1141 4340 1334 4393 magna
1384 4321 1726 4394 providentia
1777 4319 2042 4374 Dominus

466 4422 611 4478 Deus
642 4421 928 4476 hominum
959 4421 1101 4474 vitas
1146 4433 1343 4486 regens
1388 4427 1443 4471 et
1473 4416 1820 4485 protrahens,
1855 4430 1872 4462 ι
1919 4421 2043 4480 post

467 4515 640 4570 multa
684 4513 792 4568 alia
840 4511 1028 4567 subdit
1060 4527 1077 4572 ς
1114 4526 1132 4559 ι
1170 4507 1235 4562 Et
1263 4508 1317 4562 in
1349 4505 1610 4575 Spiritum
1648 4511 1899 4559 sanctum
1934 4499 2042 4554 Do-

2225 3392 2285 3445 Ὀ
2317 3391 2472 3460 ἅγιος
2520 3393 2771 3464 Μάξιμος
2802 3395 2862 3447 ὲν
2893 3388 2977 3457 οἷς
3026 3394 3348 3464 ἑρμηνεύει,
3385 3412 3406 3446 ι
3468 3392 3536 3448 ,Τί
3583 3390 3696 3462 δῆτα

2112 3483 2398 3554 ,βούλεται
2427 3485 2505 3555 τῷ
2541 3487 2797 3556 προφήτῃ
2826 3485 3073 3556 Ζαχαρία
3119 3487 3152 3557 ἡ
3182 3486 3370 3557 χρυσῆ
3405 3486 3581 3556 λυχνία
3616 3484 3693 3536 καὶ

2143 3579 2204 3631 τὸ
2233 3580 2320 3633 ἐπ’
2352 3580 2488 3650 αἱ)τῇ
2513 3580 2837 3649 λαμπάδιον,
2866 3580 2958 3633 καὶ
2997 3579 3045 3631 οἱ
3076 3578 3283 3650 λύχνοι,
3323 3599 3341 3632 ι
3379 3578 3558 3651 φησίν·
3594 3596 3610 3629 ι
3636 3576 3696 3630 Τὸ

2146 3674 2257 3740 γὰρ
2315 3671 2543 3741 Πνεῦμα
2582 3672 2641 3725 τὸ
2672 3670 2850 3739 ἅγιον,
2909 3670 3100 3741 ὥσπερ
3142 3670 3306 3740 φύσει
3365 3670 3484 3723 κατ’
3534 3670 3693 3723 οὐσίαν

2146 3766 2381 3836 ὑπάρχει
2412 3765 2504 3823 τοῦ
2547 3765 2681 3819 Θεοῦ
2718 3768 2811 3818 καὶ
2852 3766 3085 3835 Πατρδς,
3132 3763 3279 3818 οὕτω
3315 3766 3412 3819 καὶ
3442 3763 3530 3818 τοῦ
3582 3761 3692 3816 Tim}

2145 3860 2266 3912 κατ’
2315 3857 2502 3911 οὐσίαν
2531 3860 2700 3922 ἐστὶν,
2746 3857 2821 3921 ὡς
2869 3861 2935 3911 ἐκ
2970 3858 3064 3910 τοῦ
3105 3858 3319 3927 [ἰατρὸς
3358 3856 3617 3918 οὖσιωδῶς
3634 3854 3691 3907 δι’

2144 3945 2274 3999 Υίοῦ
2304 3948 2649 4018 γεννηθέντος
2681 3949 2973 4017 ἀφράστως
3021 3947 3479 4020 ἐκπορευόμενον.
3523 3965 3540 3998 ι

2222 4132 2281 4185 '0
2334 4131 2473 4193 θεῖος
2523 4130 2797 4200 Ταράσιος
2868 4132 2926 4183 ὲν
2962 4132 3026 4200 τῇ
3102 4131 3239 4201 πρὸς
3297 4131 3564 4201 ἀρχιερεῖς
3616 4128 3690 4179 καὶ

2146 4230 2311 4298 ἱερεῖς
2331 4230 2427 4297 τῆς
2447 4226 2801 4297 Ἀντιοχείας,
2827 4226 3255 4296 Ἀλεξανδρείας,
3283 4229 3380 4281 καὶ
3419 4226 3516 4296 τῆς
3560 4225 3690 4291 ἁγίας

2144 4322 2350 4385 πόλεως
2384 4319 2665 4387 ἐπιστολῇ,
2692 4313 2761 4389 ἦς
2786 4319 2819 4389 ἠ
2840 4320 3002 4389 ἁρχὴ,
3034 4336 3054 4370 ι
3079 4318 3310 4382 Πολλαῖς
3337 4319 3431 4372 καὶ
3465 4316 3690 4387 μεγάλαις

2143 4412 2417 4483 προνοίαις
2449 4412 2648 4482 Κύριος
2678 4411 2853 4473 όΘεὸς
2889 4412 3015 4475 τοὺς
3060 4409 3170 4467 τῶν
3212 4408 3516 4480 ἀνθρώπων
3566 4405 3687 4475 βίους

2143 4502 2440 4556 διευθύνων
2470 4517 2527 4554 τε
2554 4501 2650 4554 καὶ
2675 4501 2962 4567 διεξάγων,
3001 4518 3020 4552 ι
3053 4498 3191 4570 μετὰ
3219 4500 3392 4553 πολλὰ
3433 4497 3583 4568 ἕτερά
3610 4513 3688 4563 φη·

466 4604 672 4658 ntinum
712 4612 767 4657 et
799 4599 1189 4662 viviﬁcantem,
1238 4598 1329 4667 qui
1375 4613 1440 4650 cx
1489 4594 1648 4648 Patre
1694 4608 1788 4662 per
1839 4589 2038 4645 Filium

2153 4611 2231 4648 σιν
2259 4610 2274 4626 ο
2306 4613 2323 4646 ι
2362 4594 2468 4647 Καὶ
2498 4594 2577 4655 είς
2601 4593 2661 4644 τὸ
2688 4592 2913 4661 Πνεῦμα
2945 4591 3003 4645 τὸ
3037 4593 3214 4659 ἅγιον,
3234 4593 3293 4645 τὸ
3326 4594 3392 4646 ἐκ
3423 4591 3615 4660 Πατρδς
3636 4588 3686 4639 δι’

468 4694 735 4765 procedit,
765 4700 819 4747 et
851 4691 996 4746 Deus
1026 4705 1147 4745 esse
1177 4689 1550 4757 cognoscitur.
1589 4707 1607 4739 ι

540 4884 771 4954 Magnus
817 4881 1177 4945 Athanasius,
1224 4881 1291 4933 ad
1337 4877 1692 4949 Serapionem
1726 4875 1794 4931 de
1830 4873 2037 4946 Spiritu

465 4987 656 5033 sancto
688 4974 947 5046 epistola,
977 4974 1137 5042 cujus
1182 4972 1508 5041 principium
1546 4988 1560 5024 :
1600 4989 1619 5023 t
1657 4967 1917 5023 Fortasse
1945 4967 2042 5020 ad-

466 5068 783 5127 miraberis.
831 5065 1109 5135 quomodo
1156 5063 1502 5133 praecipiens,
1545 5080 1563 5113 ι
1611 5060 1844 5116 scribit:
1884 5077 1903 5109 ι
1938 5058 2042 5113 Ne-

465 5179 572 5230 que
600 5162 744 5215 enim
778 5170 929 5213 extra
964 5156 1202 5211 Verbum
1237 5154 1472 5223 Spiritus
1497 5165 1603 5217 est,
1641 5152 1736 5208 sed
1770 5152 1823 5206 in
1859 5149 2039 5207 Verbo

466 5254 759 5316 exsistt-ns,
804 5252 855 5304 in
890 5250 999 5303 Deo
1036 5264 1131 5318 per
1166 5248 1337 5318 ipsum
1371 5255 1477 5302 est.
1510 5263 1527 5298 ι
1565 5244 1629 5298 Ει
1657 5243 1847 5314 paucis
1873 5244 2042 5298 inter-

473 5347 636 5416 iretis
670 5365 683 5399 :
721 5365 738 5396 ι
773 5343 1009 5413 Spiritus
1039 5357 1166 5395 vero
1207 5355 1331 5393 cum
1368 5339 1426 5393 lit
1476 5339 1528 5392 in
1565 5337 1762 5400 Verbo,
1808 5336 2040 5392 manife-

465 5452 612 5498 stum
652 5440 819 5493 fuerit
855 5437 909 5490 in
940 5434 1051 5489 Deo
1088 5433 1254 5489 fuisse
1284 5448 1378 5502 per
1417 5430 1654 5485 Vettium
1694 5429 1979 5499 Spiritum.
2016 5448 2034 5479 ι

535 5533 836 5600 Gregorius
864 5530 1147 5600 Nyssenus
1193 5527 1437 5581 oratione
1469 5525 1641 5593 prima
1677 5522 2040 5577 Atttirrlietica

468 5634 733 5696 adversus
770 5622 1121 5683 Ettuomiunt,
1171 5636 1294 5688 qttze
1341 5617 1530 5687 incipit
1565 5636 1578 5671 :
1614 5636 1630 5666 ι
1669 5614 1830 5678 Fieri,
1866 5631 1895 5668 tt
1961 5614 2042 5666 vi-

468 5722 649 5781 detur,
686 5733 790 5770 tinn
839 5722 1037 5783 potest,
1085 5724 1140 5766 ut
1187 5710 1279 5781 qui
1354 5708 1420 5763 de
1454 5709 1711 5763 omnibus
1743 5707 1878 5760 bene
1933 5718 2043 5758 me-

468 5811 599 5869 teri,
639 5829 654 5858 ι
713 5807 889 5862 dicit:
930 5825 947 5858 ι
986 5805 1148 5859 Pater
1202 5803 1423 5872 quidem
1474 5800 1594 5856 sine
1641 5798 1935 5869 principio,
1990 5804 2040 5850 et

466 5900 763 5973 ingenitus,
795 5910 847 5952 ct
884 5911 1100 5966 semper
1132 5895 1291 5961 Pater
1328 5894 1686 5966 intelligitur;
1728 5909 1790 5945 rx
1825 5908 1888 5944 co
1914 5905 2042 5946 vero

2146 4686 2275 4751 Υίοῦ
2312 4683 2773 4755 ἐκπορεύομενον,
2804 4684 2902 4737 καὶ
2933 4684 3067 4737 αὐτὸ
3098 4683 3231 4751 Θεὸν
3284 4680 3428 4738 εἶναι
3463 4679 3687 4751 γνωριζό-

2148 4797 2326 4853 μενον.
2662 4772 2669 4773 ί

2222 4873 2280 4928 '0
2312 4872 2487 4942 μέγας
2529 4870 2852 4933 Ἀθανάσιος
2877 4870 2935 4924 ἐν
2966 4872 3032 4941 τῇ
3065 4869 3201 4941 πρὸς
3231 4868 3544 4940 Σεραπίωνα
3582 4863 3685 4932 περὶ

2142 4964 2239 5019 τοῦ
2273 4964 2433 5034 ἁγίου
2462 4962 2779 5032 Πνεύματος
2815 4963 3117 5032 ἐπιστολῇ,
3141 4956 3207 5032 ἦς
3243 4963 3278 5031 ἡ
3302 4961 3467 5030 ἀρχὴ,
3504 4977 3521 5009 ι
3552 4959 3684 5017 Ἴσως

2144 5056 2444 5128 θαυμάσεις
2461 5055 2577 5118 πῶς
2602 5054 3030 5122 ἐντει).άμενος,»
3054 5053 3217 5121 φησίν
3240 5072 3252 5082 ·
3287 5072 3306 5105 ι
3336 5054 3410 5105 Oti
3438 5051 3536 5121 γὰρ
3558 5048 3683 5106 ἐκτός

2144 5153 2262 5204 ἐστι
2301 5145 2395 5204 τοῦ
2429 5148 2604 5216 Λόγου
2638 5148 2701 5201 τὸ
2730 5145 2976 5216 Πνεῦμα,
3014 5146 3129 5199 ἀλλ’
3164 5148 3221 5198 ἐν
3252 5146 3329 5214 τῷ
3364 5145 3515 5211 Λόγῳ
3539 5141 3608 5201 ὃν,
3636 5141 3680 5190 ἐν

2142 5241 2221 5312 τῷ
2277 5240 2396 5307 Θεῷ
2440 5238 2507 5292 δι’
2539 5237 2703 5306 αὐτοῦ
2741 5240 2909 5295 ἐστιν.
2940 5255 2958 5288 ι
3001 5239 3109 5290 Καὶ
3165 5238 3282 5307 μετ’
3332 5237 3504 5304 ὀλίγα·
3540 5251 3555 5285 t
3594 5226 3679 5284 Τοῦ

2143 5337 2201 5391 δὲ
2246 5336 2563 5404 Πνεύματος
2602 5332 2752 5397 ὄντος
2786 5333 2840 5384 ἐν
2879 5331 2956 5402 τῷ
2992 5332 3172 5402 Λόγῳ,
3206 5332 3364 5401 δῆλον
3423 5331 3485 5383 ἂν
3515 5328 3591 5395 εἴη
3618 5324 3676 5385 ὥς

2145 5430 2238 5481 καὶ
2265 5430 2321 5484 ὲν
2352 5425 2430 5495 τῷ
2456 5424 2575 5495 Θεῷ
2604 5418 2672 5494 ἦν
2710 5423 2797 5475 διὰ
2830 5423 2923 5476 τοῦ
2954 5424 3130 5499 Λόγου
3160 5425 3219 5476 τὸ
3247 5423 3484 5491 Πνεῦμα.
3520 5438 3538 5471 ι

2222 5520 2283 5574 Ὀ
2317 5518 2541 5586 Νύσσης
2567 5516 2870 5587 Γρηγόριος
2893 5516 2949 5568 ὲν
2976 5516 3052 5585 τῷ
3083 5515 3286 5587 πρώτῳ
3313 5515 3419 5567 τῶν
3446 5512 3567 5580 πρὸς
3595 5506 3676 5559 Εὐ-

2146 5614 2332 5683 νόμιον
2391 5601 2930 5681 ’Λντιρῤητικῶν,οὗ
2989 5608 3021 5677 ἡ
3078 5608 3243 5679 ἀρχὴ,
3283 5626 3301 5659 ι
3347 5607 3454 5660 Ούκ
3494 5599 3572 5665 ἦν,
3615 5597 3675 5657 ὡς

2146 5703 2311 5763 ἔοικε,
2336 5701 2395 5753 τὸ
2414 5702 2619 5761 πάντας
2649 5697 2852 5751 ὲοέλειν
2874 5698 3203 5769 εὐεργετεῖν,
3237 5716 3254 5748 ›
3276 5696 3405 5766 φησέ
3433 5711 3446 5726 ο
3471 5713 3488 5746 ι
3519 5686 3671 5757 Πατὴρ

2150 5797 2246 5867 μὲν
2271 5796 2503 5867 ἄναρχος
2530 5794 2622 5845 καὶ
2641 5791 2931 5862 ἀγέννητο;
2959 5792 3159 5843 νοεῖται
3185 5805 3199 5821 ⁶
3226 5790 3283 5857 ἐξ
3308 5786 3464 5843 αὐτοῦ
3490 5784 3539 5837 δὲ
3556 5776 3668 5834 κατὰ

2147 5890 2206 5944 τ’)
2240 5887 2503 5961 προσεχὲς
2538 5884 2874 5949 ἀδιαστάτως
2901 5884 2926 5937 ὀ
2956 5871 3253 5956 μονογενὴς
3280 5881 3405 5945 Υἱὸς
3431 5876 3498 5949 τῷ
3530 5867 3667 5939 [lupi

3197 5968 3231 5995 Ο
