3882 6576
400 414 509 479 635

1442 414 1654 479 IOAN.
1696 415 1914 478 VECCl
1951 415 2061 477 CP.
2101 416 2619 481 PATRIARCHJE

3539 429 3627 493 6’36

398 534 660 587 adversus
692 530 1044 598 Eunontium,
1077 547 1199 603 qua:
1240 532 1435 603 incipit
1478 551 1492 588 :
1549 551 1568 586 ι
1606 532 1770 598 Fieri,
1800 544 1862 589 ut
1894 535 1969 586 vi-

2089 533 2352 606 Εὐνόμιον
2398 537 2856 609 ’Λντιρῤητικῶν,
2909 538 2970 593 οὗ
2998 540 3031 610 ἡ
3065 539 3226 612 ἁρχὴ.
3260 559 3281 592 ι
3318 540 3431 595 Οὐκ
3462 537 3544 613 ἦν,
3566 547 3628 611 ὡς

398 625 579 689 detur,
604 638 710 679 non
740 634 938 695 potest,
961 636 1018 680 ut
1044 625 1136 697 qui
1168 624 1235 681 de
1260 627 1517 683 onmibus
1543 627 1682 682 bene
1706 626 1925 691 mereri,
1953 646 1970 679 ι

398 717 587 772 scribit
620 734 634 769 :
676 736 697 769 ι
725 717 893 776 Pater
927 718 1147 784 quidem
1200 720 1321 774 sine
1351 719 1643 789 principio,
1689 729 1741 775 et
1769 719 1978 789 ingeni-

399 818 507 872 tus,
546 819 599 863 et
639 825 854 880 semper
896 811 1058 867 Pater
1099 812 1460 880 intelligitur;
1494 827 1562 867 ex
1599 826 1667 867 eo
1718 827 1847 866 vero
1877 812 1981 865 im-

397 902 633 957 mediate
683 912 737 957 et
778 905 1010 960 indivise
1062 905 1377 973 nnigenitus
1421 904 1595 960 Filius
1642 920 1767 959 cum
1818 904 1978 959 Patre

396 996 558 1049 simul
600 997 955 1066 intelligitur;
1013 1013 1110 1068 per
1165 997 1309 1051 hunc
1347 1008 1530 1052 autem
1579 1007 1631 1053 et
1672 1013 1797 1054 cum
1838 1000 1977 1066 ipso,

396 1097 686 1157 antequam
722 1089 900 1145 inanis
941 1099 995 1145 et
1041 1105 1149 1145 non
1193 1091 1501 1147 subsistens
1550 1092 1605 1144 in
1654 1091 1834 1145 medio
1863 1106 1980 1161 per-

396 1180 572 1248 ceptio
627 1182 851 1246 incidat,
905 1182 1088 1238 statim
1167 1182 1407 1253 Spiritus
1454 1192 1679 1239 sanctus
1735 1181 1972 1252 junctim

397 1273 719 1341 concipitur,
773 1290 880 1328 non
915 1284 1037 1345 post
1060 1276 1258 1329 Filium
1301 1275 1621 1331 exsistentia
1657 1274 1971 1329 subsistens

397 1377 456 1420 ut
489 1366 782 1435 aliquando
819 1366 1148 1438 Unigenitus
1196 1370 1402 1439 absque
1448 1370 1658 1438 Spiritu
1690 1367 1971 1437 concipia-

396 1466 506 1522 tur,
543 1458 636 1513 sed
670 1473 736 1512 ex
766 1474 944 1514 rerum
969 1462 1209 1516 omnium
1233 1463 1343 1517 Deo
1366 1471 1421 1517 et
1450 1462 1566 1532 ipse
1592 1476 1703 1516 sute
1727 1461 1981 1516 essentia:

395 1564 613 1603 causam
647 1550 872 1616 habens,
901 1553 1045 1607 unde
1063 1562 1117 1608 et
1152 1553 1496 1624 Unigenilum
1529 1553 1713 1608 lumen
1776 1554 1976 1620 oritur,

396 1656 492 1723 per
510 1656 698 1697 verum
738 1653 920 1699 autem
963 1647 1144 1700 lumen
1183 1647 1497 1703 elucesccns
1521 1646 1781 1717 Spiritus,
1806 1661 1979 1716 neque

394 1733 683 1797 distantias,
729 1737 905 1806 neque
945 1749 1153 1792 natura:
1196 1739 1510 1795 diversitate
1555 1754 1587 1794 a
1633 1738 1816 1803 Patre,
1862 1738 1980 1794 sive

393 1824 463 1878 ab
493 1823 777 1894 Unigenito
803 1826 941 1882 Filio
962 1828 1243 1894 dividitur,
1267 1833 1352 1887 vel
1385 1831 1712 1902 Sejttngitur.
1760 1849 1782 1883 ι

2086 624 2253 691 ἔοικε,
2275 626 2334 681 τὸ
2356 627 2564 693 πάντας
2596 629 2802 685 ἐθέλειν
2826 632 3157 702 εὐεργετεῖν,
3190 651 3209 683 ι
3239 634 3405 705 φησιν
3429 649 3443 663 ⁸
3474 653 3492 687 ι
3529 637 3629 691 [l1-

2086 718 2193 789 τὴρ
2234 720 2333 789 μὲν
2361 720 2599 792 ἄναρχος
2630 723 2726 776 καὶ
2754 724 2823 791 ἀγ
2836 722 3056 794 ἐννητος
3079 727 3285 779 νοεῖται
3321 742 3338 758 ο
3373 724 3432 792 ἐξ
3484 728 3631 783 αὐτού

2084 808 2141 863 δὲ
2170 812 2313 864 κατὰ
2333 812 2395 865 τὸ
2428 815 2695 885 προσεχὲς
2732 815 3076 880 ἀδιαστάτως
3115 819 3143 871 ὀ
3187 819 3482 888 μονογενὴς
3528 820 3636 885 Υἱὸς

2086 901 2164 972 τῷ
2201 903 2378 975 Πατρὶ
2410 909 2832 972 συνεπινοεῑται,
2864 908 2935 962 δι’
2964 909 3130 963 αὐτοῦ
3175 909 3232 963 δὲ
3270 910 3370 962 καὶ
3406 910 3519 978 μετ’
3547 914 3631 964 αὐ-

2087 995 2185 1049 τοῦ
2216 998 2349 1067 πρίν
2409 1014 2463 1050 τι
2511 999 2667 1053 κενόν
2720 1016 2780 1053 τε
2837 1000 2932 1054 καὶ
2985 1002 3361 1055 ἀνυπόστατον
3403 1001 3636 1077 διαμέσου

2088 1092 2469 1159 παρεμπεσεῖν
2509 1091 2689 1160 νόημα
2730 1091 2896 1156 εὐθὺς
2925 1092 3021 1147 καὶ
3050 1095 3112 1146 τὸ
3146 1093 3377 1163 Πνεῦμα
3406 1093 3465 1147 τὸ
3493 1093 3630 1160 ἅγιον

2088 1178 2456 1251 συνημμένως
2494 1183 3033 1253 καταλλαμσάνεται,
3064 1185 3165 1255 οὐχ
3192 1184 3482 1253 ὑστερίζον
3508 1186 3630 1238 κατά

2088 1274 2187 1343 τὴν
2213 1272 2447 1344 ὓπαρξιν
2498 1277 2639 1346 μετὰ
2678 1278 2767 1330 τὸν
2814 1278 2967 1345 Υἱὸνν,
3027 1277 3170 1331 ὥστε
3201 1277 3335 1331 ποτὲ
3361 1278 3453 1332 τὸν
3481 1279 3637 1333 Μονο-

2084 1366 2220 1436 γενῆ
2264 1367 2389 1437 δίχα
2429 1367 2522 1421 τοῦ
2580 1369 2901 1440 Πνεύματος
2950 1371 3244 1441 νοηθῆναι,
3319 1369 3434 1423 ἀλλ’
3463 1373 3522 1423 ἐκ
3555 1373 3637 1440 μὲν

2085 1458 2181 1511 τοῦ
2212 1458 2350 1513 Θεοῦ
2392 1460 2501 1514 τῶν
2533 1460 2672 1516 ὅλων
2703 1463 2801 1516 καὶ
2832 1462 2966 1518 αὐτὸ
3020 1462 3122 1535 τὴν
3160 1461 3348 1517 αἰτίαν
3395 1462 3513 1532 ἔχον
3555 1464 3636 1517 τοῦ

2086 1548 2244 1616 εἶναι,
2280 1552 2403 1607 ὅθεν
2431 1555 2527 1610 καὶ
2567 1556 2630 1608 τὸ
2675 1556 2974 1624 μονογενὲς
3007 1557 3129 1610 ἑστι
3178 1556 3321 1625 φῶς,
3354 1555 3445 1609 διὰ
3469 1556 3523 1609 δὲ
3557 1556 3638 1610 τοῦ

2084 1642 2341 1715 ἀληθινοῦ
2392 1647 2574 1716 φωτὸς
2607 1648 2926 1720 ἐκλάμψαι),
2967 1648 3096 1703 οὔτε
3128 1649 3494 1719 διαστήματι,
3529 1649 3637 1705 οὐτε

2086 1737 2301 1806 φύσεως
2352 1738 2632 1811 ἑτερότητι
2680 1739 2777 1793 τοῦ
2818 1740 3054 1812 Πατρδς,
3106 1739 3140 1809 ἢ
3174 1739 3273 1794 τοῦ
3320 1740 3641 1808 Μονογενοῦς

2085 1829 2480 1899 ἀποτέμνεται.
2515 1849 2536 1882 ι

466 1914 614 1970 ldem
662 1918 801 1974 lihro
852 1931 1050 1990 quarto
1082 1923 1349 1979 adversus
1396 1924 1774 1990 Eunominm,
1820 1925 1970 1997 cuius

2158 1921 2238 1975 ⁸0·
2258 1924 2423 1986 αὐτὸς
2453 1924 2512 1977 ὲν
2538 1923 2618 1996 τῷ
2644 1923 2689 1977 δ’
2710 1924 2819 1978 τῶν
2842 1923 2965 1978 κατ’
3006 1925 3305 1995 Εὐνομῐου,
3337 1916 3402 1979 οὗ
3434 1925 3465 1994 ἡ
3495 1925 3643 1995 ἀρχὴ.

396 2006 769 2076 principium:
806 2028 824 2061 ι
861 2008 982 2065 Jam
1031 2021 1246 2083 tempus
1278 2025 1363 2069 est
1387 2024 1440 2071 et
1465 2017 1703 2085 generati
1722 2027 1979 2070 naturam

393 2102 733 2167 exatninare,
764 2122 784 2155 ι
831 2103 1053 2174 inquit:
1097 2126 1115 2160 ι
1157 2108 1294 2163 Cum
1325 2110 1467 2177 apud
1513 2125 1617 2166 nos
1653 2110 1975 2165 inconfesso

391 2194 463 2247 sit
515 2193 635 2248 Filii
664 2195 809 2266 :erga
872 2195 1093 2253 Patrem
1139 2198 1492 2270 coniunctum
1532 2210 1589 2257 et
1642 2201 1968 2268 indivisum,

393 2284 467 2338 ita
505 2295 563 2340 ut
586 2286 727 2342 inter
749 2302 845 2344 eos
876 2289 1086 2344 nullum
1124 2292 1361 2347 medium
1391 2292 1775 2349 interscratur.
1817 2312 1835 2344 ι

459 2473 608 2529 Idem
640 2475 674 2529 8
703 2475 965 2534 adversus
991 2478 1346 2543 Eunomium.
1393 2479 1555 2551 cujus
1583 2480 1912 2551 principium
1958 2497 1975 2537 :

395 2584 416 2618 ι
458 2565 648 2623 Valida
728 2570 899 2639 igitur
949 2570 1207 2626 Eunomii
1261 2573 1376 2627 haec
1425 2582 1595 2640 sunt,
1656 2576 1975 2646 r-inquit:

401 2676 423 2709 ι
458 2656 650 2730 Neque
701 2662 849 2717 enim
896 2663 1210 2719 immediata
1255 2665 1359 2721 ista
1401 2666 1737 2738 contiguilas
1795 2667 1974 2737 rejicit

390 2753 723 2809 voluntatem
794 2754 999 2820 Patris,
1027 2756 1186 2825 quasi
1225 2757 1333 2812 iste
1363 2768 1572 2813 natura:
1604 2760 1839 2829 quadam
1875 2775 1978 2815 nco

389 2845 649 2899 cessitate
677 2846 888 2916 absque
922 2847 1094 2901 libera
1116 2848 1384 2903 electione
1416 2849 1611 2903 Filium
1639 2850 1910 2905 habuerit.
1946 2869 1965 2902 ι

390 2934 460 2990 Et
499 2937 779 2991 nonnullis
822 2938 1052 2995 annexis
1090 2956 1106 2993 :
1151 2958 1170 2991 ι
1215 2940 1537 2995 Immediata
1569 2951 1650 2995 est
1696 2942 1820 2996 Filii
1843 2957 1972 3013 erga

390 3024 609 3081 Patrem
666 3030 1009 3098 coniunctio,
1061 3045 1164 3087 nec
1203 3033 1485 3102 repellitur
1526 3032 1594 3087 ab
1647 3033 1971 3089 indivisibili

390 3118 782 3187 conjunctione
803 3121 1119 3187 consilium,
1143 3137 1269 3189 cum
1302 3122 1434 3177 illud
1461 3123 1745 3188 inhaereat,
1775 3139 1876 3181 nec
1897 3126 1971 3182 sit

390 3219 544 3267 extra
572 3211 771 3267 bonam
799 3222 1072 3268 naturam.
1111 3232 1131 3265 ι

458 3304 693 3361 Sanctus
720 3306 959 3377 Cyrillus
994 3308 1048 3363 in
1086 3324 1197 3364 uno
1227 3324 1293 3365 ex
1320 3311 1595 3381 capitibus
1646 3313 1770 3369 libri
1806 3314 1967 3384 primi

391 3392 828 3462 Thcsaurorum,
882 3397 1000 3453 ait:
1046 3417 1065 3451 ι
1101 3398 1339 3456 General
1379 3400 1541 3457 Pater
1583 3402 1785 3459 Filium
1819 3405 1969 3461 nullo

390 3486 711 3557 interposito
738 3490 937 3545 medio.
975 3510 996 3543 ι

464 3578 608 3634 Idem
657 3581 713 3635 in
761 3580 970 3636 dictum
1007 3598 1022 3636 :
1061 3598 1080 3633 ι
1116 3580 1215 3637 llic
1262 3592 1382 3638 erat
1409 3585 1463 3638 in
1510 3586 1781 3657 principio
1824 3589 1963 3658 apud

392 3669 563 3724 Deum
608 3669 675 3735 “,
740 3689 761 3723 ι
833 3672 888 3726 in
937 3672 1283 3742 expositione
1325 3672 1602 3745 Evangelii
1662 3679 1964 3733 secundum

388 3756 650 3814 Joannem
671 3802 685 3824 ,
724 3761 799 3815 ait
832 3778 849 3814 :
885 3779 904 3814 ι
936 3761 1253 3819 lmmediate
1299 3771 1355 3819 et
1388 3767 1645 3837 contigue
1669 3778 1755 3823 est
1791 3768 1962 3825 Filius

390 3849 445 3904 in
484 3850 594 3903 Deo
626 3859 682 3906 et
710 3849 895 3906 Patre.
934 3863 971 3921 ιλ

460 3944 607 3997 Idem
642 3944 697 3997 in
748 3945 880 3999 illud
910 3944 1115 4001 dictum
1146 3964 1160 4000 :
1216 3968 1235 4001 ι
1264 3948 1456 4007 Omnia
1481 3969 1579 4025 per
1612 3957 1788 4025 ipsum
1822 3956 1965 4013 facta

390 4046 522 4091 sunt
554 4037 618 4102 ³⁸,
657 4054 676 4089 ι
724 4035 859 4092 dicit
893 4056 907 4093 :
965 4058 983 4091 ι
1027 4038 1147 4095 Una
1182 4056 1307 4097 cum
1343 4043 1503 4101 Patre
1531 4047 1727 4103 Filium
1761 4051 1965 4105 intelli-

393 4129 574 4196 gimtts
603 4140 823 4201 propter
852 4133 1106 4187 essentiae
1152 4135 1674 4205 immutabilitatcm,
1704 4150 1758 4197 et
1784 4143 1967 4197 excel-

392 4222 696 4277 lentissimo
722 4223 882 4278 modo
917 4225 1356 4294 continuitatem,
1416 4238 1471 4284 et
1502 4232 1963 4289 immediationem

392 4313 564 4383 ipsius
594 4330 716 4369 cum
764 4316 877 4382 illo,
923 4332 989 4373 ex
1023 4334 1134 4388 quo
1174 4320 1494 4396 naturaliter
1528 4325 1895 4394 progreditur.
1939 4345 1959 4379 ι

392 4405 459 4459 Ει
505 4408 692 4475 paucis
738 4410 966 4466 annexis
1008 4427 1022 4463 :
1082 4429 1101 4463 ι
1148 4411 1386 4467 Verbum
1429 4415 1655 4471 enimet
1700 4418 1965 4488 sapientia

392 4499 563 4557 Filius
589 4511 692 4566 est,
722 4503 868 4572 quod
900 4519 966 4558 ex
998 4512 1178 4559 mente
1204 4515 1259 4559 et
1292 4508 1345 4561 in
1384 4516 1565 4563 mente
1588 4511 1874 4577 continue,
1911 4522 1966 4566 et

2089 2031 2109 2067 ι
2150 2015 2359 2086 Καιρὸς
2391 2015 2451 2069 δ’
2493 2017 2564 2070 ἂν
2593 2015 2679 2086 εἴη
2709 2019 2807 2071 καὶ
2859 2018 2961 2089 τὴν
3000 2019 3132 2089 περὶ
3165 2017 3264 2071 τοῦ
3327 2018 3642 2086 γεννήματος

2082 2104 2338 2171 ἐξετάσαι
2367 2104 2747 2175 φύσιολογῐαν,
2777 2126 2798 2161 ι
2833 2108 2999 2178 φησιν
3021 2123 3037 2140 ο
3073 2126 3093 2160 ι
3146 2108 3375 2177 Ἐπειδὴ
3407 2109 3501 2161 καὶ
3530 2108 3643 2178 παρ’

2083 2195 2239 2267 ἡμῶν
2267 2196 2610 2268 ὁμολογεῖται
2635 2198 2727 2252 τοῦ
2758 2199 2886 2254 Υἱοῦ
2912 2200 2973 2254 τδ
3003 2201 3138 2270 προς
3157 2201 3252 2253 τὸν
3277 2199 3495 2270 Πατέρα
3524 2216 3639 2253 συν-

2082 2290 2217 2360 αφές
2258 2307 2317 2344 τε
2362 2293 2456 2345 καὶ
2483 2292 2805 2362 ἀμέριστον,
2835 2291 2908 2358 ὡς
2972 2292 3140 2364 μηδὲν
3167 2288 3401 2347 εἶναιτὸ
3444 2292 3528 2347 διὰ
3557 2292 3640 2360 μέ·

2084 2398 2178 2434 σου
2207 2380 2414 2436 τούτων
2451 2384 2945 2455 παρενειρόμενον.
2986 2404 3007 2438 ι

2166 2473 2225 2527 ’0
2249 2474 2411 2537 αὐτὸς
2440 2477 2499 2527 ὲν
2545 2476 2626 2546 τῷ
2649 2482 2702 2547 η’
2732 2477 2842 2531 τῶν
2888 2478 3027 2548 πρὸς
3057 2477 3334 2547 Εὐνόμιον
3351 2478 3512 2548 λόγῳ.
3536 2471 3590 2531 οὗ
3612 2479 3639 2548 ἡ

2079 2565 2251 2637 ἀρχὴ,
2279 2583 2298 2617 ι
2331 2566 2414 2619 Τὰ
2444 2567 2544 2636 μὲν
2574 2564 2668 2621 οὖν
2699 2569 2896 2638 ἰσχυρὰ
2919 2568 3015 2623 τοῦ
3046 2569 3321 2640 Εὐνομῑου
3364 2568 3599 2634 τοιαῦτα,
3619 2587 3637 2622 ι

2085 2660 2282 2729 φησίν·
2317 2678 2335 2711 ι
2376 2660 2512 2712 υύδὲ
2541 2662 2650 2729 γὰρ
2683 2662 2718 2732 ἡ
2746 2662 2950 2731 ἄμεσος
2981 2661 3122 2730 αὕτη
3155 2662 3433 2732 συνάφεια
3466 2662 3642 2716 £2611-

2078 2749 2160 2802 λει
2187 2751 2285 2820 τὴν
2308 2752 2566 2822 βούλησιν
2591 2753 2687 2807 τοῦ
2725 2754 2961 2824 Πατρδς,
2990 2754 3067 2818 ὡς
3115 2755 3261 2809 κατά
3287 2772 3415 2809 τινα
3447 2755 3641 2825 φύσεως

2085 2842 2335 2912 ἀνάγκην
2389 2844 2771 2915 ἀπροαιρέτως
2814 2846 2906 2899 τὸν
2941 2846 3070 2899 Υἱδν
3098 2847 3428 2918 ἐσχηκότος.
3486 2867 3505 2901 ι
3543 2849 3637 2903 Καὶ

2077 2936 2215 3006 μετά
2246 2953 2367 2990 τινα
2398 2952 2413 2968 ·
2507 2938 2779 3008 «Ἀμεοός
2811 2940 2960 2993 ἐστιν
2992 2939 3137 3011 ἡτοῧ
3200 2940 3338 2996 Υἱοῦ
3402 2940 3536 3011 πρὸς
3556 2941 3636 2993 τὸν

2075 3028 2301 3099 Πατέρα
2345 3029 2633 3098 συνάφεια,
2661 3032 2754 3083 καὶ
2775 3033 2875 3084 οὐκ
2920 3030 3211 3099 ἐξωθεῖται
3239 3034 3350 3087 ἀπὸ
3393 3033 3491 3103 τῆς
3507 3031 3643 3088 ἀδιαο

2076 3119 2275 3173 στάτου
2297 3119 2596 3190 συναφείας
2632 3120 2883 3194 βούλημα
2915 3123 2981 3178 τὸ
3002 3125 3068 3195 τῇ
3098 3121 3281 3195 ἀγαθῇ
3323 3122 3485 3194 φύσει
3508 3124 3640 3187 ἐντὸς

1997 3249 2041 3307 c
2073 3212 2402 3282 ἐνυπάρχον.
2431 3232 2450 3265 ι

2165 3303 2223 3357 '0
2251 3306 2405 3374 ἅγιος
2462 3305 2731 3377 Κύριλλος
2785 3308 2843 3360 ὲν
2900 3308 2984 3362 ἑνὶ
3026 3308 3140 3362 τῶν
3191 3309 3509 3379 κεφαλαίων
3556 3308 3639 3364 τοῦ

2081 3395 2302 3467 πρώτου
2325 3397 2432 3450 τῶν
2456 3397 2761 3469 Θησαυρῶν
2791 3415 2956 3469 φησιν
2979 3413 2994 3429 ⁸
3035 3417 3054 3448 ι
3100 3399 3273 3471 Γεννᾷ
3295 3402 3325 3454 ὁ
3355 3401 3538 3472 Πατὴρ
3558 3401 3639 3455 τὸν

2078 3488 2209 3544 Υἰὸν
2226 3490 2255 3541 ἁ
2266 3488 2596 3555 μεστεύτιος.
2639 3510 2657 3543 ι

2158 3584 2217 3636 '0
2234 3584 2395 3647 αὐτὸς
2411 3585 2562 3648 εξςτδ
2579 3585 2743 3656 ῥητὸν
2753 3585 2832 3653 τὸ,
2861 3580 3062 3652 «Οὗτος
3077 3582 3144 3657 ἦν
3163 3588 3225 3641 ἑν
3244 3587 3391 3659 ἀρχῇ
3414 3585 3542 3657 πρὸς
3560 3585 3636 3639 τὸν

2075 3678 2228 3743 Θεὸν,
2269 3696 2288 3730 ι
2321 3680 2381 3732 ἐν
2409 3681 2477 3750 τῇ
2506 3680 2775 3751 ἑρμηνείᾳ
2834 3680 2928 3735 τοῦ
2960 3682 3109 3735 κατὰ
3148 3682 3417 3753 Ἰωάννην
3445 3695 3628 3751 φησιν·

2081 3788 2100 3820 ‹
2160 3769 2405 3839 Ἀμισως
2437 3772 2531 3826 καὶ
2567 3771 2857 3843 προσεχῶς
2883 3775 3031 3829 ἐστιν
3067 3776 3096 3828 6
3134 3774 3267 3839 Υιὸς
3294 3778 3353 3829 ὲν
3411 3774 3490 3848 τῷ
3529 3772 3632 3843 θεῷ

2075 3862 2171 3915 καὶ
2205 3863 2401 3933 “arpi.
2438 3881 2458 3916 ι

2160 3955 2218 4009 '0
2249 3956 2411 4020 αὐτὸς
2457 3959 2538 4021 εἰς
2578 3958 2640 4012 τὸ
2700 3958 2864 4031 ῥητὸν
2925 3959 3009 4024 τὸ,
3081 3978 3101 4013 ι
3142 3961 3330 4016 Πάντα
3360 3961 3436 4015 δι’
3481 3957 3628 4015 αὐτοῦ

2073 4048 2314 4116 ἐγένετο,
2343 4067 2362 4101 ι
2400 4050 2571 4120 φησιν
2602 4067 2618 4083 ο
2646 4070 2665 4104 ι
2699 4052 2947 4106 Συνείναι
2975 4053 3033 4107 δὲ
3066 4054 3142 4124 τῷ
3165 4054 3285 4124 Υῐῷ
3306 4056 3401 4109 τὸν
3432 4054 3631 4122 Πατέρα

2073 4140 2303 4210 νοοῦμεν
2332 4140 2424 4194 διὰ
2461 4141 2523 4195 τὸ
2580 4144 3012 4214 ἀπαράλλακτον
3079 4145 3182 4217 τῆς
3213 4147 3405 4211 οὐσίας
3441 4145 3530 4200 καὶ
3580 4143 3632 4198 τὸ

2071 4233 2257 4304 ἄκρως
2292 4234 2555 4305 προσεχές
2576 4252 2637 4289 τε
2659 4237 2752 4291 καὶ
2781 4237 2987 4308 ἄμεσον
3016 4238 3187 4295 αὐτοῦ
3227 4240 3370 4309 πρὸς
3392 4240 3452 4293 τὸ
3470 4238 3527 4303 ἐξ
3546 4236 3630 4291 αὐο

2072 4324 2164 4379 τοῦ
2206 4326 2449 4396 φυσικῶς
2512 4328 2808 4399 προελθόν·
2851 4348 2871 4383 ι
2905 4331 3003 4384 καὶ
3032 4331 3165 4400 μετ’
3202 4330 3401 4400 ὀλίγαο
3469 4350 3488 4383 ι
3541 4327 3631 4383 A6-

2073 4435 2169 4489 γος
2201 4420 2301 4490 μὲν
2350 4419 2460 4492 γὰρ
2520 4421 2616 4474 καὶ
2675 4422 2842 4490 σοφία
2903 4425 2933 4477 ὁ
2991 4422 3145 4487 Υἱὸς,
3194 4423 3285 4478 διὰ
3354 4424 3417 4478 τὸ
3452 4424 3513 4475 ἐκ
3549 4420 3628 4476 νοῦ

2073 4515 2169 4566 καὶ⁸
2216 4514 2276 4564 ἐν
2318 4510 2392 4581 νῷ
2428 4513 2711 4585 προσεχῶς
2742 4515 2837 4568 καὶ
2880 4514 3247 4580 ἀδιαστάτως,
3297 4517 3396 4570 καὶ
3441 4514 3533 4585 τὴν
3558 4512 3628 4576 εἰς
3716 4536 3722 4542 ·

3664 4100 3683 4155 ί

391 4593 842 4662 inseparabiliter,
890 4604 945 4650 et
987 4596 1129 4650 inter
1173 4612 1232 4652 se
1274 4598 1389 4667 ipsa
1449 4614 1639 4655 eorum
1680 4618 1801 4673 qua:
1835 4618 1958 4670 mo-

2089 4604 2268 4675 ὶλληλα
2312 4604 2423 4658 τῶν
2473 4607 2911 4678 σημαινομένων,
2927 4606 3006 4673 ὡς
3023 4607 3089 4662 ἂν
3114 4608 3259 4664 εἴποι
3329 4624 3414 4672 τις
3447 4609 3624 4693 ᾁντεμ·

386 4692 599 4749 tantur,
665 4694 724 4738 ut
779 4686 1003 4754 quidam
1064 4687 1289 4754 diceret,
1342 4690 1679 4763 reciprocam
1749 4692 1962 4750 immis-
2066 4695 2250 4767 ϐολήν.
2287 4715 2305 4749 ι

387 4792 618 4853 διοηςιυ.
659 4796 677 4829 ι

459 4869 696 4925 Sanctus
726 4869 1063 4941 Epiphanius
1091 4874 1336 4931 oratione
1370 4876 1422 4931 in
1456 4892 1713 4949 maguum
1758 4879 1965 4936 Sahba-

389 4972 526 5029 tum,
575 4963 731 5034 cujus
788 4966 1158 5036 principium:
1213 4987 1232 5021 ι
1272 4969 1414 5036 Quid
1463 4971 1562 5026 hoc
1611 4973 1737 5027 est?
1774 4991 1793 5025 ι
1839 4974 1960 5030 ait:

396 5071 416 5104 ι
456 5053 510 5108 lu
537 5056 713 5110 medio
757 5056 987 5112 duorum
1024 5060 1323 5115 viventium
1354 5062 1573 5132 agnitus
1607 5060 1772 5119 Jesus
1803 5063 1962 5119 Chri-

386 5156 506 5202 stus
542 5147 593 5201 in
620 5150 797 5204 medio
819 5152 996 5208 Patris
1025 5164 1078 5209 et
1099 5154 1222 5209 Filii
1250 5153 1481 5210 duorum
1510 5155 1830 5221 viventium,
1854 5157 1962 5213 vita

385 5252 451 5293 ex
490 5239 619 5306 vita,
652 5255 841 5296 natura
872 5245 978 5299 vita
1013 5246 1286 5317 cognitus.
1326 5264 1345 5297 ι
1964 5296 1995 5324 κ

461 5425 697 5482 Sanctus
746 5429 982 5500 Cyrillus
1038 5429 1181 5484 lihro
1239 5444 1290 5481 vt
1344 5446 1409 5483 au
1457 5429 1730 5485 llermiatn
1785 5433 1961 5486 dlt‘il:

391 5533 412 5565 ι
450 5516 749 5584 Sequentes
788 5521 951 5589 igitur
991 5536 1274 5577 sacrarunt
1325 5521 1729 5591 Scripturarum
1779 5524 1961 5587 Iidem,

384 5620 440 5660 et
469 5629 494 5657 ιι
526 5610 863 5677 sapientibus
918 5614 1209 5668 admodum
1258 5620 1445 5670 tritam
1488 5625 1541 5668 et
1587 5615 1749 5679 viam,
1786 5627 1841 5669 ut
1888 5617 1961 5672 ita

386 5701 585 5763 dicam,
625 5704 985 5761 vehicularem
1028 5708 1322 5773 calcantes,
1361 5710 1523 5763 robur
1561 5707 1651 5762 Dei
1694 5719 1743 5763 et
1785 5709 1962 5764 Patris

457 5855 672 5915 "Jonn.
714 5876 751 5925 ι,
780 5861 835 5914 '2.
913 5863 1107 5918 ’διυῑιι
1148 5865 1200 5919 ὖ.

2149 4888 2209 4942 '0
2235 4888 2389 4958 ἅγιος
2436 4890 2774 4958 Ἐπιφάνιος,
2808 4889 2867 4942 ιν
2920 4887 2996 4957 τῷ
3029 4889 3108 4951 εἰς
3136 4889 3200 4942 sb
3226 4889 3373 4958 μέγα
3426 4884 3621 4941 Σάϐϐα-

2065 5000 2156 5037 τον
2190 4983 2347 5053 Λόγῳ
2373 4982 2561 5047 αὐτοῦ,
2591 4975 2655 5036 οὗ
2684 4984 2716 5053 ἡ
2747 4981 2911 5053 ἀρχὴ.
2951 5000 2970 5035 ι
3009 4983 3077 5036 Ti.
3105 4982 3262 5036 τοῦτο
3311 4985 3560 5053 σήμερον,
3600 4996 3617 5030 ι

2069 5074 2236 5146 φησιν
2265 5089 2279 5106 ο
2313 5093 2331 5127 ι
2378 5074 2466 5127 Ἑν
2500 5073 2650 5146 μέσῳ
2697 5073 2793 5128 δύο
2832 5073 2989 5138 ζωῶν
3032 5074 3297 5142 γνωσθεὶς
3362 5071 3557 5142 Ἰησοῦς
3598 5070 3622 5121 ὁ

2069 5165 2306 5228 Θεό-παις
2353 5166 2414 5220 ὲν
2466 5166 2620 5236 μέσῳ
2671 5165 2887 5237 Πατρδς
2931 5167 3028 5221 καὶ
3057 5166 3383 5237 Πνεύματος
3416 5166 3518 5217 τῶν
3539 5161 3620 5215 δύο

2071 5258 2247 5324 ζωῶν.
2324 5257 2439 5329 ζωὴ
2523 5259 2589 5311 ἐκ
2655 5257 2825 5328 ζωῆς,
2878 5257 3045 5327 φύσει
3093 5257 3209 5329 ζωὴ
3275 5254 3614 5328 γινωριζόμε-

2072 5365 2183 5411 νος.
2222 5368 2242 5401 ι

2153 5439 2211 5492 '0
2234 5439 2386 5508 ἅγιος
2422 5438 2691 5510 Κύριλλος
2725 5442 2785 5494 ὲν
2814 5440 2893 5510 τῷ
2936 5446 2990 5506 ς’
3017 5440 3128 5494 τῶν
3172 5441 3305 5510 πρὸς
3380 5434 3614 5509 Ἑρμείαν

2070 5530 2232 5599 φησίν
2256 5547 2271 5561 ο
2298 5548 2318 5581 ι
2340 5530 2628 5599 Ἐπύμενοι
2652 5532 2831 5585 τοίνυν
2854 5534 2919 5603 τῇ
2944 5532 3052 5586 τῶν
3079 5531 3240 5603 ιερῶν
3267 5533 3612 5596 πίστειγραμ·

2071 5621 2280 5690 μάτων,
2309 5622 2404 5675 καὶ
2444 5622 2613 5675 οἱονεὶ
2648 5624 2747 5694 τὴν
2786 5624 2988 5693 ἀτριϐῆ
3018 5627 3134 5687 τοῖς
3165 5625 3345 5691 σοφοῖς
3371 5615 3609 5689 ἁμαξιτὸν

2068 5712 2494 5784 διαστείχοντες,
2524 5714 2758 5786 δύναμιν
2788 5715 2884 5769 τοῦ
2906 5713 3055 5769 Θεοῦ
3092 5716 3183 5771 καὶ
3235 5712 3439 5783 Πατρὸς
3465 5705 3606 5762 αὒτδν
