3882 6628
231 438 331 499 ti“

1666 446 1837 513 EI’IG
1854 447 2019 505 IUI'i
2034 446 2144 504 LE.

3411 441 3517 507 642

223 579 338 626 ται,
375 562 439 613 ὲν
479 561 561 633 τῷ
597 563 709 629 Υίῷ
743 564 890 619 ἐστιν
921 567 947 618 ό
981 566 1192 634 Πατὴρ,
1226 566 1321 625 καὶ
1372 565 1430 617 τὸ
1477 565 1703 633 Πνεῦμα
1728 565 1825 617 οῦκ

1946 578 2016 622 :st
2061 579 2215 621 extra
2255 566 2513 621 Verbum.
2558 585 2576 616 ι
2618 564 2681 619 Et
2712 572 2832 633 post
2874 560 3044 617 multa
3080 579 3094 614 ;
3139 580 3157 612 ι
3197 561 3332 616 Cum
3372 564 3515 617 enim

224 660 378 709 ἐστιν
406 659 587 724 ὲκτδς
622 661 712 714 τοῦ
742 663 920 731 Λόγου
943 679 957 694 ’
1002 681 1021 716 t
1053 666 1147 717 καλ⁵
1182 662 1322 732 μετὰ
1356 662 1528 714 πολλά
1549 680 1562 691 ·
1612 636 1828 722 ι”Ενὸς

223 748 335 816 γὰρ
361 749 530 813 ὄντος
561 752 658 804 τοῦ
690 753 817 806 Υίοῦ
846 753 937 806 τοῦ
968 753 1171 818 ζῶντος
1199 755 1397 821 Λόγου,
1431 754 1561 823 μίαν
1587 749 1726 806 εἶναι
1754 754 1834 803 δεῖ

223 841 447 893 τελείαν
484 845 599 906 καὶ
631 844 815 916 πλήρη
852 847 952 915 τὴν
989 846 1318 916 ἁγιαστικὴν
1357 846 1453 899 καὶ
1492 843 1832 914 φωτιστικὴν

220 934 398 1002 ζωὴν,
435 934 623 990 οὖσαν
659 937 940 1007 ἐνέργειαν
986 939 1158 991 αὑτοῦ
1201 939 1296 990 καὶ
1336 938 1568 1008 δωρεὰν,
1600 938 1728 1007 ἦτις
1769 953 1831 1003 γε

222 1026 286 1076 ἐκ
320 1025 559 1094 Πατρὸς
594 1027 813 1096 λέγεται
853 1027 1272 1097 ἐκπορεύεσθαι,
1312 1028 1501 1098 ἐπειδὴ
1546 1030 1696 1096 παρᾶ
1735 1025 1828 1079 τοῦ

222 1115 410 1182 Λόγου
435 1118 545 1169 τοῦ
572 1121 637 1171 ἐκ
672 1119 883 1190 Πατρὸς
908 1121 1344 1190 ὁμολογουμένου
1404 1120 1701 1187 ἐκλάμπει,
1736 1119 1832 1171 καὶ

1941 676 2081 712 unus
2112 662 2183 713 sit
2221 658 2392 714 Filius
2438 660 2628 714 vivens
2669 671 2885 721 sermo,
2935 671 3097 708 unam
3142 664 3357 724 oportet
3397 672 3521 711 esse

1942 752 2237 820 perl‘cetmn
2272 759 2325 806 et
2361 751 2575 819 plenam
2613 747 3091 804 sanetiﬁcatricem
3131 746 3277 799 illam
3309 755 3363 800 et
3398 747 3522 800 illu-

1940 841 2283 894 tninatricetn
2319 845 2508 903 vitam,
2546 838 2651 891 vim
2685 838 2916 900 scilicet,
2949 846 3001 890 et
3034 834 3347 890 facultatem
3376 834 3517 905 ejus,

1937 948 1991 989 et
2039 935 2430 996 donationem,
2491 948 2613 1003 quae
2660 949 2689 986 a
2738 933 2896 986 Patre
2952 930 3150 984 dicitur
3203 930 3518 999 procedere,

1940 1026 2194 1094 quoniam
2241 1038 2269 1077 a
2304 1023 2480 1077 Verbo
2517 1024 2691 1077 Patris
2722 1022 3005 1086 desumit,
3064 1021 3299 1074 mittitur
3335 1027 3390 1073 et
3419 1019 3522 1074 do-

1941 1128 2103 1171 natur
2132 1136 2145 1169 :
2183 1117 2352 1169 Filius
2388 1129 2517 1170 vero
2548 1114 2811 1183 Spiritum
2846 1114 3032 1167 mittit.

224 1207 673 1275 ἀποστέλλεται,
702 1214 798 1265 καὶ
828 1211 1070 1267 δίδοται·
1103 1213 1296 1285 ἀμέλει
1328 1215 1354 1264 ό
1391 1214 1487 1283 μὲν
1540 1212 1665 1274 Υἱὸς
1724 1209 1877 1281 παρὰ
1915 1211 2009 1263 τοῦ
2072 1210 2287 1280 Πατρός
2359 1207 2805 1262 ἀποστέλλεταιο
2854 1205 2881 1257 ὁ
2926 1205 2983 1258 δὲ
3029 1205 3154 1267 Υίὺς
3198 1206 3260 1258 rb
3295 1205 3521 1273 Πνευμα

223 1304 543 1357 ἁποστέλλε
556 1325 595 1361 ι.

305 1397 371 1450 '0
407 1399 591 1462 αὐτὸς
629 1400 687 1453 ἐν
719 1402 785 1471 τῇ
824 1400 961 1469 πρδς
1003 1399 1331 1469 Σεραπίωνα
1380 1403 1507 1470 περὶ
1539 1400 1632 1453 τοῦ
1668 1401 1825 1467 ἁγίου

225 1488 570 1559 Πνεῦματος
616 1492 900 1564 ἐπιστολῇ,
929 1489 997 1565 ἦς
1045 1494 1078 1563 ἡ
1139 1493 1307 1563 ἀρχὴ,
1365 1511 1381 1542 ι
1420 1492 1577 1556 Ἴσως
1610 1492 1827 1563 Θαυμά-

225 1594 342 1639 σεις
379 1579 513 1637 πῶς
556 1580 961 1652 ἐντειλάμενος,
1008 1601 1026 1634 ι
1066 1583 1265 1653 φησίν·
1310 1602 1328 1632 ι
1369 1584 1445 1636 Οὐ
1514 1583 1623 1654 γὰρ
1669 1572 1859 1645 ἐκτός

226 1672 346 1723 ἐστι
382 1672 489 1724 τοῦ
532 1675 712 1743 Λόγου
752 1676 813 1728 τὸ
855 1674 1099 1745 Πνεῦμα,
1133 1675 1246 1729 ἀλλ’
1272 1679 1331 1729 ὲν
1372 1675 1450 1748 τῷ
1486 1677 1645 1748 Λόγῳ
1677 1676 1736 1729 ὃν
1772 1679 1829 1729 ὲν

223 1762 301 1827 τῷ
328 1763 459 1834 Θεῷ
492 1764 569 1817 δι’
614 1764 781 1820 αὑτοῦ
828 1768 997 1822 ἐστιν.
1055 1787 1072 1819 ι
1121 1769 1231 1821 Καί
1267 1769 1382 1839 μετ’
1412 1768 1571 1832 ὀλίγα
1599 1785 1610 1797 ·
1655 1788 1673 1819 ι
1721 1768 1827 1821 Τοῦ

229 1852 339 1922 γὰρ
372 1854 719 1924 Πνεύματος
762 1858 1106 1927 μετέχοντες,
1143 1859 1343 1928 ἔχομεν
1378 1860 1479 1930 τὴν
1514 1857 1610 1911 τοῦ
1646 1859 1826 1927 Λόγου
1870 1862 1873 1877 ’

2011 1383 2156 1448 Ideni
2191 1389 2257 1445 ad
2292 1389 2647 1458 Serapionem
2686 1386 2915 1459 epistola
2948 1387 3014 1443 de
3059 1387 3268 1457 Spiritu
3299 1401 3515 1445 sancto-

1937 1501 2058 1556 quae
2099 1486 2333 1555 incipit:
2379 1502 2397 1534 ι
2450 1484 2811 1539 Adtnirabere
2857 1481 3088 1539 forsitan
3131 1485 3263 1552 quid
3312 1484 3516 1539 factum

1939 1579 2032 1647 sit,
2073 1596 2091 1629 ι
2127 1578 2203 1632 ait
2238 1595 2252 1632 :
2290 1597 2308 1629 ‹
2347 1575 2464 1631 Non
2498 1577 2641 1631 enim
2677 1585 2831 1631 extra
2874 1575 3111 1630 Verbum
3142 1586 3226 1631 est
3258 1575 3517 1645 Spiritus,

1938 1672 2031 1725 sed
2066 1684 2190 1725 cum
2226 1670 2297 1725 sit
2342 1669 2396 1723 in
2430 1670 2549 1738 ipso
2579 1667 2791 1735 Verbo,
2838 1669 2891 1723 in
2928 1670 3037 1725 Deo
3066 1684 3160 1738 per
3190 1670 3321 1723 illud
3349 1679 3451 1725 est.
3492 1689 3513 1723 ι

1939 1759 2003 1813 Ει
2044 1768 2166 1829 post
2216 1775 2428 1829 pauca:
2474 1779 2492 1811 ι
2532 1759 2825 1829 Propterea
2871 1761 3017 1830 quod
3068 1774 3193 1814 cum
3217 1760 3516 1830 participes

1939 1869 2130 1908 sumus
2165 1852 2436 1922 Spiritus,
2475 1852 2740 1908 habemus
2776 1849 2937 1908 Verbi
2975 1852 3237 1922 gratiam,
3276 1861 3331 1906 et
3365 1852 3417 1906 in
3450 1866 3516 1907 eo

227 1948 419 2016 χάριν,
462 1950 571 2001 καὶ
607 1951 666 2002 ἐν
693 1951 830 2023 αὐτῇ
862 1952 961 2022 τὴν
989 1951 1083 2003 τοῦ
1118 1951 1334 2023 Πατρὺς
1370 1952 1614 2021 ἀγάπην.
1660 1969 1679 2003 ›
1719 1952 1825 2002 Καὶ

1946 1946 2116 1999 Patris
2154 1945 2501 1999 charitatem.
2545 1963 2563 1996 ι
2605 1944 2671 1998 Et
2694 1952 2819 2013 post
2848 1959 3062 2013 pauca:
3101 1962 3121 1995 ι
3160 1945 3296 1999 Cum
3329 1953 3514 1999 autem

231 2038 351 2109 μετ’
383 2040 593 2110 ὀλίγα·
636 2062 653 2095 ι
691 2042 797 2097 Τοῦ
824 2043 881 2098 δὲ
911 2044 1226 2114 Πνεῦματος
1260 2048 1415 2109 ὄντος
1448 2046 1505 2096 ἐν
1538 2044 1614 2113 τῷ
1648 2044 1824 2114 Λόγῳ.

229 2130 391 2198 δῆλον
417 2133 491 2185 διν
519 2135 612 2206 ειη
644 2118 727 2199 ὼξ
750 2136 846 2190 και
869 2137 927 2190 ὲν
970 2138 1047 2207 τῷ
1081 2137 1202 2207 Θεῷ
1232 2133 1301 2207 ἦν
1330 2138 1418 2191 διὰ
1440 2134 1535 2190 τοῦ
1564 2137 1740 2204 Λόγου
1771 2138 1828 2188 τὸ

232 2224 495 2294 Πνεῦμα.
548 2247 571 2279 ι

316 2317 376 2371 Ὀ
434 2320 613 2383 αὐτὸς
656 2322 717 2373 ἐν
748 2323 811 2392 τῇ
851 2321 988 2393 πρὸς
1030 2322 1354 2392 Σεραπίωνα
1388 2322 1582 2392 πρώτῃ
1626 2322 1824 2392 φησίν·

238 2425 257 2459 σ
287 2410 582 2481 Τοιαύτην
603 2413 660 2465 δὲ
678 2413 830 2479 τάξιν
852 2414 948 2468 καὶ
970 2414 1132 2483 φύσιν
1151 2413 1367 2483 ἔχοντος
1391 2415 1484 2466 τοῦ
1511 2413 1829 2482 Πνεῦματος

239 2502 373 2569 πρὸς
394 2503 495 2554 τὸν
532 2503 690 2569 Υίὸν,
721 2504 841 2557 οἵαν
893 2504 1009 2575 ἔχει
1065 2506 1094 2560 ὁ
1125 2505 1255 2568 Υἱὸς
1291 2506 1425 2577 πρὸς
1461 2506 1554 2557 τὸν
1584 2506 1828 2576 Πατέρα,

238 2593 356 2656 πῶς
383 2594 415 2647 ὁ
443 2594 617 2649 τοῦτο
654 2598 861 2666 κτίσμα
892 2596 1069 2664 λέγων
1098 2598 1159 2649 οὐ
1187 2597 1245 2650 τὸ
1277 2597 1412 2650 αὐτὸ
1452 2601 1548 2649 καὶ
1581 2597 1828 2667 περὶτοῦ

243 2685 373 2738 Υίοῦ
404 2688 466 2752 ἐξ
500 2689 759 2758 ἀνάγκης
790 2691 1091 2760 φρονήσεις
1133 2708 1153 2742 ι

320 2775 380 2830 ὐ
416 2778 584 2846 ἅγιος
634 2780 913 2844 Πασίλειος
948 2784 1005 2833 ἐν
1047 2783 1128 2834 ἐνὶ
1168 2782 1276 2835 τῶν
1317 2783 1653 2852 κεφαλαίων,
1701 2779 1761 2837 οῦ
1794 2787 1826 2856 ή

244 2870 571 2942 ἐπιγραφὴ,
603 2891 622 2924 ι
663 2873 786 2927 Ὅτι
849 2874 1304 2945 συνδοξαζόμενον
1350 2876 1467 2946 Θεῷ
1500 2878 1561 2929 τὸ
1603 2877 1830 2949 Πνεῦμα

243 2964 528 3019 δείκνυται
556 2987 583 3016 -ι
655 2966 817 3036 φησίν
838 2983 852 2998 ·
887 2987 906 3018 ι
946 2967 1018 3019 Τὸ
1045 2967 1101 3019 δὲ
1142 2967 1237 3020 ἐπὶ
1269 2968 1378 3020 τῶν
1422 2968 1603 3021 αὐτῶν
1629 2969 1828 3023 θεῖκῶν

245 3057 420 3125 ἔργων
475 3058 583 3128 τὴν
634 3060 838 3129 Τριαδα
888 3058 1208 3123 δοξάζεσθαι
1258 3061 1357 3129 τῆς
1409 3063 1538 3130 μιᾶς
1571 3061 1830 3130 Θεότητος

248 3151 559 3221 μαρτύριον
588 3152 671 3204 ὅιι
704 3152 840 3220 μήτε
872 3152 1040 3220 χωρὶς
1073 3151 1201 3204 Υἱοῦ
1252 3154 1398 3204 ποιοῖ
1431 3153 1641 3222 Πατὴρ,
1687 3156 1827 3225 μήτε

251 3242 370 3303 Υἱὸς
400 3243 581 3315 χωρὶς
612 3244 950 3314 Πνεύματος.
990 3261 1009 3295 ι

326 3333 386 3387 ’Θ
420 3337 596 3399 αὐτὸς
628 3338 685 3390 ὲν
716 3337 796 3388 ἑνὶ
839 3335 949 3390 τῶν
978 3336 1317 3405 κεφαλαίων,
1347 3328 1413 3389 οὗ
1446 3339 1478 3407 ἡ
1518 3339 1826 3410 ἐπιγραφὴ,

253 3444 274 3477 ι
305 3427 431 3480 Ὀτι
466 3427 585 3480 ἀπὸ
616 3428 713 3498 τῆς
744 3427 894 3491 θείας
920 3429 1135 3498 φύσεως
1169 3430 1202 3498 ἡ
1239 3429 1431 3496 ἑνότης
1462 3430 1564 3497 τῆς
1596 3429 1827 3502 Τριάδος

250 3520 606 3587 γνωρίζεται,
638 3538 655 3569 ι
685 3521 820 3590 φησί
847 3536 859 3550 ⁸
896 3538 915 3572 ι
963 3521 1071 3572 Καὶ
1094 3521 1196 3575 οὐκ
1223 3522 1471 3575 ἐνέλιπεν
1498 3522 1624 3586 TR;
1655 3524 1829 3594 Πατρί

251 3626 405 3677 ποτε,
436 3613 567 3664 οὐδὲ
597 3612 676 3683 τῷ
719 3611 830 3680 Υἱῷ
860 3614 920 3665 τὸ
949 3612 1196 3683 Πνεῦμα.
1241 3633 1261 3666 ι

327 3702 390 3759 ’0
436 3705 609 3768 αὐτὸς
649 3706 707 3758 ὲν
737 3704 816 3774 τῷ
862 3705 1076 3775 δεκάτῳ
1107 3705 1322 3777 ἑϐδόμῳ
1379 3707 1665 3777 κεφαλαίῳ
1717 3708 1829 3762 τῶν

252 3796 382 3865 πρὸς
424 3797 784 3867 ’Δμφιλόχιὸν
836 3813 1004 3867 φησιν
1031 3813 1044 3829 ·
1077 3815 1096 3848 ι
1146 3797 1237 3862 Ὠς
1274 3799 1457 3852 τοίνυν
1490 3799 1604 3870 ἔχει
1641 3803 1667 3853 ὁ
1702 3801 1829 3864 Υἱὸς

254 3890 383 3958 πρὸς
436 3891 536 3942 τὸν
599 3889 842 3961 Πατέρα,
896 3889 1164 3944 οὕτωκαὶ
1214 3890 1352 3961 πρὸς
1428 3892 1519 3945 τὸν
1583 3893 1713 3946 Υίὺν
1766 3893 1827 3947 τὸ

256 3981 501 4053 Πνεῦμα,
533 3983 675 4037 κατὰ
700 3983 797 4053 τὴν
825 3984 881 4036 ὲν
906 3983 985 4052 τῷ
1012 3982 1352 4055 βαπτίσματι
1384 3984 1828 4056 παραδεδομένην

255 4074 346 4127 τοῦ
372 4078 554 4144 Λόγου
587 4076 862 4141 σύνταξιν.
890 4075 952 4129 Ei
978 4077 1037 4128 δὲ
1062 4062 1131 4128 τὸ
1161 4075 1388 4148 Πνεῦμα
1433 4077 1511 4147 τῷ
1556 4078 1670 4147 Υἱῷ
1702 4095 1828 4132 συν-

256 4167 542 4231 τέτακται,
589 4172 616 4221 ὁ
649 4169 706 4222 δὲ
753 4169 878 4233 Υἱὸς
913 4168 992 4240 τῷ
1020 4169 1220 4238 Πατρὶ,
1258 4171 1355 4224 καὶ
1399 4168 1462 4223 τὸ
1495 4170 1724 4242 Πνεῦμα
1750 4171 1828 4242 τῷ

258 4260 367 4314 Πατ
376 4262 431 4329 pi.
462 4261 728 4331 δηλονότι.
766 4278 787 4311 ι

332 4352 393 4404 ’0
428 4351 594 4415 αὐτὸς
629 4352 686 4404 ἐν
710 4346 787 4421 τῷ
818 4356 887 4421 ιη’
917 4349 1023 4403 τῶν
1053 4349 1234 4403 αὐτῶν
1268 4348 1581 4419 κεφαλαίων
1618 4368 1784 4423 φησιν
1809 4366 1825 4383 ο

263 4458 281 4493 ι
331 4443 428 4497 Ἓν
463 4443 521 4496 δὲ
556 4443 651 4495 καὶ
680 4442 741 4496 τὸ
770 4442 924 4511 ἅγιον
957 4441 1203 4512 Πνεῦμα,
1234 4441 1303 4495 δι’
1330 4442 1448 4505 ἑνὸς
1479 4442 1611 4496 Υίοῦ
1640 4443 1714 4513 τῷ
1748 4445 1829 4496 ἑνὶ

261 4536 428 4608 Πατρὶ
455 4536 880 4605 συναπτόμενον.
923 4553 942 4586 ι
972 4534 1081 4588 Καὶ
1124 4535 1264 4604 μετά
1290 4552 1410 4589 τινα
1437 4552 1451 4567 ·
1482 4553 1501 4587 ι
1542 4534 1607 4589 Ἦ
1647 4538 1827 4589 τοίνυν

1940 2037 2180 2107 Spiritus
2204 2038 2275 2092 sit
2300 2039 2351 2090 in
2382 2032 2583 2103 Verbo,
2606 2037 2785 2107 palam
2805 2046 2890 2093 est
2912 2037 3057 2107 quod
3082 2037 3133 2092 in
3148 2036 3269 2105 Deo
3294 2051 3515 2110 quoque

1937 2132 2007 2185 sit
2036 2131 2272 2201 Spiritus
2303 2147 2397 2200 per
2422 2129 2687 2186 Verbum.
2724 2150 2741 2183 ι

2011 2315 2155 2370 Idem
2203 2316 2255 2369 in
2302 2315 2475 2385 prima
2527 2317 2593 2370 ad
2644 2314 2998 2385 Serapionem
3052 2317 3285 2386 epistola
3335 2316 3514 2373 dicit:

1944 2427 1963 2459 ι
1999 2406 2153 2462 IIunc
2180 2408 2427 2463 ordinem
2463 2417 2517 2464 et
2548 2411 2686 2463 hanc
2717 2418 2967 2463 naturam
2996 2424 3121 2464 cum
3164 2408 3359 2463 habeat
3399 2410 3520 2479 Spi-

1942 2500 2075 2554 ritus
2102 2514 2229 2570 erga
2269 2499 2485 2563 Filium,
2517 2516 2681 2571 quam
2720 2499 2883 2554 habet
2916 2498 3088 2556 Filius
3117 2517 3245 2570 erga
3278 2501 3516 2568 Patrem,

1938 2593 2213 2659 quomodo
2240 2591 2332 2660 qui
2366 2590 2518 2645 illum
2549 2599 2860 2646 creaturam
2887 2591 3139 2661 appellat,
3174 2592 3226 2647 id
3260 2592 3434 2663 ipsum
3465 2609 3518 2649 et

1920 2672 2003 2736 [de
2031 2683 2191 2747 Filio,
2229 2686 2540 2738 necessario
2572 2698 2679 2739 non
2712 2681 3041 2737 aﬂirmabit?
3073 2702 3091 2735 ι

2009 2777 2245 2831 Sanctus
2301 2775 2536 2831 Basilius
2585 2778 2637 2831 in
2688 2778 2865 2847 capite
2920 2776 2973 2829 in
3025 2791 3134 2847 quo
3184 2775 3514 2839 ostenditur,

1938 2868 2231 2939 gloriﬁcari
2270 2884 2394 2921 cum
2431 2868 2544 2924 Deo
2576 2867 2841 2938 Spiritum
2884 2868 3123 2925 scribit:
3159 2886 3178 2919 ι
3216 2867 3275 2922 1η
3310 2869 3515 2924 eisdem

1937 2972 2117 3016 autem
2143 2962 2362 3016 dcilatis
2394 2961 2653 3029 operibus
2679 2959 3007 3015 Trinitatem
3035 2960 3351 3030 glorilicari‘,
3381 2978 3518 3030 quu-

1936 3052 2082 3106 niam
2120 3069 2215 3106 nec
2245 3052 2361 3105 sine
2394 3051 2531 3107 Filio
2555 3051 2715 3106 Pater
2742 3062 3030 3126 operatur,
3061 3066 3164 3108 nec
3192 3051 3370 3107 Filius
3397 3053 3518 3109 sine

1938 3145 2174 3213 S,:iritu,
2208 3144 2368 3214 cujus
2396 3143 2616 3199 deitatis
2644 3136 3015 3199 testimonium
3053 3152 3154 3200 est.
3193 3162 3213 3197 ι

2002 3331 2146 3386 Ident
2184 3334 2237 3386 in
2261 3333 2435 3402 capite
2461 3333 2620 3402 cujus
2660 3331 2949 3403 inscriptio
2977 3349 2993 3389 :
3031 3348 3049 3382 ι
3084 3329 3241 3398 Quod
3269 3347 3299 3386 a
3330 3332 3515 3387 divina

1933 3432 2127 3479 natura
2157 3426 2335 3479 unitas
2359 3422 2647 3479 Trinitatis
2676 3425 3015 3497 agnoscitur,
3048 3440 3067 3473 ι
3099 3424 3174 3477 ait
3202 3439 3217 3475 :
3254 3444 3272 3473 ι
3309 3421 3373 3476 Ει
3406 3438 3516 3477 non

1898 3516 2101 3570 ‘defuit
2131 3531 2371 3587 unquam
2411 3516 2582 3572 Filius
2613 3517 2788 3582 Patri,
2824 3531 2997 3585 neque
3032 3516 3168 3571 Filio
3196 3516 3451 3586 Spiritus.
3489 3535 3508 3567 ι

2001 3703 2146 3759 Item
2174 3704 2225 3758 in
2255 3705 2467 3760 decimo
2489 3703 2724 3775 septimo
2749 3703 2923 3773 capite
2951 3704 3012 3759 ad
3036 3703 3510 3774 Amphilochium:

1936 3814 1956 3849 ι
1993 3796 2463 3863 Quemadmodum
2506 3796 2693 3865 itaque
2735 3811 2794 3852 se
2836 3796 2998 3851 habet
3030 3796 3198 3852 Filius
3242 3811 3370 3866 erga
3411 3800 3513 3853 Pa-

1932 3901 2102 3954 trem,
2156 3891 2227 3944 ita
2274 3905 2334 3945 se
2381 3889 2542 3946 habet
2584 3889 2752 3945 Filius
2793 3905 2919 3960 erga
2969 3888 3163 3944 Filium
3210 3892 3510 3948 secundum

1930 3987 2174 4040 ordinem
2212 3985 2472 4039 traditum
2509 4000 2539 4038 a
2577 3982 2757 4039 Verbo
2794 3983 2845 4039 in
2886 3985 3235 4055 baptismate.
3269 3986 3427 4053 Quod
3463 3988 3509 4043 si

1933 4073 2173 4145 Spiritus
2212 4090 2337 4131 cum
2384 4075 2525 4130 Filio
2571 4092 2678 4131 una
2722 4063 3044 4141 collocatur,
3088 4087 3143 4133 et
3183 4077 3353 4135 Filius
3383 4094 3508 4134 cum

1928 4166 2111 4235 Patre,
2145 4167 2504 4223 collocabitur
2536 4176 2591 4222 et
2624 4165 2861 4237 Spiritus
2890 4184 3014 4223 cum
3050 4167 3232 4224 Patre.
3276 4189 3295 4222 ι

1999 4355 2129 4411 Item
2167 4355 2220 4408 in
2254 4364 2449 4409 oetavo
2474 4354 2687 4409 decimo
2718 4357 2895 4425 capite
2920 4356 3233 4411 eorumdem
3259 4375 3273 4412 :
3305 4377 3323 4410 ι
3355 4359 3513 4417 Unus

1930 4463 2059 4503 vero
2081 4456 2135 4503 et
2162 4446 2400 4516 Spiritus
2425 4457 2672 4512 sanctus,
2698 4447 2791 4516 qui
2818 4462 2914 4516 per
2938 4463 3106 4502 unum
3132 4446 3329 4503 Filium
3358 4450 3510 4506 Patri

1930 4539 2300 4611 conjungitur.
2342 4557 2361 4592 ι
2394 4538 2462 4593 Ει
2497 4547 2619 4608 post
2650 4539 2909 4593 nonnulla
2946 4556 2960 4594 :
2998 4557 3017 4590 ‹
3056 4538 3291 4595 Proinde
3324 4542 3410 4596 via
3442 4543 3509 4597 ad

258 4627 367 4694 ὁδὸς
398 4630 502 4699 τῆς
528 4628 859 4697 Θεογνωσίας
890 4628 1063 4691 ἐστὶν,
1103 4626 1210 4681 ἀπὸ
1241 4627 1358 4690 ἐνὸς
1390 4627 1707 4697 Πνεύματος
1735 4628 1822 4682 διὰ

1946 4633 2027 4690 Dei
2060 4634 2429 4704 cognitionem
2456 4641 2540 4689 est
2560 4633 2627 4687 ab
2649 4649 2759 4688 uno
2782 4633 2985 4704 Spiritu
3008 4649 3103 4704 per
3122 4651 3286 4690 unum
3312 4635 3510 4694 Filium

261 4721 347 4773 τοῦ
393 4721 515 4783 ἐνὸς
546 4719 680 4775 Υίοῦ
716 4720 812 4775 ἐπὶ
834 4720 925 4774 τὸν
953 4719 1052 4774 ἕνα
1081 4719 1301 4792 Πατέρα
1319 4736 1333 4749 ·
1369 4719 1463 4774 καὶ
1489 4720 1763 4775 ἀνάπαλιν
1788 4724 1820 4792 ή

263 4822 463 4883 φυσικὴ
498 4813 794 4883 ἀγαθότης,
845 4815 938 4867 καὶ
962 4812 991 4864 ό
1018 4812 1156 4866 κατὰ
1200 4799 1364 4882 φύᾶιν
1406 4813 1697 4884 ἁγιασμὸς,
1730 4815 1825 4866 καὶ

262 4908 316 4957 τὸ
352 4906 632 4977 βασιλικὸν
662 4905 902 4975 ἀξίωμα,
931 4904 995 4958 ὲκ
1023 4902 1117 4957 τοῦ
1154 4904 1367 4976 Πατρός
1395 4905 1483 4959 διὰ
1514 4905 1609 4959 τοῦ
1645 4906 1821 4959 Μονο-⁹

262 5000 445 5064 γενοῦς
475 5000 567 5051 ἐπὶ
616 4998 677 5051 τὸ
711 4995 937 5066 Πνεῦμα
958 4995 1139 5067 διήκει
1163 5012 1176 5025 ·
1207 5012 1348 5049 ουτω
1372 5002 1466 5050 καὶ
1492 4998 1546 5049 αἱ
1588 4998 1818 5053 ὑποστά-

261 5106 367 5156 σεις
392 5088 804 5163 ὁμολογοῦνται,
835 5089 927 5142 καὶ
956 5088 1015 5141 τὸ
1043 5086 1264 5150 εὐσεϐὲς
1291 5088 1471 5157 δόγμα
1495 5092 1591 5158 τῆς
1620 5106 1821 5160 μοναρ-

260 5183 377 5252 χίας
407 5183 470 5237 οὐ
490 5181 796 5238 διαπίπτει.
843 5201 862 5236 ι

333 5274 394 5329 '0
423 5274 587 5337 αὐτὸς
615 5276 672 5327 ἐν
702 5276 769 5345 τῇ
802 5273 937 5345 πρὸς
968 5272 1271 5345 Γρηγόριον
1303 5271 1395 5327 τὸν
1428 5273 1659 5344 ἀδελφὺν
1699 5277 1819 5328 ἐπι-

267 5368 419 5438 στολῇ
465 5384 631 5437 φησιν
652 5385 664 5398 ·
710 5386 727 5417 ι
766 5367 839 5419 Τὸ
871 5365 1099 5438 Πνεῦμα
1130 5365 1289 5419 τοῦτο
1320 5368 1683 5438 γνωριστικὸν
1716 5372 1837 5438 τῆς.

259 5460 390 5511 κατὰ
406 5460 503 5529 τὴν
533 5459 832 5513 ὑπόστασιν
866 5458 1123 5528 ἰδιότητος
1154 5461 1382 5528 σημεῖον
1411 5458 1546 5529 ἔχει,
1581 5460 1640 5512 τὸ
1677 5463 1817 5528 μετὰ

257 5550 340 5603 τὸν
384 5546 514 5605 Υιδν
558 5553 655 5605 καλ⁵
687 5551 781 5604 σὺν
807 5550 886 5620 τῷ
929 5551 1043 5622 Υἱῴ
1086 5552 1474 5622 γνωρίζεσθαι,
1508 5555 1597 5607 καὶ
1628 5557 1688 5607 ὲκ
1721 5554 1816 5607 τοῦ

260 5641 458 5714 Πατρδς
482 5645 803 5715 ὑφεστάναι.
842 5662 861 5695 ι

330 5736 385 5790 ’0
418 5738 575 5796 αὐτὸς
607 5739 666 5789 ἐν
692 5736 771 5806 τῷ
790 5734 961 5806 τρίτῳ
990 5735 1097 5789 τῶν
1134 5735 1567 5807 Ἀντιρρητικῶν
1601 5754 1768 5805 φησιν
1798 5753 1811 5766 ’

264 5846 280 5879 ι
315 5829 396 5894 Ὠς
417 5831 526 5902 γὰρ
556 5829 585 5881 ὀ
614 5829 743 5893 Υίὸς
787 5827 939 5894 τάξει
987 5829 1088 5900 μὲν
1125 5827 1381 5898 δεύτερος
1429 5828 1524 5881 τοῦ
1573 5829 1809 5901 Πατρὸς,

257 5919 327 5975 ὅτι
355 5923 448 5977 ἀπ’
470 5920 708 5983 ἐκείνου,
742 5920 838 5976 καὶ
869 5919 1167 5995 ἀξιώματι,
1197 5921 1280 5975 ὅτι
1324 5920 1467 5986 ἀρχὴ
1516 5923 1607 5974 καὶ
1658 5921 1805 5975 αἰτία

1929 4726 1994 4781 ad
2026 4742 2193 4781 unum
2225 4725 2439 4781 Patrem
2461 4766 2477 4792 ,
2508 4740 2574 4781 ac
2606 4741 2795 4781 rursus
2831 4726 3015 4781 nativa
3043 4726 3288 4792 bonitas,
3325 4737 3377 4784 et
3412 4747 3509 4784 na-

1928 4816 2121 4872 turalis
2151 4816 2542 4880 sanetimonia,
2575 4826 2622 4871 et
2657 4817 2856 4888 regalis
2890 4817 3127 4889 dignitas
3160 4835 3189 4873 a
3225 4819 3383 4876 Patre
3410 4836 3508 4893 per

1929 4908 2282 4979 Unigenitutn
2330 4909 2399 4963 ad
2454 4908 2714 4979 Spiritmn
2762 4917 3016 4965 sanctum
3059 4922 3387 4981 permanat:
3438 4914 3511 4969 ad

1928 5002 2075 5057 hunc
2102 5004 2323 5056 modum
2345 5013 2394 5055 et
2428 5018 2691 5072 personas
2718 5001 3057 5072 proﬁtemur,
3086 5019 3186 5060 nec
3217 5006 3365 5076 pium
3392 5023 3510 5061 ino-

1926 5092 2161 5148 narchia:
2192 5093 2387 5163 dogma
2420 5092 2802 5148 labefactatur.
2838 5113 2858 5146 ι

1996 5277 2138 5333 Idem
2158 5276 2387 5348 epistola
2409 5276 2475 5331 ad
2502 5275 2818 5345 Gregorium
2843 5277 3091 5334 Fratrem
3119 5295 3134 5333 :
3164 5297 3182 5332 ι
3223 5278 3503 5352 Πὶοερῖι·ῐ-

1928 5379 2016 5424 tus
2060 5371 2202 5423 hanc
2243 5369 2550 5432 notionem,
2591 5384 2655 5424 ac
2702 5370 3067 5439 coguoscibile
3110 5370 3325 5441 signum
3358 5376 3499 5443 ejus,

1923 5477 2045 5532 qua:
2075 5460 2372 5516 secundum
2407 5460 2739 5531 hypostasim
2775 5471 2892 5526 est,
2930 5462 3282 5532 proprietatis
3313 5465 3499 5531 habet,

1922 5568 2029 5621 quo
2064 5566 2187 5605 cum
2227 5549 2363 5604 Filio
2393 5552 2555 5605 simul
2587 5564 2640 5606 et
2681 5552 2794 5621 ipse
2832 5568 2890 5607 se
2922 5552 3052 5607 facit
3082 5554 3406 5620 internosci,
3443 5569 3495 5611 et

1920 5660 1986 5697 ex
2019 5643 2179 5697 Patre
2209 5643 2485 5698 subsistit.
2527 5663 2545 5694 ι

1992 5737 2135 5789 Idem
2186 5737 2238 5789 in
2266 5737 2426 5790 tertio
2459 5735 2871 5792 Antirrhetico:
2909 5756 2927 5788 ‹
2961 5737 3094 5792 Nam
3134 5741 3494 5809 quemadmo-

1918 5830 2048 5883 dum
2097 5826 2268 5882 Fitius
2311 5828 2502 5882 ordine
2543 5829 2763 5898 quidem
2800 5844 2830 5883 a
2867 5827 3028 5885 Patre
3071 5832 3348 5888 secundus
3388 5845 3493 5897 est,

1918 5923 2176 5991 quoniam
2215 5921 2282 5975 ab
2324 5921 2417 5978 illo
2461 5931 2579 5988 est,
2618 5930 2671 5977 ct
2713 5920 3010 5992 dignitate,
3044 5925 3302 5993 quoniam
3342 5928 3501 5995 origo

2823 6116 2871 6130 -
