3788 6576
428 382 533 448 643

1449 378 1661 444 ΙΟΑΝ.
1703 382 1919 444 VECCI
1961 381 2072 441 (ΣΡ.
2114 376 2627 446 PATRIARCH/E

3539 394 3623 459 Gil

427 507 594 568 atque
619 511 789 552 causa
821 496 1040 553 essendi
1071 494 1232 551 Pater
1262 494 1363 565 ipsi
1398 503 1505 560 est,
1535 502 1590 548 et
1626 495 1882 563 quoniam
1909 508 2007 569 per

2119 492 2187 564 τῷ
2230 489 2370 548 εἶναι
2414 493 2579 547 αὑτοῦ
2613 493 2851 567 Πατέρα,
2882 493 2974 548 καὶ
3004 492 3087 545 ὃτι
3131 480 3199 546 δι⁴
3231 492 3385 549 αὑτοῦ
3421 499 3450 569 ὴ
3492 510 3626 573 πρός.

428 591 607 661 ipsum
654 604 912 647 accessus
965 596 1022 644 et
1065 587 1319 643 adductio
1369 588 1437 640 ad
1494 585 1760 640 Patrem:
1812 595 2005 639 natura
2047 630 2064 648 ,

428 698 558 738 vero
590 682 737 736 nullo
760 680 922 736 modo
942 680 1236 741 secundus.
1267 678 1530 748 quoniam
1558 679 1609 731 in
1637 687 1870 746 utroque
1901 693 2006 731 uua

430 783 515 831 est
548 774 769 829 deitas:
809 773 882 827 ita
927 772 1179 827 videlicet
1215 780 1268 826 et
1308 770 1548 840 Spiritus
1581 780 1805 825 sanctus
1827 812 1841 835 ,
1874 780 1926 823 et
1961 772 2005 825 si

428 867 693 937 dignitate
723 875 779 920 et
801 865 994 919 ordine
1024 864 1301 919 secundus
1323 878 1353 916 a
1381 861 1521 918 Filio
1548 873 1658 927 cst,
1688 880 1792 916 non
1828 872 2006 916 tamen

436 958 814 1013 verisimiliter
872 957 1065 1011 aliena:
1121 957 1299 1024 ipsum
1360 971 1483 1013 esse
1546 965 1756 1011 natura:
1810 969 2006 1009 conse-

426 1057 647 1119 quetur.
690 1065 709 1098 ι

498 1142 643 1195 ldetn
678 1140 942 1195 adversus
971 1140 1222 1196 eumdem
1267 1140 1599 1196 Eunomiuut
1635 1140 2009 1195 Autirrhetico

426 1233 607 1303 primo
631 1272 646 1299 ,
701 1231 861 1301 cujus
891 1233 1222 1301 principium
1254 1249 1269 1286 :
1307 1250 1325 1284 ι
1364 1232 1420 1285 Si
1455 1248 1646 1286 omnes
1678 1247 1844 1301 super
1870 1248 2009 1299 quos

426 1324 520 1378 Dei
550 1340 615 1378 ac
649 1323 950 1379 Salvatoris
977 1326 1150 1379 nostri
1194 1340 1392 1379 nomen
1426 1325 1735 1378 invocatum
1762 1335 1872 1389 est;
1903 1322 2007 1377 Sed

427 1417 562 1471 ordo
589 1416 727 1470 alter
754 1417 1026 1471 naturalis
1049 1426 1152 1479 est.
1182 1418 1321 1471 alter
1354 1417 1707 1481 artificiosus,
1740 1415 2008 1470 naturalis

426 1510 523 1577 qui
549 1519 926 1563 creaturarum
954 1508 1109 1577 juxta
1142 1511 1362 1564 creandi
1427 1512 1666 1565 rationes
1711 1511 2007 1577 dispositus

425 1610 532 1662 est.
566 1610 619 1654 et
651 1601 855 1669 positio
886 1603 1122 1666 numeri,
1156 1612 1209 1656 et
1240 1616 1529 1656 causarum
1560 1602 1625 1656 ad
1659 1600 1884 1656 elfectus
1916 1618 2006 1655 re-

427 1694 584 1755 latio,
616 1704 742 1747 atttc
773 1694 958 1747 omnia
987 1707 1112 1747 cum
1147 1693 1279 1747 illud
1317 1694 1372 1747 in
1405 1692 1679 1748 confessis
1709 1693 1802 1753 sit.
1834 1693 2005 1760 ipsius

427 1793 639 1837 natura:
670 1783 838 1837 Deum
871 1792 925 1838 et
957 1792 1257 1839 creatorem
1297 1794 1352 1838 et
1383 1784 1630 1853 opificem
1671 1800 1793 1838 esse
1823 1802 1837 1838 :
1868 1784 2003 1838 arti-

429 1879 650 1934 ficiosus
698 1893 828 1932 vero
875 1886 928 1932 ει
976 1877 1247 1932 industria
1305 1878 1590 1932 hominum
1642 1877 2006 1947 excogitatus,

425 1970 517 2041 qui
562 1970 616 2024 in
664 1971 958 2024 structuris
985 1979 1041 2024 et
1083 1969 1406 2039 disciplinis,
1450 1978 1501 2023 et
1530 1969 1911 2037 dignitatibus,
1954 1977 2010 2021 et

428 2075 695 2123 numero,
747 2068 802 2113 et
852 2059 1145 2113 similibus.
1189 2058 1393 2113 llorum
1443 2063 1678 2125 primum
1727 2059 2009 2114 occultatis

430 2152 733 2205 Eunomius
762 2152 1015 2205 secundm
1041 2151 1240 2220 Speciei
1267 2152 1477 2204 ordinis
1502 2151 1830 2205 mentionem
1861 2149 2008 2213 fecit,

430 2243 616 2312 aitque
644 2258 748 2295 non
782 2257 904 2299 esse
932 2257 1068 2317 opus
1098 2256 1342 2295 asserere
1367 2243 1612 2295 ordinem
1646 2244 1698 2294 in
1727 2240 1857 2301 Deo,
1884 2256 2007 2293 eum

427 2337 566 2391 ordo
606 2337 894 2390 ordinante
938 2336 1212 2404 posterior
1250 2337 1337 2390 sit.
1386 2336 1519 2389 Illud
1564 2347 1742 2390 autem
1789 2337 1869 2388 tel
1902 2350 2010 2388 non

428 2428 858 2492 animadvertit,
914 2426 998 2481 vel
1052 2428 1243 2480 volens
1302 2406 1663 2497 ιπιιιὶειιεψιε⁸
1698 2425 2007 2489 occultavit,

430 2533 557 2573 esse
607 2534 780 2588 genus
826 2518 1045 2588 aliquod
1096 2518 1327 2584 ordinis,
1372 2533 1481 2572 non
1530 2528 1712 2572 nostra
1747 2515 2011 2596 industria

433 2610 838 2673 constitutum,
881 2610 975 2663 sed
1026 2610 1326 2664 secundum
1379 2622 1588 2665 natura:
1628 2611 1824 2664 seriem
1871 2624 2011 2664 cou-

432 2700 684 2771 tiugens,
719 2701 883 2754 veluti
919 2699 1058 2771 ignis
1082 2700 1147 2754 ad
1186 2701 1367 2755 lumen
1392 2742 1406 2764 ,
1445 2702 1588 2771 quod
1623 2717 1685 2753 ex
1719 2716 1784 2755 eo
1818 2711 1921 2756 εει.
1952 2703 2011 2758 lu

431 2793 517 2849 liis
549 2794 750 2848 etenim
796 2798 948 2863 prius
990 2809 1214 2852 causam
1253 2794 1516 2856 dicimus,
1557 2794 1827 2862 posterius
1866 2796 2012 2864 quod

427 2886 502 2941 ab
529 2901 596 2941 eo
626 2896 729 2952 est,
761 2902 870 2941 non
904 2889 1192 2943 intervallo
1220 2903 1282 2942 ea
1311 2889 1379 2941 ab
1408 2888 1641 2941 invicem
1674 2887 2012 2954 dirimentes;

354 3018 359 3025 .
429 2978 524 3032 sed
568 2989 695 3033 ante
733 2978 982 3034 enectum
1027 2995 1249 3034 causam
1292 2979 1678 3047 intelligenles.
1732 2976 2015 3043 Quomodo

431 3071 617 3140 itaque
650 3072 845 3126 rationi
883 3085 1306 3127 consentaneum
1354 3071 1519 3125 fuerit
1560 3070 1806 3124 ordinem
1852 3070 2017 3124 dene-

432 3176 586 3231 gare,
624 3162 677 3217 itt
714 3165 915 3231 quibus
946 3173 1032 3217 est
1063 3164 1214 3233 prius
1256 3171 1312 3217 et
1364 3165 1651 3232 posterius,
1688 3178 1794 3215 non
1828 3171 2011 3216 nostra
2042 3193 2086 3251 ο

434 3249 704 3305 industria
727 3291 741 3315 ,
780 3256 873 3306 sed
914 3269 978 3306 ex
1015 3253 1250 3306 naturali
1286 3254 1338 3305 iit
1380 3254 1511 3322 ipsis
1545 3254 1840 3306 exsistente
1874 3268 2009 3307 con-

432 3340 764 3396 secutioue?
800 3341 916 3408 Qua
965 3358 1094 3411 ergo
1139 3347 1205 3398 de
1248 3358 1411 3397 causa
1455 3344 1697 3397 ordiueut
1735 3359 2015 3400 assumere

434 3433 491 3487 in
523 3432 633 3487 Deo
662 3433 912 3504 respuit?
943 3435 1232 3506 Opinatur,
1261 3436 1306 3489 si
1336 3437 1638 3489 ostenderit
1667 3449 2012 3505 nequaquam

433 3526 593 3580 aliter
617 3528 770 3595 prius
795 3527 849 3580 in
876 3525 987 3582 Deo
1015 3528 1264 3599 intelligi,
1294 3528 1562 3597 reliquum
1589 3543 1648 3583 se
1673 3528 2012 3592 habiturum,

438 3616 491 3670 in
522 3618 644 3687 ipsa
670 3618 879 3672 scilicet
912 3620 1213 3674 substantia
1247 3619 1598 3673 eminentiam
1628 3621 2013 3675 demonstrari.

433 3703 549 3764 Nos
579 3723 710 3763 vero
745 3711 1046 3765 secundum
1078 3726 1375 3769 causarum
1408 3712 1474 3763 ad
1512 3725 1596 3774 ea,
1627 3726 1748 3780 quae
1782 3727 1847 3764 ex
1886 3713 2017 3779 ipsis

436 3803 607 3867 sunt,
660 3801 979 3857 relationem
1038 3805 1279 3872 praeponi
1326 3801 1520 3856 Filium
1569 3802 1715 3856 Patri
1764 3802 2017 3871 fatemur,

437 3901 651 3947 naturae
683 3908 813 3947 vero
852 3894 1171 3948 diversitate
1202 3895 1348 3949 nullo
1382 3896 1573 3958 modo,
1617 3913 1789 3964 neque
1823 3913 2023 3951 secun-

436 3986 569 4038 dum
593 3986 1057 4053 exsuperantiam.
1083 3984 1175 4040 Sic
1204 3987 1347 4038 enim
1380 3997 1433 4038 et
1460 3986 1672 4039 Patrem
1697 4002 1820 4040 esse
1849 3984 2020 4040 Deum

439 4076 832 4145 rejiceremus,
863 4090 988 4130 cum
1032 4077 1338 4137 essentialis
1381 4076 1669 4132 diversitas
1715 4079 2019 4135 naturalem

437 4170 892 4236 conjunctionem
932 4172 1173 4238 respuat.
1215 4186 1235 4220 ι

2110 586 2227 648 οδος
2259 586 2373 638 sui.
2426 587 2763 656 προσαγωγὴ
2808 587 2945 657 πρὸς
2975 585 3068 638 τὸν
3102 584 3236 637 Θεὸν
3279 586 3369 639 καὶ
3410 590 3620 664 Πατέρα·

2110 678 2269 747 φύσει
2301 678 2356 731 δὲ
2399 680 2583 732 οὐκέτι
2626 678 2901 749 δεύτερος,
2935 676 3071 731 διότι
3118 676 3309 747 θεότης
3339 679 3391 731 ὲν
3423 682 3626 759 ἐκατέρῳ

2113 771 2213 837 μία
2241 786 2251 797 ·
2289 768 2431 823 οὕτω
2452 770 2694 841 δηλονότι
2727 771 2819 823 κα)⁸
2853 769 2913 823 τὸ
2951 769 3178 838 Πνεῦμα
3208 768 3268 821 τὸ
3311 769 3535 839 ἆγιον,εί
3558 781 3631 831 καὶ

2111 862 2422 932 ύποὸέϐηκε
2482 866 2573 915 τὸν
2608 864 2735 916 Υίδν
2781 865 2846 933 τῇ
2900 861 3054 928 τάξει
3102 862 3200 915 καὶ
3254 861 3331 929 τῷ
3384 862 3631 934 ἀξιώματι,

2109 954 2293 1006 οὐκέτι
2325 956 2389 1007 ἂν
2418 954 2643 1017 εἰκότως
2666 954 2741 1017 ὡς
2765 953 3062 1025 ἀλλοτρίας
3096 953 3338 1022 ὑπάρχον
3373 955 3579 1021 φύσεως.
3615 978 3629 1010 t

2197 1139 2255 1191 Ὀ
2288 1138 2453 1200 αὐτὸς
2493 1139 2551 1192 ἐν
2578 1140 2656 1209 τῷ
2690 1137 2736 1193 α’
2760 1138 2870 1193 τῶν
2900 1139 3043 1208 πρδς
3094 1135 3359 1213 Εὐνόμιον
3396 1140 3637 1217 Ἀντιρρη-

2108 1236 2280 1289 τικῶν
2307 1236 2479 1304 λόγῳ,
2507 1228 2569 1289 οῦ
2594 1236 2627 1305 ἡ
2660 1234 2804 1303 ἀρχή
2826 1248 2839 1261 ’
2876 1247 2895 1283 ι
2930 1233 2991 1284 Et
3025 1233 3122 1300 μὲν
3150 1226 3430 1283 ἐϐούλοντο
3460 1235 3633 1296 πάντεξ,

2109 1329 2193 1396 ἐφ’
2215 1327 2307 1388 οὓς
2340 1329 2399 1381 τὸ
2425 1328 2595 1397 ὄνομα
2623 1326 2717 1379 τοῦ
2751 1324 2885 1378 Θεοῦ
2910 1327 3006 1378 καὶ
3039 1325 3290 1393 Σωτῆρος
3314 1324 3462 1391 ἡμῶν
3496 1328 3635 1393 Ἰησοῦ

2107 1418 2349 1487 Χριστοῦ
2396 1416 2784 1485 ἐπικέκληται,
2842 1433 2861 1466 ι
2904 1415 3107 1484 φησίν⁰
3158 1429 3178 1464 ι
3250 1413 3410 1465 Ἀλλᾶ
3455 1416 3639 1489 τάξιςὴ

2110 1512 2211 1581 μὲν
2238 1510 2444 1580 φυσική
2471 1508 2554 1571 τίς
2576 1511 2745 1572 ἐστιν,
2772 1509 2806 1576 ἡ
2833 1507 2887 1559 δὲ
2918 1506 3040 1558 κατ’
3065 1503 3416 1572 ἐπιτήδευσιν
3436 1520 3450 1535 ·
3480 1511 3643 1577 φυσικὴ

2111 1601 2233 1671 μὲν,
2265 1601 2339 1665 ὡς
2372 1602 2404 1669 ἡ
2435 1600 2540 1651 τῶν
2565 1599 2893 1669 κτισμάτων
2926 1598 3069 1649 κατὰ
3096 1596 3221 1658 τοὺς
3259 1596 3642 1665 δημιουργικοῦς

2107 1692 2298 1759 λόγους
2317 1689 2603 1759 ταχθεῖσα,
2632 1695 2725 1742 καί
2749 1691 2781 1759 ἡ
2811 1688 2904 1740 τοῦ
2936 1686 3171 1757 ἀριθμοῦ
3199 1686 3374 1759 θέσις,
3400 1705 3482 1738 και
3510 1689 3539 1755 ἡ
3576 1690 3647 1742 ,ιὶν

2110 1782 2300 1835 αἰτίων
2343 1781 2478 1849 πρὸς
2522 1779 2589 1832 τὰ
2625 1780 2845 1832 αἰτιατὰ
2897 1779 3100 1849 σχέσις,
3135 1758 3349 1829 ὲκέίνου
3388 1778 3650 1845 πρλιδιιυμο-

2110 1873 2436 1941 λογημένου,
2468 1870 2561 1923 τοῦ
2596 1874 2689 1923 καὶ
2720 1872 2819 1939 τῆς
2851 1870 3065 1939 φύσεως
3102 1872 3271 1939 αὐτῆς
3297 1874 3516 1939 ποιητὴν
3536 1867 3649 1923 εἶναι

2113 1965 2208 2017 καὶ
2248 1963 2584 2033 δημιουργὸν
2628 1963 2718 2015 τὸν
2768 1962 2902 2014 Θεόν
2927 1977 2943 1993 ο
2983 1962 3448 2031 ἐπιτετηδευμὲνη
3485 1961 3537 2013 δὲ
3574 1964 3650 2014 καὶ

2112 2057 2361 2123 τεχνικὴ,
2394 2056 2467 2116 ὼς
2503 2056 2534 2122 ἡ
2578 2056 2636 2104 ὲν
2667 2056 2776 2113 τοῖς
2811 2056 3334 2123 κατασκευάσμασι,
3378 2061 3467 2105 και
3510 2055 3653 2124 μαθή-

2117 2162 2275 2215 μασι,
2299 2147 2395 2197 καὶ
2420 2143 2716 2214 ἀξιώμασι.
2749 2145 2843 2198 καὶ
2871 2146 3114 2215 ἀριθμῷ,
3146 2146 3240 2197 καὶ
3267 2146 3382 2205 τοῖς
3409 2145 3653 2207 τοιούτοις.

2116 2235 2337 2289 Τούτων
2362 2239 2542 2291 τοίνυν
2602 2238 2660 2289 τὸ
2684 2237 2952 2309 πρότερον
2979 2237 3439 2307 ἀποκρυψάμενσ,
3462 2239 3488 2288 ό
3523 2237 3657 2289 HJM-

2118 2345 2262 2398 μιος,
2296 2322 2404 2381 ’τοῦ
2445 2330 2704 2401 δευτέρου
2746 2330 2921 2392 εἴδους
2965 2329 3062 2401 τῆς
3097 2330 3306 2393 τάξεως
3345 2329 3651 2399 ἐπεμνήσθη,

2114 2421 2210 2474 καί
2246 2438 2379 2490 φησι
2556 2423 2751 2491 χρῆναι
2788 2421 2971 2490 λέγειν
3013 2422 3108 2474 ἐπὶ
3152 2422 3290 2473 Θεοῦ
3322 2423 3493 2486 τάξιν,
3536 2422 3658 2474 ἐπεί-

2118 2528 2224 2582 περ
2265 2514 2295 2580 ἡ
2342 2511 2493 2577 τάξις
2524 2512 2750 2579 δευτέρα
2794 2513 2890 2565 τοῦ
2930 2514 3243 2575 τάττοντος.
3311 2508 3516 2565 Ἐκεῖνο
3553 2512 3598 2564 δὲ
3632 2512 3656 2583 ἢ

2115 2605 2174 2655 οὐ
2212 2600 2472 2667 σύνοιδεν,
2505 2605 2536 2670 ἢ
2570 2603 2711 2655 ἑκὼν
2745 2606 3121 2675 ἀπεκρύψατο,
3151 2607 3231 2659 ὅτι
3263 2606 3384 2658 ἔστι
3409 2622 3461 2658 τι
3494 2605 3659 2671 τάξεως

2116 2693 2255 2760 εἶδος
2293 2696 2393 2749 οὐκ
2424 2700 2487 2750 ἐκ
2526 2699 2625 2769 τῆς
2659 2697 2790 2768 παρ’
2834 2698 2993 2769 ἡμῶν
3039 2698 3240 2762 θέσεως
3275 2701 3658 2765 συνιστάμενον,

2116 2788 2232 2844 ἀλλ’
2293 2788 2428 2859 αὐτῇ
2485 2791 2553 2861 τῇ
2609 2792 2754 2843 κατὰ
2812 2789 2975 2858 φύσιν
3008 2790 3306 2860 ἀκολουθίᾳ
3378 2794 3658 2861 συμϐαῖνον,

2116 2878 2193 2941 ὡς
2237 2876 2315 2948 τῷ
2372 2881 2505 2948 πυρὶ
2559 2878 2696 2948 πρὸς
2751 2880 2811 2933 τὸ
2858 2880 2976 2946 φῶς
3027 2882 3141 2932 ἐστι
3171 2881 3231 2933 τὸ
3263 2881 3327 2947 ἐξ
3362 2882 3542 2936 αὐτοῦ.
3594 2883 3661 2935 Ἐν

2117 2970 2330 3033 τούτοις
2373 2969 2484 3042 γὰρ
2534 2969 2800 3041 πρότερον
2832 2972 2892 3025 τὸ
2926 2972 3100 3025 αῖτιον
3143 2972 3401 3043 λέγομεν,
3448 2973 3665 3043 δεύτερον

2118 3060 2176 3113 δὲ
2250 3064 2312 3114 τὸ
2405 3062 2502 3115 ἀπ’
2585 3063 2779 3128 αὑτοῦ,
2863 3064 2925 3118 σὺ
3000 3065 3335 3135 διαστήματι
3438 3066 3665 3134 χωρίζον-

2119 3170 2210 3218 τες
2273 3153 2368 3207 ἀπ’
2426 3154 2673 3225 ἀλλήλων
2739 3154 2932 3219 ταῦτα,
2974 3157 3111 3209 ἀλλὰ
3164 3157 3242 3226 τῷ
3306 3156 3551 3225 λογισμῴ
3589 3152 3667 3206 τοῦ

2118 3246 2363 3301 αἰτιατοῦ
2395 3249 2845 3319 προεπινοοῦντες
2881 3251 2942 3302 τὸ
2972 3250 3166 3303 αἴτιον.
3227 3250 3357 3313 Πῶς
3408 3249 3500 3302 οῦν
3541 3253 3669 3301 ἐστιν

2117 3338 2344 3408 εὔλογον
2392 3340 2675 3411 ἀρνεῖσθαι
2705 3342 2805 3411 τὴν
2830 3342 3006 3406 τάξιν,
3039 3343 3126 3411 ἐφ’
3177 3336 3251 3395 ὦν
3306 3345 3431 3395 ἐστι
3483 3341 3669 3413 πρῶτον

2119 3435 2213 3487 καὶ
2246 3433 2517 3503 δεύτερον,
2548 3435 2608 3486 οὐ
2638 3434 2781 3487 κατὰ
2829 3436 2926 3505 τὴν
2972 3437 3247 3507 ἡμετέραν
3283 3436 3460 3500 θέσιν,
3493 3434 3595 3486 αλλ’
3620 3436 3671 3486 ἐκ

2125 3524 2227 3593 τῆς
2280 3526 2423 3576 κατὰ
2460 3525 2622 3591 φύσιν
2654 3525 2839 3587 αὐτοῖς
2890 3528 3303 3595 ἐνυπαρχούσης
3340 3526 3669 3588 ἀκολουίιίας,

2121 3615 2279 3678 Τίνος
2311 3615 2401 3668 οῦν
2431 3615 2617 3670 ἕνεκεν
2646 3618 2830 3670 ἀθετεῖ
2860 3617 2957 3688 τὴν
2987 3619 3143 3681 τάξιν
3194 3619 3571 3688 λαμϐάνεσθαι
3600 3620 3674 3671 ἐπὶ
3762 3615 3763 3685 Ῐ

2123 3707 2299 3776 Θεοῦς
2355 3707 2621 3777 Ἦγεῖται,
2678 3712 2727 3762 εἰ
2770 3709 3059 3776 ἐπιδείξειε
3120 3711 3396 3782 μηδαμῶς
3434 3713 3597 3773 ἄλλως
3626 3711 3668 3759 τί

2127 3803 2394 3872 πρότερον
2425 3802 2519 3855 ἐπὶ
2548 3801 2686 3854 Θεοῦ
2724 3805 2988 3870 νοεῖσθαι,
3043 3804 3379 3874 λειπόμενον
3414 3805 3556 3869 ἓξειν
3578 3823 3661 3857 κατ

2120 3893 2291 3963 αὐτὴν
2350 3895 2451 3965 τὴν
2509 3895 2703 3948 οὐσίαν
2766 3897 2866 3966 τὴν
2928 3897 3201 3968 ὑπεροχὴν
3266 3897 3674 3951 ἐπιδείκνυσθαι.

2134 3984 2326 4056 Ἡμεῖς
2360 3986 2416 4038 δὲ
2442 3987 2584 4040 κατὰ
2611 3988 2712 4058 μὲν
2741 3988 2840 4059 τὴν
2871 3989 2979 4042 τῶν
3006 3991 3194 4043 αίτίων
3227 3993 3367 4063 πρὸς
3421 3992 3489 4043 τὰ
3524 3990 3578 4054 εξ
3604 3993 3681 4043 αι·
3762 3982 3763 3985 “

2122 4077 2231 4129 τῶν
2263 4076 2449 4147 σχέσιν
2482 4080 2853 4149 προτετάχθαι
2880 4083 2975 4134 τοῦ
3026 4081 3160 4133 Υἰοῦ
3191 4081 3301 4133 τὺν-
3322 4083 3550 4151 Πατέρα
3594 4098 3677 4149 φει-
3762 4126 3763 4131 η

2127 4174 2248 4243 μὲν,
2280 4175 2423 4228 κατὰ
2457 4174 2514 4229 δὲ
2551 4178 2650 4246 τὴν
2681 4178 2777 4246 τῆς
2797 4179 3014 4247 φύσεως
3045 4179 3310 4251 διαφορὰν
3345 4182 3556 4244 οὐκέτι,
3583 4179 3682 4232 οὐδὲ

442 4228 586 4313 κατα
617 4261 716 4331 τὴν
738 4259 832 4314 τοῦ
861 4228 1056 4331 χρόνοι)
1090 4260 1387 4332 ὑπεροχήν.
1421 4262 1488 4314 Ἢ
1515 4261 1658 4316 οὕτω
1680 4279 1743 4330 γε
1771 4266 1865 4318 καὶ
1915 4228 2052 4318 ἀὐτὸ
2090 4228 2150 4319 ei
2207 4228 2424 4338 [ίατέρα
2469 4228 2619 4323 εἶναι.
2642 4228 2775 4322 τόν..
2800 4228 3679 4347 δεδν-ἆθετῂήῐσόμε-νξ*της-’κατὰ
3762 4332 3763 4351 γ

437 4353 540 4426 τὴν
566 4354 755 4407 οὐσίαν
794 4353 1210 4424 ἀλλοτριότητος
1260 4354 1359 4423 τὴν
1417 4355 1658 4433 φυσικὴν
1710 4357 2009 4425 συνάφειαν
2042 4358 2365 4429 ἀθετούσης.
2405 4379 2425 4413 υ

510 4443 658 4499 ldem
699 4445 858 4514 epist.
899 4444 967 4497 ad
1001 4446 1319 4527 cauonieas,
1352 4461 1473 4515 qua:
1503 4447 1730 4516 incipit:
1773 4466 1790 4498 ι
1831 4446 2007 4512 Quan-

2168 4480 2179 4486 -
2205 4447 2263 4503 ὀ
2290 4450 2454 4513 αὐτὸς
2477 4451 2537 4505 ἐν
2574 4454 2643 4524 τῇ
2682 4453 2821 4524 πρὸς
2867 4468 2966 4518 τας
3001 4457 3292 4520 κανονικὰς
3324 4458 3608 4529 ἐπιστολῇ,
3629 4454 3683 4529 ἦς

444 4549 560 4593 tum
594 4553 695 4592 nos
732 4539 906 4591 tristis
942 4551 1133 4590 rntnor
1165 4552 1326 4591 aut-es
1357 4548 1573 4591 nostras
1603 4539 2019 4594 circumsonaus

441 4633 678 4705 primum
725 4629 1012 4684 allltxerat.
1064 4628 1197 4682 Cum
1244 4645 1374 4683 vero
1418 4644 1449 4684 e
1494 4632 1796 4684 substantia
1846 4631 2022 4686 Patris

443 4722 640 4778 Filium
674 4722 974 4778 subsistere
1005 4719 1149 4775 docti
1188 4720 1383 4785 simus,
1416 4732 1469 4775 ct
1502 4722 1719 4792 quidem
1755 4723 2019 4791 genitum,

442 4830 551 4870 nan
594 4822 774 4869 autem
814 4813 1041 4877 factum,
1074 4828 1141 4866 ne
1175 4813 1574 4867 descendamus
1608 4818 1674 4864 ad
1706 4812 2020 4880 corporales

442 4908 763 4979 passionum
814 4904 1221 4973 itttelligeutias.
1280 4903 1532 4969 Nomest
1582 4906 1728 4956 enim
1778 4921 1808 4957 a
1862 4904 2026 4959 Patre

442 5003 616 5057 divisa
654 5000 707 5052 in
746 4997 945 5052 Filium
981 4998 1246 5057 essentia,
1290 5012 1467 5066 neque
1507 5011 1602 5067 per
1635 4997 1891 5051 ellluxutn
1929 5006 2024 5067 ge-

444 5096 604 5158 nuit;
640 5092 736 5147 sed
768 5090 963 5145 modus
989 5090 1189 5143 divinae
1221 5091 1591 5158 generationis
1625 5091 2026 5160 inexplicabilis

444 5187 691 5240 omnino.
727 5183 965 5252 Spiritus
1002 5192 1184 5235 autem
1217 5190 1443 5236 sanctus
1473 5197 1598 5236 cunt
1629 5181 1775 5237 Patri
1801 5192 1855 5238 et
1884 5181 2026 5239 Filio

445 5285 856 5336 aunumeretur,
895 5288 1058 5340 supra
1106 5289 1322 5327 omnem
1372 5275 1628 5328 consistit
1674 5285 2020 5331 creaturam:

448 5371 626 5425 locum
673 5386 800 5424 vero
834 5369 1048 5423 obtinet
1094 5369 1350 5436 illumpse
1388 5382 1545 5435 quem
1578 5365 1688 5420 dixi
1711 5405 1727 5429 ,
1762 5369 2026 5436 quemad-

448 5462 668 5515 modum
705 5477 804 5515 ttos
849 5460 1010 5515 docet
1052 5460 1108 5514 in
1156 5457 1452 5527 Evangelio
1498 5458 1761 5513 Dominus
1794 5458 2022 5515 dit-eus:

2125 4540 2158 4611 ὴ
2192 4539 2354 4613 ἀρχὴ,
2401 4561 2420 4593 ι
2462 4544 2624 4597 Ὅσον
2654 4546 2876 4615 ἠνίασεν
2930 4548 3076 4617 ἡμᾶς
3117 4550 3392 4618 πρότερον
3425 4555 3584 4624 φήμη
3605 4551 3684 4604 λυ-

2128 4634 2301 4703 πηρὰ,
2363 4636 2469 4718 τὰς
2519 4638 2690 4700 ἀκοὰς
2748 4638 2907 4709 ἡμῶν
2962 4646 3375 4712 περιηχήσασα,
3419 4663 3439 4695 ι
3500 4644 3681 4713 φησίν

2127 4723 2300 4778 Ὅταν
2333 4726 2390 4779 δὲ
2422 4731 2486 4781 ὲκ
2522 4729 2617 4790 τῆς
2653 4731 2839 4794 οὐσίας
2870 4730 2964 4785 τοῦ
2998 4733 3209 4803 Πατρὺς
3260 4737 3354 4789 τὸν
3410 4736 3542 4791 Υἱὸν
3566 4733 3687 4790 sint

2126 4817 2530 4889 διδασκώμεθα,
2566 4824 2641 4890 μὴ
2666 4826 3101 4895 καταπίπτωμεν
3129 4828 3222 4881 ἐπὶ
3251 4846 3351 4893 τας
3382 4831 3686 4899 σωματικὰς

2120 4909 2228 4962 τῶν
2255 4910 2443 4964 παθῶν
2465 4913 2698 4976 ἐννοίας.
2728 4915 2801 4968 Οὐ
2847 4917 2955 4988 γὰρ
3007 4919 3278 4991 ἐμερίσθη
3327 4922 3363 4993 η
3411 4923 3575 4976 οὐσία
3599 4922 3688 4978 ἀπὸ

2131 4997 2215 5051 ιοῦ
2248 5000 2462 5071 Πατρὸς
2500 5004 2581 5066 είς
2631 5004 2782 5073 Υίὸν,
2816 5008 2938 5059 οὐδὲ
2983 5011 3177 5079 ῥυεῖσα
3205 5014 3516 5088 ἐγέννησεν
3538 5033 3553 5046 ’
3587 5015 3687 5068 ἀλλ’

2121 5091 2360 5161 apparo;
2408 5093 2511 5164 τῆς
2577 5095 2729 5160 θείας
2782 5101 3094 5171 γεννήσεως
3159 5107 3187 5158 ὁ
3232 5109 3467 5179 τρόπος.
3525 5110 3597 5164 Τὸ
3641 5109 3690 5162 δὲ

2122 5183 2349 5255 Πνεῦμα
2379 5187 2440 5239 τὸ
2468 5187 2625 5257 ἅγιον
2658 5191 2832 5261 Πατρὶ
2865 5195 2966 5263 μὲν
2988 5198 3082 5249 καὶ
3113 5197 3227 5268 Υἱῷ
3255 5203 3687 5274 συναριθμεῖται,

2123 5274 2259 5328 διότι
2298 5277 2391 5330 καὶ
2426 5278 2568 5350 ὑπὲρ
2595 5281 2692 5352 τὴν
2724 5284 2903 5338 κτίσιν
2945 5288 3084 5341 me
3119 5293 3382 5349 τέτακται
3404 5298 3465 5349 δὲ
3502 5296 3689 5367 τρίτον,

2121 5367 2196 5431 ὼς
2223 5370 2280 5421 ἑν
2312 5370 2627 5442 Εὑαγγελίῳ
2657 5375 3019 5446 δεδιδὰγμεθα
3051 5380 3325 5449 παρὰτυῦ
3363 5388 3584 5457 Κυρίου
3623 5393 3690 5439 εί·

2126 5461 2342 5525 πόντοςο
2377 5480 2395 5513 ι
2426 5464 2795 5533 Πορευθέντες
2828 5470 2910 5533 εἰς
2944 5472 3037 5526 τὸν
3069 5475 3279 5546 κόσμον
3330 5477 3559 5531 ἅπαντα
3606 5477 3688 5549 βι-

451 5570 471 5603 ι
510 5551 715 5606 Euutes
769 5552 1043 5621 liaptizate
1098 5552 1153 5605 itt
1203 5551 1427 5605 nomine
1477 5548 1654 5604 Patris
1699 5561 1752 5605 et
1803 5550 1924 5606 Filii
1975 5568 2004 5606 e

2124 5553 2346 5616 πτίζετε
2405 5557 2485 5620 είς
2537 5556 2598 5610 τὸ
2625 5559 2796 5630 ὄνομα
2844 5562 2938 5618 τοῦ
2974 5568 3212 5639 Πατρὸς,
3267 5570 3360 5624 καὶ
3408 5573 3508 5626 τοῦ
3554 5548 3691 5632 Υίού.

447 5645 684 5717 Spiritus
730 5646 908 5700 sancti
940 5645 1006 5697 “.
1051 5661 1071 5695 ι
1110 5642 1215 5710 Qui
1252 5658 1350 5716 pra
1366 5645 1519 5715 ponit
1565 5642 1723 5713 Filio,
1757 5643 1840 5700 rel
1869 5642 2030 5700 Patre

519 5805 563 5837 "
588 5804 779 5862 Matth.
813 5808 1008 5877 XXVIII,
1041 5804 1129 5862 l9.

2127 5647 2349 5701 καὶτοῦ
2400 5650 2557 5719 ἁγίου
2596 5652 2940 5726 Πνεύματος.
3014 5679 3033 5713 ι
3087 5664 3146 5716 '0
3201 5663 3260 5718 δὲ
3302 5667 3584 5736 προτιθεὶς
3611 5666 3693 5720 τοῦ
