3788 6614
205 442 298 504 645

1584 422 2062 486 ΕΡΙῧΠΑΡΗᾸΞ.

3327 408 3439 491 διδ
3482 485 3503 491 -

206 555 341 621 Υῐοῦ,
365 554 394 625 ἦ
426 548 793 621 πρεσϐύτερον
812 545 991 612 λέγων
1014 545 1246 615 Πατρδς,
1264 538 1418 607 οὗτος
1436 545 1745 600 ἀνθίσταται

1917 543 2055 598 xerit
2090 540 2457 613 antiquiorem
2492 554 2648 609 esse,
2697 540 2901 598 resistit
2932 539 3036 597 iste
3068 538 3267 595 divina:
3299 554 3441 610 pra:-

207 649 295 720 μὲν
333 647 394 715 τῇ
429 641 516 696 τοῦ
549 636 687 691 θεοῦ
718 638 975 708 διαταγῇ,
1030 636 1315 707 ἀλλότριος
1342 636 1399 690 δὲ
1443 639 1541 706 τῆς
1569 637 1748 704 ὑγιαι-

203 738 378 806 νούσης
401 737 653 791 πίστεως,
688 732 761 800 μὴ
789 728 849 781 ὃν
886 726 1166 798 παρέλαϐε
1197 728 1398 797 τρόπον
1432 724 1747 797 δοξολογίας

205 829 482 899 φυλάττων,
512 821 629 876 ἀλλ’
680 819 859 890 ἐαυτῷ
919 820 1260 889 κενοφωνίαν
1312 821 1392 882 είς
1447 819 1749 887 ἀρέσκειαν

201 916 478 988 ἀνθρώπων
504 912 759 967 ἐπινοῶν.
804 930 823 964 ι
867 912 975 965 Καὶ
1019 911 1140 981 μετ’
1181 912 1375 978 ὀλίγα*
1429 929 1447 961 t
1515 911 1746 981 Ὥστεή

201 1010 315 1079 περὶ
341 1008 435 1077 τὴν
455 1005 607 1069 τάξιν
636 1002 960 1072 καινοτομία
988 1003 1161 1069 αὐτῆς
1184 1002 1279 1071 τῆς
1307 1001 1597 1072 ὑπάρξεως
1620 1001 1748 1067 ἀθέ.

198 1116 336 1168 τησιν
368 1098 495 1167 ἔχει,
536 1096 634 1148 καὶ
669 1094 799 1163 ὅλης
842 1095 940 1160 τῆς
986 1090 1227 1151 πίστεώς
1286 1093 1439 1144 ἐστιν
1496 1093 1747 1162 ἄρνησις.

208 1189 415 1259 Ὁμοίως
439 1185 528 1239 οῦν
555 1189 706 1238 ἐστιν
730 1184 927 1247 ἀσεϐὲς
959 1186 1054 1237 καὶ
1086 1186 1179 1237 ἐπὶ
1213 1184 1315 1254 τὴν
1355 1184 1533 1237 κτίσιν
1575 1200 1750 1236 κατα-

196 1283 388 1351 γαγεῖν,
417 1279 508 1331 καὶ
566 1277 920 1348 ύπερτιθέναι
972 1276 1105 1329 αὐτὸ
1148 1277 1181 1348 ἢ
1221 1274 1351 1329 Υἰοῦ
1404 1274 1680 1346 ἦΠατρὸς
1714 1275 1749 1345 ἢ

197 1374 320 1427 κατὰ
343 1373 433 1424 τὸν
465 1369 662 1442 χρόνον
703 1371 736 1442 ἢ
768 1370 908 1423 κατὰ
930 1368 1030 1440 τὴν
1051 1366 1223 1433 τάξιν.
1262 1385 1282 1420 ›

160 1576 165 1580 λ
261 1553 315 1606 '0
345 1551 505 1615 αύτδς
539 1555 599 1606 ὲν
627 1555 693 1624 τῇ
725 1551 864 1622 πρὸς
894 1550 1202 1623 Γρηγόριον
1226 1552 1317 1606 τὸν
1345 1552 1577 1622 ἀδελφὸν
1621 1557 1752 1608 ἐπι-

192 1643 353 1714 στολῇ,
394 1641 461 1716 ἧς
492 1646 523 1715 ἡ
557 1644 725 1714 ἀρχὴ,
782 1663 801 1696 ι
850 1641 1074 1713 Ἐπειδὴ
1106 1641 1295 1695 πολλοὶ
1351 1644 1412 1695 τὸ
1446 1643 1626 1696 κοινὸν
1655 1644 1753 1714 τῆς

190 1737 356 1799 οὐσίας
387 1737 477 1788 ἐπὶ
504 1736 620 1789 τῶν
655 1735 938 1806 μυστικῶν
998 1734 1290 1804 δογμάτων
1321 1734 1395 1805 μὴ
1433 1736 1755 1805 .διακρίνον-

189 1843 287 1889 τες,
324 1845 343 1878 ι
374 1827 582 1896 φησίν*
623 1845 642 1878 ε
695 1826 752 1879 Ὀ
797 1826 858 1878 τὸ
892 1824 1122 1894 Πνεῦμα
1149 1830 1349 1895 νοήσας
1391 1828 1526 1879 αὑτό
1569 1843 1629 1879 τε
1662 1824 1749 1893 ἐφ’

188 1918 364 1973 ἑαυτοῦ
396 1922 617 1991 ἐνόησε,
655 1921 752 1973 καὶ
792 1921 886 1972 τον
913 1917 1043 1972 Υἱὸν
1069 1921 1135 1989 τῇ
1165 1919 1378 1990 διανοίᾳ
1404 1920 1754 1989 συμπαρεδέ-
1783 1899 1821 1951 Β

189 2013 320 2079 ξατο.
355 2013 415 2065 '0
452 2012 512 2066 δὲ
553 2012 746 2066 τοῦτον
775 2011 959 2065 λαϐὼν
990 2011 1085 2065 τοῦ
1126 2011 1257 2065 Υἱοῦ
1282 2012 1372 2065 τὴν
1403 2013 1622 2082 Πατέρα
1648 2015 1749 2065 οὐκ

190 2106 506 2175 ἁπεμέρισεν
529 2119 548 2137 ⁸
581 2105 700 2157 ἀλλ’
728 2104 1043 2166 ἀκολούθως
1090 2103 1188 2172 μὲν
1247 2105 1391 2158 κατὰ
1428 2106 1526 2175 τὴν
1563 2104 1744 2172 τάξιν,

191 2198 530 2267 συνημμένως
561 2196 621 2249 δὲ
657 2198 798 2249 κατα
852 2196 953 2266 τὴν
1010 2196 1173 2264 φύσιν
1231 2196 1340 2248 τῶν
1386 2198 1555 2267 τριῶν
1605 2198 1747 2250 κατὰ

189 2290 332 2344 ταυτὺ
365 2291 887 2361 συγκεκραμμένως
932 2290 988 2341 ὲν
1036 2287 1218 2358 ἑαυτῷ
1257 2287 1357 2359 τὴν
1405 2290 1593 2343 πίστιν
1624 2292 1751 2343 ἀνε-

188 2385 473 2436 τνπώσατο.
530 2382 647 2434 Καὶ
684 2383 712 2434 ὀ
746 2382 808 2434 τὸ
843 2380 1070 2451 Πνεῦμα
1112 2380 1275 2451 μόνον
1327 2380 1498 2435 είπὼν
1534 2399 1747 2453 συμπε-

192 2474 384 2545 ριέλασε
414 2477 482 2544 τῇ
540 2474 810 2545 ὁμολογίᾳ
848 2474 943 2526 καὶ
968 2472 1084 2538 τὸν,
1114 2469 1176 2528 οῦ
1229 2474 1351 2526 ἑστι
1403 2474 1463 2526 τὸ
1494 2474 1741 2545 Πνεῦμα.

189 2566 280 2620 Καὶ
303 2566 486 2636 ἐπειδὴ
538 2566 639 2619 τοῦ
700 2565 941 2637 Χριστοῦ
987 2567 1106 2618 ἐστι
1143 2566 1206 2618 τὸ
1245 2566 1492 2636 Πνεῦμα,
1541 2570 1635 2620 καὶ
1682 2569 1749 2620 ὲκ

188 2658 264 2713 τοῦ
283 2657 433 2721 Θεοῦ,
464 2658 656 2721 καθώς
690 2675 856 2728 φησιν
883 2660 910 2711 ὀ
950 2656 1296 2724 Ἀπόστολος,
1329 2657 1517 2728 ὥσπερ
1540 2659 1599 2725 ἐξ
1620 2658 1749 2712 ἁλύ-

190 2766 307 2813 σεως
323 2753 351 2803 ὁ
371 2750 467 2804 τοῦ
493 2751 618 2812 ἑνὸς
640 2752 815 2822 ἄκρου
847 2750 1149 2821 ἁψάμενος,
1167 2752 1260 2803 καὶ
1288 2749 1347 2802 τὸ
1368 2750 1456 2803 Et:
1463 2768 1556 2821 ρον
1577 2751 1749 2822 ἀκρον

191 2844 644 2909 συνεπεσπάσατο,
713 2843 889 2905 οὕτως
944 2845 972 2895 ὁ
1018 2841 1080 2894 τὸ
1112 2841 1336 2910 Πνεῦμα
1390 2841 1626 2905 ἑλκύσας
1679 2841 1747 2896 δι’

189 2933 332 2988 αὐτοῦ
350 2934 443 2988 καὶ
465 2935 565 2987 τὸν
593 2934 815 3004 Πατέρα
838 2932 935 2986 καὶ
963 2934 1055 2985 τὸν
1080 2932 1210 2986 Υίὸν
1236 2931 1618 3001 ἐφειλκύσατο.
1640 2933 1749 2987 Καὶ

185 3024 264 3078 τὸν
297 3024 420 3079 Υἱδν
439 3025 667 3095 ἀληθῶς
693 3025 749 3077 ετ
764 3042 848 3087 τις
877 3022 1040 3093 λάσῃ,
1074 3022 1186 3090 ἕξει
1210 3024 1377 3077 αὑτοῦ
1402 3023 1747 3094 ἑκατέρωθεν

191 3117 255 3187 πῆ
288 3117 380 3187 μὲν
409 3117 501 3170 τὸν
537 3115 705 3171 αὑτοῦ
754 3117 997 3185 Πατέρα,
1029 3115 1106 3184 πῆ
1132 3114 1190 3168 δὲ
1228 3115 1289 3168 τὸ
1338 3115 1466 3168 ίόιον
1523 3113 1750 3184 Πνεῦμα

188 3209 631 3279 συνεπαγόμενον.
668 3209 745 3260 Ού
808 3209 910 3279 γὰρ
965 3206 1115 3259 ἔστιν
1166 3206 1458 3276 ἐπινοῆσαι
1504 3206 1676 3277 τομὴν
1705 3206 1739 3275 ἢ
1769 3243 1815 3303 C

185 3301 443 3373 διαίρεσιν,
474 3301 559 3366 ὡς
589 3302 623 3372 ἢ
652 3301 783 3355 Υίὸν
836 3303 1006 3372 χωρὶς
1036 3299 1250 3371 Πατρὺς
1289 3302 1571 3373 νοηθῆναι,
1604 3299 1637 3371 ἢ
1678 3300 1740 3352 τὸ

187 3385 384 3458 Πνεῦμα
418 3389 517 3443 τοῦ
555 3388 686 3443 Υίοῦ
718 3388 1121 3460 διαζευχθῆναι.
1161 3405 1182 3440 ε

251 3579 307 3632 '0
337 3579 496 3642 αὐτὸς
530 3578 705 3649 μέγας
741 3579 1024 3641 Βασίλειος
1056 3579 1113 3631 ἐν
1137 3581 1203 3649 τῇ
1255 3578 1392 3649 πρὸς
1440 3580 1742 3636 Εὐστάθιον

187 3673 441 3743 ὶπιστολῇ,
473 3669 549 3744 ἧς
580 3674 615 3741 ἡ
645 3673 810 3741 ἁρχὴ,
842 3690 858 3721 t
901 3672 1041 3734 Τοὺς
1070 3672 1102 3741 ἢ
1136 3672 1551 3742 προληφθέντας
1577 3674 1741 3746 ἑτέρᾳ

186 3765 394 3828 πίστεως
426 3764 716 3833 ὁμολογίᾳ,
758 3781 775 3814 ι
818 3763 982 3834 φησιν
1026 3764 1108 3816 ὅτι
1166 3780 1184 3815 t
1226 3764 1455 3832 Φεύγειν
1505 3765 1587 3818 δεῖ
1645 3767 1741 3819 καὶ⁵

184 3857 292 3918 τοὺς
314 3857 409 3926 τὴν
445 3855 800 3919 ἀκολουθίαν,
841 3854 908 3924 ἣν
958 3856 1278 3925 παρέδωκεν
1300 3858 1436 3926 ἡμῖν
1472 3859 1499 3909 ὁ
1530 3857 1739 3929 Κύριος

188 3948 552 4018 ὶναμείῦοντας
578 3946 655 4009 ὡς
688 3949 938 4017 φανερῶς
985 3949 1328 4017 μαχομένους
1362 3950 1427 4017 τῇ
1458 3948 1736 4021 εὐσεὸείᾳ,

187 4042 265 4095 καὶ
292 4044 410 4096 Υίδν
438 4044 543 4113 μὲν
574 4044 989 4112 προτάσσοντας
1017 4041 1113 4095 τοῦ
1149 4043 1385 4111 Πατρὸς,
1422 4042 1552 4096 Υίοῦ
1578 4044 1635 4097 δὲ
1680 4044 1742 4098 τὸ

187 4134 383 4205 Πνεῦμα
420 4136 481 4187 τὸ
509 4135 669 4203 ἆγιον
700 4133 1078 4204 προτιθέντας.
1122 4152 1142 4186 ι

253 4229 305 4281 '0
340 4228 710 4297 Δαμασκηνὸς
741 4227 798 4278 ὲν
827 4225 907 4295 τῷ
955 4222 1017 4277 ιδ’
1048 4225 1159 4280 τῶν
1205 4226 1538 4295 θεολογικῶν
1568 4228 1739 4281 αὑτοῦ

186 4320 470 4390 κεφαλαίων
495 4318 639 4388 φησί
665 4333 680 4348 ·
718 4335 738 4370 ε
779 4316 912 4382 Θεὸς
948 4317 1009 4370 τὸ
1038 4317 1262 4387 Πνεῦμα
1290 4320 1351 4373 τὸ
1381 4318 1538 4387 ἅγιον
1576 4321 1742 4390 μέσον

186 4413 458 4482 ἀγεννήτου
488 4412 589 4465 καὶ
620 4406 904 4479 γεννητοῦ,
937 4413 1031 4463 καὶ
1058 4409 1126 4462 δι’
1155 4409 1285 4462 Υίοῦ
1310 4409 1388 4481 τῷ
1411 4411 1587 4480 Πατρὶ
1618 4428 1743 4465 συν-

187 4505 487 4572 απεόμενον.
520 4520 541 4555 ι

1852 634 2092 704 ceptioni
2115 675 2129 697 .
2163 643 2216 689 et
2249 648 2277 687 a
2313 647 2449 689 sana
2479 631 2586 688 fide
2617 631 2829 688 alienus
2864 632 3118 697 aberrat,
3161 631 3291 687 dum
3330 647 3438 688 non

1854 725 2176 780 inviolatum
2208 734 2499 780 conservat
2529 726 2682 780 illum
2721 725 2972 780 ordinem
3002 723 3438 794 gloriﬁcationis,

1853 834 2018 887 quem
2057 818 2271 888 accepit
2306 818 2598 882 traditum,
2636 817 2733 872 sed
2775 825 2834 871 ut
2879 815 3095 886 placere
3129 818 3299 885 pOSsil
3340 818 3441 873 ho-

1855 909 2125 977 minibus,
2156 910 2454 979 yerborum
2502 910 2605 964 sibi
2650 909 2932 964 adinvenit
2974 909 3266 965 novitates.
3314 927 3334 961 ι
3374 908 3440 965 Ει

1854 1003 2046 1073 paucis
2070 1002 2299 1057 annexis
2334 1020 2349 1057 :
2381 1022 2399 1054 ι
2441 1003 2631 1072 Usque
2654 1003 2791 1057 adeo
2822 1005 2934 1056 hate
2962 1003 3028 1057 de
3059 998 3253 1058 ordine
3278 1003 3443 1058 inno-

1856 1098 2037 1159 ratio,
2076 1095 2251 1164 ipsius
2299 1095 2621 1149 substantia:
2669 1093 3160 1159 annihilationem,
3208 1104 3264 1149 et
3318 1093 3441 1150 fidei

1857 1186 2468 1263 totiusabnegationem
2505 1185 2686 1239 habet.
2712 1185 2890 1253 IEque
2914 1199 3045 1253 ergo
3075 1183 3303 1253 impium
3331 1193 3440 1249 est,

1853 1288 1906 1332 et
1956 1279 2022 1332 ad
2057 1290 2340 1333 creaturas
2368 1277 2631 1347 Spiritum
2674 1278 2975 1342 deducere,
3010 1286 3065 1330 et
3096 1279 3443 1345 superiorem

1853 1369 2015 1425 Patre
2046 1380 2101 1426 et
2134 1369 2274 1424 Filio
2306 1379 2573 1430 statuere,
2601 1368 2718 1422 sive
2757 1368 2830 1422 sit
2862 1368 3166 1433 secundum
3203 1378 3440 1438 tempus,

1854 1465 1968 1518 sive
2000 1466 2212 1520 ratione
2243 1464 2455 1518 ordinis
2484 1462 2847 1531 superioritas
2893 1464 3009 1516 illa.
3051 1481 3070 1513 ι

1930 1555 2071 1609 Idem
2104 1555 2339 1627 epistola
2366 1554 2435 1608 ad
2462 1552 2787 1622 Gregorium
2823 1551 3071 1618 fratrem,
3100 1555 3260 1621 cujus
3291 1554 3440 1626 prin~
3476 1607 3484 1614 ,

1855 1647 2058 1717 cipium
2087 1663 2102 1701 :
2140 1666 2159 1698 ε
2193 1644 2332 1701 Cum
2366 1646 2421 1700 in
2453 1645 2701 1716 mysticis
2734 1644 3082 1714 dogmatibus
3116 1646 3442 1702 cnarrandis

1857 1742 2100 1811 plerique
2130 1740 2272 1806 sint,
2308 1742 2400 1808 qui
2448 1740 2592 1810 quod
2630 1739 2780 1793 nullo
2828 1739 3200 1794 discerniculo
3242 1742 3441 1795 distin-

1854 1842 2007 1903 gunt.
2051 1830 2157 1887 Sed
2202 1832 2295 1902 qui
2346 1831 2563 1885 Patrem
2611 1830 2913 1896 intellexit,
2949 1841 3005 1885 et
3045 1829 3241 1885 Filium
3277 1833 3442 1888 simul

1851 1941 1912 1978 ea
1946 1925 2301 1995 intelligentia
2326 1924 2642 1993 complexus
2672 1934 2776 1977 est.
2811 1923 2917 1990 Qui
2950 1940 3080 1979 vero
3105 1925 3252 1980 hunc
3279 1940 3443 1981 acce-

1850 2016 2009 2085 p-'rit,
2037 2012 2300 2085 Spiritum
2339 2034 2370 2070 a
2402 2014 2540 2070 Filio
2573 2031 2680 2069 non
2714 2016 2939 2070 divisit:
2979 2017 3071 2071 sed
3099 2017 3257 2086 juxta
3292 2017 3444 2072 ordi-

1849 2122 1971 2161 nem
2012 2108 2232 2178 quidem
2271 2123 2630 2177 personarum
2675 2117 3099 2176 consequenter,
3132 2108 3285 2177 juxta
3311 2124 3442 2165 vero

1851 2207 2100 2251 naturam
2125 2197 2464 2267 conjuncnm
2490 2200 2653 2252 trium
2681 2212 3044 2267 personarum
3066 2196 3225 2250 fidem
3250 2198 3442 2252 eadem

1851 2293 2063 2344 ratione
2096 2298 2562 2358 contcmperatatn
2600 2290 2653 2343 in
2685 2303 2743 2342 se
2773 2289 2893 2358 ipso
2925 2288 3222 2357 expressit.
3257 2286 3325 2342 Et
3347 2287 3444 2359 qui

1849 2383 1916 2437 de
1942 2382 2148 2454 Spiritu
2185 2382 2304 2437 solo
2336 2382 2602 2451 loquitur,
2636 2380 2802 2435 simul
2835 2381 2939 2435 ista
2973 2380 3343 2446 confessione,
3386 2389 3444 2434 et

1848 2494 1970 2533 eam
2003 2492 2125 2547 quae
2162 2476 2315 2530 illum
2349 2475 2663 2541 concurrit,
2712 2475 2873 2542 cujus
2915 2474 3155 2543 Spiritus
3196 2481 3280 2528 est
3309 2488 3443 2527 con-

1845 2570 2051 2641 junxit.
2078 2568 2143 2623 Et
2169 2569 2430 2638 quoniam
2453 2567 2657 2622 Christi
2687 2564 2925 2635 Spiritus
2954 2575 3057 2628 est,
3083 2574 3220 2619 teste
3244 2565 3439 2629 Paulo,

1848 2671 1904 2717 et
1933 2676 1999 2716 ex
2030 2660 2142 2715 Deo
2169 2668 2274 2721 est.
2308 2659 2364 2712 ﬁt
2395 2667 2454 2712 ut
2493 2657 2957 2728 quemadmodum
3005 2657 3060 2711 in
3105 2668 3316 2721 catena,
3346 2659 3443 2729 qui

1854 2754 2018 2809 unius
2068 2752 2255 2807 annuli
2306 2751 2681 2807 summitatem
2734 2750 3125 2820 apprehendit,
3173 2753 3275 2806 hoc
3321 2752 3443 2819 ipso

1853 2846 2022 2900 simul
2058 2854 2112 2899 et
2146 2848 2378 2899 alterum
2413 2845 2679 2899 inscrtum
2720 2845 2983 2910 attrahit;
3029 2846 3100 2899 ita
3135 2854 3189 2901 et
3221 2845 3310 2900 hic
3341 2846 3440 2914 qui

1851 2936 2115 3006 Spiritum
2145 2937 2333 3002 trahit,
2363 2952 2456 3007 per
2483 2938 2660 3005 ipsum
2692 2946 2746 2989 et
2773 2936 2975 2991 Filium
3008 2948 3061 2992 et
3086 2936 3301 2992 Patrem
3332 2952 3443 2993 una

1852 3030 2015 3085 simul
2046 3029 2350 3083 attraxerit.
2381 3028 2449 3082 Et
2493 3029 2537 3083 si
2573 3028 2700 3099 quis
2733 3044 2857 3082 vere
2886 3026 3086 3082 Filium
3133 3028 3442 3097 apprehen-

1852 3122 2017 3185 derit,
2047 3121 2263 3175 habebit
2291 3132 2348 3176 et
2375 3122 2552 3190 ipsum
2583 3120 2844 3189 utrinque
2869 3121 2997 3174 hinc
3023 3120 3238 3175 Putrem
3266 3120 3438 3186 illius,

1852 3210 2003 3267 illinc
2041 3210 2303 3282 Spiritum
2332 3220 2581 3266 sanctum
2614 3227 2721 3266 una
2747 3222 3118 3281 compactum.
3142 3210 3259 3267 Non
3289 3214 3438 3267 enim

1847 3314 2028 3373 potest
2077 3307 2258 3375 aliqua
2307 3307 2417 3359 ullo
2460 3314 2619 3374 pacto
2662 3304 2963 3372 excogitari
3015 3304 3095 3358 vel
3138 3304 3308 3358 sectio
3355 3305 3441 3362 vel

1844 3398 2080 3464 divisio,
2120 3407 2177 3453 ut
2220 3401 2333 3453 sive
2373 3397 2543 3452 Filius
2582 3399 2791 3464 absque
2835 3396 2996 3451 Patre
3032 3396 3284 3468 cogitari,
3324 3398 3439 3454 sive

1846 3487 2086 3558 Spiritus
2116 3506 2143 3543 a
2170 3488 2308 3544 Filio
2335 3490 2550 3559 sejungi
2585 3499 2772 3555 queat.
2815 3507 2834 3540 ι

1916 3579 2061 3632 Idem
2112 3596 2340 3648 magnus
2394 3578 2625 3633 Basilius
2666 3580 2893 3648 epistola
2942 3582 3007 3634 ad
3054 3578 3433 3649 Eustathium,

1844 3686 1967 3740 quae
2017 3671 2254 3741 incipit:
2312 3691 2330 3723 t
2386 3671 2517 3725 Tant
2562 3672 2638 3725 illi
2689 3671 2780 3740 qui
2834 3672 2941 3726 alia
2997 3673 3259 3728 hactenus
3311 3673 3435 3728 fidei

1844 3763 2194 3819 confessione
2240 3765 2632 3833 praeoccupati.
2687 3762 2901 3818 Vitandi
2951 3775 3080 3820 sunt
3126 3775 3181 3819 et
3228 3765 3288 3828 ii,
3339 3765 3434 3832 qui

1845 3855 2090 3908 ordinem
2116 3870 2145 3908 a
2174 3853 2405 3907 Domino
2431 3856 2617 3909 datum
2645 3856 2943 3918 invertunt,
2970 3869 3226 3926 tanquam
3249 3868 3435 3927 apctle

1846 3945 2062 3999 veritati
2104 3956 2497 4014 repugnantes.
2534 3955 2587 3998 et
2627 3944 2824 3999 Filium
2864 3946 3028 4014 Patri,
3069 3957 3121 4002 et
3165 3947 3432 4018 Spiritum

1847 4044 2095 4089 sanctum
2131 4050 2258 4088 vero
2289 4033 2426 4088 Filio
2457 4046 2800 4105 praeportant.
2841 4053 2862 4088 ι

1920 4218 2292 4275 Damascenus
2330 4219 2382 4273 in
2422 4228 2624 4290 quarto
2659 4218 2875 4273 decimo
2909 4219 3086 4289 capite
3125 4218 3434 4288 tltcolngico

1845 4314 2041 4369 scribit
2074 4329 2090 4365 :
2137 4333 2154 4364 ι
2200 4314 2340 4368 Deus
2376 4300 2612 4383 Spiritus
2653 4328 2877 4367 sanc:us
2914 4312 3054 4365 inter
3097 4311 3338 4380 genitum
3378 4322 3434 4366 ct

1848 4405 2147 4477 ingenitum
2180 4408 2415 4472 tnedius,
2438 4414 2491 4460 et
2521 4421 2618 4476 per
2646 4405 2857 4460 Filiunr
2880 4405 3026 4459 Patri
3061 4404 3366 4458 cohaerens.
3408 4423 3427 4456 ι

252 4596 306 4650 '0
331 4596 597 4665 Θεολόγος
625 4595 926 4666 Γρηγόριος
965 4592 1024 4646 ὲν
1054 4591 1132 4662 τῷ
1183 4592 1227 4663 β’
1274 4592 1385 4645 τῶν
1431 4592 1740 4663 Είρηνικῶν

1921 4587 2222 4658 Gregorius
2259 4587 2570 4659 Theologus
2613 4588 2862 4641 oratione
2898 4587 3139 4641 secunda
3170 4588 3235 4639 de
3270 4587 3429 4651 Pace,

187 4687 310 4742 οὕτω
335 4691 499 4761 φησίν
523 4704 540 4722 ο
609 4706 630 4740 ε
671 4689 826 4742 Οὕτω
864 4687 1189 4758 φρονοῦμεν,
1214 4687 1307 4739 καὶ
1328 4686 1497 4750 οὕτως
1525 4688 1741 4756 ἔχομεν,

187 4780 328 4845 ὥστε,
351 4786 500 4847 ὅπως
528 4783 631 4853 μὲν
655 4781 767 4852 ἔχει
796 4780 974 4834 ταῦτα
1016 4780 1152 4849 πρὸς
1181 4780 1386 4849 ἄλληλα
1419 4779 1658 4848 σλέσεώς
1684 4795 1744 4830 τε

189 4875 272 4927 καὶ
295 4875 521 4940 τάξεως,
552 4875 693 4945 αὐτῇ
715 4873 850 4945 μόνῃ
874 4876 942 4944 τῇ
969 4872 1161 4943 Τριάδι
1186 4874 1494 4942 συγχωρεῖν
1519 4870 1745 4937 εἰδέναι,

192 4968 271 5020 καὶ
299 4964 374 5031 οἷς
404 4969 471 5023 ἂν
517 4971 553 5039 ἠ
590 4968 764 5038 Τριάς
811 4965 1165 5035 ἀποκαλύψαι
1220 4963 1654 5035 κεκαθαρμένοις
1711 4962 1744 5031 ἢ

190 5057 325 5128 νῦνῆ
361 5060 612 5131 ὓστερον.
648 5076 667 5110 ε

257 5150 311 5204 '0
335 5152 557 5222 Νύσσης
589 5147 898 5221 Γρηγόριος
944 5148 1001 5200 ἑν
1036 5146 1113 5215 τῷ
1167 5151 1218 5198 α’
1248 5146 1356 5198 τῶν
1395 5145 1531 5215 πρὸς
1576 5144 1743 5198 Εὐνό-

194 5259 300 5311 μιον
338 5244 787 5314 Ἀντιρρητικῶν,
813 5234 875 5294 οῦ
895 5242 929 5311 ὴ
965 5238 1130 5309 ἁρχὴ,
1169 5257 1188 5290 ε
1220 5241 1335 5291 Οὐκ
1358 5233 1448 5309 ἦν,
1480 5239 1555 5307 κὼς
1578 5239 1742 5302 ἔοικε,

193 5333 243 5385 τὸ
273 5321 468 5398 πάντας
508 5336 716 5389 ἐθέλειν
740 5334 1073 5403 εὐεργετεῖν,
1130 5350 1148 5382 t
1200 5330 1398 5400 φησίν·
1459 5347 1478 5382 t
1528 5331 1624 5382 Ἐκ
1652 5329 1745 5383 τοῦ

196 5425 381 5494 Πατρδς
411 5427 501 5480 διὰ
545 5427 640 5480 τοῦ
682 5423 813 5478 Υίοῦ
860 5423 999 5495 πρὸς
1054 5422 1114 5475 τὸ
1160 5420 1388 5492 Πνεῦμα
1426 5422 1748 5492 ἀναχωροῦ-

196 5533 302 5583 per.
343 5535 362 5568 ι

270 5608 324 5662 '0
350 5610 741 5680 Χρυσόστομος
776 5609 836 5662 ιν
874 5609 972 5679 μιᾷ
998 5605 1108 5659 τῶν
1130 5604 1362 5676 ὁμιλιῶν
1384 5604 1548 5658 αὑτοῦ
1578 5605 1645 5674 τῇ
1669 5606 1749 5667 εἰς

193 5699 243 5751 τὸ
265 5703 415 5772 ῥητὸν
442 5701 538 5755 τοῦ
573 5699 832 5773 ’Δύραὰμ
854 5699 917 5754 τδ
949 5699 1133 5767 λέγον,
1161 5717 1179 5751 t
1209 5699 1313 5761 Θὲς
1342 5697 1442 5769 τὴν
1467 5697 1628 5767 χεῖρά
1651 5713 1747 5749 σου
1788 5742 1793 5745 ,

193 5790 275 5843 ἰπὶ
296 5794 380 5846 τὸν
436 5794 610 5866 μηρόν
668 5810 796 5864 μου,
844 5811 863 5844 ι
918 5792 1123 5863 φησίνο
1179 5809 1198 5842 t
1254 5791 1487 5859 Λέγεται
1529 5790 1639 5858 γὰρ
1672 5789 1748 5859 μὴ

197 5881 319 5957 ἔχειν
342 5887 491 5955 τάξιν
515 5889 548 5961 ή
596 5887 791 5960 τριὰς,
827 5885 927 5956 οὐχ
951 5885 1027 5949 ὡς
1060 5885 1317 5951 ἄτακτος,
1345 5881 1464 5937 ἀλλ’
1488 5883 1560 5946 ὡς
1592 5881 1745 5946 τάξιν

1850 4683 1929 4740 sic
1961 4683 2075 4736 ait:
2118 4700 2136 4734 ε
2174 4683 2248 4736 Ita
2276 4683 2669 4751 sentitnusbita
2703 4679 3002 4745 credimus,
3037 4692 3118 4743 ut,
3152 4680 3434 4748 quomodo

1850 4775 1967 4829 haec
2001 4790 2061 4829 se
2095 4773 2331 4827 habeant
2364 4776 2503 4826 inter
2539 4788 2659 4827 sese
2695 4772 2960 4826 relatione
2992 4780 3045 4824 et
3075 4769 3291 4832 ordine,
3329 4770 3432 4838 ipsi

1849 4868 1950 4923 soli
1981 4868 2160 4921 'l‘rtadi
2200 4880 2533 4936 cognoscere
2564 4868 2965 4933 permittamus,
2992 4875 3047 4917 et
3077 4865 3281 4933 quibus
3308 4863 3431 4916 Τι’ὶα

1850 4963 1991 5015 nitas
2012 4959 2330 5029 expurgatis
2353 4959 2470 5012 sive
2503 4973 2669 5022 nunc,
2703 4958 2817 5012 sive
2842 4956 3197 5027 postmodum
3228 4953 3407 5010 revela

1850 5050 2010 5103 verit.
2050 5066 2070 5099 ι

1919 5138 2217 5211 Gregorius
2257 5137 2539 5211 Nysscnus
2572 5140 2747 5208 prima
2792 5139 3059 5194 adversus
3102 5128 3434 5195 Eunomiqu

1850 5236 2242 5296 Antii-rhetica,
2273 5250 2392 5303 ψιω
2423 5235 2651 5303 incipit:
2690 5253 2707 5285 ι
2756 5231 2925 5295 Fieri,
2965 5246 3020 5285 ut
3058 5236 3160 5287 vida
3185 5242 3294 5297 tur,
3327 5250 3436 5288 non

1851 5333 2053 5393 potest,
2086 5333 2144 5377 ut
2171 5323 2264 5391 qui
2293 5323 2549 5376 omnibus
2579 5326 2713 5375 bene
2747 5325 2966 5384 mereri,
3002 5341 3019 5373 υ
3056 5324 3231 5391 inquit
3258 5339 3272 5375 :
3304 5341 3321 5373 t
3356 5321 3437 5376 Ex

1850 5416 2009 5470 Patre
2040 5431 2136 5485 per
2170 5412 2369 5468 Filium
2409 5414 2477 5469 ad
2510 5412 2775 5483 Spiritum
2813 5398 3180 5484 procedimus.
3224 5432 3244 5466 ο

1920 5606 2349 5677 Chrysostomus
2395 5605 2449 5658 in
2479 5603 2707 5658 homilia
2748 5603 2815 5658 ad
2842 5600 3139 5656 Abrahami
3186 5600 3433 5655 dictum:

1857 5716 1876 5750 ι
1909 5696 2058 5752 Pone
2089 5714 2313 5751 manum
2341 5706 2490 5751 tuam
2522 5698 2630 5751 sub
2662 5694 2872 5750 femore
2903 5709 3049 5758 meo,
3083 5712 3104 5746 ι
3136 5694 3214 5747 ait
3240 5710 3259 5745 ε
3296 5692 3441 5747 Dici-

1853 5802 1945 5844 tur
1974 5792 2120 5845 enim
2141 5804 2268 5844 .non
2314 5789 2517 5844 habere
2546 5788 2796 5843 ordinem
2838 5786 3113 5852 Trinitas,
3154 5800 3261 5841 non
3291 5786 3440 5856 quod

1854 5880 2163 5938 inordinata
2213 5883 2330 5952 sit,
2380 5881 2473 5939 sed
2522 5879 2669 5951 quod
2717 5879 2969 5937 ordinem
3025 5887 3269 5950 superat.
3310 5896 3330 5930 ι
3375 5875 3443 5932 Et
