3882 6574
322 5897 335 5927 ι

403 338 518 402 ’651

416 543 700 601 character
723 556 961 618 paternae
995 549 1322 620 liypostasis,
1353 550 1787 621 inseparabiliter
1815 549 1980 606 simul

414 643 470 690 et
504 636 846 694 adbmrenter
877 638 1114 710 intellige
1141 639 1490 706 coexsistere,
1515 650 1569 695 ct
1592 641 1752 695 veluti
1787 640 1978 710 ipsius,

419 729 512 798 qui
547 743 670 781 eum
708 731 989 799 generavit
1019 731 1250 800 speciem
1304 747 1319 785 :
1378 746 1500 786 eum
1548 747 1676 787 vero
1728 732 1982 801 splendor

415 821 574 890 quasi
632 821 860 876 humilis
926 822 1209 877 emicantis
1271 821 1744 893 prchulgentisque
1803 831 1982 879 mente

415 912 639 977 volvito,
686 912 843 983 quasi
883 930 946 969 ex
985 913 1144 969 Patre
1169 914 1222 968 in
1257 916 1500 970 exterius
1529 914 1975 984 cmigrationem,

412 1017 591 1071 neque
635 1001 880 1072 prorsus
911 1005 1249 1060 abalienatus
1292 1006 1361 1060 ab
1421 1007 1729 1077 liypostasi,
1761 1023 1826 1061 ex
1868 1022 1974 1077 qua

413 1104 516 1160 est,
552 1110 725 1165 neque
770 1096 825 1151 in
876 1104 1047 1150 totum
1084 1105 1427 1164 contractus,
1477 1098 1643 1153 veluti
1687 1115 1816 1154 vero
1856 1115 1980 1170 pro-

413 1185 630 1240 minens
681 1195 740 1240 ut
784 1186 1085 1242 secundum
1133 1202 1194 1243 se
1227 1189 1402 1260 ipsam
1447 1189 1730 1257 subsistat,
1761 1201 1816 1246 et
1848 1205 1978 1262 pro-

409 1278 585 1348 priam
618 1279 1013 1335 exsistentiam.
1047 1297 1066 1331 ι

481 1466 632 1522 Idem
689 1466 741 1522 in
798 1468 998 1524 dictum
1048 1484 1064 1523 :
1125 1487 1143 1521 ι
1192 1467 1347 1524 Sicut
1403 1478 1458 1524 tu
1525 1484 1612 1525 me
1665 1469 1865 1526 misisti
1923 1470 1978 1526 in

394 1558 698 1625 .mundum,
755 1567 810 1613 et
840 1573 939 1628 ego
993 1559 1148 1613 mitto
1199 1574 1296 1615 eos
1346 1559 1400 1614 in
1429 1561 1689 1615 mundum
1707 1560 1772 1628 ³⁸,
1807 1579 1827 1635 ι
1862 1561 1976 1616 ait:

396 1671 434 1704 η(
473 1651 732 1722 Proprius
757 1651 849 1707 Dei
882 1663 935 1706 et
969 1651 1144 1708 Patris
1174 1652 1408 1723 Spiritus
1435 1661 1520 1708 est
1556 1669 1571 1707 :
1603 1653 1696 1708 sed
1730 1669 1836 1708 non
1873 1655 1979 1708 mi-

409 1761 516 1802 nus
553 1746 712 1800 etiam
767 1747 1018 1815 proprius
1054 1744 1172 1799 Filii
1218 1753 1321 1808 est,
1379 1761 1486 1799 non
1537 1753 1596 1800 ut
1629 1745 1764 1800 alius
1816 1755 1980 1817 atque

408 1836 572 1901 alius,
609 1846 703 1892 aut
730 1837 944 1892 divisim
969 1837 1021 1890 in
1061 1846 1290 1908 utroque
1315 1838 1641 1906 intellectus,
1672 1849 1722 1894 et
1758 1840 1975 1895 inexsi-

406 1937 594 1993 stens;
624 1929 715 1984 sed
737 1929 994 1998 quoniam
1030 1929 1084 1984 iu
1115 1929 1276 1985 Patre
1307 1939 1361 1985 et
1391 1947 1454 1984 ex
1488 1930 1645 1986 Patre
1674 1933 1973 1987 secundum

406 2025 660 2071 naturam
698 2017 869 2072 Filius
900 2026 1002 2082 est,
1026 2032 1148 2072 cum
1171 2019 1242 2072 sit
1277 2019 1487 2075 fruetus
1523 2035 1684 2075 verus
1716 2022 1973 2075 substan-

406 2107 493 2162 tiae
520 2107 662 2178 ejus,
687 2109 964 2179 proprium
993 2107 1168 2164 Patris
1203 2110 1461 2180 Spiritum
1492 2112 1791 2166 secundum
1817 2123 1973 2167 natu-

404 2214 522 2253 ram
556 2199 816 2269 possidet,
884 2200 976 2268 qui
1019 2199 1366 2270 profunditur
1397 2201 1616 2272 quidem
1672 2219 1735 2258 ex
1787 2205 1971 2272 Patre,

403 2307 501 2362 per
526 2289 723 2345 Filium
762 2300 940 2346 autem
974 2293 1241 2347 creaturis
1267 2292 1514 2357 donatur,
1546 2309 1652 2347 non
1685 2295 1972 2349 ministerii

404 2383 588 2448 modo,
609 2384 710 2454 qui
739 2385 918 2441 servili
948 2386 1143 2440 rationi
1167 2386 1479 2454 subﬁcitttr,
1511 2387 1625 2451 sed,
1661 2387 1804 2443 sicut
1848 2404 1972 2443 mox

383 2477 539 2543 v-dixi,
573 2493 637 2532 ex
673 2477 790 2548 ipsa
823 2478 1043 2548 quidem
1069 2479 1372 2532 substantia
1407 2477 1499 2532 Dei
1534 2488 1582 2533 et
1609 2476 1793 2533 Patris
1841 2494 1972 2550 pro-

387 2570 581 2656 ciens,
615 2571 871 2642 profusus
905 2580 1084 2626 autem
1125 2571 1196 2626 ad
1238 2587 1356 2639 eos,
1396 2573 1488 2640 qui
1516 2571 1664 2642 digiti
1693 2582 1842 2639 sunt,
1877 2591 1972 2645 per

377 2665 864 2720 'consubstautiale
898 2665 1152 2730 Verbum,
1188 2680 1217 2719 a
1242 2680 1351 2736 quo
1369 2678 1452 2720 est
1481 2668 1778 2721 secundum
1803 2668 1971 2723 eruis-

383 2757 611 2810 sionem
659 2756 850 2812 adesse
890 2763 1054 2824 atque
1084 2758 1400 2822 subsistere,
1437 2768 1727 2828 uianetque
1754 2759 1807 2813 in
1830 2760 1969 2829 ipso,

401 2859 458 2901 et
513 2856 596 2902 est
646 2862 862 2916 semper
915 2850 1244 2915 conjunctim
1309 2849 1470 2903 simul
1516 2858 1676 2919 atque
1730 2849 1968 2906 divisim.

404 2936 714 2993 Subsistere
746 2937 890 2992 enim
939 2935 1134 2992 Filium
1167 2937 1418 3004 dicimus,
1451 2947 1506 2993 et
1539 2941 1593 2993 in
1627 2938 1834 3009 Spiritu
1868 2955 1970 2996 suo

401 3046 525 3084 eum
571 3045 715 3093 esse,
764 3039 818 3085 et
851 3028 1109 3098 Spiritum
1164 3047 1354 3086 rursus
1413 3031 1467 3085 in
1502 3047 1567 3086 eo
1624 3033 1969 3088 confitemur.

1442 343 1655 410 J‘OAN.
1700 346 1914 408 VECCI
1953 345 2058 406 (ΞΡ.
2107 342 2611 405 ΡΑΤΒΙΑΠΟΗΕ

491 453 638 506 Idem
675 447 815 508 libro
869 469 897 508 ν
944 456 1009 510 ad
1060 455 1334 512 llertniam
1366 475 1380 513 :
1417 477 1434 510 ε
1471 456 1528 513 Si
1562 459 1742 526 itaque
1780 459 1982 512 dicitur
2011 465 2054 520 Α

2170 458 2229 510 '0
2255 457 2417 518 αὑτὸς
2443 457 2501 508 ἐν
2533 452 2610 524 τῷ
2641 450 3010 523 πέμπτιριτῶν
3033 449 3163 522 πρὸς
3201 448 3454 520 Ἑρμείαν
3475 463 3490 480 ·
3522 469 3539 502 ι
3570 453 3624 507 Ei

2081 551 2261 604 τοίνυν
2286 549 2500 617 λέγοιτο
2530 545 2817 618 χαρακτὴρ
2857 545 2954 616 τῆς
3011 543 3365 607 ὑποστάσεως
3401 543 3491 596 τοῦ
3530 545 3625 598 lla.

2079 641 2226 712 τρὸς,
2261 638 2580 711 ἁχωρίστως
2616 652 2675 691 τε
2701 635 2820 706 ἅμα
2867 636 2960 689 καὶ
3020 636 3484 704 προσπεφυκότως
3515 653 3625 690 συν-

2081 732 2393 802 υπάρχοντα
2419 729 2552 796 νόει,
2582 727 2678 782 καὶ
2697 728 2858 781 οίονεὶ
2877 725 2937 780 τὺ
2962 720 3101 790 εἶδος
3129 724 3298 780 αὑτοῦ
3343 724 3436 778 τοῦ
3462 741 3631 798 γεγεν-

2091 823 2346 894 νηκότοςο
2380 821 2543 894 ἡνίκα
2571 819 2615 874 δ’
2637 819 2704 875 ἂν
2730 820 2824 874 καὶ
2853 818 3194 889 ἀπαύγασμα
3225 818 3506 889 μονονουχὶ
3534 836 3630 887 φω-

2077 919 2170 983 τὸς
2197 918 2461 990 προέντος
2491 933 2550 970 τε
2593 915 2689 972 καὶ
2737 913 3223 985 ἀπαστράψαντος,
3259 914 3342 976 είς
3387 912 3506 967 νοῦν
3549 914 3630 984 ἔχε

2079 1010 2178 1080 τὴν
2208 1013 2271 1063 ἐκ
2299 1011 2514 1081 Πατρός
2544 1007 2711 1062 οἱονεί
2762 1024 2880 1070 πως
2919 1010 3002 1071 είς
3054 1004 3114 1062 rb
3165 1005 3275 1072 ἔξω
3304 1005 3630 1076 διεκδρομὴν,

2078 1101 2203 1156 οὑτε
2233 1102 2312 1165 είς
2344 1102 2490 1156 ἅπαν
2544 1100 2980 1170 ἀπηλλαγμένως
3030 1097 3130 1168 τῆς
3167 1097 3294 1151 ὅθεν
3335 1097 3481 1150 ἐστὶν
3508 1098 3628 1151 ὑποο

2082 1197 2344 1260 στάσεως,
2379 1195 2506 1249 οὔτε
2540 1195 2648 1267 μὴν
2671 1195 2905 1249 είσάπαν
2941 1194 3418 1261 συνεσταλμένως,
3449 1208 3632 1262 προεκο

2079 1287 2394 1341 κύπτονσαν
2425 1287 2482 1340 δὲ
2504 1285 2696 1357 ὥσπερ
2720 1287 2799 1350 είς
2831 1285 2892 1339 τὺ
2941 1284 3242 1354 ὑφεστάναι
3266 1282 3392 1338 καθ’
3427 1283 3631 1351 ἑαυτὴν,

2079 1381 2176 1436 καὶ
2209 1383 2290 1444 είς
2319 1380 2558 1450 ὓπαρξιν
2587 1379 2782 1450 ίδικήν.
2826 1397 2846 1430 ι

2161 1472 2218 1526 ⁸0
2253 1471 2414 1532 αὐτὸς
2443 1472 2523 1533 εἰς
2546 1469 2608 1522 τὸ
2633 1468 2818 1540 ῥητὸν,
2849 1466 2930 1532 τὸ,
2965 1485 2985 1518 ι
3023 1463 3220 1528 Καθὼς
3257 1464 3361 1536 ἐμὲ
3393 1464 3630 1518 ἀπέστει-

2078 1565 2177 1630 λας
2208 1567 2287 1629 είς
2310 1565 2403 1618 τὸν
2434 1563 2665 1630 κόσμον,
2691 1559 2848 1630 κάγὼ
2878 1559 3175 1613 ἀπέστειλα
3222 1558 3424 1622 αὐτοὺς
3453 1560 3532 1620 είς
3553 1561 3631 1612 τὸν

2079 1659 2306 1728 κόσμον,
2346 1674 2367 1707 ο
2403 1657 2567 1726 φησίν
2605 1667 2622 1685 ο
2662 1673 2680 1707 ι
2717 1654 2880 1707 Ἰδιον
2909 1651 3003 1707 τοῦ
3035 1651 3172 1704 Θεοῦ
3201 1650 3299 1704 καὶ
3351 1651 3558 1721 Πατρός
3581 1652 3631 1703 τὸ

2080 1749 2309 1820 Πνεῦμά
2339 1751 2487 1802 ἐστιν
2506 1764 2522 1780 ο
2583 1747 2703 1801 ἀλλ’
2731 1745 2884 1800 οὐδὲν
2911 1741 3074 1819 ἦττον
3105 1729 3392 1798 ἴδιόνῖὲστι
3428 1747 3519 1796 καὶ
3548 1746 3632 1797 αὑ-

2080 1841 2175 1895 τοῦ
2198 1841 2295 1896 τοῦ
2343 1841 2497 1908 Υίοῦ,
2539 1841 2638 1910 οὑχ
2689 1839 2766 1902 ὡς
2825 1839 3014 1911 ἕτερον
3043 1837 3144 1892 καὶ
3195 1838 3393 1908 ἕτερον
3421 1837 3456 1906 ἢ
3491 1853 3629 1906 μερι-

2083 1934 2222 1999 στῶς
2251 1936 2306 1988 ὲν
2335 1934 2583 2004 ἐκατέρῳ
2613 1931 2907 2003 νοούμενόν
2939 1949 2999 1984 τε
3030 1933 3128 1985 καί
3154 1930 3468 2000 ἐνυπάρχον
3487 1945 3500 1958 ·
3530 1928 3630 1981 ἀλλ’

2082 2029 2311 2099 ἐπείπερ
2339 2029 2401 2080 ὲκ
2439 2025 2650 2098 Πατρός
2689 2025 2785 2078 καὶ
2827 2025 2886 2079 ἐν
2924 2023 3097 2092 Πατρ“ι
3129 2021 3274 2075 κατὰ
3310 2021 3474 2091 φύσιν
3502 2022 3632 2074 ἐστιν

2079 2121 2108 2172 ό
2136 2119 2282 2182 Υἱὸς,
2318 2119 2530 2189 καρπὸς
2563 2117 2823 2186 ὑπάρχων
2873 2113 3128 2185 ἀληθινὸς
3156 2113 3256 2182 τῆς
3315 2112 3502 2174 οὐσίας
3544 2113 3631 2164 aii-

2079 2210 2195 2274 τοῦ,
2229 2211 2292 2264 τὸ
2321 2210 2416 2264 τοῦ
2446 2209 2661 2280 Πατρός
2691 2209 2823 2261 ίδιον
2877 2203 3102 2275 Πνεῦμα
3123 2205 3274 2258 κατὰ
3325 2202 3488 2272 φύσιν
3514 2204 3633 2257 ἐπά-

2081 2320 2260 2372 γεται,
2296 2305 2555 2372 χεόμενον
2585 2301 2684 2371 μὲν
2717 2300 2780 2352 ὲκ
2818 2297 3059 2368 -Πατρδς,
3095 2295 3162 2350 δι’
3219 2294 3390 2349 αὑτοῦ
3447 2294 3504 2348 δὲ
3548 2293 3631 2348 τοῦ

2080 2395 2214 2448 Υίοῦ
2250 2398 2314 2465 τῇ
2343 2395 2517 2446 κτίσει
2548 2391 2978 2464 χορηγούμενον,
3008 2391 3068 2443 οὐ
3102 2390 3249 2444 κατά
3291 2405 3418 2442 τινα
3449 2388 3632 2460 τρόπον

2077 2486 2408 2550 διακονικὸν,
2439 2487 2608 2556 ἤγουν
2636 2484 2728 2537 τὸν
2755 2486 2811 2537 ἑν
2843 2483 3120 2554 ὑπουργία
3165 2480 3482 2552 νοούμενον,
3511 2479 3629 2533 ἀλλ’

2077 2579 2268 2648 ὥσπερ
2300 2579 2438 2648 ἔφην
2468 2578 2693 2648 ἀρτίως,
2723 2577 2780 2642 ἐξ
2827 2575 3003 2646 αὐτῆς
3048 2579 3148 2645 μὲν
3199 2572 3522 2644 προκύπτον
3546 2575 3632 2640 τῆς

2077 2670 2264 2732 οὐσίας
2292 2669 2384 2722 τοῦ
2420 2667 2556 2721 Θεοῦ
2588 2668 2684 2721 καὶ
2712 2668 2952 2738 Πατρός,
2984 2666 3252 2737 χεόμενον
3281 2668 3338 2719 δὲ
3367 2667 3475 2729 τοῖς
3503 2665 3629 2718 ἑλεῖν

2078 2763 2248 2829 ἀξίοις
2279 2763 2364 2815 διὰ
2391 2762 2566 2830 Λόγου
2595 2761 2688 2814 τοῦ
2719 2761 3030 2830 όμοουσίου,
3059 2762 3157 2813 καί
3217 2761 3280 2826 ἐξ
3333 2758 3494 2812 αὑτοῦ
3545 2775 3633 2810 πε-

2077 2856 2329 2926 φηνότος,
2360 2856 2478 2907 κατ’
2515 2853 2782 2922 ἐκφανσιν
2829 2851 3072 2922 δηλονότι
3117 2853 3216 2923 τὴν
3262 2855 3344 2916 εἰς
3395 2851 3456 2904 τὸ
3505 2846 3628 2904 εἶναι

2077 2948 2200 3001 καθ’
2235 2947 2416 3012 ἑαυτὸ,
2452 2947 2546 2999 καὶ
2580 2947 2639 2998 ὲν
2664 2943 2815 3014 αὑτῷ
2839 2943 3104 3014 ’μένοντός
3133 2961 3191 2997 τε
3225 2945 3324 2998 καὶ
3366 2943 3516 3005 ὄντος
3556 2946 3630 2995 ἀεὶ

2077 3040 2360 3112 προσεχῶς
2392 3057 2449 3092 τε
2473 3038 2593 3108 ἅμα
2622 3039 2718 3092 καὶ
2749 3039 3196 3108 μεμερισμένως.
3240 3036 3629 3098 τῐδιοσυστάτως

403 3121 666 3191 Spiritum
693 3121 1058 3189 ινθτομΡειιιοὶε,
1095 3122 1215 3176 Filii
1259 3137 1475 3193 quoque
1507 3122 1770 3193 Spiritum
1821 3141 1965 3192 esse,

2080 3135 2179 3204 μὲν
2209 3135 2317 3204 γὰρ
2340 3129 2480 3186 εἶναι
2509 3149 2690 3203 φαμεν
2719 3131 2810 3184 τὸν
2843 3125 2990 3190 Υἱδν,
3025 3122 3363 3201 ἐνυπάρχειῦ
3410 3131 3466 3183 δὲ
3497 3129 3630 3199 αὑτῷ

402 3225 459 3268 et
491 3212 649 3270 Patre
699 3216 980 3281 mittente,
1041 3219 1154 3271 sive
1205 3218 1531 3272 distribuere
1584 3223 1973 3290 promittente,

2082 3225 2226 3289 ἰδίως
2275 3226 2586 3296 γεννήτορι.
2628 3223 2724 3278 καὶ
2755 3223 2901 3295 ἔχειν
2951 3223 3010 3277 έν
3056 3223 3244 3295 έαυτῷ
3305 3224 3398 3276 τὸν
3453 3225 3628 3291 γεννήο

405 3305 558 3358 ιιιυω
623 3307 828 3360 sanctis
891 3307 1171 3361 distribuit
1226 3323 1447 3378 quoque
1519 3308 1692 3364 Filius
1754 3323 1974 3382 propter

381 3398 743 3455 -ideutitatem
768 3403 1055 3466 cssentiae,
1073 3416 1237 3472 quant
1285 3402 1444 3458 liabet
1472 3403 1800 3459 cum-Patre.
1824 3424 1859 3457 ι»

2080 3335 2271 3372 σαντα.
2311 3319 2435 3370 Ὀτι
2462 3317 2521 3370 δὲ
2547 3317 2608 3370 τὸ
2639 3316 2732 3370 τοῦ
2765 3319 2978 3387 Πατρὸς
3009 3317 3229 3386 Πνεῦμα
3263 3316 3486 3386 Πνεῦμα
3516 3315 3628 3383 φαί-

2079 3427 2228 3463 νεται
2263 3410 2358 3463 τοῦ
2387 3409 2540 3476 Υἱοῦ,
2587 3409 2805 3462 καὶτοῦ
2859 3409 3074 3478 Πατρδς
3123 3410 3460 3478 πέμποντος,
3520 3408 3628 3477 ἦτοι

401 3492 678 3563 διανέμειν
707 3495 1184 3563 ἐπαγγελλομένου
1237 3497 1349 3559 τοῖς
1385 3497 1561 3565 ἁγίοις
1590 3497 1726 3550 αὐτὸ
1762 3498 2042 3555 διαδίδωσι
2105 3503 2271 3555 πάλιν
2297 3501 2372 3565 ὡς
2442 3504 2594 3569 ίδιον,
2669 3503 2698 3555 ό
2729 3501 2856 3566 Υἱὸς
2912 3500 3000 3554 διὰ
3065 3500 3165 3571 τὴν
3195 3502 3504 3570 ταυτότητά
3541 3500 3628 3567 τῆς

397 3587 613 3652 οὐσίας,
643 3582 709 3658 ἦς
737 3587 854 3658 ἔχει
887 3589 1026 3658 πρὸς
1059 3586 1153 3641 τὸν
1181 3589 1478 3658 Πατέρα.-›

475 3680 623 3734 Idem
682 3681 736 3734 in
788 3679 1046 3734 dictum:
1100 3699 1117 3732 ι
1158 3681 1226 3758 Et
1278 3680 1653 3734 testimonium
1702 3681 1978 3751 perhibuit

402 3769 665 3835 Joannes,
722 3771 869 3838 quia,
910 3768 1027 3823 Vidi
1066 3769 1327 3839 Spiritum
1354 3771 1776 3826 descendentem
1818 3775 1974 3842 quasi

391 3861 709 3916 columbam
743 3863 810 3917 de
844 3863 1066 3918 caelo“.
1095 3881 1220 3914 ρ--ι
1250 3860 1531 3918 lusultabit
1561 3873 1740 3918 autem
1779 3866 1972 3920 iterum

403 3963 569 4022 atque,
598 3954 794 4007 iterum
818 3954 1182 4008 contentionis
1205 3954 1436 4024 cupidus
1471 3956 1782 4020 haereticus,
1810 3967 1974 4027 atque

405 4044 579 4100 eﬂ'uso
605 4044 722 4097 risu
789 4043 1022 4097 illudens
1070 4043 1247 4098 dicet:
1285 4043 1424 4109 Quid
1471 4059 1659 4099 rursus
1715 4045 1874 4099 nobis
1906 4046 1969 4100 ad

403 4139 539 4202 lucc,
573 4137 814 4191 cam-ica
867 4137 1066 4206 capita,
1126 4135 1487 4206 respondetis,
1541 4146 1632 4191 aut
1658 4152 1818 4207 quem
1856 4153 1974 4192 ser-

403 4244 619 4283 monem
673 4228 1360 4299 comminisceinini,quod
1403 4228 1666 4298 scriptum
1705 4239 1787 4284 est
1819 4229 1976 4284 novis

403 4324 614 4379 cavillis
681 4323 1052 4379 invertentes?
1107 4321 1244 4377 Ecce
1316 4323 1582 4392 Spiritqu
1643 4323 1974 4377 descendere

401 4419 570 4473 refert
595 4417 661 4471 ad
683 4415 904 4470 Filium.
947 4414 1027 4468 Eu
1061 4415 1284 4485 ungitur
1305 4430 1352 4468 ιο
1390 4415 1499 4469 Deo
1529 4423 1582 4469 et
1610 4414 1802 4482 Patre;
1824 4413 1970 4484 quod

2159 3681 2219 3734 '0
2243 3681 2409 3745 αὐτὸς
2439 3683 2518 3745 είς
2549 3682 2608 3735 τὸ
2639 3681 2803 3752 ῥητὸν
2855 3683 2940 3747 τὸ,
2970 3701 2989 3736 ι
3032 3683 3140 3737 Καὶ
3193 3685 3577 3757 ἐμαρτύρησεν
3604 3686 3629 3738 ό

2088 3773 2345 3842 Ἰωάννης
2367 3774 2566 3843 λέγων,
2604 3775 2710 3836 ὅτι,
2744 3774 3026 3844 Τεθέαμαι
3051 3775 3112 3828 τὸ
3143 3777 3370 3845 Πνεῦμα
3393 3777 3628 3830 καταϐαῖ-

2076 3881 2166 3916 νον
2196 3863 2331 3917 ὡσεὶ
2359 3866 2693 3934 περιστερὰν
2722 3863 2783 3930 ἐξ
2817 3865 3074 3935 οὐρανοῦ,
3121 3885 3139 3916 ι
3173 3868 3342 3936 φησίν
3365 3883 3381 3896 ·
3424 3887 3443 3918 ι
3491 3869 3626 3919 'sz-

2069 3958 2380 4025 σκιρτήσει,
2409 3955 2466 4008 δὲ
2509 3958 2644 4020 ἴσως
2690 3959 2718 4010 ό
2769 3957 3160 4027 φιλεγκλήμων
3205 3959 3497 4027 αίρετικὺς,
3545 3975 3626 4011 και

2073 4047 2254 4102 πλατὺ
2281 4043 2522 4116 γελάσας
2557 4050 2678 4118 ὲρεζ
2699 4064 2714 4082 ο
2747 4048 2810 4100 Ἰέί
2845 4047 3011 4102 πάλιν
3065 4049 3220 4120 ἡμῖν,
3247 4043 3302 4103 ιῶ
3353 4044 3512 4116 οὗτοι,
3545 4051 3626 4102 καὶ

2074 4139 2212 4211 πρὸς
2239 4138 2398 4193 τοῦτό
2427 4155 2601 4207 φατε;
2637 4139 2669 4210 η
2719 4142 2872 4192 ποῖον
2900 4140 3219 4208 ὲξυφανείτε
3259 4140 3441 4208 λόγον,
3474 4157 3624 4194 xam-

2073 4232 2420 4300 σοφιζόμενοι
2454 4231 2514 4284 τὸ
2543 4233 2974 4302 γεγραμμένον;
3024 4233 3153 4285 Ἰδοὺ
3188 4232 3249 4286 τὸ
3289 4233 3510 4304 Πνεῦμα
3537 4249 3623 4284 κα-

2071 4325 2351 4378 ταδαίνειν
2397 4324 2558 4395 φησὶν
2595 4325 2688 4377 ἐπὶ
2739 4325 2830 4378 τὸν
2889 4325 3036 4379 Υίόν.
3099 4325 3239 4379 ’Ἰδοὺ
3288 4327 3622 4396 καταχρξεται

2068 4418 2224 4487 παρὰ
2255 4417 2350 4470 τοῦ
2377 4417 2518 4470 Θεοῦ
2551 4417 2645 4469 καὶ
2663 4417 2910 4488 Πατρός·
2941 4418 3081 4488 ὅπερ
3108 4417 3166 4470 δὲ
3199 4417 3302 4471 οὑκ
3329 4419 3443 4490 ἔχει
3499 4418 3625 4485 λαμ-

402 4524 512 4563 ιιοιι
536 4509 696 4564 liabet
733 4507 985 4564 videlicet
1030 4506 1271 4576 accipit:
1305 4506 1466 4575 idque
1497 4507 1817 4562 testimonio
1863 4519 1965 4561 suo

2080 4507 2227 4563 Βάνει
2255 4509 2482 4581 δηλαδὴ,
2507 4507 3116 4580 συνεπιμαρτυροῦντος
3141 4509 3236 4562 τοῦ
3272 4507 3506 4580 μελῳδοῦ
3539 4507 3622 4560 καὶ

401 4602 690 4657 conﬁrmat
717 4602 1032 4666 Psalmista,
1063 4613 1190 4655 cum
1219 4593 1355 4654 dicit
1377 4599 1461 4653 ~ad
1511 4597 1732 4664 Filium,
1777 4616 1797 4649 ι
1833 4596 1969 4653 Pro-

401 4703 583 4765 pterea
618 4693 772 4748 unxit
799 4704 851 4748 te
908 4692 1048 4747 Deus
1099 4689 1244 4746 Deus
1263 4700 1402 4744 tuus
1441 4689 1571 4744 oleo
1627 4689 1827 4746 laatitite
1858 4705 1969 4760 pra:

404 4785 762 4856 participibus
806 4785 916 4839 tuis
937 4784 1007 4837 ".
1039 4801 1065 4835 ο»
1103 4781 1395 4849 Quomodo
1419 4795 1549 4852 ergo
1577 4782 1680 4837 erit
1701 4779 1881 4836 Filius
1910 4783 1967 4836 in

401 4880 626 4952 perfecti
669 4876 846 4932 Patris
895 4876 1484 4940 consubstantialitate,
1527 4875 1620 4945 qui
1681 4875 1804 4931 talis
1856 4890 1966 4929 non

401 4981 508 5039 est,
543 4969 776 5040 ideoque
827 4968 1167 5040 perunctus?
1209 4967 1290 5022 Ad
1321 4967 1653 5038 hujusmodi
1692 4967 1963 5031 homines,

401 5065 497 5137 qui
528 5062 877 5118 reverendam
909 5062 1187 5115 veritatem
1210 5061 1565 5116 ecclesiastici
1599 5060 1872 5130 dogmatis
1915 5069 1968 5115 et

403 5159 814 5226 Scripturarutn
849 5161 1028 5208 rectos
1077 5168 1274 5208 sensus
1313 5162 1647 5224 pervertunt,
1671 5161 1971 5223 opportune

401 5249 536 5306 illud
569 5249 749 5303 dicere
773 5261 1102 5318 possumus;
1131 5244 1824 5315 Expergiscimini,ebrii,e
1846 5245 1973 5300 vino

285 5353 292 5358 '
400 5353 606 5408 vestro,
643 5350 701 5395 ut
727 5339 1178 5411 fulgentissimam
1213 5336 1458 5391 veritatis
1497 5337 1669 5390 lucem
1706 5337 1970 5402 videntes,

402 5435 689 5491 nobiscum
711 5433 779 5489 ad
807 5431 1003 5487 Filium
1019 5431 1257 5487 clamare
1287 5429 1508 5498 possitis
1533 5445 1546 5482 :
1584 5447 1603 5480 ι
1645 5427 1780 5485 Vere
1803 5425 1972 5483 Filius

402 5526 502 5583 Dei
531 5536 588 5583 tu
613 5542 681 5585 es
697 5526 768 5583 ⁸³.
804 5545 825 5580 ι
859 5525 926 5580 Si
951 5524 1093 5581 enim
1130 5523 1307 5578 credis
1337 5522 1504 5576 Deum
1550 5522 1727 5592 ipsum
1758 5531 1970 5588 natura,

403 5619 676 5690 quomodo
704 5616 1094 5690 perfectionem
1143 5628 1264 5671 non
1314 5615 1598 5685 possidet?
1653 5612 1772 5669 Jam
1805 5615 1970 5670 etiam

487 5782 532 5812 ’°
556 5777 713 5837 Joan.
747 5793 838 5846 xx,
873 5778 964 5834 2i.
1035 5773 1269 5833 “Marc.
1303 5791 1342 5843 ι,
1379 5775 1463 5832 l0.
1539 5774 1582 5806 ’ί
1609 5772 1753 5830 Psal.
1792 5788 1932 5841 λων,
1969 5774 2022 5832 8.

2064 4601 2324 4670 λέγοντος
2357 4601 2431 4663 ὡς
2459 4601 2593 4671 πρὸς
2620 4601 2800 4666 αὑτὸν,
2837 4619 2855 4652 ι
2881 4598 3150 4669 Διὰτοῦτο
3180 4600 3365 4671 ἔχρισε
3385 4601 3481 4654 σεὸ
3505 4600 3620 4663 Θεὸς

2069 4694 2206 4758 Θεός
2234 4711 2328 4747 σου
2381 4693 2562 4746 ἔλαιον
2590 4692 2973 4762 ἀγαλλιάσεως
3021 4691 3174 4762 παρὰ
3204 4693 3331 4754 τοὺς
3376 4692 3617 4762 μετόχους

2071 4801 2190 4839 σου.
2235 4803 2256 4837 ι
2287 4784 2413 4849 Πῶς
2457 4783 2526 4839 ἂν
2551 4785 2638 4855 εἴη
2679 4783 2869 4840 λοιπὸν
2892 4787 2952 4836 ὲν
2980 4786 3368 4855 όμοουσιότητι
3416 4783 3505 4836 τοῦ
3537 4799 3618 4834 τε-

2070 4877 2216 4931 λείου
2243 4877 2455 4947 Πατρδς
2482 4879 2510 4931 ό
2543 4877 2618 4948 μὴ
2647 4877 2885 4941 τοιοῦτος
2916 4877 3041 4940 Υἱὸς
3073 4879 3170 4931 καὶ
3188 4877 3278 4930 διὰ
3307 4877 3462 4932 τοῦτο
3485 4876 3618 4946 χριό-

2077 4989 2274 5044 μενος;
2305 4971 2448 5041 Πρὸς
2474 4969 2538 5041 δὴ
2577 4969 2737 5023 τοῦτο
2769 4970 2937 5038 φάναι
2967 4969 3049 5020 δεῖ
3105 4967 3470 5039 ὑπολαμϐάνω
3514 4969 3615 5026 τοῖς

2073 5068 2141 5118 τὰ
2190 5065 2362 5135 σεμνὰ
2417 5063 2520 5133 τῆς
2561 5062 2890 5133 Ἐκκλησίας
2945 5061 3320 5132 ἀνατρέπουσι
3370 5061 3614 5130 δόγματα,

2079 5156 2175 5208 καὶ
2195 5153 2293 5228 τὴν
2325 5154 2434 5209 τῶν
2463 5154 2866 5225 γεγραμμένων
2897 5152 3168 5223 ὀρθότητα
3193 5153 3609 5223 διαστρέφουσιν·

2087 5245 2390 5318 Ἐκνήψατε
2423 5247 2473 5299 oi
2509 5245 2802 5316 μεθὺο,τες
2841 5245 2900 5309 ἐξ
2951 5245 3100 5298 οίνου
3162 5246 3364 5308 αὑτῶν,
3413 5245 3493 5296 ἴνα
3539 5240 3616 5294 66e

2074 5338 2237 5410 νησθε
2274 5340 2335 5392 τὸ
2387 5337 2640 5408 λαμπρὸν
2699 5337 2798 5407 τῆς
2851 5337 3110 5406 ἀληθείας
3167 5337 3611 5407 περιαθρήσαντες

2075 5431 2291 5497 κάλλος,
2329 5431 2428 5484 σὺν
2474 5431 2606 5500 ἡμῖν
2639 5428 2944 5498 ἀναϐοῆσαι
2972 5429 3108 5499 πρὸς
3139 5430 3230 5481 τὸν
3257 5430 3398 5495 Υίὺν,
3433 5446 3451 5479 ι
3472 5427 3609 5493 ’Δλη-

2075 5524 2182 5587 θῶς
2219 5522 2355 5577 Θεοῦ
2383 5523 2508 5585 Υἱὸς
2540 5516 2611 5576 εἴ.
2650 5541 2670 5574 ι
2705 5523 2766 5576 Et
2793 5521 2900 5592 γὰρ
2935 5521 3069 5584 ὅλως
3095 5521 3372 5585 πιστεύεις
3401 5519 3522 5574 Θεὸν
3541 5514 3610 5571 εί-

2074 5634 2164 5671 ναι
2193 5620 2336 5669 κατὰ
2365 5615 2528 5684 φύσιν
2562 5615 2746 5681 αὑτὸν,
2781 5615 2898 5678 πῶς
2928 5613 3028 5667 οὑκ
3063 5613 3129 5668 ἂν
3171 5613 3283 5682 ἔχοι
3307 5616 3366 5670 τὸ
3392 5609 3574 5667 τέλειον
3593 5620 3606 5637 ·

2116 5773 2163 5806 ’³
2189 5772 2378 5829 Matth.
2413 5786 2524 5842 xiv,
2563 5770 2653 5828 55.
