3882 6566
259 410 355 472 653

1658 432 2137 493 ΕΡΙΟΒΑΡΗᾸΞ.

3394 432 3499 495 654

255 519 368 612 ὥρα
399 519 676 612 γαρῗῦμᾶς
708 526 800 582 καὶ
830 527 908 591 εἰς
944 529 1107 584 αὑτὸν
1136 532 1235 605 ἤδη
1268 534 1547 590 ὃυσσεϐεῖν
1586 538 1678 591 τὸν
1710 541 1788 592 [ia

1921 554 2018 592 vos
2074 519 2142 592 in
2194 539 2369 609 ipsum
2431 538 2650 596 Patrem
2699 541 2864 612 impie
2898 541 3280 612 obloquimini.
3337 541 3491 597 Unde

251 608 407 676 τέρα.
450 611 617 664 Πόθεν
642 615 749 685 γάρ
788 617 970 682 αὐτὸς,
1019 619 1095 684 ὡς
1143 622 1268 692 φῂς,
1303 623 1360 690 ἐξ
1407 626 1649 696 ἀνάγκης
1705 627 1815 692 ἔξει

251 698 347 770 τὴν
376 701 687 776 τελειότητα
713 725 726 773 ;
759 707 882 770 Πῶς
913 710 969 763 δὲ
1026 713 1147 783 οὐχ).
1199 715 1336 784 πρὸς
1372 715 1470 786 τὴν
1501 717 1593 770 τοῦ
1619 720 1812 788 γεννή-

254 805 420 858 ματος
457 790 646 860 ὕφεσιν
673 797 772 868 τὴν
811 799 888 864 ὡς
915 802 1038 856 καθ’
1072 803 1218 874 ὑμᾶς
1247 807 1412 876 ἀτελῆ
1467 809 1814 880 κατοικισθῆ-

249 902 393 940 σεται
423 887 878 960 παραδεξαμένην
899 893 1048 958 ἅπαξ
1077 897 1136 949 ὲν
1162 897 1278 969 Υίῷ
1300 900 1398 969 τῆς
1441 899 1592 963 θείας
1624 902 1813 966 οὐσίας

243 979 299 1030 τὸ
354 979 429 1050 μὴ
465 979 726 1034 δύνασθαι
761 984 838 1055 μὴ
897 985 1041 1055 ἔχειν
1097 987 1160 1042 τὸ
1187 989 1392 1045 τέλειον
1425 993 1566 1046 κατὰ
1606 1011 1682 1063 ,γε
1720 994 1810 1048 τὸν

242 1071 365 1142 παρ’
397 1073 527 1140 ὑμῖν
556 1074 743 1144 ἀμαθῆ
777 1077 872 1130 καὶ
897 1078 1223 1135 ἀπαίδευτον
1251 1082 1409 1151 λόγον
1433 1101 1446 1149 ;
1480 1086 1556 1138 Οὐ
1587 1086 1695 1156 γὰρ
1719 1087 1810 1157 δὴ-

241 1178 338 1213 που
368 1163 467 1230 τὴν
505 1164 750 1236 μεγάλην
801 1167 1022 1239 ἐκείνην
1082 1172 1176 1223 καὶ
1207 1173 1488 1245 ἀκήρατον
1523 1176 1686 1246 φύσιν
1725 1179 1810 1240 είς

238 1252 526 1322 διαφόρους
580 1259 1029 1330 καταμεριοῦμεν
1063 1261 1277 1332 λόγους,
1337 1267 1412 1330 ὡς
1438 1263 1578 1321 εἶναι
1616 1270 1714 1338 μὲν
1749 1271 1809 1326 ὲν

241 1345 372 1411 τῷδε
413 1347 578 1416 τυχὸν
615 1348 804 1419 ἀτελῆ,
846 1353 1061 1407 τελείαν
1092 1355 1138 1408 δ’
1163 1351 1230 1411 αὖ
1279 1359 1444 1411 πάλιν
1482 1361 1540 1414 ὲν
1589 1361 1804 1434 ἐκείνῳ.

247 1437 396 1488 Ἐπεὶ
423 1438 521 1490 καὶ
553 1441 581 1492 ὁ
609 1442 709 1511 τῆς
735 1442 1154 1516 ἀνθρωπότητος
1182 1449 1305 1520 ὅρος
1337 1446 1422 1514 εἷς
1482 1454 1625 1506 κατὰ
1667 1455 1808 1507 πάν-

233 1545 336 1580 των
375 1530 492 1580 ἐστὶ
541 1532 636 1584 καὶ
700 1532 813 1596 ἴσος
861 1537 918 1586 ὲν
949 1538 1115 1590 πᾶσιν
1169 1541 1324 1611 ἡμῖν.
1359 1543 1618 1597 Ἐλαττον
1640 1545 1694 1598 δέ
1722 1563 1807 1610 τις

234 1619 518 1688 ἄνθρωπος
543 1622 677 1675 καθὸ
707 1623 953 1693 πέφυκεν
986 1629 1308 1700 ἄνθρωποςς
1342 1633 1460 1688 ἀλλ’
1490 1637 1611 1690 οὐδὲ
1643 1637 1805 1691 πλέον

233 1710 414 1779 ἑτέρου
463 1713 970 1787 καταληφθήσεται.
1039 1721 1300 1791 Ἀγγέλου
1351 1725 1428 1792 δὲ,
1461 1721 1638 1798 οἶμαι,
1673 1729 1804 1782 διοί-

235 1818 311 1853 σει
339 1804 461 1856 κατ’
486 1805 644 1858 οὐδὲν
671 1807 864 1880 ἕτερος
886 1811 1137 1880 ἅγγελος,
1159 1816 1303 1869 κατά
1319 1833 1380 1885 γε
1407 1819 1468 1871 τὸ
1497 1817 1638 1873 εἶναι
1656 1821 1804 1874 τοῦθ’

1925 644 2162 700 namque
2219 631 2380 686 Pater
2431 630 2816 701 perfectionem
2853 633 3076 689 habebit
3128 634 3491 690 necessario?

1922 721 2030 776 Aut
2055 724 2328 798 quomodo
2361 723 2429 780 ad
2469 724 2910 781 imminutionem
2958 725 3104 791 Filii,
3145 728 3240 799 qui
3294 744 3493 784 secun-

1920 813 2049 869 dum
2085 831 2182 871 vos
2238 817 2588 888 imperfectus
2645 829 2750 885 est,
2815 819 2974 876 Pater
3010 821 3174 878 etiam
3235 821 3354 892 ipse
3381 838 3490 878 non

1920 906 2241 976 depelletur,
2267 908 2313 962 si
2346 909 2514 965 semel
2551 910 2736 966 divina
2777 912 3084 968 substantia
3117 912 3490 982 imperfectio-

1922 1014 2043 1054 nem
2098 1000 2152 1054 in
2199 997 2339 1056 Filio
2373 1003 2720 1072 susceperit?
2769 1002 2886 1059 Non
2921 1005 3088 1069 enim,
3124 1015 3183 1060 ut
3223 1005 3489 1069 arbitror,

1918 1091 2186 1148 audebitis
2214 1092 2516 1148 secundum
2549 1094 2895 1164 insipientem
2926 1112 2990 1151 ac
3018 1097 3159 1152 male
3192 1097 3492 1167 morigera-

1917 1195 2035 1241 tum
2073 1194 2314 1240 vestrum
2342 1199 2651 1242 sermonem
2696 1186 2752 1242 in
2801 1187 3048 1245 diversas
3096 1189 3330 1244 rationes
3364 1190 3491 1244 sub-

1917 1275 2134 1330 stantia:
2163 1275 2406 1330 divinam
2451 1275 2926 1348 immortalemque
2955 1286 3207 1332 naturam
3245 1279 3318 1333 ita
3355 1279 3493 1332 inci-

1915 1368 2064 1432 dere,
2098 1378 2158 1422 ut
2203 1368 2258 1422 in
2310 1367 2481 1422 altero
2531 1368 2806 1438 perfecta,
2855 1369 2909 1423 in
2949 1369 3124 1424 altero
3158 1369 3482 1440 imperfecta

1915 1474 2037 1514 esse
2058 1459 2329 1524 videatur,
2360 1461 2661 1530 praesertim
2697 1476 2822 1517 cum
2856 1463 3084 1517 videatis
3121 1465 3370 1517 humana:
3395 1479 3492 1517 na-

1916 1560 2053 1606 tura:
2081 1552 2347 1606 rationem
2376 1567 2538 1605 unam
2583 1567 2646 1608 ac
2673 1553 2918 1607 eamdem
2956 1555 3008 1608 in
3039 1554 3297 1609 omnibus
3343 1569 3486 1614 esse.

1919 1656 2021 1696 nec
2042 1641 2222 1696 minus
2250 1642 2454 1713 aliquid
2491 1653 2586 1698 aut
2624 1644 2802 1711 majus
2831 1644 3106 1698 hominem
3161 1645 3402 1707 homine,
3430 1645 3484 1696 itt

1913 1743 2180 1802 quantum
2223 1732 2390 1787 homo
2439 1743 2547 1797 est,
2606 1733 2904 1802 possidere.
2967 1733 3077 1790 Nec
3130 1735 3356 1804 angelus
3414 1734 3485 1786 ab

1917 1825 2134 1891 angelo,
2187 1839 2250 1878 ea
2288 1825 2521 1893 ratione,
2549 1841 2655 1894 qua
2688 1836 2919 1894 uterque
2949 1827 3175 1897 angelus
3221 1837 3338 1893 est,
3374 1844 3483 1898 qua

234 1893 364 1963 ὅπερ
396 1896 558 1960 είσὶν,
591 1899 810 1968 ἄγγελοι
841 1901 1068 1976 δηλαδὴ.
1101 1906 1188 1960 διὰ
1214 1909 1312 1979 τῆς
1365 1912 1504 1982 πρὸς
1535 1913 1788 1984 ἀλλήλους

1913 1918 2168 1972 videlicet
2195 1919 2262 1974 ad
2309 1934 2472 1973 unam
2519 1919 2754 1988 speciem
2797 1929 2962 1990 atque
3007 1931 3255 1975 naturam
3290 1937 3482 1979 omnes

231 1987 522 2054 όμοειδίας,
557 1993 637 2056 είς
666 1993 797 2062 μίαν
829 1995 1070 2062 ἅπαντες
1119 2001 1584 2074 ἀναδεσμούμενοι
1619 2007 1806 2074 φύσιν.

231 2075 349 2138 Πῶς
384 2077 449 2130 ἂν
484 2079 580 2133 οὖν
632 2083 666 2152 ή
721 2085 843 2138 θεία
896 2092 990 2140 καὶ
1043 2090 1306 2146 ἁπάντων
1365 2095 1806 2169 ὑπερανίσχουσοι

229 2169 384 2236 φύσις
418 2172 477 2224 ὲν
511 2173 759 2229 ἐλάττοσι
790 2178 901 2232 τῶν
926 2183 1205 2252 γεννητῶν
1231 2185 1290 2237 ὲν
1315 2187 1430 2249 τοῖς
1455 2187 1575 2240 καθ’
1603 2189 1805 2262 ἑαυτὴν

225 2262 440 2326 ἀγαθοῖς
471 2264 792 2336 ὀφθήσεται,
824 2270 1090 2341 ὑπομενεί
1115 2275 1171 2328 δὲ
1197 2277 1390 2343 πάθος,
1427 2279 1456 2332 ὃ
1488 2282 1681 2335 παθεῖν
1701 2285 1803 2338 οὐκ

227 2346 359 2406 εἶδεν
384 2356 418 2424 ἠ
454 2356 674 2426 κτίσις;
733 2361 856 2426 Πῶς
913 2362 970 2416 δὲ
1025 2366 1166 2430 ὅλως
1223 2368 1377 2425 ἔσται
1409 2374 1502 2426 καὶ
1529 2375 1676 2444 ἁπλη
1706 2379 1802 2430 καὶ

227 2444 540 2511 ἀσύνθετος,
569 2451 728 2523 εἴπερ
759 2454 818 2506 ὲν
853 2455 991 2527 αὐτῇ
1025 2463 1276 2526 φανεῖται
1299 2464 1358 2516 τδ
1390 2465 1594 2520 τέλειον
1619 2471 1713 2523 καὶ
1740 2471 1801 2523 τὸ

230 2535 448 2634 άτελέςς
484 2542 870 2634 -Συγιιείσεται
923 2549 1034 2621 γὰρ
1084 2550 1154 2605 δι’
1208 2555 1436 2625 ἀμφοῖν,
1491 2560 1656 2632 εῐπερ
1701 2564 1798 2634 οὐχ

227 2628 404 2695 ὅμοιον
435 2628 522 2698 τῷ
573 2631 764 2704 τελείῳ
822 2633 883 2688 τὸ
935 2637 1147 2702 ἀτελές.
1196 2641 1260 2694 Εί
1317 2643 1418 2713 μὲν
1453 2647 1562 2717 γὰρ
1611 2628 1799 2718 ὅμοιόν

225 2720 353 2810 tm,
383 2720 486 2774 καὶ
518 2721 580 2774 τδ
629 2723 943 2782 διαλλάττον
971 2731 1126 2785 οὐδὲν
1175 2736 1233 2786 ὲν
1263 2737 1466 2801 αὐτοῖς,
1501 2740 1610 2793 πᾶν
1661 2742 1799 2810 ὅπερ

225 2808 286 2861 ἄν
314 2812 395 2882 εἴη
425 2813 659 2878 τέλειον,
697 2817 1012 2892 ἀδιαφόρως
1039 2823 1194 2880 ἔσται
1225 2829 1319 2881 καὶ
1349 2830 1564 2896 ἀτελὲς,
1620 2834 1715 2888 καὶ
1746 2808 1802 2886 εἴ

221 2915 271 2950 τι
304 2900 469 2955 πάλιν
529 2904 744 2974 ἀτελὲς,
776 2909 937 2964 τοῦτο
993 2913 1089 2966 καὶ
1138 2916 1369 2983 τέλειον,
1405 2921 1499 2973 καὶ
1548 2907 1702 2976 οὐδὲν
1734 2925 1793 2978 ὲν

226 2989 332 3062 Υίῷ
354 2997 750 3068 κατηγόρημα,
792 3002 898 3055 κᾶν
933 3007 1059 3067 ταῖς
1103 3007 1406 3078 ἡμετέραις
1434 3010 1702 3078 διανοίαις
1732 3017 1793 3068 τὸ

220 3083 420 3179 τέλειον
449 3087 594 3158 ἔχων
624 3091 684 3144 οὐ
712 3094 994 3165 φαίνηται.
1034 3098 1175 3152 Ἀλλ’
1202 3100 1324 3154 οὐδὲ
1349 3103 1512 3168 αὐτὸς
1541 3105 1570 3157 ό
1598 3107 1790 3179 Πατὴρ

225 3174 618 3248 ὑπερϐαλεῖται
651 3182 742 3236 τὸν
767 3183 896 3238 Υίὸν
931 3189 1024 3240 ἐπὶ
1050 3189 1355 3262 τελειότητι
1403 3174 1788 3267 μαρτυρούμενο

224 3243 344 3328 νοςλ
378 3270 481 3320 καὶ
511 3267 728 3324 λέλυται
761 3274 924 3329 πάλιν
959 3277 1090 3348 ἡμῖν
1120 3279 1182 3332 τὸ
1218 3243 1790 3352 ζητούμενὲνζΓΠίΓδὲ
1817 3243 1862 3304 C

219 3357 376 3422 πολὺς
409 3361 755 3433 ἀποτειχίζει
787 3365 944 3434 λόγος
973 3368 1067 3422 τοῦ
1097 3371 1310 3426 τελείου
1365 3375 1425 3426 τὸ
1459 3377 1668 3443 ἀτελὲς,
1699 3379 1788 3431 δέ-

219 3467 365 3544 χεται
389 3453 451 3505 δὲ
483 3454 634 3544 καὶὴ
672 3455 795 3509 θεία
829 3459 994 3528 φύσις
1028 3465 1169 3517 κατὰ
1219 3467 1418 3519 ταυτὸν
1472 3470 1787 3544 ἀμφότερα,

219 3539 472 3635 σύνθετος
501 3543 732 3635 ἄρα’καὶ
765 3550 862 3620 οὐχ
891 3552 1059 3623 ἁπλῆ.
1128 3556 1268 3609 Ἀλλ’
1325 3559 1444 3629 ἐρεῖ
1499 3539 1583 3626 τις
1626 3539 1788 3635 rexth

222 3627 293 3691 ὡς
323 3632 600 3703 ἀσυμφυῆ
630 3634 692 3687 τέ
719 3637 834 3691 ἐστι
858 3642 962 3694 λαὶ
987 3627 1383 3718 ἀσυνύπαρκτα
1415 3652 1557 3704 κατὰ
1588 3627 1786 3707 ταυτὸν

220 3721 274 3772 ὲν
311 3723 390 3815 ενι
426 3726 891 3815 τῳῗὺποκειμένῳ
924 3733 993 3786 τὰ
1044 3738 1288 3804 ἐναντία,
1352 3740 1430 3804 ὡς
1479 3743 1538 3796 ὲν
1570 3744 1799 3815 σώματι

218 3811 372 3902 τυχὸν
399 3814 544 3884 ὁμοῦ
578 3819 780 3888 χρῶμα
805 3819 1000 3875 λευκὸν
1035 3827 1128 3878 καὶ
1155 3826 1344 3896 μέλαν.
1374 3831 1571 3896 Καλῶς
1601 3811 1686 3902 γε,
1737 3830 1782 3889 ὦ

217 3901 381 3994 φίλος,
416 3906 516 3958 καὶ
548 3907 694 3976 μάλα
718 3911 934 3979 γοργῶς
969 3917 1080 3978 τοῖς
1107 3918 1398 3988 ἡμετέροις
1454 3901 1783 3994 ἐπηγωνίσω

211 3991 402 4091 λόγοις.
439 3997 503 4091 Et
527 3999 634 4091 γὰρ
663 4000 761 4070 μία
789 4003 873 4067 τίς
906 4006 1053 4060 ἐστιν
1084 4010 1116 4079 ἡ
1153 4011 1271 4064 θεία
1305 4013 1486 4082 φύσις,
1513 3991 1610 4070 καὶ
1652 4020 1782 4091 παρ’

212 4083 372 4156 αὐτὴν
403 4088 506 4159 οὐχ
536 4089 718 4163 ἑτέρα,
754 4095 871 4159 πῶς
926 4096 1014 4162 ἂν,
1043 4100 1164 4153 εἰπέ
1196 4119 1310 4170 μοι,
1347 4105 1456 4158 τῶν
1511 4109 1779 4164 ἐναντίων

211 4175 416 4271 γένοιτο
446 4179 706 4256 δεκτική;
743 4187 861 4252 πῶς
884 4189 942 4243 δὲ
974 4193 1094 4265 καθ’
1125 4194 1184 4246 ἓν
1216 4213 1271 4249 τι
1297 4197 1360 4251 τὸ
1390 4198 1776 4271 ὑποκείμενον,

209 4267 277 4321 τά
321 4270 579 4342 ἀλλήλοις
631 4276 862 4348 ἀνόμοια
903 4283 1286 4356 συμϐήσεταις
1341 4288 1476 4343 Θεοῦ
1533 4267 1603 4345 δὲ-
1624 4293 1776 4358 ὄντος

211 4360 346 4414 κατὰ
373 4360 542 4431 φύσιν
575 4367 672 4420 τοῦ
704 4371 942 4441 Πατρὸς,
978 4373 1109 4438 Θεός
1136 4379 1255 4432 ἐστι
1284 4380 1428 4434 κατὰ
1457 4381 1624 4450 φύσιν
1675 4386 1770 4436 καὶ

207 4454 233 4544 ό
259 4453 405 4524 Υίδς,
452 4459 546 4513 καὶ
573 4462 724 4518 οὐδὲν
752 4465 860 4536 ἄρα
889 4466 1082 4524 διοίσει
1125 4474 1267 4528 κατά
1313 4491 1379 4544 γε
1425 4477 1487 4531 τὸ
1515 4474 1657 4533 εἶναι
1687 4482 1774 4533 τέ-

1908 2010 2312 2064 concluduntur
2363 2008 2581 2066 differre
2629 2026 2872 2082 unquam
2924 2014 3142 2082 poterit.
3203 2013 3487 2079 Quomodo

1908 2101 2074 2172 igitur
2128 2111 2320 2157 natura
2363 2103 2603 2170 deitatis,
2659 2119 2778 2173 qua:
2823 2119 2986 2174 super
3017 2105 3132 2161 haec
3165 2108 3352 2161 omnia
3405 2108 3489 2161 in-

1908 2194 2354 2262 comparabiliter
2386 2203 2490 2259 est,
2528 2195 2740 2249 minora
2768 2195 3086 2264 possidebit,
3124 2212 3284 2266 quam
3325 2213 3482 2252 erea-

1858 2275 1864 2281 ’
1907 2289 2070 2340 tura?
2099 2284 2826 2356 Quomodoinaequalitatem
2853 2303 2971 2342 eam
3008 2291 3266 2359 suscipiet
3287 2301 3481 2346 natura

1909 2377 2367 2448 incorruptibilis,
2415 2379 2576 2448 cujus
2621 2379 2999 2450 corruptibilia
3029 2383 3337 2450 susceptiva
3373 2397 3479 2437 non

1905 2472 2078 2527 sunt?
2115 2471 2401 2538 Quomodo
2431 2471 2662 2540 simplex
2696 2480 2860 2542 atque
2887 2473 3248 2542 incomposita
3273 2475 3398 2542 erit,
3435 2475 3483 2530 si

1902 2567 2202 2635 perfectum
2237 2575 2401 2634 atque
2435 2564 2811 2634 imperfectum
2841 2565 2982 2620 inea
3020 2566 3203 2621 inest?
3227 2567 3482 2622 Dissimi-

1904 2659 1971 2711 lia
1999 2659 2145 2712 enim
2181 2658 2296 2712 haec
2346 2665 2498 2723 sunt,
2545 2673 2608 2711 ex
2643 2657 2846 2725 quibus
2872 2672 2992 2713 eam
3042 2667 3296 2715 constare
3337 2658 3478 2716 falso

1901 2751 2269 2806 arbitramini.
2329 2749 2385 2804 Si
2421 2750 2565 2805 enim
2618 2749 2820 2806 similia
2866 2760 3072 2818 essent,
3112 2766 3217 2806 nec
3249 2752 3390 2807 inter
3415 2767 3477 2808 se

1903 2840 2188 2897 differrent
2245 2841 2546 2910 perfectum
2625 2850 2786 2911 atque
2840 2841 3257 2912 imperfectum,
3312 2857 3477 2899 omne

1901 2933 2201 3004 perfectum
2225 2942 2393 2998 esset,
2425 2943 2479 2988 et
2509 2944 2722 2988 contra.
2759 2934 2940 3000 Quare
2993 2949 3092 2990 nec
3147 2933 3321 2990 Filius
3366 2936 3472 2989 im-
3538 2992 3558 3001 κ

1899 3026 2195 3097 perfectior
2232 3025 2412 3093 Patre,
2441 3042 2541 3082 nec
2571 3025 2732 3082 Pater
2758 3027 3054 3096 perfectior
3091 3026 3250 3091 Filio,
3281 3043 3474 3098 qnam-

1897 3119 1980 3172 vis
2013 3119 2084 3172 ita
2115 3117 2298 3173 verbis
2327 3133 2354 3173 a
2402 3118 2558 3173 vobis
2605 3119 2841 3174 dicatur.
2900 3117 2955 3173 Si
2989 3134 3116 3176 vero
3143 3121 3471 3189 permultum

1898 3211 2124 3266 interest
2153 3211 2293 3266 inter
2327 3211 2628 3281 perfectum
2657 3220 2710 3266 et
2735 3211 3136 3282 imperfectum,
3175 3223 3228 3268 ct
3264 3214 3473 3269 utrius-

1894 3321 2000 3374 que
2046 3305 2268 3360 deitatis
2312 3315 2508 3360 natura
2560 3306 2866 3375 susceptiva
2899 3315 3004 3369 est,
3058 3321 3168 3360 non
3216 3306 3471 3376 simplex,

1894 3396 1988 3448 sed
2035 3397 2336 3465 composita
2394 3396 2519 3450 erit.
2557 3395 2660 3450 Sed
2690 3395 2831 3450 dicet
2876 3393 3128 3451 fortassis
3172 3395 3468 3466 quispiam,

1893 3502 2001 3539 non
2055 3487 2218 3541 simul
2271 3488 2324 3540 in
2374 3486 2564 3542 eodem
2621 3501 2742 3541 esse
2804 3500 2964 3556 posse
3021 3485 3290 3556 subjecto,
3345 3501 3467 3555 quae

1891 3580 2170 3633 contraria
2197 3589 2361 3646 sunt;
2396 3580 2488 3634 sed
2534 3581 2763 3634 seorsim
2806 3593 2869 3632 ac
2892 3593 2988 3648 per
3022 3579 3463 3643 successionem,

1889 3683 1949 3732 ιιι
1999 3671 2053 3726 in
2106 3686 2335 3740 corpore
2397 3672 2572 3736 color,
2628 3672 2790 3727 modo
2849 3672 3025 3736 albus,
3095 3672 3256 3726 modo
3291 3671 3462 3742 niger.

1888 3765 2063 3819 Probe
2096 3772 2154 3818 tu
2193 3763 2433 3833 quidem,
2487 3780 2520 3816 υ
2554 3765 2746 3830 amice,
2782 3779 2847 3818 ac
2880 3765 2990 3818 cito
3037 3778 3338 3818 conversus
3364 3778 3465 3833 pro

1889 3853 2046 3909 nobis
2078 3856 2355 3924 pugnasti.
2395 3851 2530 3907 Nam
2555 3854 2600 3907 si
2627 3869 2735 3908 una
2761 3853 2979 3908 deitatis
3003 3863 3200 3908 natura
3231 3863 3336 3918 est,
3361 3869 3463 3909 nec

1886 3947 2050 4002 altera
2080 3960 2275 4016 praeter
2299 3961 2419 4000 eam
2457 3946 2752 4016 excogitari
2791 3956 2988 4016 potest,
3033 3947 3309 4016 quomodo
3331 3962 3462 4002 con-

1885 4040 2177 4093 trariorum
2205 4046 2288 4092 est
2326 4038 2670 4108 susceptiva?
2697 4039 2780 4092 vel
2809 4041 3086 4108 quomodo
3132 4041 3222 4094 uni
3249 4039 3459 4094 eidem-

1883 4147 1990 4201 que
2035 4131 2305 4200 subjecto,
2338 4147 2458 4200 quae
2510 4133 2653 4186 inter
2690 4147 2750 4186 se
2787 4133 3060 4188 contraria
3100 4144 3251 4197 sunt,
3294 4134 3459 4189 simul

1882 4219 2170 4276 accident?
2214 4222 2374 4276 Pater
2407 4222 2552 4276 enim
2607 4232 2805 4277 natura
2859 4223 3003 4280 Deus
3053 4234 3154 4288 est,
3188 4235 3242 4279 ct
3287 4225 3456 4281 Filius

1882 4312 2046 4367 simul
2081 4322 2271 4368 natura
2303 4314 2465 4370 Deus.
2500 4313 2655 4368 Nulla
2705 4331 2837 4386 ergo
2868 4316 3179 4372 differentia
3222 4318 3452 4388 perfecti

1879 4415 1934 4459 et
1969 4403 2272 4474 imperfecti
2323 4407 2464 4461 inter
2511 4405 2726 4461 Patrem
2756 4417 2811 4461 et
2861 4406 3056 4462 Filium
3093 4418 3201 4472 est,
3259 4412 3350 4478 qui
3383 4425 3448 4465 ex

1879 4493 2278 4564 perfectissima
2326 4497 2630 4552 substantia
2681 4494 2860 4553 Patris
2912 4501 3210 4555 emanavit.
3253 4502 3446 4556 Annon

210 4543 344 4660 λειος
406 4551 487 4658 ως
526 4554 662 4624 πρὸς
690 4555 781 4612 τὸν
833 4560 1077 4633 Πατέρα,
1133 4563 1234 4635 τῆς
1274 4543 1625 4632 θείαςιαύτοῦ
1683 4573 1776 4628 καὶ

1893 4594 1967 4641 est
2011 4601 2234 4641 necesse
2283 4586 2579 4657 perfectqu
2609 4603 2729 4643 esse
2759 4589 3008 4659 genimen
3059 4589 3446 4660 perfectissimi

208 4637 550 4736 τελειοτάτης
582 4645 774 4710 οὐσίας
801 4649 1153 4720 ἐκπεφυκὼς.
1184 4657 1248 4710 Εί
1281 4659 1389 4727 γὰρ
1421 4662 1520 4716 οὐκ
1550 4664 1766 4736 ἀνάγκη

219 4729 423 4786 τέλειον
447 4732 585 4790 εἶναι
620 4737 839 4803 πάντως
867 4742 960 4796 τὸν
991 4747 1060 4799 ἐκ
1088 4747 1295 4802 τελείου
1326 4729 1681 4826 γεννήτορος,⁷
1717 4729 1774 4810 ei

207 4835 309 4890 περ
333 4822 483 4921 εστιν
509 4827 679 4881 αὐτοῦ
713 4832 810 4884 καὶ
853 4833 1277 4905 ἀπαράλλακτος
1327 4822 1514 4910 εἰκὼν,
1546 4822 1767 4921 διαὶχα-

207 4915 409 5007 ρακτὴρ
445 4918 542 4986 τῆς
573 4919 954 4991 ὑποστάσεως,
986 4929 1245 5002 καθάπερ
1274 4933 1614 5007 γέγραπται,
1641 4915 1763 4995 άλλ’

203 5000 349 5073 οἶμαι
381 5011 492 5074 πᾶς
527 5028 609 5075 τις
631 5015 769 5084 ἡμῖν
805 5022 1023 5090 συνερεῖ
1055 5025 1150 5076 καὶ
1182 5000 1530 5100 συνθήσεται.
1572 5000 1644 5090 ’Ἦ
1679 5036 1766 5090 λε-

202 5099 339 5195 γέτω
366 5101 531 5157 πάλιν
564 5105 644 5170 είς
678 5109 848 5177 μέσον
881 5112 1075 5180 ἐλθὼν,
1112 5120 1255 5174 κατὰ
1281 5099 1409 5176 τίνα
1441 5127 1640 5195 τρόπον
1667 5129 1762 5182 τοῦ

207 5191 413 5290 τελείου
467 5197 681 5268 Πατρός
731 5201 1160 5274 ἀπαράλλακτος
1221 5211 1373 5266 ἔσται
1421 5191 1764 5290 χαρακτὴρό

200 5279 348 5350 Υἱὸς,
374 5287 476 5341 οὐκ
501 5289 639 5360 ἔχων
665 5293 724 5346 ὲν
752 5294 860 5367 ἰδίᾳ
891 5299 1052 5364 φύσει
1085 5302 1146 5354 τὸ
1181 5298 1323 5358 εἶναι
1352 5309 1582 5377 τέλειος,
1618 5315 1761 5369 κατὰ

199 5376 291 5447 τὴν
318 5380 482 5434 τινῶν
522 5383 885 5454 δυσόουλίαν;
933 5391 1151 5462 Ἐπειδὴ
1206 5395 1263 5448 δέ
1311 5401 1427 5452 ἐστι
1462 5403 1554 5454 καὶ
1588 5421 1760 5474 χαρα-

201 5469 334 5561 κτὴρ
364 5476 458 5528 καὶ
489 5477 672 5543 είκὼν,
708 5479 914 5544 τέλειος
948 5482 1056 5553 ἄρα
1089 5487 1186 5538 καὶ
1235 5489 1417 5557 αὐτὸς,
1448 5493 1522 5556 ὡς
1553 5469 1758 5561 susino;

284 5567 376 5618 καὶ
403 5565 550 5620 ἔστιν
603 5569 790 5626 είκὼν.
838 5572 976 5625 Ἀλλ’
1032 5571 1158 5644 εἶδε,
1193 5582 1378 5650 φησὶν,
1404 5554 1458 5636 ⁷ὁ
1504 5554 1757 5659 ίῐωᾶιννηξ·

200 5651 256 5714 ἐξ
285 5655 511 5725 οὐρανοῦ
544 5659 605 5712 τὸ
633 5661 863 5731 Πνεῦμα
899 5665 1225 5722 καταϐαῖνον
1253 5669 1346 5723 ἐπὶ
1375 5673 1463 5726 τὸν
1492 5674 1637 5739 Υίὸν,
1665 5651 1756 5735 καὶ

203 5748 427 5842 tuam»
458 5755 570 5826 ἔχει
615 5758 708 5811 τὸν
764 5760 1058 5833 ἁγιασμόν.
1108 5765 1333 5836 Δέχεται
1382 5771 1490 5842 γάρ
1534 5774 1608 5838 ὡς
1657 5777 1756 5830 οὐκ

203 5839 332 5912 ἔχων
384 5847 609 5920 δηλαδή.
641 5851 780 5924 Ὥρα
826 5854 890 5925 δὴ
914 5848 1012 5913 ὀὖν
1056 5862 1377 5932 ἀναφανδὸν,
1414 5839 1621 5938 ποίημα
1655 5871 1756 5940 μὲν

1877 4676 2181 4747 genitoris?
2205 4679 2352 4748 quod
2401 4691 2456 4733 et
2499 4679 2966 4736 incommutabilis
2997 4682 3198 4754 imago,
3235 4693 3284 4738 et
3316 4685 3446 4740 cha-

1875 4779 2055 4824 ractcr
2103 4785 2214 4824 sua:
2273 4771 2630 4841 hypostaseos
2664 4772 2916 4826 cst?'ita
2974 4789 3202 4844 prorsus
3253 4791 3446 4834 omnes

1873 4877 2198 4918 assensuros
2227 4863 2485 4929 arbitror,
2519 4873 2613 4917 aut
2647 4865 2702 4920 in
2743 4864 2982 4920 medium
3015 4866 3239 4922 veniens
3275 4867 3446 4934 dicat,

1873 4952 2157 5018 Quomodo
2192 4954 2417 5024 perfecti
2478 4955 2658 5010 Patris
2693 4956 3002 5025 character,
3053 4967 3218 5029 atque
3263 4961 3445 5030 imago

1871 5054 1954 5101 est
1981 5047 2357 5118 hypostaseos,
2389 5063 2496 5101 non
2526 5047 2734 5103 habens
2771 5064 2871 5104 sua
2905 5059 3124 5118 natura,
3151 5054 3293 5123 quod
3323 5070 3444 5123 per-

1871 5136 2048 5192 fectus
2095 5139 2200 5201 sit,
2235 5149 2293 5193 ut
2347 5141 2567 5208 quidam
2627 5153 2832 5198 temere
2874 5144 3112 5200 dicunt?
3171 5145 3442 5222 Quoniam

1869 5244 1998 5284 vero
2036 5231 2342 5295 character,
2388 5242 2552 5301 atque
2587 5233 2766 5303 imago
2796 5243 2902 5302 est,
2934 5251 3042 5290 non
3090 5237 3252 5294 aliter
3290 5252 3439 5294 certe

1867 5332 2029 5389 atque
2061 5321 2148 5375 ille
2168 5322 2437 5390 perfectus
2457 5334 2559 5388 est,
2593 5326 2750 5395 cujus
2784 5327 2960 5398 imago
2985 5338 3090 5384 est.
3128 5327 3236 5384 Sed
3266 5328 3436 5384 Joan-

1867 5427 1985 5474 nes,
2019 5413 2112 5477 ait,
2139 5413 2270 5470 vidit
2308 5415 2389 5469 de'
2414 5416 2554 5470 cwlu
2581 5418 2645 5470 ad
2671 5417 2866 5472 Filium
2907 5419 3170 5489 Spiritum
3205 5421 3435 5476 descen-

1865 5502 2016 5570 dere,
2039 5521 2208 5574 quare
2234 5515 2288 5560 et
2314 5506 2518 5563 deforis
2543 5509 2701 5563 habet
2723 5510 3209 5567 sanctificationem
3243 5511 3432 5579 Filius,

1865 5594 1918 5647 in
1945 5610 2108 5663 quem
2138 5598 2296 5663 quasi
2353 5612 2461 5650 non
2505 5597 2792 5653 habentem
2834 5602 3210 5657 sanctificator
3255 5603 3433 5673 Spiri-

1865 5699 1950 5739 tus
1977 5688 2280 5743 descendit.
2315 5689 2566 5745 Advertis
2591 5708 2753 5760 quam
2790 5692 3078 5748 manifeste
3109 5694 3305 5750 Filium
3334 5696 3426 5755 Dei

1861 5792 2170 5834 creaturam
2231 5797 2352 5837 esse
2406 5784 2710 5853 praedicas,
2761 5786 2851 5839 vix
2899 5787 3081 5858 magni
3130 5788 3334 5860 aliquid
3377 5793 3428 5846 ei

1862 5874 2186 5940 attribuens,
2220 5889 2342 5930 cum
2397 5877 2650 5933 similiter
2699 5886 2862 5949 atque
2921 5891 3130 5936 caetera:
3163 5893 3428 5940 creaturae
