3788 6576
384 376 490 440 659

1412 375 1623 438 JOAN.
1663 375 1878 438 VECCI
1919 376 2026 437 (ΣΡ.
2070 381 2576 444 ΡΛΤΠΙΑΒΟΗᾸΞ

3503 406 3590 470 660

386 500 491 546 tem
528 492 756 556 venerit,
785 493 883 557 ait,
917 508 1022 549 non
1055 493 1304 562 loquetur
1329 506 1359 546 a
1398 492 1582 560 seipso
1633 489 1926 562 quidquam

2059 494 2220 548 αὑτὸν
2246 493 2400 568 οἶμαι
2433 500 2652 570 τρόπον,
2685 501 2885 573 μᾶλλον
2909 503 2965 556 δὲ
2998 509 3140 562 κατὰ
3169 510 3264 582 τὴν
3290 511 3378 568 τοῦ
3411 518 3591 577 Παύλου

382 597 483 651 pro
515 597 582 636 eo
609 583 751 652 quod
777 594 880 649 est,
916 585 1209 655 prudentes
1247 598 1344 639 vos
1391 584 1600 648 reddet,
1655 591 1710 639 et
1758 599 1957 640 arcana

379 671 625 728 veritatis
661 673 940 740 revelabit,
965 690 1069 728 non
1097 674 1348 744 loquetur
1389 689 1611 743 prorsus
1661 676 1956 744 quidquam

380 764 526 833 quod
556 764 690 819 milii
719 780 828 820 non
853 766 1082 835 placeat,
1133 782 1306 836 neque
1335 766 1634 836 peregrinis
1662 781 1760 822 vos
1789 767 1958 822 disci-

378 854 546 923 plinis
577 856 831 910 instruet.
861 855 1059 926 .Neque
1088 857 1231 911 enim
1268 857 1516 928 proprias
1543 856 1776 914 fortasse
1809 857 1954 928 leges

379 945 541 1002 feret.
567 946 703 1002 Cum
737 963 863 1002 vero
904 947 1164 1018 Spiritus,
1220 959 1274 1004 et
1307 950 1463 1020 quasi
1500 964 1654 1004 mens
1699 964 1821 1003 mea
1861 951 1956 1011 sit.

376 1038 634 1108 loquetur
657 1037 879 1093 omnino
909 1055 1030 1109 quae
1053 1039 1108 1094 in
1141 1055 1224 1096 me
1242 1052 1388 1096 sunt.
1437 1041 1504 1096 Et
1534 1041 1647 1096 haec
1693 1039 1957 1099 Dominus

377 1131 476 1195 ait,
508 1146 616 1185 non
651 1141 708 1186 ut
739 1131 972 1187 ministri
1006 1133 1184 1188 locum
1227 1132 1686 1203 habereSpiritus
1735 1143 1956 1189 sanctus

374 1224 642 1289 videatur,
677 1233 738 1279 ut
774 1225 1024 1295 imperite
1057 1241 1088 1280 a
1116 1225 1393 1281 nonnullis
1452 1224 1801 1295 przedicatur,
1860 1226 1954 1279 sed

376 1328 436 1372 ut
461 1319 704 1389 ejusdem
721 1334 843 1376 esse
863 1334 986 1374 cum
1018 1318 1492 1386 Filiofsubstantiae
1515 1320 1954 1374 confirmaretur.

376 1411 480 1466 Sed
517 1422 575 1466 ut
598 1411 780 1480 potius
811 1411 1073 1466 certiores
1104 1409 1352 1467 redderet
1400 1410 1721 1480 discipulos,
1756 1425 1956 1465 secun-

372 1499 502 1554 dum
533 1501 784 1556 essentia:
807 1502 1073 1554 rationem
1101 1501 1206 1556 a'sc
1230 1500 1348 1571 ipso
1376 1515 1485 1556 non
1508 1515 1630 1555 esse
1653 1500 1952 1556 diversum.

376 1591 502 1646 llarc
536 1607 759 1661 prorsus
794 1591 1068 1662 loquetur,
1121 1601 1176 1647 et
1220 1591 1556 1663 operabitur,
1597 1602 1650 1648 et
1698 1593 1956 1663 concupi-

369 1690 505 1736 scet.
560 1680 966 1752 Proptereaque
1009 1683 1292 1751 praemisit,
1344 1681 1493 1754 quod
1527 1682 1690 1737 etiam
1725 1691 1951 1737 ventura

2063 588 2268 656 φωνὴν,
2307 589 2481 654 οὐδεὶς
2516 589 2625 646 οἶδε
2681 595 2750 650 τὰ
2797 594 2889 651 τοῦ
2922 599 3078 664 Θεοῦ,
3107 604 3159 656 εί
3194 605 3268 674 μὴ
3311 606 3369 659 τὸ
3401 611 3594 684 Πνεῦμα

2059 680 2154 733 τοῦ
2185 680 2321 734 Θεοῦ
2370 683 2521 738 τὸέν
2569 687 2738 758 αὐτῷ.
2771 690 2943 745 Ὅταν
2999 690 3094 749 οῦν
3141 695 3293 769 ἔλθῃ,
3353 703 3594 770 (meimei:

2060 772 2286 844 λαλήσει
2333 776 2429 846 ἀφ’
2462 779 2660 834 ἐαυτοῦ
2712 785 2886 851 οὐδὲν,
2929 790 3052 842 ἀντὶ
3089 790 3210 854 τοῦ,
3243 799 3470 850 συνετιεῖ
3515 801 3597 868 μὲν

2059 865 2226 934 ἡμᾶς.
2257 868 2353 962 καλ
2386 869 2448 922 τὸ
2477 874 2602 942 περὶ
2626 875 2725 945 τῆς
2753 877 3009 948 ἀληθείας
3045 882 3388 952 ἀποκαλύψει
3421 865 3598 962 μυστή-

2061 973 2196 1027 ριον,
2222 960 2447 1032 λαλήσει
2474 982 2537 1032 γε
2567 967 2674 1038 μὴν
2728 970 2880 1025 οὐδὲν
2925 975 3210 1039 παντελῶς
3251 978 3360 1030 τῶν
3395 960 3599 1050 ἀπᾳδὸν-

2057 1066 2168 1144 των
2191 1053 2336 1121 ἐμοὶ,
2359 1054 2474 1108 ἀλλ’
2501 1057 2624 1111 οὐδὲ
2654 1059 2804 1127 ξένον
2830 1063 2960 1132 ύμῖν
2981 1067 3176 1138 εἰσηγή
3188 1085 3340 1123 σεται
3376 1073 3598 1144 μάθημα.

2057 1143 2133 1195 Ού
2166 1145 2289 1237 ’γὰρ
2340 1147 2503 1212 ἰδίους
2549 1153 2714 1222 τυχὸν
2771 1155 2998 1211 εἰσοίσει
3047 1160 3269 1229 νόμους.
3309 1163 3517 1237 Ἐπειδὴ
3554 1171 3599 1223 δὲ

2055 1231 2276 1330 πνεῦμα
2332 1238 2429 1291 καὶ⁵
2489 1241 2657 1295 οἱονεὶ
2710 1244 2836 1309 νοῦς
2892 1247 3044 1303 ἐστιν
3087 1251 3240 1320 ἐμὸς,
3293 1231 3517 1326 λαλήσει.
3546 1260 3598 1330 δὴ

2055 1324 2287 1424 πάντως
2304 1329 2374 1382 τὰ
2396 1332 2453 1384 ἐν
2483 1334 2628 1402 ἐμοί.
2672 1337 2783 1392 Καὶ
2809 1340 2970 1394 τοῦτό
3018 1359 3186 1414 φησιν
3227 1347 3256 1399 ὁ
3287 1324 3500 1418 Σωτὴρ,
3519 1324 3598 1424 οὐχ

2055 1413 2142 1506 ἵνα
2191 1417 2403 1488 νοῶμεν
2447 1422 2784 1494 ύπουργικὺν
2841 1430 2904 1483 τὸ
2938 1413 3167 1504 Πνεῦμα
3191 1435 3254 1489 τὸ
3291 1413 3454 1506 ἅγιον-
3480 1413 3598 1496 ut;

2054 1505 2152 1575 τήν
2175 1524 2336 1603 τινων
2365 1510 2629 1581 ἀμαθίαν,
2663 1516 3080 1590 πληροφορῆσαι
3118 1524 3176 1578 δέ
3204 1526 3406 1595 μᾶλλον
3434 1529 3598 1603 ἐθελή-

2055 1615 2177 1692 σας
2198 1601 2328 1665 τοὺς
2365 1603 2613 1677 μαθητὰς
2650 1609 2726 1674 ὡς
2755 1613 2853 1683 οὐχ
2887 1615 3074 1687 ἕτερον
3123 1619 3191 1673 ὃν
3215 1621 3346 1692 παρ’
3377 1623 3526 1676 αὑτὸν
3549 1601 3598 1681 τὸ

2055 1691 2278 1762 Πνεῦμα
2309 1695 2477 1772 αὐτοῦ
2523 1700 2665 1754 κατά
2689 1719 2751 1769 γε
2779 1705 2872 1758 τὸν
2916 1707 2976 1760 ἐν
3025 1691 3412 1783 όμοουσιότητι
3442 1715 3595 1784 λόγον.

368 1770 711 1826 annuntiabit
740 1773 917 1837 vobis,
952 1787 1017 1829 ac
1063 1774 1110 1828 si
1166 1773 1390 1840 diceret,
1447 1771 1500 1827 id
1531 1773 1745 1844 signum
1797 1772 1926 1827 vobi.

2051 1784 2237 1839 Ταῦτα
2263 1787 2326 1858 δὴ
2357 1770 2576 1856 πάντως
2604 1791 2830 1865 λαλήσει
2862 1798 2958 1850 καὶ
2987 1770 3278 1873 ἐνεργήσει
3304 1770 3403 1858 καὶ
3428 1770 3599 1876 βοῦλήζ

367 1860 494 1922 erit.
541 1876 606 1916 ex
643 1877 761 1916 mea
785 1862 1094 1917 substantia
1130 1863 1390 1932 Spiritum
1420 1877 1566 1927 esse,
1617 1871 1670 1916 ct
1710 1871 1926 1917 tnenten

2048 1893 2220 1930 σεται.
2277 1857 2375 1934 Διὰ
2422 1883 2528 1954 γάρ
2563 1901 2647 1939 τοι
2677 1857 2835 1942 τοῦτο
2883 1857 3274 1963 προστέθεικεν
3309 1857 3395 1951 ὅτι

366 1966 490 2007 esse
519 1953 675 2022 quasi
720 1969 918 2021 meam,
963 1954 1090 2009 dum
1118 1955 1207 2010 ille
1253 1953 1709 2025 quemadmodum
1748 1962 1800 2008 et
1845 1968 1945 2023 ego

366 2043 549 2099 futura
582 2045 876 2115 praedicet;
910 2047 1133 2116 praedixi
1177 2046 1321 2102 enim
1377 2047 1476 2102 etsi
1526 2061 1633 2100 non
1692 2045 1945 2114 potuistis

367 2136 551 2192 omnia
578 2138 896 2209 intelligere.
924 2137 1110 2208 itaque
1151 2155 1263 2194 non
1305 2147 1486 2210 posset
1517 2139 1606 2193 ille
1657 2139 1731 2192 uti
1761 2147 1811 2192 et
1842 2152 1943 2208 ego

367 2228 551 2283 futura
585 2229 898 2299 przedicere,
934 2230 1039 2286 nisi
1064 2231 1292 2287 omnino
1343 2231 1396 2286 in
1429 2247 1514 2285 me
1542 2241 1709 2298 esset,
1744 2241 1797 2287 et
1847 2247 1942 2302 per

366 2335 456 2376 me
487 2321 927 2391 progrederetur.
971 2341 992 2374 ι

435 2602 580 2660 Idem
623 2603 922 2671 indictum,
968 2625 986 2658 ι
1029 2606 1181 2662 Sicut
1212 2623 1298 2662 tne
1347 2607 1492 2664 misit
1524 2609 1708 2664 vivens
1738 2607 1934 2675 Pater,

363 2704 419 2751 et
445 2710 544 2766 ego
589 2694 708 2752 vivo
741 2703 960 2767 pr0pter
997 2695 1217 2752 Patrem
1245 2697 1309 2764 ’⁸,
1340 2716 1358 2749 ι
1413 2697 1509 2754 lib.
1559 2713 1631 2762 IV,
1683 2714 1803 2769 cap.
1846 2699 1933 2753 18.

363 2787 837 2854 Quemadmodum
874 2789 1016 2843 enim
1040 2788 1224 2843 lumen
1240 2789 1305 2844 de
1335 2789 1541 2845 lumine
1564 2806 1685 2846 esse
1715 2791 1930 2856 dicitur,

361 2882 442 2937 sic
471 2891 525 2936 et
559 2881 666 2936 vita
701 2896 769 2936 ex
791 2882 921 2936 vita.
957 2881 1021 2935 Et
1051 2882 1505 2951 quemadmodum
1546 2898 1669 2954 quae
1697 2883 1820 2938 luce
1851 2885 1934 2938 in-

359 2970 565 3042 digent,
584 2986 681 3041 per
698 2970 896 3027 Filium
928 2972 1072 3028 Deus
1088 2981 1142 3028 et
1171 2974 1326 3028 Pater
1349 2974 1616 3029 illuminat
1634 2990 1728 3044 per
1749 2975 1931 3030 lumen

358 3064 636 3133 proprium
664 3061 861 3118 Filium
899 3081 914 3120 :
950 3073 1004 3119 et
1031 3064 1122 3134 qui
1157 3065 1472 3134 sapientiam
1499 3065 1784 3120 admittere
1803 3081 1933 3134 pos-

360 3167 508 3221 sunt,
573 3171 671 3225 per
696 3156 970 3226 propriam
1006 3158 1326 3228 sapientiam
1366 3157 1641 3227 sapientes
1695 3157 1842 3223 facit,
1877 3169 1931 3215 et

359 3260 478 3315 quae
506 3246 707 3302 robore
749 3246 992 3319 indigent
1044 3263 1142 3320 per
1191 3248 1356 3303 robur
1406 3264 1599 3304 rursus
1653 3250 1930 3318 proprium

359 3341 706 3407 corroborat,
738 3341 818 3396 sic
849 3356 969 3410 quae
992 3342 1102 3396 vita
1138 3351 1316 3413 egent,
1342 3358 1438 3411 per
1469 3343 1633 3396 vitam
1654 3343 1929 3413 propriam

353 3439 410 3486 et
436 3445 556 3502 quae
571 3446 668 3502 per
697 3431 878 3503 ipsum
902 3431 1218 3498 cll'unditur,
1248 3431 1368 3488 Filii
1399 3449 1591 3505 nempe
1617 3435 1873 3492 viviticat.
1905 3455 1924 3488 ‹

427 3620 572 3674 idem
601 3619 654 3673 in
693 3620 822 3674 illud
848 3638 862 3676 :
892 3637 912 3673 ι
952 3620 1043 3675 ille
1075 3637 1160 3676 me
1185 3623 1505 3679 clarilicabit
1531 3641 1546 3679 :
1571 3627 1698 3694 quia
1717 3625 1783 3680 de
1811 3639 1931 3682 meo

356 3711 588 3781 accipiet
613 3712 677 3775 ’°,
708 3731 726 3764 ι
791 3713 968 3788 inquit
1019 3731 1033 3769 :
1079 3733 1097 3766 ι
1142 3715 1420 3772 Glorilicat
1464 3719 1680 3788 quideut
1732 3717 1930 3775 Filium

355 3802 694 3872 Paracletus,
726 3804 829 3860 hoc
853 3816 934 3860 est
956 3809 1204 3874 proprius
1239 3810 1381 3864 illius
1411 3810 1663 3876 Spiritus,
1694 3814 1786 3882 qui
1813 3828 1932 3868 om-

354 3894 449 3949 nia
486 3903 685 3966 potest,
718 3897 811 3965 qui
845 3899 1031 3952 omnia
1065 3899 1236 3955 novit.
1294 3901 1568 3957 Clarilicat
1603 3919 1732 3959 vero
1787 3922 1932 3974 quos

354 3984 721 4050 modoiouze
769 3987 912 4039 enim
961 3986 1067 4042 scit
1121 3997 1407 4059 potestque
1467 3991 1701 4061 Spiritus
1761 3994 1928 4058 illius,

352 4077 631 4146 quomodo
684 4077 801 4147 ipse
852 4093 960 4132 non
1004 4080 1218 4134 noverit
1250 4091 1348 4136 aut
1391 4083 1628 4153 poterit?
1679 4085 1818 4150 Etsi,
1872 4099 1933 4142 ut

352 4170 469 4239 ipse
493 4169 590 4230 ait.
621 4170 858 4240 Spiritus
884 4170 952 4224 ab
985 4172 1103 4242 ipso
1131 4174 1346 4244 accipit,
1380 4175 1505 4230 licet
1534 4179 1714 4233 omnia
1759 4181 1932 4250 possit

352 4276 418 4316 ac
435 4262 693 4330 perﬁciat,
709 4262 984 4332 quomodo
1009 4264 1122 4334 ipse
1146 4279 1255 4320 non
1287 4267 1589 4337 possederit
1614 4270 1765 4339 illud,
1784 4272 1929 4342 quod

353 4355 596 4410 rebusin
629 4356 887 4411 omnibus
939 4356 1333 4413 validissimum
1365 4360 1482 4414 est?
1531 4359 1639 4416 Sed
1686 4365 1831 4418 enim
1864 4365 1930 4418 il-

351 4447 445 4502 lud
477 4455 626 4503 certo
659 4449 950 4504 tenendum
999 4459 1104 4516 est,
1134 4452 1281 4505 nullo
1321 4451 1505 4522 ;ruodo
1556 4452 1922 4519 Paracletum,

3434 1900 3522 1953 καὶ
3543 1902 3598 1955 τὰ

2045 1969 2316 2040 ἐρχόμενα
2361 1973 2652 2043 ἀναγγελεῖ
2681 1979 2830 2049 ὑμῖν,
2843 1987 3128 2057 μονονουχὶ
3162 1987 3362 2058 λέγων,
3397 1995 3597 2059 σημεῖον

2043 2061 2203 2115 τοῦτο
2231 2063 2384 2118 ἔσται
2418 2067 2565 2138 ὑμῖν,
2599 2069 2682 2124 ὅτι
2707 2072 2770 2143 δὴ
2799 2076 3018 2142 πάντως
3044 2081 3108 2133 ἐκ
3141 2081 3239 2150 τῆς
3265 2083 3406 2152 ἐμῆς
3435 2085 3598 2146 οὐσίας

2041 2153 2103 2206 τὸ
2136 2155 2359 2226 Πνεῦμά
2388 2159 2524 2226 ἐστι,
2577 2167 2670 2216 καὶ
2713 2159 2822 2219 οἷον
2859 2170 2990 2240 ἐμός
3033 2172 3148 2224 ἐστι
3174 2173 3322 2238 νοῦς,
3369 2174 3428 2227 τὸ
3469 2175 3597 2245 ἐρεῖν

2042 2247 2206 2302 αὑτὸν
2237 2252 2306 2304 τὰ
2351 2251 2624 2321 ἐσόμενα,
2660 2257 2912 2332 καθάπερ
2961 2263 3092 2330 ἐγώ.
3120 2265 3440 2336 Προείρηκα
3485 2269 3596 2336 γὰρ.

2040 2339 2089 2392 εί
2117 2341 2210 2392 καὶ
2241 2340 2316 2414 μὴ
2348 2343 2636 2416 δεδύνησθε
2670 2351 2847 2406 πάντα
2886 2355 3100 2424 μαθεῖν.
3130 2357 3248 2411 Οὐκ
3268 2357 3336 2411 ἂν
3373 2353 3462 2412 οὖν
3485 2359 3595 2428 ἄρα,

2040 2431 2296 2505 καθάπερ
2328 2435 2458 2504 ἐγὼ,
2500 2445 2724 2510 προερεί
2753 2442 2821 2497 τὰ
2844 2445 3098 2516 ἐσόμενα,
3129 2451 3206 2520 μὴ
3240 2451 3365 2521 οὐχὶ
3402 2453 3598 2515 πάντως

2039 2525 2098 2576 ἐν
2128 2525 2252 2594 ἐμοί
2283 2544 2342 2580 τε
2377 2528 2642 2600 ὑπάρχον,
2672 2534 2768 2587 καὶ
2789 2535 2858 2588 δι’
2886 2537 3022 2608 ἐμοῦ
3071 2542 3280 2609 προῖόν.
3325 2561 3346 2593 ι

2123 2617 2181 2671 '0
2212 2619 2374 2684 αὐτὸς
2396 2624 2476 2686 εἰς
2498 2623 2560 2678 τὸ
2585 2625 2724 2680 κατὰ
2769 2627 3021 2699 Ἰωάννην
3053 2634 3111 2684 ἐν
3149 2631 3228 2703 τῷ
3258 2634 3303 2686 δ’
3337 2633 3522 2706 βιϐλίῳ
3546 2639 3596 2692 ἐν

2037 2708 2316 2782 κεφαλαίῳ
2347 2711 2537 2782 ιη’,είς
2557 2715 2617 2768 τὸ
2646 2718 2810 2788 ῥητὸν
2844 2720 2926 2786 τὸ,
2961 2739 2981 2772 ι
3015 2722 3211 2788 Καθὼς
3243 2727 3596 2800 ἀπέστειλέμε

2034 2800 2063 2852 ο
2088 2799 2202 2894 ζῶν
2231 2802 2440 2876 Πατὴρ,
2469 2806 2624 2874 κάγὼ
2671 2808 2750 2874 ζῶ
2771 2810 2860 2865 διὰ
2890 2813 2980 2866 τὸν
3028 2816 3268 2887 Πατέρα.
3305 2838 3326 2870 ι
3377 2822 3462 2883 Ὠς
3501 2799 3595 2894 γάρ

2035 2893 2150 2960 φῶς
2174 2895 2238 2947 ἐκ
2265 2897 2442 2964 φωτὸς
2470 2897 2610 2952 εἶναι
2643 2901 2885 2971 λέγεται,
2915 2905 3058 2960 οὕτω
3083 2910 3177 2962 καὶ
3199 2911 3313 2982 ζωὴ
3348 2914 3414 2966 ἐκ
3435 2893 3594 2984 ζωῆς·

2034 2985 2129 3036 καὶ
2162 2984 2351 3058 ὥσπερ
2379 2989 2448 3043 τὰ
2479 2993 2658 3062 φωτὸς
2699 2995 2930 3066 δεόμενα
2983 3000 3212 3068 φωτίζει
3253 3004 3282 3056 ὁ
3327 3005 3461 3069 Θεὸς
3515 3009 3596 3060 καὶ

2036 3076 2224 3168 Πατὴρ
2250 3080 2338 3134 διὰ
2360 3082 2537 3149 φωτὸς
2565 3083 2694 3138 ίδίου
2713 3087 2807 3142 τοῦ
2833 3090 2986 3154 Υίοῦ,
3014 3093 3109 3147 καὶ⁵
3133 3097 3288 3164 σοφοῖ
3313 3098 3382 3152 τὰ
3420 3102 3595 3168 σοφίας

2032 3167 2276 3235 δεκτικὰ,
2293 3171 2370 3236 ὡς
2409 3173 2496 3229 διὰ
2541 3177 2732 3245 σοφίας
2775 3179 2930 3245 ίδίας,
2960 3185 3054 3238 καὶ
3077 3185 3312 3256 δυναμοῖ
3353 3187 3426 3242 τὰ
3453 3190 3594 3243 δονά-

2043 3279 2187 3331 μεως
2212 3263 2482 3336 χρῄζοντα
2521 3267 2596 3333 ὡς
2625 3269 2710 3324 διὰ
2749 3272 3037 3344 δυνάμεως
3078 3279 3242 3332 πάλιν
3274 3279 3438 3345 ίδίας,
3466 3280 3595 3333 οὕτω

2036 3353 2294 3418 ζωοποιεῖ
2339 3357 2410 3410 τὰ
2448 3360 2550 3413 ὅσα
2583 3362 2687 3428 πέρ
2719 3366 2837 3418 ἐστι
2869 3366 2971 3437 τῆς
2999 3369 3130 3440 παρ’
3158 3370 3326 3424 αὑτοῦ
3373 3373 3593 3443 δεόμενα

2035 3445 2180 3513 ζωῆς
2216 3447 2306 3502 διὰ
2360 3449 2504 3517 ζωῆς
2553 3451 2709 3517 ιδίας,
2739 3456 2832 3509 καὶ
2889 3457 2951 3522 ἐξ
2991 3458 3156 3512 αὑτοῦ
3204 3464 3593 3534 προχεομένης,

2033 3537 2283 3592 τουτέστι
2311 3540 2406 3593 τοῦ
2438 3541 2591 3597 Υίοῦ.
2630 3564 2651 3596 ι

2117 3627 2178 3681 Ὀ
2213 3631 2376 3694 αὐτὸς
2420 3634 2502 3696 είς
2545 3635 2628 3701 τὸ,
2666 3656 2685 3688 ι
2730 3639 2966 3704 Ἐκεῖνος
3011 3642 3109 3710 ἐμὲ
3153 3643 3388 3710 δοξάσει,
3419 3646 3500 3699 ὅτι
3537 3647 3592 3698 ἐκ

2033 3716 2128 3770 τοῦ
2151 3719 2284 3788 ἐμοῦ
2317 3720 2566 3792 λήψεται,
2602 3743 2620 3777 ι
2650 3727 2848 3796 φησίν·
2888 3747 2908 3780 ι
2945 3729 3168 3796 Δοξάζει
3194 3733 3486 3804 τοιγαροῦν
3513 3734 3592 3786 τὸν

2035 3810 2162 3863 Υἱὸν
2192 3813 2220 3863 ὀ
2241 3813 2615 3886 Παράκλητος,
2632 3819 2880 3873 τουτέστι
2910 3821 2970 3874 τὸ
2993 3821 3123 3875 ίδιον
3153 3823 3322 3877 αὑτοῦ
3356 3825 3590 3891 Πνεῦμα,

2033 3904 2209 3957 πάντα
2267 3906 2472 3976 ἰσχύον,
2510 3909 2606 3962 καὶ
2641 3912 2820 3965 πάντα
2875 3913 3034 3977 εἶδός.
3086 3915 3312 3981 Δοξάζει
3350 3917 3409 3970 δὲ
3450 3918 3589 3979 πῶςς

2040 3998 2106 4049 "A
2146 3996 2253 4068 γὰρ
2281 3996 2391 4052 οἶδε
2421 4001 2515 4054 καὶ
2542 4001 2769 4056 δύναται
2816 4005 2877 4058 τὸ
2942 4006 3164 4077 Πνεῦμα
3196 4009 3362 4062 αὑτοῦ
3393 4010 3506 4072 πῶς
3536 4009 3592 4062 ἂν

2034 4089 2196 4153 αὐτὸς
2227 4090 2328 4143 οὐκ
2359 4091 2525 4162 είδοίη
2560 4095 2758 4165 τυχόν;
2792 4096 2824 4166 ἢ
2860 4100 2976 4160 πῶς
3002 4099 3104 4152 οὐκ
3138 4100 3202 4152 ἂν
3235 4101 3453 4155 δύναιτο
3475 4119 3488 4167 ;
3511 4105 3592 4155 καὶ

2032 4183 2103 4246 εί,
2139 4181 2390 4254 καθάπερ
2437 4185 2599 4249 αὐτός
2660 4205 2828 4257 φησιν
2855 4231 2869 4255 ,
2911 4189 2970 4254 ἐξ
3026 4192 3192 4245 αὐτοῦ
3245 4194 3592 4263 λαμϐάνειτὸ

2034 4273 2282 4344 Πνεῦμα,
2320 4277 2498 4330 καίτοι
2530 4279 2706 4333 πάντα
2752 4282 2936 4351 ἰσχύον
2993 4286 3088 4337 καὶ
3135 4286 3460 4355 κατορθοῦν,
3485 4287 3591 4348 πῶς

2032 4363 2100 4418 ἂν
2129 4365 2290 4430 αὐτὸς
2317 4370 2418 4422 οὐκ
2447 4369 2560 4441 ἔχοι
2579 4373 2640 4425 τὸ
2670 4373 2754 4444 ἐφ’
2776 4373 2979 4430 ἅπασιν
3015 4379 3274 4450 ἰσχυρόνς
3301 4381 3592 4447 ’Υποτοπη-

2030 4457 2152 4511 τὲον
2179 4459 2234 4511 δὲ
2254 4460 2501 4532 οὐδαμῶς
2520 4465 2700 4535 ἰσχύος
2732 4469 2920 4522 ἐπιδεᾶ
2932 4473 3030 4542 τῆς
3055 4473 3297 4543 ἐμφύτου
3327 4474 3419 4526 καὶ
3445 4491 3590 4544 φύσις

352 4539 459 4594 hoc
485 4549 571 4594 est
599 4539 885 4609 Spiritum,
926 4542 1154 4611 propriae
1187 4544 1450 4599 naturalis
1491 4545 1797 4615 innataque
1828 4562 1926 4616 po-

2043 4551 2135 4620 »ιῆς
2157 4551 2486 4610 καθεστάναι
2505 4557 2597 4610 τὸν
2614 4539 2995 4633 Παράκλητον,
3009 4539 3252 4619 τοῦτέστι
3278 4567 3338 4620 τὸ
3357 4539 3586 4636 Πνεῦμα,

357 4633 541 4684 tentia:
573 4630 817 4702 indigum
855 4646 978 4687 esse
1007 4650 1020 4685 :
1056 4635 1191 4688 adeo
1234 4642 1312 4698 ut,
1336 4635 1380 4689 si
1409 4649 1516 4688 non
1561 4637 1790 4705 accipiat
1818 4652 1923 4690 non

352 4719 527 4790 possit
551 4721 668 4791 ipse
691 4739 755 4776 ex
791 4738 850 4778 se
895 4724 1013 4792 ipso
1040 4725 1108 4779 ad
1145 4740 1326 4780 rerum
1372 4727 1700 4795 divinarum,
1729 4744 1923 4798 opera-

352 4817 553 4869 tionem
581 4813 928 4883 perfectivam
974 4816 1178 4885 aliquid
1229 4817 1499 4873 conferre.
1559 4819 1663 4874 Sed
1691 4822 1927 4891 quicun-

352 4920 460 4974 quc
492 4905 607 4961 haec
641 4905 724 4960 vel
775 4916 955 4962 mente
997 4917 1154 4964 tenus
1193 4911 1435 4981 cogitare
1472 4929 1596 4966 vera
1646 4928 1786 4968 esse.
1820 4915 1924 4968 im-

351 4996 571 5068 pietatis
602 5011 766 5066 quam
799 4998 1047 5053 maxima:
1079 5001 1288 5056 crimen
1334 5004 1585 5058 subierit.
1634 5007 1769 5058 Cum
1797 5021 1925 5060 vero

350 5087 838 5143 consubstantialis
870 5089 941 5144 sit
961 5089 1122 5153 Filio,
1155 5101 1209 5147 et
1237 5103 1452 5148 emanat
1481 5094 1662 5150 divina
1691 5096 1922 5167 quadam

352 5179 565 5234 ratione
597 5195 692 5250 per
724 5179 924 5249 ipsum,
957 5196 1173 5237 omnem
1221 5183 1341 5254 ejus
1395 5186 1600 5242 habens
1647 5189 1922 5253 virtutem,

353 5281 409 5328 et
459 5272 913 5343 perfectissimam
967 5277 1362 5346 operationem,
1431 5291 1712 5349 propterea
1769 5283 1923 5346 dicit,

359 5382 379 5414 ι
415 5362 490 5416 De
538 5378 658 5418 meo
713 5363 966 5432 accipiet.
1007 5383 1024 5416 ι
1089 5365 1386 5423 Persisterc
1449 5384 1686 5440 namque
1715 5385 1810 5440 per
1865 5387 1924 5427 se

353 5454 615 5524 Spiritum
667 5456 962 5522 credimus,
1001 5472 1230 5527 esseque
1293 5475 1351 5515 re
1392 5476 1537 5524 vera,
1585 5463 1727 5530 quod
1757 5475 1844 5518 est
1875 5475 1926 5518 et

353 5539 829 5602 dieilur:etcuru
860 5548 989 5603 insit
1049 5548 1102 5604 in
1150 5551 1452 5607 substantia
1503 5552 1617 5617 Dei,
1679 5567 1920 5620 emanat,

352 5651 515 5709 atque
545 5641 889 5712 progreditur
918 5660 981 5700 ex
1019 5648 1130 5711 illa,
1159 5649 1339 5728 omnia
1372 5647 1519 5703 illius
1545 5649 1596 5703 in
1630 5649 1920 5720 semetipso

415 5804 458 5838 ³⁸
491 5804 651 5860 Jean.
685 5803 740 5873 6,
774 5804 862 5859 58.
943 5807 981 5833 ²⁰
1006 5802 1160 5859 Jonn.
1197 5823 1304 5869 κη,
1343 5807 1426 5861 li.

2029 4642 2105 4706 ὼς
2133 4644 2182 4696 εί
2217 4646 2290 4715 μὴ
2321 4644 2483 4701 λαϐὸν
2513 4649 2662 4720 τύχοι
2690 4651 2812 4721 μηδ’
2849 4652 2915 4707 ἂν
2943 4656 3257 4727 ἐξαρκέσειν
3285 4659 3442 4711 αὐτὸν
3468 4660 3590 4710 ἑαυα-

2028 4733 2106 4804 τῷ
2138 4734 2400 4790 δύνασθαι
2452 4741 2588 4809 πρὸς
2643 4744 2742 4812 τὴν
2787 4745 2896 4799 τῶν
2951 4746 3112 4801 θείων
3161 4750 3588 4820 κατορθωμάτων

2029 4826 2306 4894 ἐνέργειαν
2327 4830 2764 4903 ἁποτελεστικήν.
2787 4837 3113 4903 Δυσσεϐείας
3127 4840 3233 4912 γὰρ
3251 4843 3316 4895 ἂν
3336 4844 3429 4912 τῆς
3451 4844 3586 4896 ἀπα-

2033 4917 2139 4969 σῶν
2177 4920 2413 4992 ἐσχάτης
2463 4923 2754 4994 ὑπομεῖναι
2789 4933 3042 5000 γραφὴν,
3084 4935 3180 4985 καὶ
3207 4934 3413 5003 σφόδρα
3451 4935 3587 4986 εἰκό-

2030 5025 2160 5072 τως,
2200 5013 2228 5063 ὁ
2267 5014 2358 5065 καὶ
2395 5014 2557 5082 μόνον
2592 5017 2798 5083 οἰηθεὶς
2855 5021 3055 5092 ἀληθές
3104 5041 3154 5077 τι
3195 5025 3303 5076 τῶν
3344 5025 3586 5078 τοιούτων

2033 5096 2171 5154 εἶναι
2208 5103 2334 5173 περὶ
2387 5107 2570 5171 αὑτοῦ,
2625 5108 2842 5181 Ἐπειδὴ
2881 5111 2937 5165 δὲ
2966 5115 3250 5182 όμοούσιόν
3276 5133 3334 5170 τε
3379 5116 3486 5169 ἐστὶ
3512 5115 3584 5184 τῷ

2036 5191 2169 5261 Υἱῴ,
2201 5195 2297 5246 καὶ
2325 5197 2535 5262 πρόεισι
2566 5199 2886 5271 θεοπρεπῶς
2905 5204 2974 5256 δι’
3002 5204 3190 5270 αὑτοῦ,
3225 5209 3401 5260 πᾶσαν
3430 5205 3581 5260 αὐτοῦ

2027 5283 2126 5354 τὴν
2181 5288 2265 5354 ἐφ’
2315 5287 2488 5342 ἅπασι
2539 5291 2879 5367 τελεωτάτην
2934 5297 3055 5366 ἕχον
3105 5301 3382 5369 ἐνέργειαν
3413 5317 3462 5353 τε
3493 5301 3580 5351 καὶ

2026 5375 2371 5446 δύναμιν,διά
2389 5382 2544 5436 τοῦτό
2566 5402 2728 5454 φησιν
2753 5388 2854 5454 ὅτι,
2884 5407 2902 5440 ι
2927 5391 3022 5442 Ἐκ
3047 5390 3140 5444 τοῦ
3156 5393 3288 5462 ἐμοῦ
3310 5393 3574 5464 λήψεται.»

2039 5469 2365 5537 Ύφεστὰναι
2397 5476 2503 5547 γὰρ
2536 5478 2664 5531 αὐτὸ
2702 5479 2824 5532 καθ’
2849 5482 3009 5536 ἑαυτὸ
3037 5485 3096 5537 τὸ
3123 5485 3347 5558 Πνεῦμα
3372 5485 3578 5538 πιστεύ-

2025 5578 2178 5630 ομεν,
2214 5559 2352 5618 εἶναί
2397 5584 2456 5619 τε
2511 5570 2652 5622 κατὰ
2699 5571 2959 5642 ἀλήθειαν
3001 5576 3146 5629 τοῦθ’
3172 5580 3309 5649 ὅπερ
3350 5579 3456 5630 ἐστὶ
3485 5576 3577 5628 καὶ

2029 5654 2265 5724 λέγεται,
2296 5659 2596 5730 ἐνυπάρχον
2639 5679 2698 5730 γε
2730 5664 2836 5734 μὴν
2866 5668 2929 5737 τῇ
2963 5667 3118 5740 θῦσίᾳ
3145 5669 3234 5722 τοῦ
3266 5671 3411 5731 θ³⁰ὖ¹
3446 5684 3575 5737 :99-
