3788 6566
257 465 334 531 ϐῦὶ
863 482 866 484 ⁷
1609 451 2093 522 ΕΡῘΟΗᾹΡΙῙᾸΞ.

3334 460 3441 524 662

251 583 418 638 κόπτει
465 591 517 626 τε
571 570 661 625 καῖ
699 569 947 640 πρόεισιν
977 568 1230 639 ὲξάὖτῆς
1265 567 1445 624 πάντα
1471 569 1540 623 τὰ
1593 570 1755 637 αὐτῆς

1871 571 2185 626 naturaliter
2225 571 2448 627 habens.
2493 569 2610 627 Neu
2671 577 2816 627 enim
2866 569 3297 641 participatione,
3344 585 3440 628 aut

248 675 350 744 ἔχον
375 671 424 720 ἐν
448 663 610 729 ἑαυτῷ
641 663 907 731 φυσικῶς.
955 663 1031 716 Οὐ
1062 665 1172 732 γὰρ
1209 661 1352 716 κατὰ
1384 661 1622 731 μέθεξιν,
1650 663 1766 716 ἀλλ’

243 764 344 821 οὐδὲ
372 758 496 814 κατὰ
537 755 731 825 τρόπον
766 755 1034 825 σχετικὸν,
1072 754 1187 808 ἀλλ’
1230 757 1329 824 οὐχ
1374 755 1450 818 ὡς
1490 757 1676 828 ἕτερον
1709 757 1768 811 ὂν

244 852 357 922 παρ’
381 848 555 915 αὐτὴν,
587 847 818 914 ἐπείπερ
850 847 997 899 ἐστὶν
1029 847 1159 901 [διον
1202 848 1394 917 αὐτῆς.
1423 846 1630 918 Ὀνπερ
1657 849 1768 919 γὰρ

239 945 411 1016 τρόπον
465 942 494 1010 ἡ
564 940 627 992 ὲκ
694 939 806 992 τῶν
868 939 1252 1008 εὖοσμοτάτων
1303 941 1512 994 ἀνθέων
1569 941 1768 997 εὐωδία

237 1033 446 1089 λαϐοῦσα
486 1028 680 1100 τρόπον
707 1029 825 1084 τινὰ
855 1029 963 1083 τῶν
995 1031 1304 1101 προσόντων
1335 1033 1518 1096 αὐτοῖς
1554 1034 1655 1102 τὴν
1678 1035 1766 1088 οὐ⁸

239 1124 379 1193 σιώδη
406 1123 489 1174 καὶ
517 1120 748 1192 φυσικὴν
775 1123 1085 1190 ἐνέργειαν,
1116 1123 1235 1194 ἦτοι
1266 1125 1550 1195 ποιότητα.
1578 1126 1764 1180 διακο-

237 1213 360 1285 μίζει
387 1216 489 1276 τοῖς
514 1211 614 1274 ἔξω
659 1213 756 1280 τὴν
799 1215 1022 1281 γνῶσιν,
1073 1217 1188 1279 τοῖς
1238 1217 1626 1288 ὀσφραντικοῖς
1671 1217 1766 1272 τοῦ

234 1308 452 1372 σώματος
488 1303 696 1372 μορίοις
733 1305 1102 1371 ἐμπίπτουσα,
1129 1308 1226 1362 καὶ
1283 1308 1433 1362 δοκεῖ
1465 1309 1567 1378 μέν
1607 1327 1761 1373 πως,

229 1399 335 1450 ὅσον
355 1390 476 1468 ἧκεν
509 1395 586 1459 είς
617 1397 864 1459 ἐπινοίας
916 1397 1098 1466 λόγον,
1137 1401 1298 1471 ἑτέρα
1327 1418 1410 1463 τις
1441 1399 1579 1456 εἶναι
1617 1405 1766 1474 παρὰ

227 1489 313 1558 τὴν
338 1487 648 1553 πέμπουσαν
691 1487 862 1558 αὐτὴν
893 1489 1055 1557 φύσιν
1074 1529 1090 1552 ,
1121 1491 1384 1560 νοουμὲνη
1440 1509 1505 1561 γε
1544 1493 1649 1563 μὴν
1674 1493 1760 1546 οὕ-

226 1583 325 1633 κέτι
366 1579 479 1633 καθ’
507 1579 704 1652 ἑαυτὴν
748 1581 944 1650 ἑτέραν
991 1581 1102 1652 ἔχει
1141 1582 1326 1651 φύσιν,
1360 1583 1393 1653 ἢ
1441 1585 1550 1638 τῶν
1592 1585 1652 1650 ἐξ
1686 1579 1765 1639 ὧν

225 1673 305 1724 καὶ
334 1671 386 1724 ἐν
408 1666 484 1734 οἷς
513 1672 691 1726 ἐστιν’
715 1673 859 1729 οὕτω
883 1677 1096 1746 νοήσεις
1115 1677 1207 1730 ἐπί
1232 1693 1291 1730 τε
1322 1677 1456 1730 Θεοῦ
1487 1677 1578 1730 καὶ
1609 1678 1763 1744 ἁγίου

225 1763 529 1829 Πνεύματος,
551 1765 644 1817 τὸν
665 1765 759 1818 τοῦ
786 1767 1228 1837 παραδείγματος
1247 1769 1554 1822 ἀναϐαίνων
1584 1769 1761 1838 λόγον.

229 1855 641 1924 ’Δκατηγόρητον
697 1858 789 1910 οὖν
831 1858 941 1928 ἄρα
985 1860 1296 1924 παντελῶς,
1347 1863 1442 1915 καὶ
1495 1862 1763 1933 λοιδορὲας

218 1947 410 2010 ἁπάσης
440 1945 548 2011 ἔξω
600 1949 883 2011 κείσεται,
913 1951 974 2003 τὸ
1005 1949 1185 2005 λαϐεῖν
1228 1951 1483 2021 λέγεσθαί
1525 1972 1580 2008 τι
1613 1956 1764 2024 παρὰ

219 2035 298 2088 τοῦ
337 2034 662 2103 Μονογενοῦς
705 2040 766 2092 τὸ
803 2041 1024 2110 Πνεῦμα
1070 2043 1256 2098 αὗτοῦ.
1308 2044 1508 2115 Προῖδν
1553 2046 1662 2117 γάρ
1696 2047 1764 2100 δι’

215 2128 359 2181 αὐτοῦ
391 2117 649 2194 ’φυσικῶς
695 2133 772 2194 ὡς
829 2134 960 2187 ἴδιον
1015 2135 1182 2189 αὑτοῦ
1237 2137 1374 2204 μετὰ
1429 2132 1766 2193 πάντων-ὧν

215 2219 310 2287 ἔχει
338 2219 570 2284 τελείως,
608 2222 909 2291 λαμϐάνειν
939 2225 1159 2294 λέγεται
1191 2227 1260 2283 τὰ
1294 2228 1482 2285 αὑτοῦ.
1527 2248 1545 2282 ι

285 2311 337 2364 '0
363 2313 518 2377 αὐτὸς
548 2316 628 2378 είς
657 2317 751 2380 τὸ,⁸
799 2336 818 2370 ι
866 2319 1050 2374 Πάντα
1075 2321 1174 2374 ὅσα
1203 2320 1318 2393 ἔχει
1375 2324 1404 2377 ό
1439 2324 1628 2396 Πατὴρ
1657 2325 1765 2394 ἐμά

213 2403 346 2464 ἐστὶ,
375 2404 467 2457 καὶ
505 2405 597 2459 διὰ
651 2407 807 2462 τοῦτο
857 2406 1013 2465 εῐπον
1065 2411 1196 2482 ὑμῖν
1239 2413 1322 2466 ὅτι
1362 2416 1427 2468 ἐκ
1485 2413 1580 2468 τοῦ
1627 2417 1762 2485 ἐμοῦ

209 2493 474 2578 λαμϐάνει,
496 2499 596 2552 καὶ
613 2499 903 2570 ἀναγγελεῖ
930 2502 1080 2572 ὑμῖν,
1111 2523 1129 2555 ι
1159 2504 1324 2576 φησί.
1370 2523 1388 2557 ι
1425 2507 1763 2578 Χαρακτῆρα

199 2576 356 2640 ’πάλιν
404 2589 671 2660 εἰλικρινῆ
718 2609 778 2646 τε
850 2596 943 2647 καὶ
995 2576 1764 2669 ἀκριϐέστατοντῆςῖῦποστά-

211 2694 332 2742 σεως
359 2679 450 2732 τοῦ
492 2682 711 2751 Πατρδς
745 2683 940 2738 ἑαυτὸν
985 2685 1116 2755 ὑμῖν
1147 2687 1249 2740 κάν
1279 2689 1494 2752 τούτοις
1521 2684 1582 2744 εὖ
1618 2691 1764 2760 μάλα

209 2770 417 2841 δέδειχεν
437 2773 466 2825 ό
508 2775 660 2840 Υἱὸς,
692 2777 880 2832 διδωσί
913 2796 971 2832 τε
996 2779 1064 2832 δι’
1097 2777 1173 2835 ὧν
1215 2780 1321 2852 ἔφη
1348 2784 1490 2836 νοεῖν
1513 2783 1596 2836 ὅτι
1625 2800 1762 2855 καρ-

209 2862 296 2926 πὸς
327 2864 569 2935 ὑπάρχον
613 2869 714 2936 τῆς
759 2870 950 2934 οὐσίας
1000 2872 1197 2934 αὑτοῦ,
1233 2874 1413 2928 πάντα
1463 2875 1533 2929 τά
1590 2875 1762 2946 αὐτῆς

207 2954 332 3006 κατὰ
357 2955 513 3022 φύσιν
551 2958 843 3028 ἐπάγεται,
876 2962 986 3016 ίδιά
1027 2981 1090 3016 τε
1136 2961 1278 3018 εἷναί
1307 2983 1464 3037 φησι.
1495 2967 1592 3020 καὶ
1615 2967 1762 3036 μάλα

205 3044 431 3108 εἰκότως.
463 3050 864 3120 Διατέμνοντος
895 3054 1006 3126 γὰρ
1025 3094 1040 3119 ,
1071 3056 1192 3126 ἦτοι
1221 3057 1526 3120 διιστάντος
1545 3058 1760 3122 οὐδενος

204 3136 273 3195 ti;
297 3137 687 3211 ἀλλοτριότητα
715 3143 808 3196 τοῦ
838 3145 1053 3215 Πατρδς
1082 3149 1176 3202 τὸν
1208 3148 1338 3202 Υίὸν
1367 3150 1489 3203 ὅσον
1517 3145 1652 3222 ἧκεν
1681 3151 1762 3215 εἰς

1871 664 2207 726 babitmline,
2259 679 2358 719 nec
2387 663 2608 719 utalius
2629 664 2699 718 ab
2741 663 2872 728 illa,‘
2923 663 3017 718 sed
3051 663 3127 717 uti
3182 666 3438 733 proprius

1870 753 2037 808 illius.
2067 755 2534 822 Quemadmodum
2581 755 2726 810 enim
2772 755 2963 810 ﬂorum
3021 755 3438 811 odoratissimo-

1868 860 1988 900 rum
2021 847 2202 900 suavis
2224 845 2380 911 odor,
2416 847 2576 902 modo
2597 847 2831 917 quodam
2862 847 3164 910 essentiali,
3191 861 3255 901 ac
3277 858 3440 902 natu-

1869 936 1990 997 rali,
2025 952 2148 1006 qua:
2182 936 2287 993 illis
2312 937 2570 997 adhaeret.
2600 939 2990 1008 operationem.
3044 951 3140 994 aut
3176 940 3437 1008 qualitate

1866 1038 2111 1096 accepta,
2161 1029 2439 1087 extraneis
2483 1029 2642 1085 offert
2689 1031 3054 1101 cognitionem
3105 1031 3160 1088 in
3191 1032 3438 1102 corporis

1867 1118 2136 1181 membra,
2165 1133 2288 1189 quas
2316 1120 2540 1177 olfactui
2558 1121 2896 1186 deserviunt,
2925 1121 3194 1189 incidens,
3215 1130 3271 1180 et
3284 1121 3438 1178 video

1869 1217 1958 1264 tur
1986 1209 2226 1278 quidem,
2256 1219 2521 1281 quantum
2561 1212 2832 1268 humanus
2876 1212 3182 1270 intellectus
3241 1228 3436 1283 rapere

1867 1308 2066 1370 potest,
2094 1300 2233 1354 alius
2259 1317 2377 1356 esse
2407 1303 2476 1356 ab
2499 1319 2582 1363 ea.
2623 1318 2745 1372 qua:
2782 1304 2956 1373 ipsum
2991 1305 3189 1360 emittit
3235 1313 3435 1360 natura

1867 1391 2190 1458 introspecta
2230 1410 2244 1446 :
2280 1407 2410 1447 vero
2467 1395 2686 1456 mentis,
2739 1395 2856 1450 acie
2908 1396 3112 1450 nullam
3155 1396 3316 1451 aliam
3381 1397 3434 1448 in

1867 1482 2151 1550 semetipsa
2202 1491 2453 1537 naturam
2500 1485 2760 1548 continet,
2786 1499 2949 1554 quam
2995 1500 3184 1539 eorum
3219 1501 3282 1540 ex
3317 1487 3438 1555 qui-

1867 1572 1970 1626 bus
2000 1581 2082 1628 est
2110 1591 2123 1628 :
2153 1573 2265 1641 pari
2299 1573 2457 1628 modo
2484 1574 2551 1628 de
2578 1573 2689 1628 Deo
2719 1583 3020 1644 sanctoque
3048 1573 3250 1644 Spiritu
3273 1578 3437 1629 ratio-

1865 1665 2069 1726 cinare,
2103 1680 2267 1734 supra
2322 1667 2552 1736 exempli
2613 1667 2876 1722 rationem
2945 1679 3124 1723 tuente
3162 1662 3432 1724 sublatus.

1866 1754 2011 1810 Nihil
2047 1757 2212 1826 igitur
2263 1773 2486 1827 prorsus
2521 1759 2826 1813 detrahitur
2884 1759 3142 1829 Spiritus,
3183 1768 3237 1814 et
3269 1775 3436 1812 aeru-

1867 1849 2133 1904 sationem
2180 1865 2342 1919 supra
2388 1866 2602 1906 omnem
2635 1861 2736 1916 est,
2772 1851 2816 1905 si
2845 1850 3184 1920 concipiatur
3201 1849 3436 1919 Spiritus

1870 1941 2069 2012 aliquid
2107 1942 2176 1997 ab
2196 1941 2488 2012 Unigenito
2515 1944 2763 2013 accipere
2801 1962 2814 1998 :
2847 1959 2972 1997 nam
3003 1958 3126 1997 cum
3159 1957 3256 2012 per
3283 1941 3431 1994 illum

1867 2034 2186 2089 naturaliter
2216 2035 2613 2105 progrediatur,
2650 2051 2770 2090 cum
2798 2035 3074 2091 omnibus.
3123 2048 3245 2101 quae
3273 2032 3434 2086 abso-

1866 2123 1977 2180 lute
2008 2124 2191 2190 habet,
2219 2127 2457 2198 perfecte
2495 2128 2563 2182 ab
2586 2141 2651 2183 eo
2674 2142 2772 2183 sua
2794 2126 2992 2181 habere
3023 2124 3245 2180 dicitur.
3290 2142 3308 2174 ι

1935 2314 2079 2371 ldetn
2117 2316 2170 2370 in
2201 2315 2332 2371 illud
2365 2333 2378 2370 τ
2417 2334 2436 2368 ι
2483 2315 2675 2372 Omnia
2707 2329 3045 2387 qureounque
3089 2314 3252 2370 habet
3279 2315 3440 2370 Pater

1868 2421 1983 2462 mea
2012 2417 2139 2464 sunt
2171 2426 2187 2464 :
2223 2417 2507 2479 proliterca
2547 2408 2656 2462 dixi
2694 2408 2869 2472 vobis,
2922 2408 3051 2478 quia
3094 2407 3161 2462 de
3188 2421 3309 2461 meo
3342 2422 3439 2461 ac-

1869 2500 2030 2568 cipiet
2079 2509 2134 2555 ct
2191 2499 2536 2555 annuntiabit
2569 2498 3054 2568 vobis'°,tinquit:
3095 2517 3114 2550 ι
3148 2497 3438 2553 Characte-

1865 2608 1977 2646 rem
2007 2607 2203 2648 rursus
2237 2601 2485 2648 exactum
2518 2601 2682 2660 atque
2740 2593 3017 2648 sincerum
3079 2591 3438 2662 bypostaseos

1865 2697 2103 2756 paterna:
2157 2686 2242 2741 his
2273 2700 2333 2742 se
2361 2685 2542 2740 verbis
2576 2685 2748 2739 Filius
2785 2684 3024 2738 ostendit
3056 2701 3070 2737 :
3110 2684 3440 2753 intelligere-

1863 2792 1972 2845 que
1997 2776 2126 2832 facit
2152 2792 2248 2846 per
2266 2791 2388 2847 qua:
2418 2775 2577 2838 dixit,
2618 2789 2742 2829 eum
2775 2774 2848 2829 sit
2882 2773 3092 2829 fructus
3117 2773 3438 2828 substantiae

1862 2863 2064 2933 Patris,
2097 2867 2279 2922 omnia
2336 2883 2457 2938 quae
2495 2867 2615 2933 eius
2661 2875 2791 2922 sunt
2833 2866 3135 2922 secundum
3182 2874 3434 2919 naturam

1863 2959 2156 3024 attrahere,
2189 2961 2264 3016 ita
2287 2969 2347 3016 ut
2387 2961 2602 3030 proprie
2643 2973 2741 3014 sua
2788 2959 2980 3014 merito
3010 2961 3140 3018 sint,
3169 2966 3224 3012 et
3250 2957 3438 3029 appel-

1863 3051 2066 3108 lentur.
2097 3051 2235 3107 Cum
2266 3053 2413 3108 enim
2448 3053 2581 3108 nihil
2603 3067 2632 3107 a
2666 3053 2823 3108 Patre
2840 3051 3010 3107 Filius
3045 3051 3264 3120 penitus
3285 3048 3438 3103 diti».-

1863 3154 1968 3211 rat,
1997 3160 2175 3216 neque
2198 3144 2266 3199 ab
2291 3159 2354 3200 ea
2382 3152 2574 3198 natura
2627 3144 2681 3198 in
2736 3143 2898 3198 aliam
2956 3143 3296 3207 traducatur,
3355 3150 3438 3195 est

202 3226 253 3277 τδ
299 3231 437 3282 κατὰ
471 3233 586 3285 πᾶν
618 3233 798 3288 ὁτιοῦν
841 3236 1026 3302 ὅμοιόν
1059 3255 1119 3292 τε
1159 3239 1254 3294 καὶ
1283 3239 1397 3294 ἴσον
1430 3241 1552 3313 δίχα
1593 3242 1755 3312 μόνου
1784 3234 1826 3292 C
1858 3235 1934 3290 illi
1970 3251 2064 3305 Per
2093 3235 2274 3290 οιηηίίδ
2301 3234 2496 3289 είῐηιιίε
2556 3244 2611 3290 ει
2659 3233 2908 3304 ωηυειιίε,
2966 3232 3173 3302 εῢειιιιθ
3210 3246 3276 3313 99
3323 3231 3439 3286 ⁸0Ῑο

202 3318 284 3372 τοῦ
335 3317 470 3375 εἶναι
517 3325 767 3397 Πατέρα,
798 3327 1215 3400 διαλαμπούσης
1259 3349 1317 3386 τε
1345 3334 1444 3404 τῆς
1487 3335 1677 3400 οὐσίας
1697 3337 1755 3390 ὲν

197 3412 383 3479 ἀμφοῖν
407 3416 505 3488 οὐχ
535 3418 925 3488 ἑτεροτρόπως,
945 3422 1062 3487 πῶς
1087 3425 1186 3478 οὐκ
1215 3423 1283 3478 ἂν
1304 3420 1415 3480 εἷεν
1441 3427 1540 3499 ἤδη
1577 3431 1753 3497 κοινά,

201 3505 383 3572 μᾶλλον
413 3507 470 3561 δὲ
510 3513 685 3564 ταυτα
717 3513 775 3566 ἐν
804 3515 1026 3584 ἀμφοῖν,
1057 3515 1134 3580 ὡς
1163 3511 1302 3572 εἶναι
1328 3517 1426 3588 μὲν
1455 3521 1512 3573 ὲν
1541 3521 1656 3592 Υίῷ
1685 3523 1754 3576 τὰ

197 3595 282 3648 τοῦ
321 3599 564 3672 Πατρδς,
591 3603 653 3656 ὲν
679 3603 735 3658 δὲ
762 3606 840 3676 τῷ
867 3606 1081 3660 τεκόντι
1124 3607 1193 3662 τά
1243 3609 1336 3663 τοῦ
1379 3614 1751 3683 γεννήματοςς

199 3690 284 3742 Διά
300 3693 405 3762 γὰρ
423 3693 612 3757 τοῦτο,
641 3696 892 3770 καθάπερ
915 3699 1154 3771 ἐγῷμαι,
1175 3703 1312 3770 μετὰ
1340 3703 1590 3775 δριμείας
1609 3706 1754 3770 τινος

193 3781 282 3844 τῆς
313 3783 718 3856 ἐπιτηρήσεως,
748 3791 872 3852 τοὺς
897 3792 1024 3860 περὶ
1049 3792 1254 3847 τούτων
1280 3797 1413 3863 ἡμῖν
1463 3799 1754 3870 ιποιήσατο

193 3869 551 3947 λόγους,Ἐφη
587 3878 716 3950 γὰρ,
753 3882 848 3950 οὐχ
886 3884 968 3936 ὅτι
1004 3884 1180 3938 πάντα
1213 3886 1314 3940 ὅσα
1341 3886 1457 3958 ἔχει
1483 3890 1510 3940 ὁ
1539 3869 1750 3960 Πατὴρ.

192 3965 289 4034 ἔχω
312 3968 464 4036 κάγὼ
511 3984 526 3998 ·
567 3969 656 4024 ίνα
707 3971 782 4043 μὴ
815 3971 944 4045 ψιλή
989 3989 1076 4039 τις
1125 3973 1518 4048 εῐκὼνήκατὰ
1585 3980 1752 4053 μόνην

191 4059 441 4128 νοουμένη
469 4061 574 4131 τὴν
600 4063 906 4128 ίσοτυπίαν,
942 4068 1037 4120 καὶ
1065 4068 1180 4130 τοῖς
1213 4067 1412 4134 ἔξωθεν
1446 4070 1748 4142 ὡραῖσμοῖς

193 4154 593 4224 μεμορφωμένη
657 4155 845 4226 νοῆται
881 4158 1018 4230 πρὸς
1039 4159 1101 4212 τὸ
1133 4161 1464 4229 ἀρχέτυπον,
1496 4163 1750 4234 καθάπερ

189 4237 273 4294 οὖν
320 4247 412 4298 xal
464 4248 633 4316 ἡμεῖς
677 4249 856 4312 αὐτοὶ,
918 4252 1220 4322 γενόναμεν
1268 4254 1379 4324 γὰρ
1410 4256 1536 4308 κατ’
1566 4255 1752 4310 εἰκόνα

191 4331 313 4386 Θεοῦ
340 4353 351 4365 ·
384 4337 505 4390 ἀλλ’
547 4338 680 4408 ἐμὰ,
713 4341 898 4412 φησὶν,
927 4343 1067 4407 ἐστὶ,
1101 4344 1204 4412 τὴν
1230 4346 1308 4408 είς
1336 4344 1508 4414 ἄκρον
1553 4346 1748 4400 ἕνωσιν

188 4425 246 4495 ἦν
274 4428 384 4499 ἔχει
404 4431 542 4500 πρὸς
567 4432 658 4486 τον
696 4434 1058 4504 γεννήσαντα,
1091 4437 1187 4488 καὶ
1213 4435 1312 4506 τὴν
1333 4436 1431 4506 τῆς
1457 4439 1746 4507 ὀμοουσιόι-

190 4531 336 4587 τητος
374 4521 628 4593 δύναμιν,
657 4526 716 4577 ἐν
764 4526 1209 4596 άπαραλλάκτοις
1247 4523 1413 4584 οὖσαν
1465 4533 1576 4590 τοῖς
1609 4531 1749 4584 ίδιώο

191 4624 363 4675 μασιν,
420 4614 482 4665 ὲν
508 4589 711 4686 ἀμφοῖν
731 4615 818 4671 διὰ
849 4589 1042 4672 τούτου
1075 4619 1464 4688 παραδεικνός.
1511 4589 1683 4677 Τοῦτο
1703 4623 1748 4677 δ’
1781 4589 1846 4643 D‘

189 4697 248 4752 ἓν
273 4702 396 4767 ἴδοις
428 4706 523 4760 καὶ
561 4707 710 4777 μάλα
744 4709 932 4777 σαφῶς
961 4711 1022 4764 ἐν
1045 4711 1256 4781 ἑτέροις
1315 4713 1554 4781 λεγοντα.
1603 4715 1741 4782 πρὸς

88 4817 93 4821 -
119 4836 122 4838 ν
185 4794 267 4845 τὸν
297 4797 535 4861 Πατέρα·
573 4819 592 4852 ι
629 4801 816 4855 Πάντα
838 4804 944 4874 γάρ
977 4805 1045 4857 τά
1071 4804 1178 4874 ἐμὰ
1213 4805 1280 4858 σά
1310 4807 1424 4858 ἐστι
1457 4808 1553 4860 καὶ
1576 4807 1643 4862 τὰ
1670 4807 1740 4862 σὰ

186 4881 304 4951 ἐμά.
330 4881 426 4950 Οἷς
459 4891 566 4959 γὰρ
589 4889 727 4953 ὅλως
753 4890 931 4944 ἔνεστι
953 4891 1015 4944 τὸ
1034 4891 1354 4946 διαλλάττον
1385 4894 1556 4958 οὐδὲν,
1581 4896 1674 4948 καὶ
1708 4897 1741 4965 ἡ

185 4978 315 5028 κατὰ
344 4981 455 5032 πᾶν
490 4978 672 5034 ὁτιοῦν
699 4981 964 5053 οὐσιὼδης
1000 4984 1182 5051 ἰσότης
1212 5001 1270 5037 τε
1302 4984 1399 5038 καὶ
1448 4986 1744 5061 ἐμφέρεια.

185 5064 294 5128 πῶς
346 5067 446 5122 οὐκ
486 5071 554 5124 ἂν
593 5067 707 5124 εἷεν
730 5074 902 5127 ταυτα
936 5075 1003 5144 τῇ
1045 5074 1246 5141 φύσεις
1287 5076 1662 5146 Ἐχειῆτοίνυν
1713 5079 1743 5132 ό

181 5153 302 5218 Θεὸς
327 5159 423 5212 καὶ
453 5161 642 5234 Πατὴρ
672 5162 732 5230 ἐξ
761 5163 956 5220 ἑαυτοῦ
986 5183 1044 5219 τε
1080 5167 1175 5220 καὶ
1211 5169 1268 5220 ὲν
1298 5168 1478 5238 ἐαυτῷ
1499 5169 1559 5226 τὸ
1600 5169 1734 5229 [διον

183 5246 421 5319 Πνεῦμα,
439 5256 688 5309 τουτέστι
709 5256 772 5308 τὸ
797 5257 974 5326 ᾰγιον,
1000 5258 1082 5312 δι’
1117 5253 1179 5314 οὗ
1211 5262 1325 5324 τοῖς
1357 5261 1536 5330 ἁγίοις
1575 5264 1741 5316 ἐναυ-

182 5335 378 5400 λίζεται
402 5360 459 5396 τε
480 5344 575 5398 καὶ
599 5347 972 5402 ἀποκαλύπτει
995 5351 1276 5420 μυστήρια
1296 5389 1311 5416 ,
1348 5353 1451 5406 οὐκ
1473 5406 1476 5410 ,
1514 5354 1573 5406 ὲν
1590 5354 1745 5419 τάξει

182 5432 243 5499 τῇ
265 5433 565 5509 ὑπουργικῇ
593 5439 1029 5510 παραλαμϐανορ
1041 5440 1162 5494 ἐνου
1177 5442 1313 5510 πρὸς
1327 5443 1509 5508 τοῦτο,
1529 5444 1605 5514 μὴ
1633 5445 1739 5516 γὰρ

184 5521 365 5594 οἰηθῇς
388 5543 440 5578 τι
467 5528 729 5591 τοιοῦτον.
757 5530 874 5588 ἀλλ’
905 5533 964 5584 ἐν
993 5533 1142 5602 αὑτῴ
1169 5549 1230 5585 τε
1252 5533 1402 5590 ὄντος
1433 5535 1735 5600 οὑσιωδὼς,

182 5614 267 5664 καί
283 5616 340 5680 ἐξ
354 5619 514 5672 αὐτοῦ
532 5625 812 5692 προῖᾷντος
829 5623 1140 5693 ἀμερίστως
1157 5642 1214 5677 τε
1232 5627 1327 5682 καὶ
1340 5625 1733 5694 ἀδιαστάστως,

180 5702 245 5766 ὡς
268 5705 373 5760 tu
403 5727 456 5763 τε
475 5711 922 5785 διερμηνεύοντος
941 5715 1007 5768 τὰ
1030 5709 1148 5784 ἐνῷ
1177 5722 1266 5768 καὶ
1289 5717 1346 5779 ἐξ
1369 5711 1538 5788 οὒήερ
1569 5719 1734 5774 ἐστιν.

257 5871 295 5899 ³⁸⁵
322 5869 472 5931 1mm.
508 5895 616 5940 xvt,
657 5880 735 5934 15.
819 5880 857 5910 ³¹
891 5879 1044 5934 Juau.
1080 5898 1212 5948 xm,
1259 5885 1336 5938 Ill.

1866 3327 2012 3397 quod
2049 3325 2208 3384 Pater
2233 3327 2324 3383 sit.
2353 3327 2600 3397 Cumque
2625 3325 2678 3381 in
2707 3335 2943 3396 utroque
2969 3326 3156 3380 eadem
3181 3310 3438 3380 substan-

1865 3421 1936 3475 tia
1970 3421 2160 3475 eodem
2220 3421 2383 3476 modo
2405 3419 2743 3491 praafulgcat,
2796 3419 3070 3488 quomodo
3110 3433 3218 3472 non
3277 3425 3441 3471 erunt

1863 3511 2326 3578 communia,imo
2363 3526 2492 3565 vero
2519 3510 2706 3566 eadem
2752 3524 2874 3580 qum
2913 3509 2967 3564 in
3001 3517 3232 3578 utroque
3266 3518 3438 3566 sunt;

1865 3610 1923 3654 ut
1948 3614 2286 3671 quaecunque
2326 3600 2380 3654 in
2413 3598 2570 3655 Patre
2603 3607 2752 3663 sunt,
2801 3597 2989 3654 eadem
3023 3598 3186 3654 etiam
3219 3598 3271 3651 in
3301 3596 3440 3659 Filio

1863 3695 2012 3749 sint?
2048 3693 2112 3750 Et
2139 3708 2475 3764 quascunque
2501 3693 2555 3748 in
2581 3691 2719 3748 Filio
2753 3691 2940 3747 eadem
2989 3691 3240 3749 similiter
3267 3691 3323 3745 in
3352 3707 3444 3759 ge-

1865 3799 2110 3846 nerante.
2154 3788 2300 3852 Ideo,
2330 3798 2392 3844 ut
2427 3804 2527 3857 ego
2559 3798 2708 3859 puto,
2735 3787 3163 3858 exquisitissima
3199 3798 3281 3842 est
3308 3802 3448 3844 usus

1861 3884 2130 3950 oratione,
2177 3884 2245 3938 de
2285 3883 2370 3938 bis
2395 3897 2703 3938 sermonem
2728 3880 2965 3948 habens;
2997 3895 3234 3950 namque
3280 3880 3437 3940 dixit,
3485 3869 3496 3873 ’

1860 3973 1981 4028 Νοη
2014 3987 2352 4042 quacunque
2382 3971 2541 4026 habet
2579 3969 2736 4025 Pater
2761 3985 2860 4039 ego
2896 3969 3069 4024 habeo
3108 3987 3121 4023 :
3163 3986 3229 4022 ne
3257 3969 3438 4046 imago

1860 4067 2106 4136 quaedam
2143 4066 2286 4120 nuda
2315 4074 2479 4136 atque
2519 4063 3032 4134 abjectaintellectu
3086 4061 3340 4121 formata.
3383 4069 3437 4112 et

1860 4156 2224 4212 exterioribus
2248 4157 2583 4212 ornamentis
2612 4155 2862 4220 figurata,
2895 4153 2960 4206 ad
2999 4152 3328 4222 primitivum
3355 4162 3438 4226 ty,-

1862 4264 1988 4319 pum
2019 4247 2416 4318 Econcipiatur,
2455 4247 2908 4316 quemadmodum
2948 4260 3046 4298 nos
3086 4244 3210 4313 ipsi,
3244 4244 3334 4313 qui
3368 4247 3432 4296 ad

1861 4340 2148 4410 imaginem
2199 4339 2290 4393 Dei
2324 4338 2544 4392 formati
2586 4351 2799 4401 sumus,
2838 4351 2963 4392 esse
3010 4335 3277 4389 videatur.
3331 4334 3434 4387 Sed

1861 4447 1976 4486 mea
2005 4439 2154 4497 sunt,
2186 4431 2296 4496 ait,
2331 4430 2664 4485 identitatem
2713 4428 3034 4485 substantia»
3088 4427 3436 4482 absolutissi-

1860 4538 2026 4584 mam,
2059 4537 2224 4596 quam
2254 4519 2412 4576 habet
2433 4537 2558 4590 erga
2589 4520 2828 4584 Patrem,
2853 4528 2904 4574 et
2953 4519 3436 4573 consubstantialis

1855 4613 2134 4681 virtutem,
2155 4611 2207 4666 in
2231 4611 2652 4682 pmprietatibus
2675 4609 3218 4671 incommutabilibus
3251 4619 3436 4663 osten-

1857 4707 2012 4770 dens,
2041 4705 2184 4776 quod
2204 4706 2333 4760 alibi
2363 4704 2523 4760 etiam
2543 4707 2610 4760 ad
2636 4703 2851 4760 Patrem
2867 4719 3173 4760 sermonem
3193 4703 3435 4772 dirigens

1855 4800 1962 4860 ait;
1999 4797 2395 4852 «Omnia-mea
2427 4808 2516 4852 tua
2551 4806 2697 4863 sunt,
2723 4806 2776 4852 et
2796 4805 2888 4852 tua
2921 4796 3146 4855 mea".
3177 4815 3195 4846 ι
3229 4795 3284 4850 In
3316 4798 3435 4863 qui-

1857 4889 1960 4944 bus
1995 4890 2138 4943 euim
2177 4890 2321 4946 nulla
2357 4889 2664 4945 dilfereutia
2686 4898 2790 4956 est,
2819 4890 2913 4945 sed
2938 4891 3256 4949 substantia:
3280 4890 3434 4943 iden-

1859 4981 1987 5034 titas
2024 4981 2283 5044 maxima,
2324 4990 2377 5036 et
2431 4981 2716 5050 aequalitas
2747 4984 3022 5052 quomodo
3080 4983 3188 5038 illis
3244 4981 3434 5035 eadem

1854 5073 2038 5126 omnia
2070 5081 2262 5127 natura
2297 5088 2406 5128 non
2424 5075 2618 5128 erunt?
2657 5074 2826 5132 liabet
2852 5075 2995 5129 enim
3023 5074 3163 5130 Deus
3197 5084 3249 5128 et
3274 5075 3436 5127 Pater

1854 5181 1920 5218 ex
1977 5181 2098 5221 sese
2148 5176 2202 5220 et
2254 5167 2308 5220 in
2342 5181 2466 5222 sese
2506 5167 2767 5237 Spiritum
2809 5169 3110 5239 preprium.
3169 5168 3429 5237 Spiritum

1857 5273 2048 5328 nempe
2074 5267 2348 5326 sanctam,
2396 5274 2492 5330 per
2518 5275 2680 5331 quem
2709 5260 2763 5316 in
2809 5261 3016 5316 sanctis
3067 5259 3351 5322 inhabitat,
3382 5271 3437 5312 et

1858 5353 2114 5423 mysteria
2141 5352 2365 5417 revelat,
2435 5367 2542 5408 non
2575 5367 2639 5408 eo
2671 5361 2928 5422 tanquam
2963 5351 3212 5406 ministro
3277 5352 3344 5404 arl
3378 5350 3432 5404 id

1856 5453 2039 5506 utens,
2071 5444 2208 5498 nihil
2233 5445 2380 5500 enim
2412 5444 2518 5500 tale
2547 5445 2885 5514 conceperis,
2937 5444 3030 5498 sed
3067 5452 3124 5497 ut
3156 5457 3252 5512 per
3303 5457 3429 5496 eum

1848 5537 1940 5606 qui
1971 5535 2022 5589 in
2051 5535 2168 5604 ipso
2198 5543 2302 5600 est,
2325 5536 2775 5599 substant’aliter,
2797 5545 2852 5590 et
2878 5552 2940 5589 ex
2969 5550 3035 5588 eo
3063 5533 3436 5603 inseparabili.

1849 5642 1931 5684 ter
1953 5639 2005 5683 et
2034 5629 2438 5684 iudivisihilitcr
2467 5639 2702 5694 emanat,
2727 5637 2784 5682 et
2817 5629 2890 5681 uti
2920 5629 3134 5696 propria
3159 5627 3426 5696 interpre-

1848 5731 1990 5776 tatur
2041 5736 2123 5789 ca,
2163 5737 2282 5792 quae
2311 5731 2437 5778 sunt
2463 5720 2578 5791 ejus
2617 5719 2671 5774 in
2701 5734 2810 5790 quo
2841 5729 2920 5774 cst
2959 5737 2972 5775 :
3008 5736 3110 5774 non
3156 5721 3299 5775 enim
3331 5720 3431 5774 ali~
