3882 6584
99 434 192 495 669

98 553 204 622 γεῖν
231 551 380 620 ὑμῖν,
432 555 550 610 ἀλλ’
605 558 668 612 οὐ
691 559 925 616 δύνασθε
958 563 1251 634 βαστάζειν
1280 568 1408 638 ἄρτι
1447 587 1460 602 ο

97 643 148 696 δὲ
177 641 298 712 ἔλθῃ
348 644 582 712 ἐκεῖνος,
615 650 678 702 τὸ
715 652 936 722 Πνεῦμα
957 653 1058 720 τῆς
1091 655 1370 727 ἀληθείας,
1398 659 1659 728 ὁδηγήσει

98 737 228 806 ὑμᾶς
256 737 338 800 είς
369 740 560 793 πᾶσαν
589 742 870 814 ἀλήθειαν.
902 747 978 799 Οὐ
1007 746 1116 816 γὰρ
1146 747 1370 819 λαλήσει
1404 752 1499 816 ἀφ’
1530 752 1660 804 ἐαυ-

96 825 178 878 τοῦ
205 827 331 880 ἀλλ’
359 829 465 882 ὅσα
494 831 744 897 ἀκούσει,
811 853 906 888 και
962 837 1027 890 τὰ
1059 839 1330 909 ἐρχόμενα
1372 842 1662 907 ἀναγγελεῖ

96 919 232 988 ὑμῖν,
277 913 431 990 Ἀρά
482 941 565 977 σοι
626 926 796 996 σαφὲς
833 928 892 982 τὸ
953 931 1251 1001 παροισθέν
1311 934 1430 987 ἐστι
1458 933 1656 1000 λόγιον,

94 1015 179 1065 καὶ
206 1015 610 1086 προσδεδορκας
633 1019 716 1072 ὅτι
745 1019 969 1090 Πνεῦμα
1011 1023 1110 1091 μὲν
1130 1024 1387 1093 ἀληθείας
1409 1025 1658 1094 ὠνόμασε

92 1103 172 1154 τον
195 1103 590 1172 Παρακλητον;
621 1105 765 1176 Ἔφη
818 1127 880 1177 γε
911 1110 1017 1178 μὴν
1041 1110 1120 1174 ὡς
1167 1113 1415 1181 πρόεισιν
1455 1113 1516 1164 ἐκ
1547 1114 1657 1164 Πα-

92 1187 228 1256 τρδς,
289 1189 398 1242 ἴδια
439 1193 615 1246 πάντα
645 1193 861 1259 δεικνὺς
911 1195 1106 1250 ἑαυτοῦ
1142 1199 1210 1252 τὸ.
1231 1201 1324 1252 τοῦ
1359 1202 1590 1270 Πατρός.
1631 1221 1651 1254 ι

143 1277 199 1332 Ὀ
228 1281 392 1344 αὐτὸς
427 1285 485 1336 έν
516 1284 593 1353 τῷ
624 1283 676 1350 ς’
713 1287 822 1340 τῶν
855 1289 993 1359 πρὸς
1032 1290 1295 1361 Ἑρμείαν
1317 1309 1331 1324 υ
1372 1312 1388 1342 ι
1422 1293 1545 1347 ’Ότι
1599 1293 1654 1346 δὲ

92 1371 144 1422 rb
170 1371 257 1424 τοῦ
286 1374 502 1442 Πατρὸς
551 1377 778 1449 Πνεῦμα
830 1381 1051 1451 Πνεῦμα
1099 1383 1214 1436 ἐστι
1249 1384 1344 1437 τοῦ
1376 1383 1530 1445 Υίοῦ,
1560 1385 1657 1436 αὐ-

94 1463 173 1523 τὸς
212 1480 270 1515 σε
319 1465 392 1516 δι’
442 1467 645 1522 ἑαυτοῦ
704 1474 1130 1542 μυσταγωγήσει
1186 1474 1359 1542 λέγων
1421 1492 1433 1508 ’
1484 1475 1654 1529 Ὅταν

92 1552 204 1622 ἔλθῃ
251 1556 278 1606 ὁ
316 1556 697 1627 Παράκλητος,
720 1561 780 1614 ὃν
809 1562 920 1631 ἐγὼ
969 1565 1172 1634 πέμψω
1205 1565 1332 1635 ὑμῖν
1358 1566 1511 1636 παρὰ
1559 1567 1653 1619 τοῦ

92 1644 289 1715 Πατρδς
333 1648 396 1699 τὸ
427 1650 656 1721 Πνεῦμα
687 1655 785 1723 τῆς
817 1655 1094 1726 ἀληθείας,
1147 1659 1175 1712 ὃ
1219 1659 1370 1731 παρὰ
1413 1659 1506 1713 τοῦ
1541 1661 1655 1713 Παο

92 1736 206 1804 cpe;
280 1740 686 1810 ἐκπορεύεται,
766 1749 994 1812 ἐκεῖνος,
1048 1750 1234 1820 φησὶν,
1306 1755 1652 1823 μαρτυρήσει

92 1830 206 1896 περὶ
234 1831 394 1895 ἐμοῦ.
425 1835 624 1906 Συνίης
661 1837 757 1890 οῦν
778 1841 924 1904 ὅπως
956 1841 1030 1905 ὡς
1056 1843 1190 1896 ἴδιον
1247 1844 1646 1912 ἐπαγγέλλεται

90 1919 478 1988 καταπέμψειν
505 1926 638 1992 ἡμῖν
667 1928 728 1979 τὸ
783 1929 847 1980 ἐκ
880 1927 975 1982 τοῦ
1026 1931 1264 2003 Πατρὸς,
1294 1934 1387 1986 καὶ
1424 1935 1648 2006 Πνεῦμα

93 2007 180 2074 μὲν
207 2009 472 2076 ἀληθείας
499 2016 786 2082 ἀποκαλεῖ,
817 2020 1138 2090 προχεῖσθαί
1168 2040 1231 2090 γε
1264 2024 1370 2094 μὴν
1397 2023 1458 2089 ἐξ
1483 2025 1651 2079 αὐτοῦ

91 2097 367 2206 αωρῐσατο
382 2103 486 2205 τοῦ
511 2106 756 2176 Πατρδς,
793 2110 889 2162 καὶ
927 2111 1034 2182 μὴν
1065 2113 1148 2168 ὅτι
1185 2115 1278 2167 καὶ
1308 2119 1651 2187 μαρτυρήσει

91 2192 207 2260 περὶ
237 2192 410 2247 αὐτοῦ
441 2201 908 2272 προμεμήνυκεν;

168 2385 224 2438 '0
253 2388 421 2451 αὐτὸς
448 2391 508 2443 ἐν
539 2390 613 2462 τῷ
639 2394 774 2464 πρὸς
827 2398 1098 2466 μοναστὰς
1128 2399 1271 2472 λόγῳ
1304 2402 1489 2468 αὐτοῦ,
1521 2398 1582 2458 οὐ
1617 2407 1650 2474 ἡ

94 2474 244 2545 ἀρχὴ,
312 2496 330 2530 ι
369 2479 444 2532 Τὸ
473 2483 773 2554 φιλομαθὲς
800 2488 895 2540 καὶ
926 2475 1211 2556 φιλόπονον
1252 2492 1350 2562 τῆς
1379 2495 1652 2562 ὑμετέρας

94 2568 296 2634 ἀγάπης
321 2571 475 2637 ἄξιον
507 2571 651 2629 εῐναί
688 2595 832 2648 φημι
874 2579 969 2633 τοῦ
997 2583 1196 2646 παντὸς
1230 2583 1410 2652 λόγου,
1449 2604 1467 2637 ι
1518 2587 1653 2656 μετὰ

96 2659 252 2714 πολλὰ
287 2662 458 2734 ἓτερά
484 2683 650 2735 φησιν
674 2681 690 2697 °
727 2687 746 2719 ι
798 2670 871 2722 Τὸ
925 2672 1150 2743 Πνεῦμα
1185 2678 1469 2745 προχεῖται
1525 2679 1646 2747 μὲν,

96 2750 248 2821 ἤγουν
275 2756 904 2833 ἐκπορεύεταικαθάπερ
929 2762 1037 2816 ἀπὸ
1068 2766 1249 2835 πηγῆς
1268 2766 1361 2818 τοῦ
1393 2767 1529 2820 Θεοῦ
1551 2769 1643 2821 καὶ

100 2843 317 2915 Πατρδς,
359 2853 682 2918 χορηγείται
705 2852 761 2904 δέ
787 2857 854 2926 τῇ
883 2855 1064 2909 κτίσει
1098 2856 1188 2910 διὰ
1214 2857 1309 2912 τοῦ
1336 2860 1490 2914 Υίοῦ.
1538 2881 1556 2913 ι

173 2935 228 2990 ’0
261 2939 434 3008 μέγας
479 2941 820 3012 Ἀθανάσιος,
847 2948 906 3002 ἐν
937 2942 1222 3020 ᾖποιείται
1255 2952 1488 3019 διαλέξει
1530 2956 1654 3026 Ὀρ-

101 3024 295 3094 θοδύξου
327 3036 422 3085 καὶ
449 3036 883 3105 Μακεδονιανοῦ,
910 3041 1043 3112 φησί
1087 3059 1102 3075 ο
1146 3060 1166 3095 t
1201 3045 1294 3107 Μὴ
1323 3047 1534 3114 γένοιτό
1562 3024 1652 3118 μοι

102 3119 262 3172 εἰπεῖν
290 3123 584 3194 ἐπίκτητόν
612 3145 662 3180 τι
693 3128 785 3181 ἐπὶ
802 3130 894 3182 τοῦ
926 3131 1265 3203 Πνεύματος.
1293 3133 1432 3190 Οῦτε
1456 3138 1564 3208 γὰρ
1588 3141 1650 3192 τὸ

1501 451 1986 515 ΕΡΙΕΒΑΡΗιΕ.

1521 572 1649 625 ὃταν
1683 577 1724 631 Λ
1755 576 1847 629 sed
1905 589 2010 627 non
2059 572 2288 643 potestis
2334 581 2555 642 portare
2611 571 2774 627 modo
2824 571 3092 643 :quando
3147 583 3327 627 autem

3224 459 3328 524 670

1765 667 1942 721 veniet
1967 667 2056 720 ille
2086 667 2323 736 Spiritus
2348 665 2617 732 veritatis,
2644 667 2864 720 inducet
2898 680 2994 720 vos
3032 666 3084 719 in
3108 679 3326 720 omnem

1761 760 2068 813 veritatem.
2127 756 2245 811 Non
2295 760 2439 812 enim
2495 759 2752 826 loquetur
2798 771 2827 810 a
2887 757 3227 825 semetipso,
3275 765 3327 809 et

1761 861 1985 902 ventura
2022 850 2363 904 annuutiabit
2388 849 2542 904 vobis
2569 847 2635 904 ³⁸.
2692 847 2830 902 Νυιιι
2889 848 2986 904 tibi
3035 858 3178 918 patet
3231 849 3327 903 ad-

1761 943 1982 994 ductum
2047 941 2347 1009 eloquium,
2400 949 2455 996 ct
2510 941 2793 1010 aspexisti,
2853 939 3000 1010 quod
3057 940 3318 1008 Spiritum

1759 1033 1980 1101 quidem
2047 1034 2295 1088 veritatis
2360 1033 2662 1088 nominavit
2733 1028 3117 1084 Paracletum?
3179 1028 3327 1082 Dixit

1757 1127 1918 1175 etiam
1945 1138 2066 1176 eum
2098 1123 2392 1194 procedere
2429 1138 2497 1176 ex
2525 1122 2707 1187 Patre,
2739 1121 2955 1191 propria
2997 1135 3095 1176 sua
3141 1119 3324 1176 omnia

1759 1219 2078 1278 ostendens,
2113 1230 2236 1284 qua:
2262 1215 2444 1269 l’atris
2477 1224 2626 1270 sunt.
2664 1233 2683 1266 ι

1830 1303 1974 1358 Idem
2018 1304 2163 1359 libro
2214 1320 2267 1358 νι
2300 1306 2364 1360 ad
2403 1305 2703 1372 Hermiam,
2737 1304 2914 1375 inquit
2945 1321 2960 1356 :
3003 1322 3021 1356 ι
3059 1302 3322 1372 Spiritum

1756 1406 1936 1451 autem
1997 1396 2177 1452 Patris
2240 1397 2504 1466 Spiritum
2559 1412 2774 1467 quoque
2830 1396 2950 1450 Filii
3013 1410 3156 1460 esse,
3211 1395 3326 1463 ipse

1757 1500 1810 1544 te
1867 1507 1961 1561 per
2012 1492 2361 1562 semetipsum
2414 1490 2668 1547 docebit:
2725 1490 2861 1545 Cum
2915 1489 3100 1557 itaque
3166 1502 3326 1541 vene-

1755 1585 1828 1638 rit
1881 1583 2193 1639 Paracletus
2261 1599 2422 1655 quem
2495 1598 2596 1654 ego
2655 1583 2865 1637 mittam
2928 1581 3082 1635 vobis
3141 1595 3171 1634 a
3225 1577 3326 1632 Pa-

1758 1686 1884 1759 tre,‘
1929 1675 2195 1746 Spiritum
2261 1676 2544 1739 veritatis,
2604 1675 2695 1746 qui
2750 1689 2778 1727 a
2833 1675 2998 1728 Patre
3041 1669 3327 1740 procedit,

1756 1768 1864 1832 ille,
1923 1769 2019 1830 ait,
2083 1768 2458 1822 testimonium
2507 1766 2814 1836 perliibebit
2859 1765 2926 1820 de
2983 1779 3090 1818 me.
3155 1761 3329 1816 Audis

1756 1858 1936 1928 itaque
1978 1874 2215 1928 quanam
2262 1858 2475 1912 ratione
2525 1857 2602 1911 uti
2644 1856 2926 1926 proprium
2972 1854 3185 1909 mittere
3225 1867 3328 1904 no-

1753 1948 1883 2011 bis,
1940 1948 2031 2016 qui
2078 1964 2142 2002 ex
2190 1949 2347 2002 Patre
2401 1956 2524 2011 est,
2581 1946 2844 2014 Spiritum
2895 1941 3199 2014 promittit?
3262 1939 3329 1993 Et

1756 2038 2020 2108 Spiritum
2055 2037 2272 2105 quidem
2325 2035 2572 2091 veritatis
2624 2035 2891 2095 nominat,
2946 2031 3152 2086 effundi
3197 2044 3328 2081 vero

1750 2145 1877 2186 eum
1925 2146 1988 2182 ex
2031 2129 2152 2196 ipso
2199 2129 2354 2182 Patre
2401 2128 2751 2187 determinat,
2799 2133 2851 2178 et
2904 2131 3160 2192 praeterea
3202 2133 3324 2172 eum

1754 2225 1822 2280 de
1869 2223 2160 2292 semetipso
2207 2220 2584 2276 testimonium
2626 2216 3027 2287 perhibiturum
3064 2225 3324 2282 prtenuu-

1756 2318 1928 2371 tiavit.
1974 2335 1992 2367 ι

1824 2408 1968 2462 Idem
2001 2407 2248 2462 oratione
2277 2406 2342 2460 ad
2382 2405 2700 2466 monachos,
2734 2416 2854 2470 qua:
2885 2398 3118 2468 incipit:
3157 2415 3175 2448 ι
3215 2394 3320 2449 Ve-

1754 2509 1882 2556 stra}
1913 2499 2223 2553 dilectionis
2249 2495 2495 2552 discendi
2531 2493 2824 2563 cupiditas,
2865 2499 2920 2546 et
2971 2489 3175 2543 laboris
3210 2495 3326 2540 stu-

1753 2591 1901 2643 dium
1942 2589 2166 2659 dignum
2209 2604 2332 2643 esse
2371 2587 2517 2640 omni
2555 2584 2995 2640 consideratione
3039 2587 3259 2647 reputo,
3301 2593 3319 2626 ι

1755 2693 1879 2752 post
1940 2682 2108 2736 multa
2165 2681 2272 2734 alia
2326 2678 2563 2733 adnectit
2610 2694 2624 2730 :
2680 2693 2699 2724 ι
2738 2673 2976 2743 Spiritus
3029 2669 3327 2724 ctlunditur

1751 2773 1996 2845 quidem,
2039 2771 2285 2842 procedit
2338 2769 2570 2831 scilicet,
2625 2767 2702 2822 uti
2769 2781 2836 2820 ex
2898 2763 3047 2818 fonte
3075 2764 3083 2771 ”
3109 2760 3218 2815 Deo
3271 2767 3325 2813 et

1753 2867 1938 2928 Patre,
1989 2864 2368 2934 suppeditatur
2406 2876 2537 2916 vero
2583 2859 2852 2916 creaturis
2898 2871 2992 2925 per
3041 2853 3262 2908 Filium.
3300 2870 3318 2901 ι

1827 2959 2049 3029 Magnus
2082 2957 2417 3010 Athanasius
2468 2954 2523 3008 in
2555 2951 2831 3021 colloquio
2867 2945 3168 3004 Orthodoxi
3200 2958 3324 3000 cum

1754 3050 2168 3114 Macedoniano,
2205 3047 2338 3102 dicit
2371 3065 2385 3100 :
2424 3064 2442 3097 ι
2480 3045 2636 3098 Absit
2677 3054 2738 3097 ut
2769 3043 2946 3096 dicam
2970 3038 3174 3108 aliquid
3206 3049 3328 3091 esse

1755 3145 2089 3200 adSt-ititium
2144 3147 2198 3197 in
2247 3141 2453 3213 Spiritu
2502 3149 2713 3195 sancto.
2764 3137 2952 3207 Neque
3000 3136 3144 3191 enim
3201 3150 3328 3190 san-

105 3209 260 3308 Ξιγιον,
287 3213 410 3268 οὐτε
441 3215 504 3268 τὺ
535 3218 831 3292 ἄφθαρτον,
857 3221 985 3277 οὐτε
1010 3227 1070 3279 τὸ
1109 3226 1401 3294 ἀθάνατον,
1439 3229 1564 3285 οὐτε
1591 3233 1650 3287 τὸ

1769 3245 1932 3302 ctum,
2000 3250 2176 3304 neque
2240 3231 2677 3300 incorruptibile,
2755 3244 2931 3295 neque
2994 3226 3324 3289 immortale,

106 3305 312 3378 ἀγαθὸν,
344 3313 469 3366 οὐτε
495 3312 623 3367 ἄλλο
663 3333 714 3368 τι
737 3313 845 3369 τῶν
874 3318 1004 3387 περὶ⁹
1029 3318 1121 3372 τὸν
1161 3319 1294 3376 Θεὸν
1341 3322 1654 3394 θεωρουμέ-

103 3417 196 3453 νων
247 3404 392 3472 λὲγω
426 3402 568 3461 εἶναι
609 3409 908 3479 ἐπίκτητον
963 3411 1059 3464 τοῦ
1099 3412 1255 3479 ἁγίου
1310 3413 1648 3484 Πνεῦματος,

107 3491 222 3546 ἀλλὰ
244 3497 404 3563 φύσει
430 3499 610 3568 ἅγιον,
647 3500 810 3568 φύσει
832 3502 1129 3573 ἄφθαρτον,
1163 3503 1237 3567 ὡς
1265 3505 1493 3576 Πνεῦμα
1519 3506 1654 3560 Θεοῦ

105 3588 185 3638 καὶ
220 3589 283 3654 ἐξ
316 3591 477 3643 αὐτοῦ
519 3592 790 3663 πηγάξον,
829 3594 1005 3648 εἴτουν
1029 3598 1482 3670 ἐκπορευόμενον.
1521 3616 1541 3653 ο

173 3678 225 3732 '0
249 3683 404 3746 ἅγιος
427 3683 696 3752 Κύριλλος
713 3687 770 3740 ἐν
797 3686 878 3742 ἑνὶ
897 3687 1005 3741 τῶν
1036 3689 1347 3756 κεφαλαίων
1368 3690 1459 3744 τοῦ
1483 3692 1526 3762 β’
1547 3691 1653 3745 τῶν

110 3767 390 3844 Θησαυρῶν
439 3793 642 3845 φησιν·
683 3795 701 3828 ι
759 3779 871 3849 Οὐχ
901 3779 1094 3844 οὕτως,
1148 3776 1194 3834 ὦ
1239 3781 1530 3852 βέλτιστοι,
1585 3785 1655 3839 τὰ

111 3863 272 3918 civ-:1
301 3868 478 3936 φαμὲν
506 3870 570 3922 ἐκ
601 3869 694 3923 τοῦ
719 3869 878 3936 Θεοῦ,
909 3872 1160 3944 καθάπερ
1187 3875 1282 3928 καὶ
1311 3875 1372 3928 τὸ
1408 3877 1651 3944 Πνεῦμα.

109 3951 171 4005 Τὸ
196 3955 293 4026 μὲν
315 3957 420 4028 γάρ
450 3963 565 4012 ἐστι
593 3961 835 4028 φυσικῶς
880 3963 1187 4036 ἐνυπάρχον
1241 3968 1337 4020 καὶ
1381 3968 1654 4031 οὐσιωδῶς

112 4044 434 4120 ἐμπεπηγὸς,
469 4051 537 4104 ἵν’
572 4050 745 4116 οὕτως
795 4054 1060 4124 εἴπωμεν,
1111 4056 1205 4109 καὶ
1255 4057 1566 4128 ἀμερίστως
1596 4060 1654 4126 ἐξ

111 4138 259 4242 αὐτοῦ
309 4145 516 4210 προϊὸν,
560 4144 630 4198 τὰ
677 4144 734 4198 δὲ
780 4145 882 4215 τῆς
926 4147 1205 4216 ἐνεργείας
1251 4148 1389 4220 ἔργα
1411 4150 1508 4204 καὶ
1538 4169 1657 4204 ποι-

115 4244 307 4298 ηματα.

173 4325 272 4378 Καὶ
322 4328 480 4380 πάλιν
514 4331 571 4382 ἐν
604 4329 748 4400 ἄλλῳ
773 4343 788 4357 ⁸
826 4349 845 4383 t
904 4333 980 4385 Οὐ
1021 4331 1302 4402 διώρισται
1341 4334 1440 4403 ⁸ιε’ἧς
1470 4335 1657 4398 οὐσίας

113 4416 195 4480 τῆς
223 4415 391 4484 θείας,
431 4417 545 4471 ἀλλ’
597 4417 655 4483 ἐξ
688 4421 857 4491 αὐτῆς
909 4422 1156 4491 φυσικῶς
1212 4423 1654 4493 ἐκπεμπόμενον,

112 4502 220 4576 ὅλην
263 4508 371 4578 ἔχει
420 4509 513 4563 τοῦ
551 4512 761 4582 Πατρὸς
801 4514 896 4566 καὶ
940 4512 1070 4566 Υἱοῦ
1099 4512 1196 4583 τὴν
1228 4513 1525 4581 ἐνέργειαν.

1759 3339 1935 3394 neque
1971 3325 2198 3386 bonum,
2237 3336 2414 3390 neque
2455 3319 2654 3390 aliquid
2707 3317 2850 3373 aliud
2884 3332 2951 3372 ex
2983 3317 3124 3371 circa
3161 3315 3326 3368 Deum

1756 3411 2081 3470 examinatis
2127 3411 2248 3464 dico
2298 3423 2421 3464 esse
2465 3406 2800 3463 adscititium
2861 3403 3031 3458 sancti
3069 3401 3328 3472 Spiritus,

1760 3507 1852 3560 sed
1903 3513 2094 3558 natura
2127 3511 2404 3565 sanctum,
2442 3508 2638 3554 natura
2687 3495 3106 3565 incorruptibile
3138 3504 3222 3548 est
3250 3492 3327 3548 uti

1758 3597 1986 3666 spiritus
2018 3593 2233 3649 Domini
2264 3607 2327 3647 ex
2359 3591 2474 3663 ipso
2492 3591 2771 3651 exsiliens.
2809 3589 2922 3643 sive
2953 3586 3272 3656 procedens.
3301 3605 3320 3636 ι

1832 3688 2066 3742 Sanctus
2109 3684 2345 3756 Cyrillus
2392 3684 2448 3738 in
2500 3697 2611 3736 uno
2650 3697 2716 3736 ex
2759 3679 3032 3750 capitibus
3067 3677 3194 3731 libri
3243 3692 3330 3731 se-

1757 3778 1919 3833 cundi
1978 3777 2426 3837 Thesaurorum,
2491 3772 2570 3827 ait
2621 3788 2696 3826 τι
2735 3769 2852 3824 Νοη
2913 3767 3014 3822 bac
3073 3766 3326 3830 ratione,

1756 3885 1789 3925 ο
1822 3868 2036 3936 optimi,
2071 3865 2254 3922 omnia
2295 3865 2528 3920 dicimus
2579 3879 2643 3918 ex
2701 3862 2833 3928 Deo,
2869 3857 3326 3926 quemadmodum

1758 3972 1812 4016 et
1862 3960 2150 4030 Spiritum.
2206 3956 2450 4028 Spiritus
2498 3970 2643 4010 enim
2692 3952 3017 4008 naturaliter
3065 3951 3227 4012 inest,
3277 3959 3326 4003 et

1758 4050 2128 4106 essentialiter
2162 4048 2366 4103 inﬁxus
2398 4053 2502 4107 est,
2535 4056 2594 4099 ut
2627 4044 2703 4098 ita
2735 4043 3003 4106 dicamus,
3035 4049 3090 4095 et
3130 4039 3320 4093 indivi-

1759 4142 2086 4209 sibiliterex
2115 4139 2207 4194 illo
2239 4144 2567 4208 promanat;
2603 4135 2721 4190 lucc
2757 4143 2937 4188 autem
2989 4141 3118 4187 sunt
3159 4131 3324 4185 actio-

1761 4237 1848 4290 nis
1874 4246 2041 4301 opera
2071 4239 2126 4285 et
2155 4241 2443 4284 creaturae.
2483 4245 2502 4278 ι

1833 4326 1898 4380 Et
1931 4338 2125 4379 rursus
2157 4321 2212 4374 in
2241 4320 2349 4374 alio
2376 4336 2389 4374 :
2426 4337 2444 4371 ι
2480 4316 2598 4370 Non
2645 4324 2933 4386 separatur
2972 4329 3002 4369 a
3029 4312 3208 4369 divina
3241 4327 3324 4367 es-

1759 4416 1956 4479 sentia,
1991 4423 2046 4468 et
2090 4427 2156 4466 ex
2192 4411 2282 4465 illa
2331 4409 2654 4465 naturaliter
2687 4405 2972 4475 egrediens
3015 4405 3324 4458 universam

1762 4511 1816 4564 in
1855 4524 1913 4563 se
1946 4505 2126 4560 Patris
2159 4513 2212 4557 et
2241 4503 2404 4556 etiam
2435 4499 2556 4553 Filii
2587 4499 2858 4552 actionem
2895 4494 3158 4550 continet.
3194 4513 3214 4545 ι

172 4602 267 4652 Καὶ
283 4603 442 4654 πάλιν
471 4605 526 4655 ἐν
549 4603 690 4673 ἄλλῳ
708 4619 723 4632 ο
746 4622 764 4656 ι
788 4603 947 4656 Ἀλλὰ
970 4607 1120 4675 μενεῖ
1146 4605 1242 4673 μὲν
1270 4605 1421 4675 αὐτῷ
1443 4605 1650 4676 κυρίως

1828 4602 1971 4656 Idem
2026 4598 2082 4651 in
2117 4596 2224 4650 alio
2262 4612 2276 4648 :
2315 4612 2332 4644 ι
2368 4591 2475 4647 Sed
2532 4590 2771 4645 manebit
2826 4589 2881 4642 in
2917 4589 3035 4658 ipso
3073 4586 3206 4641 illud
3253 4602 3320 4641 ex

114 4690 163 4740 τδ
195 4693 248 4756 ἐξ
275 4687 356 4755 οὐ,
381 4693 472 4747 διὰ
504 4695 566 4747 τὸ
600 4697 662 4747 ἐκ
689 4696 786 4765 τῆς
822 4695 1010 4758 οὐσίας
1043 4690 1186 4748 εἶναι
1214 4695 1308 4749 τοῦ
1341 4696 1576 4765 Πατρός.
1614 4715 1633 4748 ι

175 4783 276 4836 Καὶ
300 4785 462 4838 πάλιν
479 4788 538 4838 ἐν
553 4786 696 4856 ἂλλῳ
721 4801 735 4816 ⁸
766 4786 1067 4858 «Πρόδηλον
1090 4788 1173 4841 ὅτι
1197 4788 1294 4858 τῆς
1316 4786 1467 4850 θείας
1494 4787 1641 4840 ἐστὶν

112 4873 296 4944 οὐσίας,
335 4878 611 4942 οὐσιωδῶς
640 4879 698 4934 ἐν
737 4881 896 4949 αὐτῆ,
941 4880 1035 4934 καὶ
1081 4879 1142 4946 ἐξ
1171 4879 1342 4953 αὐτῆς
1370 4880 1582 4952 προῖόν.
1629 4898 1648 4932 ι

173 5063 274 5120 Καὶ
297 5065 460 5124 πάλιν
485 5069 544 5122 ἐν
571 5067 715 5139 ἄλλῳ
736 5084 751 5098 ο
784 5085 806 5120 ι
856 5065 988 5122 Ὅτε
1011 5066 1192 5121 τοίνυν
1229 5067 1292 5122 τὸ
1320 5066 1544 5134 Πνεῦμα
1588 5068 1652 5121 τὸ

117 5152 268 5223 ἅγιον,
289 5159 348 5212 ἐν
369 5158 505 5228 ἡμῖν
531 5157 846 5228 γενόμενον,
867 5157 1229 5228 συμμόρφους
1252 5158 1400 5228 ἡμᾶς
1425 5157 1652 5212 ἀποδει-

117 5247 247 5300 κνύει
277 5249 435 5312 Θεοῦ,
461 5249 678 5320 πρόεισι
706 5249 762 5303 δὲ
782 5250 877 5303 κα)⁵
903 5251 966 5302 ἐκ
985 5249 1198 5321 Πατρὸς
1217 5249 1310 5304 καὶ
1335 5247 1492 5313 Υίοῦ,
1519 5248 1656 5318 πρό-

117 5337 250 5403 δηλον
277 5342 357 5395 ὅτι
395 5341 498 5411 τῆς
529 5341 679 5406 θείας
713 5341 863 5395 ἐστὶν
890 5341 1082 5407 οὐσίας
1108 5339 1386 5404 οὐσιωδῶς
1419 5341 1480 5394 ἐν
1513 5341 1651 5413 αὐτῇ

118 5430 195 5482 καὶ
216 5432 273 5497 ἐξ
300 5434 468 5504 αὐτῆς
497 5433 707 5503 προῖόν.
748 5452 767 5486 ι

181 5522 232 5576 '0
257 5524 419 5588 αὐτὸς
449 5525 507 5578 ἐν
533 5524 612 5595 τῷ
641 5524 777 5594 πρὸς
805 5525 1099 5594 Νεστόριον
1120 5523 1265 5596 λόγῳ
1287 5527 1461 5595 φησίν
1486 5540 1500 5555 ο
1535 5541 1554 5574 ‹
1592 5523 1653 5577 EI

120 5613 210 5683 γὰρ
236 5617 326 5670 καὶ
349 5617 497 5672 ἐστιν
520 5621 582 5672 ἐν
607 5617 905 5673 ὑποστάσει
934 5617 997 5671 τὺ
1031 5617 1256 5687 Πνεῦμα
1299 5617 1465 5688 ίδικῇ.
1517 5615 1652 5669 καθὸ

119 5702 316 5775 Πνεῦμά
341 5709 480 5776 ἐστι,
506 5709 600 5764 καὶ
622 5710 722 5782 οὐχ
751 5711 876 5775 Υἱός
898 5726 915 5745 ο
955 5708 1069 5765 ἀλλ’
1102 5708 1194 5765 οὖν
1247 5708 1532 5782 ἔστινξούκ
1562 5709 1654 5762 ἁλ-

178 5862 212 5894 ”
237 5865 385 5923 Joan.
421 5885 532 5935 xv‘t,
567 5865 654 5936 I2,
689 5867 771 5922 I3.

1761 4709 1890 4764 quo.
1919 4688 2066 4759 quod
2097 4704 2162 4743 ex
2189 4685 2368 4740 Patris
2397 4683 2632 4739 essentia
2662 4692 2767 4736 est.
2811 4700 2830 4732 ι

1831 4785 2072 4852 Itemque
2119 4780 2171 4833 in
2206 4777 2356 4832 alio:
2396 4795 2414 4828 ι
2447 4774 2796 4829 Manifestum
2847 4779 2932 4826 est
2957 4771 3156 4824 divinas
3206 4784 3324 4824 esse

1758 4876 2009 4933 essentia:
2060 4869 2430 4952 essentialiter
2464 4868 2519 4921 in
2572 4867 2714 4937 ipsa,
2750 4874 2806 4920 et
2852 4880 2919 4919 ex
2951 4864 3070 4936 ipsa
3106 4877 3320 4934 prOgre-

1759 4967 1936 5022 diens.
1978 4983 1997 5017 ι

1831 5059 2159 5126 Rursusque
2191 5055 2246 5109 in
2281 5051 2389 5106 alio
2421 5068 2437 5106 :
2472 5068 2492 5100 ι
2529 5047 2666 5104 Cum
2701 5047 2885 5118 itaque
2911 5045 3149 5117 Spiritus
3192 5060 3324 5100 san-

1761 5162 1882 5206 ctus
1916 5148 1986 5202 ad
2020 5161 2121 5202 nos
2151 5142 2418 5200 accedens
2452 5142 2764 5196 conformes
2787 5155 2891 5196 nos
2922 5139 3034 5195 Deo
3067 5139 3326 5195 ostende-

1761 5243 1852 5308 rit,
1883 5237 2224 5311 progreditur
2254 5249 2384 5290 vero
2415 5247 2480 5288 ex
2513 5232 2672 5287 Patre
2704 5241 2758 5287 et
2785 5229 2941 5295 Filio,
2974 5228 3324 5285 manifestum

1759 5346 1842 5388 est
1889 5332 2041 5386 illum
2093 5328 2292 5382 divina:
2337 5325 2594 5382 essentia:
2642 5339 2788 5388 esse,
2841 5321 3208 5379 essentialiter
3267 5321 3324 5375 in

1760 5426 1876 5493 ipsa
1903 5430 1957 5478 ct
1985 5437 2048 5476 ex
2080 5421 2194 5490 ipsa
2229 5425 2666 5489 promanantem.
2705 5434 2724 5467 ι

1831 5517 1978 5571 Idem
2025 5513 2273 5569 oratione
2325 5511 2392 5565 ad
2428 5509 2738 5565 Nestorium
2773 5509 2848 5562 ait
2880 5523 2894 5561 :
2933 5523 2952 5557 ι
2983 5505 3138 5560 Licet
3176 5504 3322 5560 enim

1765 5608 1998 5678 Spiritus
2050 5607 2102 5659 in
2157 5605 2370 5674 propria
2423 5600 2697 5673 bypostasi
2735 5600 2806 5654 sit
2849 5613 2910 5652 ea
2944 5599 3180 5664 ratione,
3214 5613 3322 5669 qua

1762 5706 1994 5778 Spiritus
2020 5713 2122 5772 cst,
2159 5711 2212 5760 et
2241 5719 2345 5760 non
2380 5701 2569 5766 Filius,
2600 5714 2705 5755 nou
2738 5699 2860 5755 ideo
2894 5707 3076 5751 tamen
3111 5697 3324 5753 alienus
