3882 6594
173 408 276 468 673

728 520 1071 574 ΕΠΙΓΡΑΦΗ
1119 519 1197 576 ιε’.

622 624 666 669 ς,
705 608 995 670 ἀκούοντες
1018 610 1079 662 τὸ
1126 608 1347 679 Πνεῦμα
1400 608 1460 660 τὸ
1493 608 1649 676 ἅγιον
1680 610 1743 660 ὲκ

166 699 260 752 τοῦ
296 698 427 749 Υίοῦ
459 700 708 768 ὑπάρχον
743 703 837 753 καὶ
862 700 1165 764 άναδλύζον
1218 706 1314 755 καὶ
1354 702 1565 773 προϊὸν,
1620 703 1743 771 οῦχὶ

166 794 262 857 τὴν
292 791 450 843 θείαν
476 793 639 858 φύσιν
670 794 763 845 τοῦ
796 794 1111 863 Πνεῦματος
1144 797 1206 847 ἐκ
1234 797 1331 863 τῆς
1363 794 1512 857 Οείας
1557 795 1743 859 οὐσίας

165 885 261 934 καὶ
294 883 517 949 φύσεως
543 883 640 936 τοῦ
678 883 810 937 Υίοῦ
858 886 1128 954 πηγάζειν
1158 886 1252 938 καὶ
1304 885 1630 950 άναῦλύζειν
1659 904 1745 939 τεο

162 974 583 1043 ρατολογοῦσιν,
609 974 744 1028 ἀλλὰ
778 975 839 1028 τὺ
876 980 1245 1046 πνευματικὸν
1272 978 1519 1049 χάρισμα
1553 978 1613 1031 τὸ
1632 980 1746 1042 τοῖς

165 1064 344 1128 ἀξίοις
368 1066 772 1135 ἐπιγινόμενον,
807 1068 894 1120 διὰ
922 1071 982 1121 τὸ
1015 1070 1114 1139 τὴν
1155 1070 1515 1142 ὲγγινομὲνην
1559 1070 1745 1134 αὐτοῖς

165 1155 452 1224 ἐνοίκησιν
495 1156 594 1225 τῆς
647 1157 925 1227 πανταχοῦ
970 1159 1256 1229 παρούσης
1320 1160 1576 1232 θεότητος
1649 1160 1744 1215 τοῦ

162 1244 324 1311 άπίίου
361 1245 686 1315 Πνεύματος
715 1247 981 1318 σχετικῶς
1005 1249 1276 1317 γίνεσθαι,
1309 1249 1452 1303 οὕτω
1479 1252 1539 1304 τὸ
1569 1250 1747 1304 τοιοῦ-

163 1352 254 1387 τον
296 1337 739 1406 ἐκλαμϐάνοντες
766 1339 1036 1408 χάρισμα,
1064 1339 1252 1413 ὥσπερ
1279 1343 1345 1394 ἂν
1377 1344 1424 1395 εί
1448 1343 1749 1414 ἀποδιῃρη-

165 1428 337 1496 μένον
367 1431 464 1482 καὶ
490 1431 996 1503 ἀποδιεσπασμένον
1025 1435 1125 1506 τῆς
1157 1435 1307 1499 Θείας
1339 1436 1525 1499 οὐσίας
1573 1441 1746 1490 νοοῖτο

162 1518 256 1571 τοῦ
290 1519 617 1590 Πνεύματος
638 1539 654 1555 ’
690 1525 1058 1594 συνελέγησαν
1084 1529 1141 1580 αἱ
1170 1528 1447 1599 παροῦσαι
1472 1532 1744 1599 γραφικαὶ

163 1609 429 1679 χρήσεις,
495 1612 553 1679 ἐξ
591 1607 668 1667 ὧν
705 1615 817 1685 ἔχει
845 1633 926 1681 τις
977 1618 1272 1686 διαγνῶναι
1299 1620 1399 1687 ὡς,
1452 1622 1554 1675 κᾶν
1585 1625 1680 1674 καὶ
1711 1624 1743 1692 ἠ

163 1704 506 1775 ἐγγινομένη
528 1708 639 1770 τοῖς
669 1708 837 1772 ἀξίοις
858 1710 1131 1779 ὲνοίκησις
1153 1712 1246 1766 τοῦ
1280 1715 1546 1783 παναγίου
1571 1714 1744 1768 Ilvati-

166 1809 350 1861 ματος
391 1799 619 1867 σχετική
652 1801 800 1852 ἐστιν
828 1802 1083 1873 apparo;
1119 1805 1216 1857 καὶ
1247 1805 1385 1874 ὑπὲρ
1423 1805 1600 1873 λόγον,
1625 1806 1738 1859 ἀλλ’

252 608 309 623 etv
417 607 438 619 δ
457 608 466 621 σ

295 609 309 623 Ὶ
417 608 438 619 ι
457 608 466 621 ο

273 608 475 676 [az-.2161;
501 623 613 658 τινε

1540 397 1891 463 ἘΡΙΟΗΜ
1920 401 2068 461 ILE.

1771 518 1821 577 Α

3314 402 3413 465 ϐτί

2345 510 2733 569 EI‘iC—ILIPIIE
2774 513 2911 569 VIII.

1917 603 2057 659 (,‘nm
2114 604 2337 674 quidam
2384 606 2665 661 audientes
2718 606 2982 672 Spiritum
3040 618 3289 663 sanetum
3354 623 3415 661 cx

1847 695 2011 748 Patre
2047 708 2190 760 esse,
2223 709 2499 757 emanare,
2535 704 2590 751 et
2623 696 2834 766 egredi,
2869 713 2977 751 non
3009 698 3250 750 divinam
3286 697 3415 762 Spi-

1844 788 1988 841 ritu-3
2021 796 2297 848 naturam,
2338 802 2404 842 ex
2439 788 2623 843 divina
2671 786 2909 862 eséentia
2957 798 3012 843 t-t
3061 800 3250 843 natura
3296 787 3416 841 Filii

1843 893 2126 940 emanare.
2174 890 2228 933 et
2261 879 2480 935 elﬂucrc
2527 880 2839 951 prodigiosa
2872 882 3201 951 loquacitate
3238 895 3438 934 enunr

1846 971 2008 1034 tiant,
2042 971 2137 1024 sed
2183 970 2431 1039 spiritale
2466 972 2668 1026 donum
2715 972 2892 1041 dignis
2939 971 3258 1035 adveniens,
3294 984 3416 1038 pro-

1845 1075 1967 1133 pter
2022 1060 2328 1117 immissam
2371 1063 2423 1116 in
2472 1064 2620 1132 ipsos
2676 1063 3127 1118 inltabitationem
3179 1064 3311 1117 locis
3361 1064 3415 1116 in

1846 1155 2108 1210 omnibus
2141 1155 2425 1223 praesentis
2456 1156 2678 1210 deitatis
2719 1156 2893 1211 sancti
2930 1155 3166 1225 Spititus
3205 1156 3419 1208 habitu-

1847 1248 1973 1302 dine
2006 1246 2242 1316 quadam
2285 1246 2421 1314 ﬁeri,
2455 1249 2554 1302 ltac
2603 1234 2811 1302 ratione
2853 1248 3052 1302 donum
3098 1247 3418 1315 concipien-

1847 1351 1953 1404 tes,
2002 1339 2159 1408 quasi
2212 1339 2343 1392 illud
2413 1339 2724 1409 seiunctum
2785 1355 2848 1394 ac
2874 1340 3108 1394 dirisum
3158 1354 3188 1391 a
3230 1338 3416 1391 divina

1850 1442 2049 1487 natura
2100 1429 2340 1500 Spiritus
2388 1431 2800 1500 intelligeretur,
2853 1440 3151 1499 praesentes
3204 1431 3414 1500 scripto

1849 1525 2121 1578 mandata:
2154 1524 2515 1577 auctoritates
2547 1523 2787 1577 collectae
2837 1531 2987 1584 sunt,
3024 1521 3223 1592 quibus
3257 1521 3417 1588 quili-

1848 1618 1936 1671 bet
1982 1616 2305 1686 dignoscere
2357 1617 2579 1686 poterit,
2615 1616 2740 1669 licet
2787 1614 3089 1669 advenit-ns
3135 1614 3188 1667 in
3221 1613 3417 1682 dignos

1846 1709 2180 1764 sanctissimi
2229 1707 2464 1777 Spiritus
2516 1708 2843 1763 inltabitatio
2880 1705 3274 1760 ltabitttdinalis
3323 1704 3417 1769 sit,

1846 1812 1899 1856 et
1940 1816 2104 1868 supra
2151 1814 2369 1854 omnem
2416 1800 2707 1859 rationem,
2740 1800 2835 1855 sed
2870 1815 2998 1855 cum
3054 1799 3123 1851 ibi
3178 1797 3418 1866 Spiritus

162 1885 290 1938 ἐπεὶ
330 1887 450 1939 ἐκεῖ
473 1890 541 1942 τά
570 1889 883 1959 χαρίσματα
909 1893 1001 1946 τοῦ
1040 1895 1359 1965 Πνεῦματος
1392 1898 1741 1967 προχέονται,

1854 1908 2074 1946 munera
2140 1890 2563 1960 profunduntur,
2616 1890 2708 1944 tibi
2760 1890 2946 1943 divina
2996 1888 3172 1957 ipsius
3219 1897 3418 1941 natura

161 1977 302 2030 ὅπου
342 1980 377 2048 ἡ
424 1980 545 2033 Θεία
579 1982 740 2050 φύσις
770 1984 934 2039 αὐτοῦ
967 1989 1231 2057 σχετικῶς
1276 1992 1569 2058 ἐνοικήσει,
1615 1991 1747 2044 αὐτὸ

163 2071 226 2122 τὸ
267 2069 507 2141 Πνεῦμα
533 2074 596 2127 τὸ
630 2075 786 2144 ἅγιον
820 2079 882 2131 τὸ
924 2078 984 2131 ἒν
1032 2082 1129 2148 τῆς
1188 2083 1436 2152 Τριάδοτ,
1481 2086 1574 2137 καὶ
1610 2101 1747 2154 συμο

162 2161 527 2235 πληρωτικὸν
554 2166 657 2237 τῆς
694 2168 946 2240 Τριάδος,
998 2172 1136 2242 ὅπερ
1163 2175 1372 2245 ὲστὶνή
1420 2175 1538 2227 Οεία
1587 2176 1747 2242 φύσις

164 2256 259 2309 ιιαὶ
284 2257 499 2322 τέλειος
532 2259 666 2323 Θεὸς
693 2260 769 2324 ὡς
802 2264 830 2315 6
868 2263 1058 2334 Πατὴρ
1089 2267 1181 2318 καὶ
1230 2268 1257 2318 ὁ
1303 2266 1429 2330 Υίλις
1468 2268 1746 2337 δηλοῦται,

162 2347 299 2399 ὅταν
334 2366 420 2411 τις
452 2349 582 2422 λέγῃ
605 2353 665 2405 τὸ
703 2354 927 2424 Πνεῦμα
951 2355 1013 2408 τὸ
1052 2357 1208 2424 ἆγιον
1235 2362 1447 2430 προϊὸν,
1483 2363 1579 2416 καὶ
1613 2363 1750 2417 ἁνα-

164 2438 394 2505 ὁλύζον,
437 2443 531 2495 καὶ
559 2443 804 2514 ὑπάρχον
830 2447 896 2500 ἐκ
919 2446 1013 2498 τοῦ
1043 2448 1195 2503 Υίοῦ.
1629 2485 1635 2489 -

249 2532 316 2585 Ὀ
351 2532 507 2601 ἅγιος
558 2535 823 2607 Κύριλλος
863 2539 923 2591 ὲν
969 2540 1045 2610 τῷ
1086 2542 1263 2605 ζ’τῶν
1317 2544 1455 2614 πρὸς
1490 2545 1749 2615 Ἑρμείαν

168 2621 382 2691 φησίν·
418 2642 439 2675 ι
479 2625 588 2679 Καὶ
612 2626 743 2696 γοῦν
774 2630 800 2681 6
836 2629 1038 2700 Κύριος
1072 2633 1230 2703 ἡμῶν
1272 2635 1478 2703 Ἰησοῦς
1516 2638 1750 2707 Χριστὸς

166 2713 307 2783 περὶ
339 2716 561 2782 παντὸς,
585 2717 761 2788 οἶμαι,
800 2724 991 2774 πιστοῦ
1022 2741 1081 2776 τε
1116 2726 1210 2780 καὶ
1232 2726 1457 2795 ἀγαθοῦ,
1496 2747 1516 2781 ι
1567 2729 1748 2782 Ἐλευ⁴

171 2804 414 2873 σόμεθα,
452 2824 469 2855 ι
515 2809 698 2877 φησὶν,
745 2829 763 2862 ι
801 2812 912 2879 ἐγὼ
975 2816 1068 2868 καὶ
1114 2817 1141 2868 6
1200 2819 1409 2890 Πατὴρ.
1443 2821 1536 2874 καὶ
1582 2823 1750 2893 μονὴν

167 2894 312 2963 παρ’
340 2894 490 2965 αὐτῷ
522 2899 882 2969 ποιησόμεθα.
923 2923 942 2955 ι
994 2906 1105 2958 Καὶ
1138 2905 1198 2961 ἐν
1245 2925 1321 2985 ’γε
1369 2909 1544 2982 τούτῳ
1569 2910 1750 2980 Αγινώ-

173 3000 391 3054 σκομεν
422 2987 504 3039 ὅτι
535 2989 590 3042 ἐν
611 2991 745 3060 ἡμῖν
779 2991 926 3046 ἐστιν
963 2995 1028 3048 ἐκ
1057 2996 1149 3049 τοῦ
1164 2999 1499 3070 Πνεύματος,
1534 2996 1596 3054 οῦ
1628 3002 1752 3055 ἔδωο

184 3092 293 3128 κεν
327 3077 481 3147 ἡμῖν.
518 3080 765 3135 Ἐνοικον
825 3083 933 3157 γὰρ
996 3090 1092 3140 καὶ
1142 3090 1529 3161 ἑνηυλισμένον
1582 3111 1751 3148 nata.-

1848 1983 2193 2037 ltabitnnlitet‘
2223 1982 2625 2044 iultabitaverit,
2660 1982 2836 2051 ipsum
2867 1980 3127 2049 Spiritum
3161 1990 3413 2034 sanctum

1852 2093 2039 2136 unum,
2063 2074 2370 2137 Trinitatis,
2405 2074 2659 2143 illiusque
2687 2073 3092 2141 completivunt,
3124 2071 3214 2141 qui
3236 2069 3420 2123 divina

1850 2178 2041 2222 natura
2087 2177 2192 2230 est,
2237 2179 2287 2221 et
2328 2168 2601 2236 pet-fectus
2638 2165 2779 2220 Dens
2812 2167 2887 2220 uti
2927 2164 3085 2219 Pater
3136 2172 3191 2218 et
3238 2160 3411 2216 Filius

1848 2259 2165 2329 signiﬁcari,
2210 2275 2335 2313 cum
2376 2259 2650 2328 quispiam
2695 2257 2896 2312 dixerit
2947 2254 3221 2327 progredi,
3268 2254 3420 2307 exsi-

1849 2353 1970 2417 lire,
2002 2361 2056 2407 et
2084 2368 2208 2407 esse
2235 2367 2301 2404 ex
2338 2349 2498 2405 Filio.

1874 2510 1893 2525 /
1921 2536 2153 2608 Cyrillus
2182 2536 2319 2589 libro
2355 2549 2425 2589 \‘ll
2452 2534 2522 2589 ad
2551 2533 2848 2598 lIermiam,
2894 2534 2972 2589 ait
3004 2550 3020 2589 :
3062 2553 3081 2586 ι
3120 2532 3281 2590 Unde
3310 2533 3418 2588 Do-

1851 2630 2028 2684 minus
2067 2637 2251 2684 noster
2275 2626 2436 2683 Jesus
2460 2627 2712 2692 Christus
2741 2630 2808 2681 de
2832 2627 2980 2682 omni
3012 2627 3153 2681 fideli
3182 2637 3237 2681 et
3268 2628 3417 2682 bono

1849 2721 2101 2780 arbitror,
2140 2718 2321 2787 inquit
2347 2734 2361 2771 :
2387 2735 2406 2768 ι
2445 2717 2734 2773 Veniemus
2762 2733 2864 2787 ego
2890 2728 2942 2771 et
2976 2718 3161 2782 Pater,
3188 2727 3241 2772 et
3266 2731 3420 2771 man-

1852 2812 2060 2868 sionem
2089 2810 2354 2866 faciemus
2382 2812 2524 2880 apud
2565 2824 2691 2864 eum
2713 2809 2785 2865 δο.
2821 2829 2838 2862 ι
2887 2808 2951 2862 Ει
2996 2810 3050 2863 in
3091 2809 3194 2864 hoc
3215 2822 3423 2877 ceguoa

1853 2901 2082 2968 scimus,
2136 2900 2285 2971 quod
2342 2900 2394 2953 in
2440 2899 2598 2954 nobis
2633 2908 2740 2963 est,
2792 2900 2924 2970 quia
2972 2898 3038 2954 de
3080 2897 3286 2969 Spiritu
3317 2913 3420 2955 suo

1849 2993 1997 3049 dedit
2027 2993 2203 3048 nobis.
2226 2990 2449 3047 Videtur
2476 2991 2622 3047 enim
2650 2991 2744 3062 qtti
2787 2991 3046 3062 Spititnm
3070 2989 3161 3046 Dei
3190 2993 3420 3061 accepit,

1849 3087 1996 3157 quod
2022 3086 2298 3155 acceperit
2336 3099 2550 3152 verum,
2582 3093 2637 3138 et
2673 3092 2863 3137 natura
2906 3082 3070 3138 Deum
3115 3083 3425 3137 inhabitan-

172 3167 444 3258 πλουτοίη
473 3187 557 3234 τις
590 3170 656 3225 ἂν
680 3173 771 3227 τὸν
794 3176 954 3243 φύσει
973 3193 1034 3231 τε
1057 3181 1149 3233 καὶ
1178 3181 1392 3254 άληθῶς
1425 3184 1556 3238 ὄντα
1590 3186 1743 3252 Θεὸν,

1854 3187 1958 3234 tem
1985 3218 1999 3243 ,
2050 3192 2159 3231 non
2205 3176 2442 3231 alienum
2489 3187 2541 3230 et
2589 3186 2898 3246 separatum
2942 3176 3421 3237 substantialiter,

167 3257 274 3310 οὐκ
304 3260 588 3329 ἀλλότριόν
609 3281 662 3316 τι
694 3267 787 3319 καὶ
814 3267 1234 3341 διεσπασμένον,
1277 3278 1549 3342 οῦσιωδῶς
1580 3281 1743 3335 αὑτοῦ

168 3349 232 3404 τὸ
274 3351 504 3422 Πνεῦμα
528 3354 725 3423 λαϐὼν,
758 3359 892 3414 ἀλλὰ
926 3363 987 3415 τὸ
1014 3365 1072 3431 ἐξ
1101 3365 1267 3419 αὐτοῦ
1300 3385 1360 3420 τε
1392 3370 1487 3423 καὶ
1518 3374 1573 3424 ἐν
1596 3374 1747 3445 αὐτῷ

172 3450 273 3494 καὶ
304 3443 439 3496 ῑδιον
471 3445 658 3510 αὐτοῦ,
708 3450 801 3502 καὶ
829 3451 926 3523 τὴν
958 3454 1081 3524 ίσην
1127 3455 1202 3520 ὡς
1233 3460 1368 3529 πρὸς
1399 3462 1529 3514 αὐτὸ
1554 3443 1742 3535 κυριόξ-

169 3550 318 3627 τητα
348 3536 568 3604 φοροῦν.
606 3556 627 3590 ι
661 3540 767 3593 Καὶ
800 3542 918 3611 μετ’
943 3543 1100 3613 ὀλίγα
1122 3562 1136 3577 ο
1169 3564 1190 3599 ι
1223 3549 1479 3621 Ἐπεμψε
1523 3552 1579 3607 δὲ
1615 3557 1747 3627 ἡμῖν

172 3624 236 3688 ἐξ
268 3627 509 3695 οὐρανοῦ
544 3628 637 3681 τὸν
667 3631 1047 3702 Παράκλητον,
1097 3635 1166 3688 δι’
1195 3631 1256 3689 οὗ
1316 3642 1409 3693 καὶ
1461 3645 1519 3695 ὲν
1546 3637 1590 3712 ᾧ
1625 3624 1745 3715 μεθ’

176 3716 341 3786 ἡμῶν
367 3719 486 3773 ἐστι
520 3723 613 3773 καὶ
646 3721 702 3776 ὲν
728 3724 860 3792 ἡμῖν
894 3725 1197 3795 αὐλίζεται,
1227 3730 1328 3783 οὐκ
1365 3733 1570 3789 ὀθνεῖον
1616 3740 1748 3809 ἡμῖν

176 3812 394 3881 ὲγχέον,
424 3814 561 3868 ἀλλὰ
590 3816 652 3868 τὸ
685 3817 784 3886 τῆς
807 3819 995 3883 οὐσίας
1029 3822 1222 3888 αὑτοῦ,
1250 3826 1346 3881 καὶ
1373 3831 1473 3898 τῆς
1506 3829 1601 3884 τοῦ
1637 3834 1749 3886 Πα-

175 3908 311 3973 τρὸς
339 3904 508 3960 αὑτοῦ
542 3906 672 3963 ἴδιον
695 3911 942 3983 Πνεῦμα.
988 3933 1006 3966 ι

263 3997 325 4047 ὐ
356 3998 519 4060 αὐτὸς
553 4001 612 4052 ἐν
663 4001 741 4072 τῷ
792 4005 931 4075 πρὸς
982 4006 1241 4078 Ἑρμείαν
1271 4008 1316 4074 ζ’
1344 4011 1440 4065 τοῦ
1497 4013 1747 4085 διαλόγου

178 4089 387 4157 φησίν·
430 4108 449 4141 ι
493 4089 675 4159 Ἀγίου
713 4096 823 4166 γὰρ
851 4095 1004 4162 ὄντος
1028 4098 1121 4151 τοῦ
1177 4100 1314 4155 Θεοῦ
1364 4104 1506 4159 κατὰ
1561 4107 1746 4175 φύσιν,

183 4178 342 4248 ἆγιον
362 4180 633 4247 οὑσιωδῶς
660 4184 721 4237 τὸ
749 4186 975 4256 Πνεῦμά
1022 4189 1140 4243 ἐστι
1188 4191 1256 4246 δι’
1282 4194 1448 4249 αὐτοῦ
1471 4212 1529 4251 τε
1566 4200 1658 4253 καὶ
1692 4202 1749 4256 ὲν

184 4273 336 4344 αὐτῷ
366 4273 462 4326 τοῦ
502 4276 659 4344 ἁγίου
701 4279 993 4351 μεταλάχοι
1050 4300 1132 4347 τις
1173 4284 1259 4343 ἄν.
1306 4303 1326 4338 ι
1378 4286 1436 4342 '0
1492 4288 1750 4362 Ἑρμείας

184 4365 328 4435 πρὸς
359 4365 533 4419 ταῦτα
562 4383 574 4398 ·
610 4385 629 4418 ι
666 4369 778 4442 Οὐχ
798 4370 871 4435 ὠς
899 4373 1028 4426 ῐδιόν
1053 4392 1236 4443 φασιν,
1268 4377 1387 4432 ἀλλ’
1413 4379 1490 4444 ὡς
1515 4383 1750 4437 ἐπακτὸν

185 4457 403 4529 ἔχοντος
430 4461 521 4511 τῖν
551 4461 846 4531 ἁγιασμὸν,
875 4464 1292 4535 διακομίζοντός
1345 4487 1403 4522 τε
1449 4474 1514 4542 τῇ
1572 4473 1749 4527 κτίσει

1848 3273 1941 3327 sed
1973 3286 2097 3325 eum
2129 3271 2225 3340 qui
2258 3284 2325 3325 ex
2358 3271 2473 3334 illo,
2503 3276 2559 3325 et
2608 3272 2665 3324 in
2698 3272 2810 3332 illo.
2857 3279 2911 3325 et
2952 3271 3203 3340 proprius
3239 3271 3412 3331 illius,

1847 3372 1904 3418 et
1943 3361 2210 3432 aequalem
2260 3361 2419 3432 quasi
2463 3375 2588 3416 cum
2624 3361 2744 3432 ipso
2788 3363 3176 3431 proprietatem
3219 3361 3423 3417 ferens.

1852 3474 1872 3508 ι
1905 3456 1969 3511 Et
2002 3456 2188 3526 paucis
2225 3454 2464 3510 additis:
2514 3472 2535 3505 ι
2583 3455 2725 3510 Misit
2758 3468 2937 3510 autem
2968 3455 3125 3510 nobis
3177 3456 3243 3510 de
3284 3455 3425 3510 ctelo

1848 3548 2224 3611 Paracletum,
2290 3560 2389 3615 per
2455 3560 2615 3615 quem
2690 3547 2973 3601 nobiscum
3039 3554 3189 3611 est,
3248 3554 3305 3599 et
3368 3548 3422 3599 in

1848 3639 2006 3694 nobis
2070 3636 2386 3700 inhabitat,
2440 3651 2549 3692 non
2618 3638 2853 3692 alienum
2906 3638 3065 3693 nobis
3111 3637 3421 3702 effundens,

1847 3731 1942 3787 sed
1985 3745 2099 3787 suae
2149 3728 2468 3785 substantia:
2504 3736 2562 3784 et
2603 3727 2783 3783 Patris
2823 3728 2910 3784 sui
2966 3714 3271 3800 proprium.
3297 3729 3424 3799 Spi-

1847 3824 2026 3879 ritum.
2067 3840 2087 3875 ι

1920 4012 2068 4067 Idem
2102 4011 2169 4066 ad
2208 4010 2479 4066 lIermiam
2513 4011 2654 4066 libro
2687 4026 2759 4066 vtt
2788 4011 3011 4082 dialogi,
3070 4015 3145 4068 ait
3174 4030 3186 4067 :
3227 4032 3245 4065 ι
3287 4011 3426 4067 Nam

1853 4119 1975 4160 cum
2006 4111 2233 4159 sanctus
2265 4102 2335 4157 sit
2363 4102 2506 4159 Deus
2542 4104 2843 4158 secundum
2884 4114 3161 4171 naturam,
3204 4116 3429 4161 sanctus

1850 4195 2283 4251 substantialiter
2311 4194 2548 4265 Spiritus
2576 4205 2681 4261 est,
2711 4211 2915 4266 perque
2942 4197 3119 4262 illum,
3158 4207 3212 4252 et
3243 4197 3296 4251 in
3329 4199 3423 4252 illo

1850 4285 2021 4342 sancti
2071 4284 2195 4354 quis
2257 4285 2526 4355 particeps
2589 4286 2668 4341 Iit.
2708 4305 2727 4338 ι
2795 4286 2877 4339 Ad
2942 4302 3063 4355 qua:
3113 4286 3362 4344 llermias
3407 4305 3421 4341 :

1857 4394 1876 4429 ι
1902 4376 2018 4433 Non
2050 4384 2109 4430 ut
2147 4377 2425 4446 proprium
2458 4378 2670 4444 dicunt,
2720 4378 2818 4432 sed
2865 4387 2923 4431 ut
2972 4379 3336 4434 adventitium
3390 4396 3423 4435 a

1853 4467 1965 4523 Deo
1988 4467 2055 4521 ad
2080 4478 2363 4525 creaturas
2386 4471 2752 4525 transvehere.
2782 4487 2802 4521 ι
2835 4471 3071 4526 Sanctus
3094 4473 3423 4540 respondet:

187 4548 341 4617 παρὰ
362 4547 522 4603 θεοῦ.
559 4569 578 4602 ι
629 4550 687 4604 '0
718 4553 907 4621 Ἄγιος
942 4556 1077 4625 πρὸς
1141 4558 1317 4612 ταῦτα
1342 4575 1357 4591 σ
1396 4578 1415 4611 ι
1478 4538 1745 4633 Προηγια-

1863 4577 1881 4611 ι
1915 4560 2103 4628 Itaque
2148 4560 2518 4616 sanctiﬁcatus
2539 4570 2696 4616 antea
2729 4559 2965 4630 Spiritus
2990 4538 3259 4618 creaturis
3290 4579 3422 4619 san-

194 4639 397 4708 σμένον
428 4636 522 4693 οῦν
555 4642 663 4711 ἄρα
690 4642 749 4695 τὸ
775 4642 1000 4714 Πνεῦμα
1026 4646 1116 4698 τὸν
1141 4648 1239 4717 οὐχ
1272 4649 1468 4704 ἑαυτοῦ
1498 4657 1608 4716 τοῖς
1640 4655 1755 4707 κτί-

189 4746 391 4799 σμασιν
428 4732 636 4804 ἐνίησιν
673 4733 966 4804 άγιασμὸν,
994 4735 1151 4806 εἴπερ
1190 4734 1332 4791 εἷναί
1358 4758 1534 4812 φαμεν
1556 4743 1753 4814 ἀληθὲς

187 4822 262 4887 ὡς
287 4824 347 4877 ἔν
375 4842 438 4895 γε
471 4830 639 4882 παντὶ
668 4830 742 4900 τῷ
763 4831 1102 4902 διακομίζειν
1147 4834 1565 4906 ὑπειλημμένῳ,
1598 4838 1659 4890 τὸ
1685 4838 1754 4891 δι’

186 4914 350 4966 αὑτοῦ
374 4919 554 4986 τυχὸν,
589 4920 669 4982 είς
697 4922 918 4991 ἐτέρους
941 4922 1272 4989 διαλλάττον,
1301 4928 1386 4996 εἴη
1415 4927 1589 4998 δήπου
1617 4929 1754 4982 πάν-

188 5024 295 5070 τως
329 5009 396 5062 ἂν
428 5010 521 5061 καὶ
548 5012 735 5081 ἕτερον
786 5016 918 5083 παρ’
974 5015 1123 5068 αὑτό.
1158 5019 1485 5086 Διακομίσαι
1547 5022 1656 5091 γὰρ
1687 5019 1753 5073 ἂν

190 5098 305 5152 οὔτι
337 5117 440 5153 που
471 5101 578 5154 τῶν
616 5103 783 5157 ὄντων
826 5107 978 5159 οὐδὲν
1012 5108 1172 5160 ἑαυτὸ
1236 5109 1371 5181 πρὸς
1404 5110 1621 5180 ἐτέρους
1655 5114 1754 5181 οὐχ

192 5191 263 5253 ὡς
287 5192 467 5245 ἑαυτό.
508 5212 527 5245 ι
577 5194 636 5247 Ὀ
679 5195 936 5267 Ἑρμείας
964 5198 1097 5267 πρὸς
1127 5198 1299 5253 ταῦτα
1335 5216 1350 5232 '
1386 5220 1404 5253 ι
1456 5203 1693 5273 Ἀληθές.
1730 5222 1749 5255 ι

206 5283 261 5336 ’0
283 5285 492 5352 ’Λγιοςο
517 5304 536 5337 ι
562 5287 769 5341 Οὐκοῦν
787 5291 834 5341 εἰ
854 5291 927 5360 μή
946 5290 1091 5343 ἐστιν
1112 5292 1266 5360 άγιον
1283 5293 1443 5360 φύσει
1458 5295 1755 5365 τὸμῠνεῦμα

196 5375 249 5425 ἑν
279 5377 431 5445 ἡμῖν,
457 5377 771 5447 φραζόντων
787 5380 1002 5446 ἐκεῖνοι,
1034 5381 1158 5435 τίνα
1185 5382 1250 5453 δὴ
1277 5384 1383 5454 ἄρα
1412 5385 1595 5438 λοιπὸν
1617 5386 1754 5438 άπε-

194 5468 509 5537 κ>.ηρώσατο
545 5469 728 5538 φύσιν.
776 5472 886 5523 Kal
925 5473 973 5524 εί
1023 5473 1099 5543 μὴ
1144 5474 1417 5542 βούλοιντο
1440 5477 1541 5546 τὴν
1592 5476 1754 5543 ἁγίαν

194 5559 482 5629 ἀπονέμειν
509 5559 677 5629 αὐτῷ,
711 5556 800 5632 ἆρ’
828 5564 950 5634 οὐχὶ
973 5564 1148 5635 πάντη
1179 5581 1238 5618 τε
1257 5569 1348 5619 καὶ
1375 5571 1590 5631 πάντως
1618 5570 1753 5622 ἀπο-

197 5651 586 5702 κινδυνεύσειεν
616 5650 682 5704 ἂν
716 5653 897 5718 αὐτοῖς
929 5657 1005 5718 είς
1049 5655 1382 5725 ἀδιάφυκτον
1434 5659 1746 5730 δυσφημίαν

267 5804 309 5833 ’⁸
332 5805 488 5864 Joan.
523 5822 631 5873 χιν,
663 5806 753 5861 93.

1855 4653 2240 4708 ctiticationem
2300 4668 2408 4707 non
2464 4667 2620 4708 suam
2660 4652 2880 4707 immitit
2914 4696 2931 4722 ,
2973 4655 3020 4710 si
3064 4672 3253 4711 verum
3302 4673 3430 4714 esse

1857 4743 2133 4798 latendum
2161 4754 2266 4807 est,
2314 4744 2368 4797 in
2404 4745 2554 4799 omni
2595 4745 2660 4799 ad
2695 4745 3127 4801 transferendum
3147 4758 3428 4820 assumpto

1859 4839 1911 4893 id
1960 4835 2106 4907 quod
2156 4851 2251 4905 per
2285 4835 2416 4891 illud
2454 4837 2591 4893 alios
2630 4837 2922 4909 pertingat,
2955 4854 3078 4894 esse
3112 4842 3338 4897 omnino
3375 4851 3431 4898 et

1859 4931 2086 4986 alterius
2128 4940 2333 4983 naturae
2374 4929 2588 4984 abillo.
2620 4927 2767 4983 Nihil
2807 4929 2951 4984 enim
3007 4930 3329 4987 transferret
3373 4948 3434 4989 se

1863 5022 2039 5091 ipsum
2063 5022 2129 5074 ad
2154 5020 2291 5075 alios
2326 5034 2433 5074 non
2466 5021 2808 5089 utseipsum.
2845 5039 2864 5072 ι
2899 5019 3036 5074 Tum
3060 5022 3128 5076 ad
3154 5022 3269 5077 hac
3293 5022 3431 5080 lIer-

1862 5109 1999 5167 t'nias
2036 5112 2055 5167 ἰ
2098 5131 2116 5165 ι
2159 5111 2233 5166 Ita
2279 5119 2379 5166 est.
2419 5129 2438 5162 ι
2499 5109 2768 5165 Sanctus:
2804 5114 2848 5163 ἰ
2898 5111 3086 5183 Itaque
3120 5114 3168 5168 si
3205 5129 3313 5168 non
3347 5126 3432 5170 est

1861 5215 2080 5258 sanctus
2129 5213 2322 5257 natura
2355 5200 2614 5270 Spiritus,
2661 5202 2756 5271 qui
2792 5205 2844 5257 itt
2890 5206 3072 5267 nobis,
3107 5206 3295 5261 dicant
3325 5206 3427 5269 illi,

1862 5309 2100 5360 quonam
2153 5294 2318 5348 modo
2354 5294 2571 5348 tandem
2608 5295 2838 5349 sortitus
2871 5305 3250 5351 estnaturam.
3285 5295 3352 5351 Et
3380 5298 3430 5352 si

1863 5385 2157 5449 noluerint,
2218 5394 2461 5439 sanctam
2511 5384 2589 5438 illi
2642 5386 2907 5448 tribuere,
2957 5403 3136 5442 nonne
3200 5387 3429 5442 omnino

1860 5492 2043 5531 sermo
2098 5476 2186 5530 ille
2223 5476 2278 5531 in
2333 5477 2726 5547 blasphemiam
2775 5478 3143 5533 inevitabilem
3203 5478 3428 5534 tendere

1859 5562 2108 5623 videtur?
2143 5585 2162 5619 ι
2193 5565 2484 5624 Hermias:
2526 5587 2546 5620 ι
2580 5568 2831 5623 Videtur.
2886 5567 3269 5625 Verumtamen
3296 5568 3430 5625 illud
3484 5640 3487 5645 ι

1858 5659 1946 5716 dic
1975 5662 2116 5729 quod
2147 5660 2406 5717 Christus
2431 5661 2495 5716 de
2528 5675 2587 5716 se
2631 5660 2771 5716 dixit
2818 5678 2831 5715 :
2870 5678 2888 5711 ι
2929 5659 3004 5717 De
3026 5675 3148 5715 meo
3172 5659 3424 5732 accipiet,
