3882 6572
551 390 657 453 675

1586 390 1797 451 JOA‘N.
1842 391 2056 452 VECCI
2097 391 2206 451 CP.
2251 391 2762 452 ΡΑΤΠΙΛΠΟΠΕ
2815 429 2818 432 ~
3675 390 3756 455 6T6

554 511 610 553 et
655 499 1004 554 annuntiabit
1059 501 1215 555 vobis
1257 500 1323 556 δ’.
1358 519 1374 551 ι
1437 501 1500 554 Et
1553 500 1757 554 ideirco
1815 498 2130 568 participem

2245 499 2262 550 5
2288 498 2443 566 λόγος
2473 517 2486 566 ;
2534 502 2592 553 Ὀ
2633 501 2894 571 Ἐρμεξας
2918 511 2930 526 ·
2969 519 2984 549 ι
3019 499 3220 552 Ἕοικε.
3241 495 3391 568 Πλὴν
3425 497 3588 553 ἐκεῖνό
3608 519 3755 570 φασιν,

555 595 745 648 dicunt
803 591 1070 661 Spiritum
1110 591 1248 646 Filii.
1283 610 1302 644 ο
1349 592 1624 647 Sanctus:
1669 611 1687 643 ι
1721 589 1938 644 Minime
1966 589 2127 644 absit.

555 686 691 740 Nam
753 686 896 755 quod
947 700 1012 739 ex
1073 685 1190 748 illo,
1240 694 1293 739 et
1333 685 1386 738 in
1433 683 1548 746 illo,
1591 693 1646 737 et
1679 682 1959 752 proprium
1991 681 2130 750 ejus,

555 779 830 846 quomodo
869 774 1140 844 particeps
1167 783 1314 829 esset
1339 787 1603 843 unquam.
1639 781 1693 826 et
1734 770 1934 841 aequali
1979 768 2133 823 habi-

556 869 746 924 tudine
793 881 920 922 cum
961 868 1237 921 extraneis
1287 865 1745 928 sanctificaretur,
1795 871 1851 917 et
1892 863 2131 918 alienum

555 969 698 1014 esset
723 957 1022 1013 secundum
1065 965 1338 1022 naturam,
1387 956 1543 1024 cujus
1586 963 1640 1010 et
1694 954 1971 1025 proprium
2011 967 2134 1009 esse

555 1051 754 1108 dicitur
777 1050 801 1102 ?
823 1067 842 1100 ι

628 1328 775 1383 Idem
824 1326 964 1381 libro
999 1339 1058 1380 ιιι
1108 1322 1173 1376 ad
1215 1321 1516 1388 Hermiam,
1553 1322 1686 1378 dicit
1725 1340 1740 1378 :
1797 1341 1815 1374 ι
1847 1322 2133 1388 Quomooo

558 1435 664 1474 non
713 1435 944 1490 prorsus
988 1420 1129 1473 citra
1160 1418 1407 1473 laborem
1464 1426 1549 1472 est
1574 1431 1931 1486 cognoscere,
1961 1415 2129 1470 Deum

559 1526 708 1577 vere,
738 1521 792 1566 et
817 1527 882 1565 ex
931 1510 1022 1564 Dei
1058 1519 1112 1565 ct
1163 1509 1342 1563 Patris
1372 1509 1608 1564 essentia
1651 1518 1832 1563 ortum
1863 1509 1948 1562 sui
1980 1524 2133 1563 reco-

559 1619 824 1674 gnoscere
855 1601 1079 1668 Filium,
1119 1601 1386 1671 siquidem
1417 1610 1501 1656 est
1531 1611 1588 1656 ut
1629 1601 1796 1666 Deus,
1835 1610 1889 1655 et
1919 1615 2028 1654 non
2054 1600 2131 1655 uti

557 1705 879 1749 extraneum
933 1695 1208 1765 quidpiam
1240 1694 1543 1748 inhabitare
1575 1694 1627 1747 in
1672 1694 1827 1748 nobis
1872 1693 2130 1762 Spiritum

559 1785 726 1839 illius.
768 1802 786 1835 ι

626 1878 772 1932 ldem
818 1877 872 1931 in
927 1877 1115 1932 eodem
1166 1877 1242 1932 ait
1295 1894 1309 1930 :
1363 1894 1380 1927 ι
1419 1875 1523 1941 Qui
1569 1874 1892 1946 igiturnos,
1941 1873 2035 1945 qui
2081 1874 2134 1928 in

561 1980 708 2024 terra
735 1971 985 2039 degimus
1027 1968 1308 2024 ﬁliatiouis
1343 1968 1514 2037 gloria
1557 1966 1843 2031 inaurans,
1894 1964 2135 2034 Spiritus

560 2060 772 2116 scilicet
810 2070 1059 2127 sanctus,
1105 2059 1552 2130 quandoquidem
1590 2055 1709 2111 Filii
1741 2067 1846 2121 est,
1879 2057 2137 2126 operabi~

563 2166 652 2209 tur
685 2154 741 2209 in
784 2154 920 2208 alios
956 2153 1298 2216 liliationem,
1332 2150 1465 2204 nihil
1510 2164 1638 2202 vero
1668 2149 1980 2203 circa'eum
2011 2163 2138 2218 pro-

459 2243 468 2252 “
563 2248 727 2311 liciet,
769 2247 928 2316 cujus
966 2255 1072 2310 est,
1111 2259 1219 2299 non
1272 2243 1508 2306 infusus,
1572 2257 1750 2312 neque
1789 2241 1996 2296 deforis
2033 2241 2130 2296 ad-

561 2337 805 2399 veniens,
840 2336 933 2390 sed
981 2335 1346 2391 essentialiter
1397 2333 1574 2403 ipsius
1623 2333 1915 2396 exsistcns,
1949 2344 2003 2387 et
2045 2348 2139 2401 per

564 2429 721 2482 illum
754 2427 1012 2498 profusus
1062 2427 1194 2492 illis,
1240 2427 1333 2496 qui
1359 2425 1506 2496 digni
1549 2433 1680 2479 sunt
1711 2423 1862 2477 illum
1893 2423 2140 2494 accipere

561 2523 619 2574 in
660 2519 1002 2589 beneplacito
1027 2519 1228 2574 Patris.
1280 2537 1300 2572 ι

635 2613 780 2668 Idem
806 2613 1003 2667 ibidem
1031 2612 1108 2666 ait
1134 2629 1146 2664 :
1183 2630 1202 2663 ι
1232 2612 1534 2666 Confessus
1565 2620 1647 2664 est
1671 2621 1850 2664 autem
1880 2623 2136 2679 perquam

563 2705 854 2760 manifeste
911 2703 1130 2759 divinus
1183 2701 1423 2758 Joannes
1479 2703 1642 2756 nobis
1703 2701 1946 2755 dicens:
2007 2717 2025 2750 ι
2069 2700 2140 2754 lie

564 2796 904 2867 plenitudine
935 2795 1052 2864 ejus
1085 2809 1278 2861 omnes
1313 2809 1410 2849 nos
1437 2794 1749 2863 accepimus
1777 2793 1844 2844 ".
1874 2812 1892 2842 ι
1929 2791 2137 2845 Donum

563 2897 746 2944 autem
770 2897 824 2943 et
848 2889 1069 2943 donatio
1098 2886 1359 2958 perfecta.
1379 2885 1546 2942 Estne
1576 2885 1722 2940 aliud
1749 2887 1953 2940 bonum
1985 2886 2142 2954 quid-

565 2982 692 3036 dam
727 2981 1026 3037 secundum
1060 2983 1204 3050 quod
1236 2981 1332 3034 tibi
1362 2979 1596 3042 videtur,
1629 2993 1795 3048 quam
1823 2979 2138 3047 participem

565 3075 682 3130 fieri
707 3075 943 3145 Spiritus
996 3073 1210 3128 sancti?
1269 3091 1287 3124 ι
1325 3071 1620 3126 llermias:
1665 3091 1683 3123 ι
1742 3069 1902 3124 Nullo
1955 3071 2139 3124 modo.

2235 592 2316 642 ὅτι
2349 591 2580 662 Χριστὸς
2609 590 2710 661 ἔφη
2740 591 2869 660 περὶ
2901 589 3090 656 αὑτοῦ,
3142 609 3159 642 ι
3215 591 3315 644 Ἐκ
3347 589 3444 643 τοῦ
3476 592 3599 658 ἐμοῦ
3630 596 3758 665 “fit?”

2182 707 2184 709 >
2233 696 2347 745 ται,
2382 681 2478 732 καὶ
2512 680 2808 748 ἀναγγελεῖ
2839 681 2987 749 ὑμῖν.
3030 699 3048 732 ι
3101 681 3355 750 Μέτοχον
3403 675 3496 732 οὖν
3525 680 3623 751 ἄρα
3655 687 3757 752 φασί

2234 772 2294 824 τὸ
2325 770 2553 841 Πνεῦμα
2583 770 2678 825 τοῦ
2711 770 2862 824 Υἱοῧ.
2909 789 2929 823 ι
3009 772 3069 824 '0
3111 771 3328 840 Ἄγιος.
3388 789 3409 824 ι
3449 771 3668 827 Ἥκιστά
3693 793 3756 843 γε.

2236 862 2436 917 Πολλοῦ
2473 880 2556 932 γε,
2593 857 2770 934 οἶμαι,
2811 863 2910 917 δεῖ.
2950 863 3023 916 Τὸ
3061 864 3169 934 γὰρ
3220 862 3282 928 ἐξ
3324 861 3489 915 αὐτοῦ
3521 879 3576 916 τε
3615 867 3692 919 καὶ
3717 869 3757 920 ἐν

2233 953 2384 1025 αὐτῷ
2409 957 2504 1009 καὶ
2535 955 2665 1009 ίδιον
2693 955 2860 1008 αὑτοῦ
2889 955 3004 1019 πῶς
3042 956 3111 1009 ἂν
3152 955 3324 1008 αὐτοῦ
3361 954 3639 1025 μεταλάχοι
3675 960 3758 1011 πῶς

2235 1064 2387 1111 ποτε,
2423 1048 2519 1101 καὶ
2547 1049 2605 1101 ὲν
2637 1049 2737 1119 ῐσῳ
2769 1050 2884 1111 τοῖς
2909 1046 3145 1116 Θύραοεν
3175 1045 3450 1117 σχετικῶς
3509 1047 3756 1115 ἁγιάζοιτο,

2235 1139 2330 1191 καὶ
2357 1138 2639 1208 ἀλλότριον
2670 1139 2823 1192 ἔσται
2851 1139 2993 1193 κατὰ
3019 1137 3204 1206 φύσιν,
3243 1131 3309 1191 οὗ
3356 1137 3453 1190 καὶ
3504 1137 3625 1191 ῐδιον
3655 1136 3758 1192 εἶναι

2233 1231 2450 1299 λέγεται
2477 1249 2493 1300 ;
2531 1251 2551 1284 ι

2317 1320 2378 1378 '0
2426 1324 2591 1388 αὐτὸς
2619 1325 2676 1377 ὲν
2709 1323 2788 1394 τῷ
2834 1329 2886 1392 γ’
2951 1323 3060 1377 τῶν
3107 1326 3248 1394 πρὸς
3302 1323 3562 1393 Ἑρμείαν
3601 1328 3755 1397 φησίν·

2239 1431 2258 1464 ι
2306 1413 2431 1478 Πῶς
2474 1415 2539 1467 οὐ
2588 1413 2872 1477 παντελῶς
2909 1413 3304 1482 ἀταλαίπωρον
3347 1413 3503 1478 ἰδεῖν,
3555 1413 3629 1465 δτι
3666 1414 3759 1478 Θεὸς

2235 1505 2452 1574 ἀληθῶς
2492 1505 2588 1559 καὶ
2618 1505 2721 1575 τῆς
2751 1505 2848 1559 τοῦ
2877 1505 3012 1559 Θεοῦ
3047 1509 3140 1558 καὶ
3173 1504 3396 1574 Πατρδς
3424 1507 3605 1568 οὐσίας
3641 1507 3760 1559 Emi.

2236 1613 2406 1665 φυκεν
2430 1599 2458 1650 ὁ
2479 1579 2631 1660 Υἱὸς,
2663 1597 2823 1668 εἰπερ
2849 1596 2999 1651 ἐστὶν
3027 1596 3103 1659 ὡς
3147 1595 3310 1663 Θεὸς,
3346 1595 3442 1647 καὶ
3471 1594 3565 1664 οὐχ
3591 1595 3654 1656 ὡς
3675 1596 3753 1647 ἔτεα

2239 1689 2331 1761 ρόν
2356 1706 2409 1743 τι
2439 1688 2735 1744 κατοικοῦν
2761 1693 2820 1743 ἐν
2851 1690 3070 1760 ὑμῖν-τὸ
3101 1687 3335 1759 Πνεῦμα
3365 1687 3554 1741 αὐτοῦ.
3601 1707 3617 1739 ι

2329 1882 2386 1936 Ὀ
2424 1881 2586 1946 αὐτὸς
2610 1883 2667 1936 ὲν
2701 1881 2780 1953 τῷ
2811 1880 2962 1952 αὐτῷ
2991 1895 3195 1952 φησιν’
3251 1898 3272 1932 ι
3330 1878 3406 1932 Τὸ
3442 1878 3611 1932 τοίνυν
3651 1880 3761 1949 ήμᾰς

2244 1977 2380 2048 τοὺς,
2407 1976 2500 2028 ἐπὶ
2544 1976 2646 2044 γῆς
2683 1977 2756 2045 τῇ
2781 1974 2879 2044 τῆς
2933 1975 3181 2044 υίότητος
3242 1971 3375 2042 δόξῃ
3422 1971 3762 2040 καταχρυσοῦν,

2246 2065 2391 2135 φημὶ
2421 2064 2488 2134 δὴ
2506 2063 2565 2116 τὸ
2593 2062 2818 2132 Πνεῦμα
2846 2062 2908 2115 τὸ
2927 2062 3107 2130 ἅγιον,
3135 2061 3376 2130 ἐπείπερ
3399 2059 3516 2113 ἐστὶ
3537 2059 3623 2114 τοῦ
3647 2059 3760 2120 Υίοῦ.

2246 2159 2532 2229 ἐνεργήσει
2567 2157 2666 2227 μὲν
2691 2157 2768 2220 είς
2791 2156 3018 2226 ἐτέρους
3042 2155 3141 2225 τὴν
3169 2153 3505 2224 υίοποίησιν,
3534 2154 3762 2223 ἀπρακτῇ-

2247 2265 2329 2303 σει
2358 2249 2416 2301 δὲ
2441 2247 2568 2319 περὶ
2598 2246 2689 2300 τὸν
2719 2244 2892 2316 οὗπέρ
2923 2247 3070 2299 ἐστιν
3091 2246 3191 2298 οὐκ
3222 2244 3650 2316 είσκεκριμένον,
3674 2245 3761 2296 οὕτε

2249 2342 2355 2411 μὴν
2385 2339 2584 2404 ἔξωθεν
2619 2338 2997 2407 ὲκπεφοιτηκὸ
3017 2355 3066 2401 ς,
3093 2336 3210 2390 ἁλλ’
3250 2336 3533 2398 οὒσιωδῶς
3577 2335 3763 2405 ὑπάρχον

2245 2432 2413 2485 αὑτοῦ
2451 2433 2545 2487 καὶ.
2577 2433 2645 2486 δι’
2695 2430 2860 2484 αὑτοῦ
2898 2431 3269 2502 προχεόμενον
3304 2431 3422 2492 τοῖς
3466 2427 3598 2482 ἑλεῖν
3636 2428 3763 2493 ἀξίοις

2247 2525 2306 2577 ὲν
2343 2523 2565 2596 εὐδοκία
2597 2525 2834 2594 Πατρός.
2867 2542 2886 2576 ι

2327 2615 2388 2668 Ὀ
2415 2615 2576 2678 αὐτὸς
2605 2615 2662 2667 ὲν
2681 2615 2760 2684 τῷ
2791 2613 2940 2685 αὐτῷ
2968 2631 3134 2682 φησιν
3155 2627 3172 2646 ⁸
3206 2632 3224 2666 ι
3288 2613 3350 2667 ’0
3385 2613 3654 2676 θεσπέσιος
3686 2613 3763 2666 Ἰω-

2245 2709 2409 2777 άννης
2443 2706 2589 2775 λέγει
2673 2727 2690 2757 ι
2735 2707 2830 2759 Ἐκ
2878 2705 2971 2758 τοῦ
3037 2705 3411 2776 πληρώματος
3461 2704 3617 2760 αὑτοῦ
3648 2706 3761 2774 ἡμεῖς

2247 2800 2453 2862 πάντες
2488 2799 2775 2870 ἐλάϐομεν.
2850 2819 2867 2852 ι
2904 2799 3063 2862 Δόσις
3114 2799 3170 2852 δὲ
3221 2798 3427 2870 ἀγαθὴ,
3463 2799 3552 2852 καὶ
3584 2796 3762 2868 δώρημα

2247 2895 2472 2960 τέλειον,
2520 2895 2604 2962 εῖη
2647 2893 2714 2947 ἂν
2757 2893 2942 2961 ἕτερον
2970 2893 3111 2946 κατά
3146 2907 3210 2960 γε
3238 2892 3302 2944 τὸ
3331 2891 3480 2961 αὐτῷ
3496 2907 3571 2943 σοι
3600 2889 3762 2950 δοκοῦν,

2247 2988 2387 3056 πλὴν
2409 2987 2491 3039 ὅτι
2519 3003 2602 3038 τοι
2651 2985 2713 3038 τὸ
2772 2984 3100 3055 μεταλαχεῖν
3165 2983 3326 3052 ἁγίου
3381 2984 3757 3052 Πνεύματοςςι

2259 3079 2319 3132 Ὀ
2359 3078 2641 3149 Ἑρμείας·
2705 3096 2724 3129 ι
2777 3077 3064 3146 Οὐδαμῶς.
3121 3094 3141 3129 ι
3192 3075 3254 3129 '0
3299 3076 3509 3146 Ἀγιος·
3546 3095 3564 3128 ι
3619 3075 3762 3142 ’Δθρει

573 3187 592 3219 ι
631 3167 906 3221 Sanctus:
946 3182 965 3216 ι
1005 3163 1235 3220 Proinde
1283 3164 1424 3227 vide,
1475 3164 1726 3228 obsecro,
1755 3167 1916 3216 etiam
1957 3177 2022 3214 ex
2058 3161 2138 3215 his

2248 3173 2312 3242 δὴ
2341 3169 2434 3225 οῦν
2459 3173 2556 3226 καὶ
2591 3171 2679 3224 διὰ
2706 3170 2938 3235 τούτων,
2983 3169 3044 3234 ἐξ
3078 3169 3211 3223 ἰδίου
3251 3170 3609 3240 πληρώματος
3649 3171 3762 3236 προῖξ

568 3261 765 3315 Filium
800 3259 1082 3329 proprium
1115 3273 1274 3312 suum
1310 3257 1534 3312 insitum
1568 3257 1640 3310 ita
1677 3265 1736 3310 ut
1766 3271 1874 3310 non
1912 3255 2140 3324 abjicia-

572 3365 684 3419 tur,
748 3351 1012 3423 Spiritum
1051 3359 1326 3414 sanctum,
1375 3365 1472 3419 per
1519 3364 1681 3419 quem
1726 3363 1890 3403 omne
1936 3346 2142 3402 donum

569 3444 798 3508 bonum,
839 3444 906 3499 de
935 3459 1032 3498 sua
1068 3442 1408 3514 plenitudine
1445 3441 1754 3496 demisisse.
1796 3459 1815 3491 ι

639 3536 789 3592 Idem
840 3537 980 3590 libro
1017 3551 1090 3590 vit
1145 3535 1212 3589 a1
1268 3533 1566 3600 licrtniam,
1602 3534 1719 3598 ait;
1758 3551 1776 3584 ι
1817 3533 1894 3588 De
1937 3532 2143 3603 Spiritu

567 3636 748 3682 autem
794 3626 1306 3696 sanctisdiscipulis
1350 3624 1479 3678 dicit
1531 3638 1547 3678 :
1604 3642 1622 3675 ι
1683 3624 1914 3690 Quando
1965 3635 2144 3678 autem

569 3720 782 3773 venerit
840 3717 1176 3782 Paracletus,
1236 3717 1476 3787 Spiritus
1526 3719 1794 3782 veritatis,
1839 3733 2001 3788 quem
2048 3733 2148 3786 ego

573 3814 784 3866 mittam
813 3814 987 3875 vobis,
1021 3819 1075 3866 et
1103 3812 1195 3881 qui
1229 3826 1260 3864 a
1295 3812 1453 3865 Patre
1485 3813 1751 3880 procedit,
1780 3811 1869 3866 ille
1897 3812 2146 3866 testimo-

572 3907 724 3960 nium
777 3903 1081 3974 perhibebit
1131 3904 1198 3957 de
1259 3917 1347 3958 me
1389 3902 1456 3957 “’.
1525 3921 1543 3954 ι
1593 3904 1798 3981 Ἀιιιιοιι
1859 3902 2148 3957 manifeste

571 3999 738 4063 Deus,
768 3997 857 4066 qui
907 4004 966 4051 ut
993 3993 1134 4049 Deus
1162 3994 1414 4064 cognitus
1457 4002 1512 4048 et
1557 3993 1812 4048 habitans
1861 3995 1918 4048 in
1968 3994 2146 4060 nobis,

574 4104 684 4143 non
727 4097 786 4142 ut
830 4100 1080 4142 creatura
1140 4095 1194 4141 et
1240 4085 1449 4140 factura
1479 4124 1495 4150 ,
1555 4093 1610 4140 et
1653 4085 1905 4140 servituti
1949 4095 2149 4139 nostrae

533 4201 545 4209 ε
574 4178 854 4242 astrictus,
887 4177 978 4232 scd
1006 4177 1215 4231 utliber
1244 4175 1544 4230 secundum
1575 4183 1854 4240 naturam,
1888 4184 1939 4228 et
1977 4175 2148 4244 ipsius

573 4271 820 4326 veritatis
871 4269 1160 4328 exsistens,
1202 4266 1462 4336 Spiritus,
1517 4266 1626 4319 imo
1677 4264 1796 4335 ipsa
1849 4266 2146 4319 secundum

580 4362 840 4416 unionem
875 4375 998 4415 cum
1032 4355 1168 4411 Filio
1215 4356 1440 4413 veritas.
1472 4355 1708 4427 Spiritus
1739 4362 1919 4410 autem
1950 4356 2150 4410 veritas

575 4453 882 4510 secundum
960 4449 1292 4520 Scripturas.
1362 4446 1536 4503 Porro
1594 4448 1791 4502 veritas
1849 4457 1933 4502 est
1978 4445 2151 4502 Chri-

573 4559 712 4604 stus.
749 4566 767 4599 ι

650 4641 790 4695 Idem
825 4640 965 4694 libro
1001 4653 1060 4692 ιιι
1094 4637 1160 4692 ad
1205 4636 1485 4692 llermiatn
1522 4635 1668 4702 ;dicit
1715 4651 1729 4690 ε
1788 4653 1806 4687 ι
1841 4634 1945 4691 Sed
1983 4637 2027 4692 si
2064 4645 2148 4691 est

577 4734 813 4800 desuper
845 4740 900 4785 et
936 4730 1158 4784 a'l’atre
1219 4743 1384 4783 omne
1417 4727 1621 4782 donum
1663 4725 1987 4796 perfectum,
2020 4744 2148 4797 ope-

574 4835 728 4881 ratur
763 4839 890 4879 vero
925 4837 1113 4878 eorum
1139 4821 1464 4876 divisionem
1491 4817 1662 4873 Filius
1697 4834 1802 4872 non
1836 4821 1996 4873 modo
2034 4834 2150 4872 ser-

573 4919 690 4980 vili,
741 4917 838 4972 sed
887 4917 1070 4987 potius
1117 4913 1470 4976 auctoritate,
1513 4927 1634 4981 qua:
1679 4909 1849 4964 Deum
1901 4910 2148 4974 addecet,

572 5022 683 5080 quo
720 5008 881 5078 igitur
929 5005 1091 5060 modo
1123 5006 1278 5078 longe
1303 5002 1428 5069 erit,
1465 5017 1533 5056 ne
1579 5002 1651 5056 sit
1703 5000 2003 5055 secundum
2051 5015 2151 5052 na-

577 5110 752 5156 turam
804 5099 854 5154 id
897 5098 1099 5168 ipsum,
1157 5096 1303 5167 quod
1351 5106 1435 5151 est
1481 5095 1636 5150 illum
1689 5109 1953 5164 generatis
1986 5092 2150 5147 ,Deus

575 5194 782 5248 verus?
817 5209 837 5243 ι

645 5283 792 5338 Idem
823 5282 1074 5336 oratione
1103 5282 1170 5336 ad
1201 5279 1574 5336 Theodosium
1604 5279 1987 5348 imperatorem
2022 5279 2098 5332 ait
2133 5299 2144 5333 :

578 5395 598 5429 ι
641 5376 1037 5447 Baptizantem,
1067 5375 1265 5445 inquit,
1294 5373 1480 5428 Jesum
1519 5374 1573 5427 in
1600 5373 1745 5442 igne,
1772 5387 1879 5425 non
1906 5372 2144 5426 alienum

574 5473 680 5526 illis
722 5471 814 5541 qui
860 5470 1228 5539 baptizantur,
1267 5467 1528 5537 Spiritum
1573 5467 1986 5530 immittentem,
2025 5480 2141 5519 ser-

574 5560 664 5614 vili
689 5570 745 5615 et
775 5560 1242 5614 administratorio
1265 5557 1446 5624 modo,
1480 5557 1574 5612 sed
1609 5557 1774 5612 veluti
1817 5558 1987 5612 Deum
2017 5572 2142 5611 cum

572 5667 827 5722 suprema
853 5652 1198 5716 auctoritate,
1233 5650 1376 5719 quod
1409 5664 1471 5704 ex
1506 5651 1620 5719 ipso
1651 5657 1755 5716 est,
1779 5659 1832 5704 et
1867 5650 2142 5718 proprium

575 5761 769 5815 ipsms.
807 5766 826 5799 ι

643 5841 685 5872 ⁴¹
710 5839 869 5895 Joan.
906 5857 1013 5906 xvi,
1050 5841 1136 5896 15.
1215 5839 1413 5896 "ibid.
1447 5839 1594 5909 1,16.
1672 5840 1717 5871 ⁸³
1741 5840 1875 5897 ibid.
1910 5857 2020 5910 xtv,
2053 5841 2146 5895 26.

2247 3266 2372 3319 έντα
2398 3265 2488 3318 τὸν
2524 3264 2652 3316 Υίδν
2696 3262 2758 3316 τὸ
2797 3264 2928 3316 ῖδίον
2952 3262 3115 3315 αὐτοῦ
3140 3264 3238 3315 καὶ
3281 3262 3656 3332 ἀναποδλήτως
3687 3262 3761 3330 ὲμθ

2246 3357 2488 3428 πεφυκὸς
2521 3357 2676 3424 ἅγιον
2709 3356 2954 3427 Πνεῦμα,
2989 3357 3056 3410 δι’
3093 3352 3156 3411 οῦ
3203 3359 3362 3412 πᾶσα
3386 3357 3527 3420 δόσις
3551 3355 3755 3425 ἀγαθή.»

2332 3539 2391 3591 '0
2453 3539 2620 3600 αὐτὸς
2662 3539 2718 3589 ὲν
2749 3539 2826 3607 τῷ
2872 3536 2916 3602 ζ’
2969 3537 3075 3589 τῶν
3134 3536 3272 3606 πρὸς
3310 3536 3564 3607 Ἑρμείαν
3593 3534 3750 3605 φησίν

2255 3650 2272 3681 ι
2316 3634 2447 3702 Περὶ
2477 3633 2535 3685 δέ
2568 3648 2634 3700 γε
2654 3630 2747 3684 τοῦ
2771 3629 3092 3698 Πνεύματος
3148 3632 3264 3692 τοῖς
3303 3631 3477 3698 ἁγίοις
3522 3627 3756 3697 μαθηταῖς,

2249 3727 2412 3792 φησιν
2441 3739 2454 3754 ·
2517 3743 2536 3775 ι
2599 3724 2768 3775 Ὀταν
2809 3722 2864 3776 δὲ
2919 3721 3046 3790 ἔλθῃ
3092 3723 3120 3774 ό
3171 3720 3528 3793 Παράκλητος
3596 3721 3646 3773 ὃν
3679 3715 3757 3785 ἐγὼ

2235 3815 2450 3884 πέμψω
2474 3815 2603 3885 ὑμῖν
2637 3813 2788 3884 παρὰ
2814 3811 2910 3865 τοῦ
2941 3811 3174 3881 Πατρδς,
3211 3813 3275 3864 τὸ
3297 3812 3519 3898 Πνερμα
3545 3809 3632 3878 τῆς
3654 3809 3752 3873 ἁλη-

2250 3909 2422 3972 (ιείας,
2473 3908 2501 3960 ὃ
2547 3906 2699 3976 παρὰ
2757 3903 2852 3957 τοῦ
2888 3903 3102 3973 Πατρδς
3169 3903 3548 3974 ἐκπορεύεται,
3599 3902 3758 3959 ἐκεῖνος

2253 4000 2595 4070 μαρτυρήσει
2629 3998 2760 4068 περὶ
2818 3995 2976 4065 ἐμοῦ.
3019 4015 3038 4049 ι
3077 3993 3206 4062 'Ap‘
3243 3998 3370 4064 οὐχ).
3413 3996 3538 4058 Θεὸς
3567 3993 3756 4064 ἐναργῶς

2248 4093 2308 4144 τὸ
2340 4092 2414 4154 ώς
2460 4092 2595 4154 Θεὸς
2622 4093 2988 4161 ἐγνωσμένον,
3017 4092 3110 4144 καὶ
3134 4091 3382 4144 ἐνοικοῦν
3426 4090 3566 4158 ἡμῖν,
3594 4087 3674 4155 οὐχ
3705 4083 3756 4144 ὡς

2250 4182 2460 4252 κτίσμα
2519 4185 2615 4236 καὶ
2665 4184 2947 4253 γεννητὸν,
2997 4186 3093 4236 καὶ
3150 4182 3368 4253 δουλείᾳ
3416 4185 3477 4251 τῇ
3519 4178 3756 4246 καθ’ὑμᾶς

2250 4277 2592 4344 ἐνεχόμενον,
2633 4275 2747 4328 ἀλλ’
2771 4274 2847 4341 ὡς
2867 4258 3163 4345 ’ἐλεύθερον
3192 4276 3337 4327 κατὰ
3386 4273 3558 4342 φύσιν,
3587 4273 3662 4322 καὶ
3684 4267 3755 4317 aii-

2252 4368 2353 4437 τῆς
2383 4368 2628 4438 ὑπάρχον
2657 4371 2757 4439 τῆς
2811 4367 3072 4438 ἀληθείας
3108 4368 3357 4439 Πνεῦμα,
3391 4368 3574 4441 μᾶλλον
3619 4363 3666 4416 δὲ
3691 4359 3754 4412 καὶ

2253 4460 2391 4514 αὑτὴ
2423 4460 2548 4514 καθ’
2585 4460 2778 4514 ἕνωσιν
2808 4463 2910 4531 τὴν
2951 4461 3088 4529 πρὸς
3127 4460 3218 4514 τὸν
3257 4462 3386 4515 Υίὸν
3417 4460 3625 4528 ἀλήθεια
3653 4450 3754 4506 κατὰ

2185 4539 2226 4592 Ῑ)
2252 4556 2348 4617 τὰς
2375 4551 2620 4623 Γραφὰς,
2648 4553 2875 4623 ἀλήθεια
2907 4553 2966 4608 δὲ
2995 4555 3023 4606 ὁ
3054 4553 3307 4623 Χριστός.
3352 4572 3371 4604 ι

2337 4641 2397 4694 '0
2427 4640 2590 4704 αὐτὸς
2629 4643 2688 4694 ὲν
2730 4642 2808 4712 τῷ
2845 4648 2894 4710 γ’
2952 4645 3059 4696 τῶν
3108 4643 3246 4712 πρὸς
3303 4640 3557 4713 Ἑρμείαν
3601 4631 3748 4705 φησίν

2262 4751 2280 4783 ι
2325 4732 2466 4786 Ἀλλ’
2491 4734 2651 4802 εἰπερ
2687 4735 2836 4786 ἐστὶν
2867 4732 3078 4788 ἄνωθέν
3105 4751 3164 4786 τε
3196 4734 3290 4787 καὶ
3321 4733 3465 4803 παρὰ
3491 4721 3748 4792 τοῦπατρὸς

2257 4827 2366 4876 πᾶν
2395 4824 2626 4894 δώρημα
2648 4824 2873 4889 τέλειον,
2905 4825 3120 4894 ἐνεργεῖ
3172 4823 3229 4876 δὲ
3257 4824 3357 4893 τὴν
3389 4820 3576 4874 τούτων
3613 4817 3748 4867 diuvo-

2262 4917 2367 4986 μὴν
2400 4917 2460 4969 οὐ
2490 4915 2810 4979 διακονικῶς
2841 4919 2870 4969 ὁ
2905 4915 3052 4979 Υἱὸς,
3082 4917 3142 4969 ὲν
3183 4914 3400 4985 ἐξουσίᾳ
3430 4912 3481 4965 δὲ
3520 4907 3684 4980 μᾶλλον
3700 4904 3744 4969 τῇ

2253 5008 2568 5075 Θεοπρεπεῖ,
2633 5007 2775 5058 κατὰ
2835 5007 2961 5059 τίνα
3026 5006 3093 5075 δὴ
3138 5004 3248 5075 ἄρα
3300 5004 3480 5058 λοιπὸν
3515 4996 3744 5067 ἁφεστχξει

2249 5099 2451 5166 τρόπον
2480 5097 2572 5150 τοῦ
2609 5097 2685 5166 μὴ
2717 5093 2854 5151 εἶναι
2892 5103 3034 5152 κατὰ
3074 5098 3262 5165 φύσιν,
3309 5095 3448 5148 τοῦθ’
3483 5094 3599 5160 ὅπερ
3637 5083 3745 5138 ἐστὶν

2248 5191 2276 5239 ὀ
2307 5190 2575 5257 γεννήσας
2602 5190 2787 5254 αὑτὸν,
2824 5189 3074 5258 ἀληθινὸς
3108 5189 3353 5258 δηλονότι
3374 5167 3514 5248 Θεός.
3549 5201 3565 5234 ι

2331 5283 2388 5337 Ὀ
2425 5283 2586 5348 αὐτὸς
2631 5286 2688 5335 ὲν
2725 5284 2802 5353 τῷ
2854 5286 2990 5354 πρὸς
3048 5283 3275 5354 βασιλέα
3340 5279 3592 5336 Θεοδόσιον
3636 5269 3738 5334 λόγῳ

2254 5377 2420 5444 φησίν
2447 5392 2460 5407 ο
2497 5394 2515 5427 ι
2562 5377 2901 5441 Βαπτίζοντα
2954 5381 3057 5447 ἔφη
3115 5379 3206 5432 τὸν
3243 5375 3445 5450 Ἰησοῦν
3473 5375 3526 5425 ὲν
3549 5364 3671 5435 πυρὶ,
3694 5359 3735 5410 οὗ

2254 5467 2315 5519 τὸ
2364 5468 2646 5539 ἀλλότριον
2697 5472 2808 5531 τοῖς
2848 5468 3272 5540 βαπτιζομένοις
3322 5469 3522 5524 ἐνιέντα
3569 5455 3734 5524 Πνεῦμα

2253 5557 2660 5628 δουλοπρεπῶς,
2693 5560 2790 5612 καὶ
2847 5560 3216 5629 ὑπηρετικῶς,
3256 5561 3372 5614 ἀλλ’
3415 5559 3483 5621 ὡς
3517 5552 3624 5612 Θεὸς
3650 5540 3734 5616 μετ’

2255 5650 2504 5714 εξουσίας
2536 5651 2636 5721 τῆς
2664 5650 2923 5707 ἀνωτάτω
2938 5653 2999 5706 τὸ
3030 5652 3089 5717 ἐξ
3110 5653 3272 5707 αὑτοῦ
3297 5654 3389 5708 καὶ
3409 5653 3524 5705 ίδιον
3550 5637 3692 5698 αὐτοῦ.
3714 5649 3730 5682 ι
