3882 6582
110 412 193 474 617

1473 409 1516 468 E
1529 410 1647 469 l’lG
1660 409 1952 471 RAPH

3198 401 3303 464 678

193 525 229 575 0
267 522 415 584 αὐτὸς
442 521 496 573 ὲν
517 524 580 592 τῇ
618 521 885 593 ἑρμηνείᾳ.
914 523 1008 576 τοῦ
1053 523 1192 576 κατὰ
1236 524 1510 593 Ἰωάννην,
1547 527 1618 586 εἰς

1806 524 1948 577 Idem
1991 522 2332 592 expositione
2373 523 2426 576 in
2473 519 2761 583 Joannem,
2811 519 2866 573 in
2907 517 3038 572 illud
3073 533 3088 571 :
3128 534 3146 566 ι
3185 515 3302 572 Non

108 618 156 670 τὸ
173 615 313 686 ῥητὸν
337 612 413 686 τό,
445 630 463 663 ι
499 613 560 666 Οἳ
584 614 683 666 οὐκ
714 614 773 681 ἐξ
809 613 1077 684 αἱμάτων,
1107 633 1126 667 ι
1157 614 1320 684 φησίν
1341 631 1356 645 ⁸
1403 634 1420 667 ι
1456 615 1627 686 Εἴπερ

104 709 214 771 Θεός
237 709 339 759 ἐστι
362 705 453 759 καὶ
502 707 566 759 ἐκ
586 706 720 759 Θεοῦ
751 708 894 760 κατὰ
933 707 1096 776 φύσιν
1117 707 1177 760 τὸ
1208 707 1450 778 Πνεῦμα,
1477 703 1534 762 οὗ
1564 708 1628 778 δὴ

106 803 182 854 καὶ
206 799 460 868 μετίσχειν
516 797 606 852 διὰ
631 799 867 863 πίστεως
922 799 1023 865 τῆς
1047 800 1127 862 είς
1155 800 1389 869 Χριστὸν
1446 799 1629 866 ἀξιούο

103 889 238 960 palla,
267 888 374 940 θεοὶ
398 887 833 959 χρηματίζομεν,
864 889 938 953 ὠς
972 891 1074 962 ήδη
1125 894 1218 944 καὶ
1248 891 1383 945 Θεὸν
1411 891 1628 962 ἔχοντες

103 987 148 1035 ὲν
165 981 350 1042 ἑαυτοῖς
377 979 518 1032 κατὰ
539 980 623 1044 τὸ,
672 998 690 1032 ι
741 981 1043 1056 Ἐνοικήσω
1069 985 1126 1037 ὲν
1168 985 1356 1048 αὐτοῖς
1385 987 1480 1038 καὶ
1528 986 1627 1054 ἒμ-

101 1072 454 1143 περιπατήσω·
495 1090 514 1124 ι
561 1072 688 1124 ἐπεὶ
739 1074 881 1126 κατὰ
905 1077 1028 1128 τίνα
1072 1077 1276 1146 τρόπον
1327 1077 1446 1130 ναοὶ
1489 1077 1625 1131 Θεοῦ

100 1173 255 1237 ἐσμεν,
286 1167 331 1218 εί
368 1166 439 1235 μὴ
469 1166 598 1229 Θεὸς
633 1169 773 1220 κατὰ
801 1166 964 1236 φύσιν
990 1167 1052 1220 τὸ
1083 1169 1311 1240 Πνεῦμά
1363 1172 1513 1223 ἐστιν
1545 1188 1559 1236 ;
1601 1190 1620 1224 ι

171 1259 221 1312 '0
247 1259 393 1320 αὐτὸς
436 1261 511 1320 είς
543 1259 605 1312 τὸ
632 1262 798 1331 ῥητὸν
828 1263 906 1327 τὸ,
949 1282 968 1314 ι
1028 1264 1263 1328 Ἐκεῖνος
1318 1265 1624 1334 ὑπομνήσει

100 1355 136 1419 ὑ,
163 1355 215 1415 ἃς
245 1350 408 1406 πάντα
451 1350 487 1406 ἃ.
552 1347 709 1405 εἶπον
769 1353 903 1422 ἐγὼ,
943 1374 962 1406 ι
994 1356 1160 1426 φησίν
1185 1373 1198 1387 '
1241 1375 1260 1409 ι
1299 1357 1506 1410 Οὐκοῦν
1550 1358 1625 1420 ὡς

98 1442 209 1504 εἶδος
249 1443 311 1494 τὰ
351 1443 406 1493 ἐν
447 1443 516 1512 τῇ
585 1441 840 1513 βουλήσει
891 1445 987 1498 τοῦ
1049 1445 1390 1513 Μονογενοῦς
1448 1449 1624 1500 πάντα

97 1539 202 1605 ἡμῖν
234 1534 512 1603 ἀναγγελεί
538 1536 599 1588 τὸ
631 1535 882 1607 Πνεῦμα,
919 1537 1019 1590 οὐκ
1053 1541 1118 1591 ἐκ
1161 1538 1451 1609 μαθήσεως
1503 1541 1625 1610 ἔχον

98 1630 175 1696 τὴν
199 1628 405 1697 εἴδησιν,
467 1628 555 1681 ἵνα
606 1627 684 1699 μὴ
727 1630 991 1699 φαίνηται
1029 1630 1277 1685 διακόνου
1301 1631 1454 1696 τάξιν
1491 1633 1625 1685 ἀπο-

95 1719 317 1790 πληροῦν,
341 1719 451 1771 ἀλλ’
471 1719 546 1783 ὠς
572 1719 803 1791 Πνεῦμα
831 1721 1018 1786 αὐτοῦ,
1048 1722 1142 1776 καὶ
1163 1722 1300 1784 είδὸς
1324 1724 1624 1788 ἀδιδάκτως

94 1817 237 1863 πάντα
285 1813 346 1863 τὰ
382 1812 438 1874 ἐξ
459 1807 520 1864 οἶ)
546 1811 644 1865 καὶ
673 1812 730 1863 ἐν
761 1804 913 1880 ᾧπέρ
963 1813 1100 1875 ἐστι,
1133 1813 1386 1884 καθάπερ
1429 1815 1621 1884 ἀμέλει

93 1899 537 1972 καὶὸἀνθρὼττινος
561 1901 688 1965 νοῦς
704 1903 770 1956 τὰ
793 1901 1072 1974 θελήματα
1095 1905 1194 1975 τῆς
1211 1903 1390 1974 ψυχῆς
1417 1900 1483 1976 ἦς
1503 1909 1620 1958 ἐστι
1657 1895 1696 1948 Β

92 1997 164 2048 καὶ
187 1993 296 2056 νοῦς
319 1995 412 2064 οὐχ
443 1994 633 2064 ἕτερος
661 1995 737 2048 ὢν
760 1995 903 2049 κατὰ
934 1997 1032 2067 τὴν
1062 1997 1246 2067 φύσιν,
1272 1997 1386 2052 ἀλλ’
1417 1997 1492 2062 ὡς
1512 1998 1622 2071 ,μό-

93 2103 183 2157 ριον
201 2086 281 2140 τοῦ
307 2085 500 2150 παν-,ὸς
527 2087 1007 2159 συμπληρωτικὸν,
1037 2091 1094 2143 ὲν
1118 2089 1255 2162 αὐτῇ
1286 2107 1345 2143 τε
1373 2089 1617 2162 ὑπάρχον

91 2176 164 2228 aui
187 2175 238 2241 ἐξ
267 2176 426 2246 αὐτῆς
469 2177 814 2245 ἀναφύεσθαι
846 2179 1259 2249 πιστευόμενον.
1298 2197 1318 2231 ι

150 2369 202 2420 '0
228 2368 379 2430 αὐτὸς
403 2369 458 2420 ὲν
490 2367 566 2437 τῷ
594 2366 642 2433 ζ’
675 2367 784 2422 τῶν
807 2367 942 2438 πρὸς
981 2369 1240 2440 Ἑρμείαν
1269 2369 1343 2432 ὡς
1375 2371 1434 2424 ἐν
1466 2371 1620 2442 μέρει

89 2457 161 2512 τοῦ
176 2457 400 2528 διαλόγου
437 2458 635 2524 ταῦτά,
665 2476 828 2530 φησιν
867 2459 924 2512 '0
968 2460 1122 2530 ἆγιος
1141 2477 1154 2490 ·
1205 2479 1223 2514 ι
1247 2461 1319 2515 Τὸ
1351 2461 1406 2516 δὲ
1431 2463 1494 2532 δὴ
1523 2465 1623 2533 τὴν

89 2553 210 2607 θείαν
233 2554 350 2623 ἡμῖν
378 2555 720 2624 ἐγχαραττον
753 2553 956 2629 εἰκόνα⁵
987 2554 1083 2607 καὶ
1117 2556 1434 2626 σημάντρου
1464 2555 1621 2626 δίκην

88 2641 307 2710 ἐμποιοῦν
335 2643 392 2696 τὸ
448 2644 826 2716 ὐπερκόσμιον
881 2643 1076 2709 κάλλος
1105 2646 1226 2716 οὐχὶ
1277 2647 1338 2700 τὸ
1396 2647 1623 2716 Πνεῦμά

88 2736 237 2799 ἑστιν;
267 2751 283 2784 ι
321 2734 377 2786 '0
411 2733 674 2804 Ἑρμείας
707 2750 720 2764 ·
769 2752 788 2786 t
841 2733 981 2787 Ἀλλ’
1013 2736 1111 2806 οὐχ
1139 2736 1211 2798 ὡς
1245 2736 1376 2800 θεός
1419 2754 1620 2807 φαμεν,

88 2825 176 2877 ἀλλ’
199 2825 263 2886 ὡς
292 2826 434 2889 θείας
457 2829 688 2898 χάριτος
716 2828 1009 2896 ὐπουργόν.
1064 2846 1083 2878 ι
1129 2827 1187 2881 '0
1233 2827 1414 2896 ἅγιος.
1458 2848 1475 2880 ι
1506 2831 1620 2883 Οὐκ

87 2919 192 2971 αὐτὸ
219 2920 487 2990 τοιγαροῦν
521 2921 680 2991 ἡμῖν,
723 2919 839 2973 ἀλλ’
873 2922 908 2991 ἡ
932 2921 1002 2973 δι’
1033 2920 1199 2973 αὐτοῦ
1235 2922 1395 2992 χάρις
1455 2923 1618 2993 ἐνση-

86 3011 314 3079 μαίνεται.
356 3031 374 3064 ι
418 3013 477 3066 '0
513 3012 778 3084 Ἑρμείας
813 3028 828 3043 ⁶
867 3031 886 3064 ι
931 3013 1168 3065 Ἔοικεν.
1208 3031 1227 3064 ι
1275 3013 1334 3066 '0
1377 3014 1565 3082 Ἀγιος
1601 3029 1614 3043 ⁶

86 3101 171 3156 'llv
192 3103 272 3159 οὖν
299 3107 593 3174 ἀναγκαῖον
619 3107 806 3160 εἰκόνα
836 3109 932 3177 τῆς
953 3107 1176 3177 χάριτος
1207 3107 1301 3160 καὶ
1326 3108 1448 3178 οὐχὶ
1479 3108 1618 3176 μᾶλ-

84 3195 155 3247 λον
179 3195 294 3249 Θεοῦ
329 3197 720 3268 ὅιακεκλῆσθαι
771 3197 864 3250 τὸν
896 3178 1203 3266 ἄνθρωπον.
1265 3199 1378 3252 Καὶ
1411 3199 1528 3252 τόδε
1558 3200 1615 3252 δὲ
1648 3234 1689 3289 C

89 3289 275 3341 σκόπει·
312 3291 482 3362 σαφὴς
513 3292 653 3361 γὰρ,
689 3291 764 3355 ὠς
798 3287 978 3362 οἶμαι,
1009 3290 1104 3344 καὶ
1133 3290 1339 3354 ἁπλοῦς
1382 3294 1410 3346 ό
1437 3292 1611 3361 λόγος.

85 3380 502 3453 Δεδημιούργηται
532 3383 637 3452 μὲν
665 3383 773 3455 γὰρ
794 3385 851 3436 ὲν
875 3385 1016 3454 ἀρχῇ
1048 3383 1108 3436 τὸ
1130 3384 1289 3448 ζῶον,
1316 3383 1618 3455 πλαστουρ-

87 3471 266 3536 γοῦντος
293 3475 416 3528 αὐτὸ
447 3475 543 3529 τοῦ
575 3475 735 3540 Θεοῦ,
771 3476 866 3528 καὶ
906 3476 1266 3546 τετιμηκότος
1325 3475 1492 3530 οἱονεὶ
1522 3477 1617 3530 καὶ

90 3566 359 3638 αὐτοχειρίᾳ
384 3567 528 3620 κατὰ
549 3565 652 3631 τὰς
679 3567 718 3618 Γ
722 3567 926 3640 ραφάς.
962 3555 1180 3639 Ἐπειδὴ
1201 3566 1258 3620 δὲ
1285 3567 1366 3629 είς
1388 3565 1449 3620 τὸ
1476 3563 1616 3620 εἷναι

85 3657 312 3724 capax-ro,
365 3658 731 3731 διεμορφοῦτο
792 3659 930 3730 πρὸς
982 3659 1140 3724 Θεὸν,
1207 3659 1616 3732 ὲμφυσηθείσης

86 3750 203 3819 αὑτῷ
247 3752 406 3822 πνοῆς
438 3752 616 3824 ζωῆς⁹
653 3753 1060 3824 ἁπημποληκδς
1108 3753 1166 3808 δὲ
1200 3756 1291 3808 τὸν
1338 3755 1613 3824 ἁγιασμὸν

85 3839 152 3892 διὰ
168 3841 251 3911 τῆς
276 3845 352 3907 εἰς
380 3845 696 3914 φαυλότητα
725 3848 1112 3918 παρατροπῆς,
1140 3849 1221 3910 είς
1246 3849 1306 3901 τὸ
1331 3850 1389 3902 ἐν
1419 3850 1612 3920 ἀρχαῖς

86 3935 158 3983 καὶ
183 3935 528 4004 πρεσϐύτατον
553 3936 659 3991 αῦο
669 3956 716 4003 ις
736 3939 1092 4010 ἀνεκομίζετο
1113 3941 1333 4007 κάλλος,
1357 3959 1615 4015 καινουρ-

87 4024 270 4091 γοῦντος
289 4031 345 4083 τὸ
371 4032 686 4085 παλαιωθὲν
721 4034 802 4096 εἰς
831 4027 972 4096 εἰδος
999 4034 1064 4087 τὸ
1095 4033 1240 4088 θεῖόν
1268 4051 1327 4088 τε
1359 4038 1454 4088 καὶ
1484 4053 1612 4108 νοη-

82 4116 153 4167 τὸν
175 4120 530 4192 τοῦ-Χριστοῦ,
567 4123 629 4176 οὐ
685 4124 809 4178 καθ’
841 4125 1032 4195 ἕτερόν
1069 4143 1193 4180 τινα
1220 4127 1441 4198 τρόπον,
1471 4130 1612 4201 πλὴν

82 4209 144 4260 ὁτι
168 4213 246 4266 τὸν
271 4216 323 4267 ἑν
355 4218 574 4288 ἀρχαῖς.
627 4217 963 4290 Ἐνεφύσησε
986 4219 1096 4291 γὰρ
1123 4224 1237 4284 τοῖς
1264 4222 1443 4291 ἁγίοις
1473 4223 1610 4278 ἀπο-

81 4300 248 4366 στόλοις
265 4303 447 4374 λέγων·
484 4327 502 4361 ι
529 4309 740 4362 Δὰὸετε
767 4310 992 4380 Πνεῦμα
1020 4313 1174 4380 ἅγιον
1191 4328 1242 4366 ἰ
1273 4313 1305 4384 ἢ
1328 4315 1429 4367 οὐκ
1457 4315 1611 4380 εἴτις

80 4390 124 4440 ἐν
150 4390 345 4467 Χριστῷ
397 4399 562 4471 καινὴ
595 4402 822 4467 κτίσιςς
860 4419 880 4452 ι
929 4400 988 4454 '0
1034 4403 1315 4472 Ἑρμείας.
1351 4421 1370 4456 ι
1410 4403 1540 4458 Ναί.
1581 4423 1602 4457 υ

89 4481 135 4534 Ὁ
158 4486 311 4554 ἅγιος.
377 4510 396 4544 ι
434 4493 646 4547 Οὐκοῦν
691 4493 889 4564 ἀληθὲς
945 4496 1144 4563 εἰπεῖν,
1180 4496 1380 4567 μᾶλλον
1425 4497 1481 4551 δὲ
1515 4498 1608 4551 καὶ

77 4568 328 4640 ἀναγκαῖον
354 4578 455 4650 ήδη
493 4598 615 4646 πως
653 4582 857 4637 ἐννοεῖν
889 4584 987 4652 ὡς,
1025 4587 1186 4657 εἴπερ
1214 4588 1248 4656 ἡ
1299 4585 1604 4652 παλαίωσις
1632 4570 1684 4630 D

79 4663 153 4715 καὶ
176 4667 200 4718 ό
221 4669 405 4740 τρόπος
432 4674 531 4742 τῆς
568 4673 916 4745 καταφθορᾶς
973 4676 1230 4746 νενόσηκε
1261 4677 1360 4748 τῆς
1394 4678 1603 4742 εἰκόνος

77 4755 155 4824 τῆς
213 4759 266 4812 ιν
335 4762 596 4836 ἁγιασμῷ
659 4765 756 4836 τὴν
813 4766 1165 4838 ἁπεμπολὴν,
1214 4763 1304 4840 ἆρ’
1361 4769 1482 4840 οὐχὶ
1530 4773 1598 4842 τῇ

48 4849 186 4914 ςπρὺς
234 4850 291 4904 τὺ
339 4853 565 4925 ἀρχαῖον
625 4855 904 4931 ἀναδρομῇ
975 4859 1070 4912 καὶ
1151 4861 1479 4932 καινουργίᾳ
1532 4864 1598 4932 τῇ

74 4934 142 4991 διὰ
179 4941 397 5012 Χριστοῦ
453 4947 556 5018 τῆς
587 4948 725 5020 πρὸς
753 4949 887 5003 Θεὸν
934 4951 1233 5022 ἐμφερείας
1283 4951 1381 5023 τὴν
1427 4953 1599 5022 πρόσ-

75 5027 205 5101 ληψιν
253 5038 448 5094 ἐνεῖναι
529 5044 1047 5112 παραχωρήσομεν;
1111 5061 1130 5095 ι
1182 5042 1242 5095 Ὀ
1312 5043 1598 5114 Ἑρμείαν

81 5137 96 5172 ε
131 5126 256 5181 Πάνυ
285 5131 380 5201 μὲν
407 5126 525 5192 οὖν.
560 5152 581 5188 ι
621 5133 681 5188 '0
735 5133 888 5203 ἅγιος
916 5148 932 5164 θ
965 5152 985 5187 ι
1038 5134 1179 5188 Ἀλλ’
1210 5138 1260 5189 εί
1291 5137 1390 5206 τῆς
1412 5135 1600 5201 οὐσίας

74 5217 148 5270 τοῦ
197 5222 492 5296 Πνεῦματος
525 5217 962 5300 διεσχοινισμένη
1004 5245 1088 5292 τις
1141 5223 1211 5300 ἦν
1239 5229 1274 5300 ἡ
1307 5228 1375 5283 δι’
1431 5228 1600 5282 αὑτοῦ

75 5309 221 5380 χάρις,
243 5317 290 5370 τί
325 5318 399 5391 μὴ
431 5320 536 5392 ἐφη
571 5321 761 5392 σαφῶς
803 5322 832 5374 ό
877 5321 977 5393 μὲν
1013 5323 1286 5394 μακάριος
1343 5324 1586 5396 Μωῦσῆς

75 5396 138 5451 ὅτι
159 5413 596 5484 παρενηνεγμένῳ
616 5413 692 5483 τῷ
721 5411 846 5485 ζώῳ
881 5415 1015 5484 πρὸς
1035 5414 1096 5467 τὸ
1125 5411 1264 5468 εἶναι
1292 5415 1476 5472 λοιπὸν
1513 5419 1598 5472 ὲν-

75 5492 274 5590 εξὺσησι
323 5505 478 5574 χάριν
505 5507 534 5558 ὁ
586 5507 802 5560 πάντων
833 5508 1159 5579 δημιουργὸς
1187 5509 1286 5582 τὴν
1313 5511 1400 5565 διὰ
1432 5515 1600 5583 πνοῆς

76 5586 152 5682 ξῆς
173 5586 320 5662 ζωῆς,
354 5595 586 5662 Χριστὸς
618 5597 675 5650 δὲ
712 5598 859 5668 ἡμῖν·
905 5598 1115 5653 Λάϐετε
1164 5602 1328 5675 χάριν
1374 5602 1478 5674 τὴν
1529 5603 1599 5656 δι’

76 5682 325 5749 υπονργίις
372 5686 465 5740 τοῦ
528 5689 684 5771 ἁγίου
731 5689 1066 5762 Πνεύματος,
1120 5694 1234 5747 ἀλλ’
1288 5695 1604 5767 ὠνόμασται

133 5837 170 5867 ⁸⁸
190 5840 228 5894 η
253 5845 371 5907 Cor.
401 5868 475 5919 rt,
510 5854 598 5908 16.

1727 631 1794 670 οι
1840 616 2230 685 sanguinihus,
2291 634 2310 668 ι
2351 617 2424 670 ait
2459 632 2471 669 :
2529 633 2546 666 ι
2579 614 2635 670 Si
2673 612 2815 668 Deus
2845 623 2948 676 cst,
2986 620 3039 666 et
3080 625 3145 665 ex
3194 611 3304 666 ι)ιο

1728 713 2027 765 Secundum
2112 722 2360 766 naturam
2439 709 2718 779 Spiritus,
2777 708 2936 778 cujus
3013 705 3306 776 participes

1728 803 1842 856 fieri
1895 818 1989 872 per
2043 801 2202 856 fidem
2249 803 2302 856 in
2347 801 2626 856 Christum
2689 798 2838 868 digni
2891 796 3178 860 efficimur,
3225 795 3302 849 dii

1725 911 1941 957 sumus,
1991 905 2250 963 tanquam
2297 893 2386 961 qui
2421 891 2587 945 Deum
2636 892 2688 944 in
2727 888 3141 956 nobismetipsis
3201 886 3304 939 ha—

1727 988 1940 1050 bemus,
1969 996 2028 1039 ιιι
2057 988 2255 1039 dicitur
2285 1001 2300 1038 :
2336 1003 2354 1036 ι
2391 983 2708 1038 lnhahitabo
2738 983 2790 1036 in
2821 982 2856 1035 il
2883 983 2950 1041 is.
2973 990 3027 1035 et
3052 979 3306 1034 inambu-

1727 1079 1849 1132 lubt)
1880 1078 1946 1143 "’,
1991 1097 2009 1129 ι
2046 1093 2170 1131 cunt
2222 1092 2460 1146 quonam
2509 1075 2671 1129 modo
2715 1073 2914 1141 templa
2960 1071 3050 1124 Ι)ιοί
3081 1085 3303 1132 sumus,

1725 1171 1769 1226 si
1798 1186 1902 1224 non
1929 1171 2228 1224 secundum
2269 1177 2517 1221 naturam
2544 1164 2780 1234 Spiritus
2815 1163 2955 1217 Deus
2987 1162 3108 1216 est?
3148 1180 3166 1212 ι

1799 1263 1944 1316 Idem
2000 1263 2052 1314 in
2104 1261 2233 1316 illud
2286 1261 2490 1314 dictum
2548 1275 2563 1311 :
2625 1278 2642 1309 ι
2703 1257 2797 1310 llle
2844 1263 3096 1324 suggeret.
3149 1253 3302 1306 vobis

1725 1353 1908 1406 omnia
1955 1365 2292 1421 quaecunque
2333 1350 2445 1403 dixi
2495 1348 2648 1402 vobis
2702 1346 2770 1409 ",
2815 1363 2832 1396 ι
2887 1345 2963 1397 ait
3005 1348 3093 1409 τί(
3134 1342 3302 1411 Igitur

1727 1451 1984 1513 tanquam
2017 1444 2196 1498 sciens
2223 1443 2429 1506 omnia,
2458 1455 2581 1510 qua:
2621 1439 2674 1492 in
2713 1437 2994 1492 voluntate
3027 1433 3297 1503 Unigeniti

1725 1545 1873 1601 Sunt,
1925 1536 2082 1589 vobis
2142 1534 2494 1587 annuntiabit
2547 1531 2809 1601 Spiritus,
2854 1543 2962 1582 non
3006 1526 3299 1594 disciplina

1725 1630 1960 1696 quadam
1996 1626 2284 1681 scientiam
2317 1624 2624 1694 possidens,
2656 1637 2722 1674 ne
2766 1620 3010 1673 videatur
3033 1617 3088 1671 in
3123 1615 3300 1670 adrni-

1724 1723 1881 1777 nistri
1902 1724 2021 1776 loco
2047 1720 2331 1783 collocari,
2356 1719 2450 1775 sed
2478 1729 2537 1774 ut
2569 1717 2810 1786 Spiritus
2839 1715 2984 1769 illius
3008 1723 3063 1768 et
3093 1712 3300 1780 absque

1724 1813 2012 1883 disciplina
2041 1813 2222 1866 omnia
2250 1811 2433 1865 sciens
2467 1810 2633 1873 illius,
2665 1824 2727 1862 ex
2757 1822 2866 1875 quo
2898 1815 2950 1859 et
2983 1807 3034 1858 in
3063 1817 3171 1872 quo
3193 1811 3296 1866 est,

1726 1904 2185 1976 quemadmodum
2222 1915 2274 1958 et
2315 1920 2467 1958 lllCIlS
2489 1903 2744 1970 ,‘humana
2773 1900 3080 1953 voluntates
3109 1893 3300 1955 animi,

1724 1999 1883 2067 cujus
1913 2012 2068 2050 mens
2100 2005 2203 2060 cst,
2255 1992 2556 2062 cognoscit,
2587 2006 2691 2045 non
2726 1989 2830 2042 alia
2869 1985 3168 2042 secundum
3205 1997 3302 2034 na-

1724 2100 1902 2145 turam
1937 2089 2232 2151 exsisteus,
2270 2086 2362 2141 sed
2417 2088 2492 2139 uti
2525 2083 2829 2138 membrum
2871 2076 3112 2134 universi
3148 2088 3302 2130 com-

1725 2184 1980 2253 plctivum
2030 2181 2084 2235 in
2132 2181 2225 2235 illo
2259 2180 2556 2243 cxsistcns,
2585 2185 2638 2231 et
2668 2190 2734 2229 ex
2775 2174 2866 2228 illo
2894 2170 3164 2240 originem
3200 2165 3299 2220 ha-

1725 2277 1852 2332 bere
1885 2277 2113 2331 credita.
2153 2293 2170 2326 ι

1797 2373 1941 2428 Idem
1977 2371 2118 2425 libro
2147 2385 2219 2425 vit
2255 2368 2321 2421 ad
2359 2365 2634 2420 llrrtniam
2666 2379 2718 2416 ιιι
2760 2369 2913 2430 parte
2947 2354 3148 2425 dialogi
3186 2352 3301 2406 [nec

1727 2468 1913 2522 h'abct.
1958 2463 2218 2518 Sanctus.
2261 2480 2279 2512 ι
2321 2459 2434 2514 lloc
2466 2469 2644 2512 autem
2681 2451 2826 2522 quod
2862 2449 3102 2504 divinam
3140 2444 3300 2499 nobis

1726 2561 1985 2630 insculpit
2018 2555 2336 2626 imaginem,
2387 2561 2442 2607 et
2481 2549 2821 2621 signaculum
2851 2541 3006 2613 quasi
3038 2549 3300 2609 operatur

1725 2629 2141 2723 pulchritudinis
2171 2646 2434 2704 C(Blcstis.
2458 2658 2636 2698 nonne
2662 2641 2896 2710 Spiritus
2941 2637 3065 2692 est?
3105 2653 3123 2686 ι
3163 2629 3301 2684 Πιτ-

1726 2747 1880 2800 tnias.
1933 2761 1953 2795 ι
1985 2740 2184 2796 Verum
2245 2753 2352 2794 non
2391 2747 2451 2791 ut
2491 2737 2652 2800 Deus,
2713 2732 2808 2787 sed
2844 2741 2901 2783 ut
2938 2727 3136 2782 divina:
3175 2739 3296 2795 grao

1726 2840 1811 2891 tia:
1842 2837 2111 2891 minisrer.
2147 2851 2166 2886 ‹
2195 2830 2454 2888 Sanctus.
2493 2847 2510 2880 ι
2546 2827 2662 2882 Νοιι
2686 2827 2850 2896 igitur
2871 2823 2981 2886 ille,
3007 2819 3098 2874 sed
3123 2817 3297 2888 gratia

1723 2948 1819 3002 per
1848 2930 1998 2984 illum
2029 2928 2189 2984 nobis
2221 2927 2587 2996 significatur.
2630 2940 2648 2974 ι
2680 2919 2951 2974 Hermias.
2990 2935 3008 2966 ι
3044 2913 3296 2970 Videtur.

1728 3041 1746 3073 ι
1797 3021 2050 3075 Sanctus.
2107 3037 2126 3069 ι
2192 3017 2319 3070 Erat
2375 3015 2538 3086 igitur
2598 3009 2964 3066 necessarium
3016 3005 3289 3060 hominem

1723 3113 1904 3169 vocari
1935 3111 2226 3182 imaginem
2273 3110 2461 3180 gratiae
2490 3115 2544 3161 et
2588 3121 2696 3160 non
2732 3103 2843 3156 Dei.
2896 3099 3195 3155 Considera
3231 3105 3288 3150 et

1727 3207 1847 3262 hoc.
1884 3204 2269 3275 Planuszenim,
2305 3213 2361 3256 ut
2389 3201 2602 3272 opinor,
2626 3207 2680 3252 et
2708 3194 2938 3264 simplex
2964 3200 3049 3247 est
3081 3203 3290 3246 sermo.

1724 3298 1858 3354 Nam
1900 3298 2198 3352 formatum
2240 3295 2457 3366 quidem
2507 3304 2590 3349 est
2638 3292 2690 3345 in
2744 3287 3014 3358 principio
3064 3283 3290 3345 animat,

1719 3391 1991 3447 formante
2043 3390 2176 3444 illud
2229 3387 2372 3452 Deo,
2424 3394 2478 3441 et
2527 3386 2832 3439 honoraute
2887 3375 3294 3449 quodammodo

1715 3483 2018 3540 secundum
2053 3481 2364 3550 Scripturas
2395 3493 2508 3533 sure
2544 3489 2738 3530 manus
2758 3473 3102 3527 formatione.
3135 3469 3296 3525 Post-

1716 3588 1881 3644 quam
1912 3582 2096 3626 autem
2129 3571 2454 3642 productum
2478 3575 2584 3632 est,
2615 3577 2674 3620 ιιι
2703 3574 2869 3628 esset,
2914 3564 3294 3634 configuraba-

1718 3672 1808 3718 tur
1836 3662 1905 3718 ad
1953 3661 2146 3726 Deum,
2173 3676 2298 3716 cum
2330 3659 2635 3728 inspiratus
2662 3667 2745 3713 est
2773 3657 2822 3712 ei
2857 3654 3094 3726 Spiritus
3121 3654 3288 3709 vitaz:

1716 3756 1809 3810 ubi
1841 3770 1970 3810 vero
1997 3755 2184 3809 amisit
2215 3752 2702 3808 sanctificationem
2736 3764 2831 3820 per
2858 3763 3048 3802 casum
3076 3747 3129 3801 in
3157 3761 3288 3816 per-

1713 3857 1895 3902 catum
1926 3845 1996 3900 ad
2037 3846 2355 3915 primaevam
2389 3852 2444 3899 et
2483 3843 2764 3912 antiquam
2793 3841 3010 3896 reduxit
3039 3839 3285 3909 pulchri-

1715 3939 1985 4003 tudinem,
2016 3940 2318 3994 innovante
2353 3937 2714 3992 inveteratam
2757 3935 2824 3990 ad
2863 3933 3101 4004 speciem
3151 3932 3292 3986 divi-

1713 4046 1864 4096 nam,
1921 4045 1986 4086 ac
2015 4029 2356 4100 spiritualem
2401 4028 2644 4093 Christo,
2692 4037 2746 4083 et
2791 4041 2898 4081 non
2941 4027 3106 4081 aliam
3149 4041 3292 4096 quo-

1711 4125 2027 4189 dammodo,
2061 4139 2225 4195 quam
2256 4123 2386 4179 olim
2411 4123 2466 4176 in
2499 4122 2787 4194 principio.
2823 4122 3114 4190 [inspiravit
3140 4123 3284 4178 enim

1709 4215 1914 4272 sanctis
1959 4214 2219 4282 apostolis
2253 4213 2443 4268 dicens
2475 4230 2489 4266 :
2534 4229 2554 4264 ι
2585 4212 2832 4280 Accipite
2863 4209 3128 4282 Spiritum
3157 4228 3288 4268 san-

1711 4314 1862 4360 ctum
1891 4304 1961 4358 “.
2004 4321 2023 4354 ι
2080 4301 2177 4358 Vel
2217 4302 2464 4373 nunquid
2497 4310 2615 4357 erat
2640 4302 2693 4355 in
2718 4301 2935 4356 Christo
2964 4317 3103 4357 nova
3131 4317 3291 4357 crea-

1711 4397 1873 4452 tura?
1907 4415 1927 4448 ‹
1956 4394 2225 4451 Hermias.
2255 4413 2275 4447 ι
2325 4395 2525 4451 Etiam.
2564 4413 2582 4447 ι
2619 4395 2877 4451 Sanctus.
2912 4414 2931 4448 ι
2967 4397 3136 4466 Igitur
3162 4411 3288 4450 vere

1714 4491 1933 4556 dicitur,
1967 4490 2076 4544 imo
2103 4498 2158 4544 et
2191 4489 2504 4544 necessario
2533 4487 2876 4560 intelligitur,
2919 4490 3065 4560 quod
3101 4505 3283 4559 quan-

1710 4583 2002 4653 doquidem
2061 4589 2338 4647 vetustas,
2391 4589 2462 4648 ,ει
2506 4583 2936 4652 corruptibilitas
2983 4583 3286 4638 debilitavit

1710 4675 2001 4744 imaginem
2035 4672 2088 4725 in
2133 4671 2594 4736 sanctificatione,
2629 4671 2876 4742 nunquid
2919 4673 3284 4728 concedenius

1708 4767 2137 4837 assutnptionem
2184 4765 2378 4836 eiﬁgiei
2421 4765 2618 4821 divina:
2668 4765 2722 4818 in
2760 4779 2978 4820 reversu
3027 4776 3082 4820 et
3129 4769 3285 4820 novi-

1708 4869 1817 4915 tate
1856 4861 1924 4913 ad
1969 4857 2247 4927 pristinam
2287 4857 2660 4913 recursionem
2691 4867 2746 4912 et
2795 4859 3118 4924 novitatem,
3160 4875 3282 4928 qua:

1707 4966 1803 5020 per
1831 4950 2154 5006 Christum?
2202 4968 2222 5003 ι
2256 4949 2528 5005 Hermias.
2577 4969 2596 5003 ι
2639 4949 2732 5005 Vel
2759 4951 3018 5006 maxime.
3074 4969 3094 5003 τ
3137 4951 3280 5008 Sau-

1711 5053 1856 5099 ctus.
1917 5061 1936 5095 »
1988 5043 2105 5098 Etsi
2157 5058 2188 5098 a
2245 5043 2562 5100 substantia
2611 5042 2850 5112 Spiritus
2902 5056 3050 5100 esset
3101 5047 3277 5116 gratia

1706 5145 1958 5206 separata
1996 5135 2138 5206 ejus,
2174 5151 2273 5192 cur
2294 5151 2404 5190 non
2437 5136 2576 5190 dixit
2608 5137 2896 5192 manifeste
2924 5115 3280 5207 beatusqqui;

1709 5227 1830 5282 dem
1857 5226 2093 5299 Moyses,
2125 5227 2272 5298 quod
2293 5225 2527 5282 adducto
2549 5227 2770 5282 animali
2803 5239 2862 5282 ut
2879 5227 2965 5294 sit,
2993 5228 3278 5298 inspiravit

1697 5323 1953 5393 gratiam-
1981 5321 2228 5376 omnium
2265 5320 2444 5392 opifex
2481 5335 2578 5392 per
2629 5321 2982 5390 spirationem
3029 5321 3173 5386 vitae,
3223 5331 3278 5376 ct

1697 5416 1952 5473 Christus
1982 5415 2160 5472 nobis.
2211 5414 2454 5485 Accipite
2489 5413 2721 5486 gratiam
2765 5428 2862 5483 per
2908 5413 3273 5468 ministerium

1699 5511 1876 5565 sancti
1922 5507 2181 5578 Spiritus,
2220 5506 2319 5562 sed
2363 5515 2679 5576 nuncupata
2708 5515 2793 5560 est
2843 5506 2897 5560 in
2925 5505 3017 5561 illo
3047 5507 3276 5574 spiritus

1703 5603 1865 5661 vitae?
1910 5601 2028 5658 Vita
2077 5603 2224 5657 enim
2271 5615 2398 5656 vera
2452 5601 2672 5656 deitatis
2731 5609 2952 5664 natura,
3002 5599 3274 5669 siquidem
3340 5625 3347 5660 ι

1702 5709 1893 5750 verum
1923 5703 2028 5765 est,
2073 5694 2129 5749 in
2169 5694 2294 5765 ipsa
2335 5707 2438 5750 nos
2476 5694 2661 5750 vivere
2690 5701 2745 5749 et
2774 5693 3007 5762 moveri,
3043 5702 3098 5750 et
3127 5707 3272 5749 esse.

694 5853 740 5886 ⁸⁵
764 5852 922 5912 Joan.
954 5871 1064 5922 xxv,
1097 5854 1187 5910 26.
1267 5854 1311 5887 "
1335 5852 1492 5910 Joau.
1523 5873 1614 5923 xx,
1650 5855 1744 5913 ἓξ.
