3944 6578
88 465 197 529 753

884 476 1321 539 REFUTATIO
1362 477 1731 542 PHOTIANI
1775 482 1988 542 LIBRI
2035 485 2133 544 DE
2173 486 2483 546 SPiRlTU
2523 486 2578 546 S.

3281 480 3385 542 ’151

91 584 492 656 αποτολμῆσαι
517 588 704 658 λέγειν
747 594 854 664 πρδ
883 594 980 666 τῆς
1011 589 1450 668 ἀναπληρώσεως
1485 599 1664 662 ἐνδεές
1685 616 1699 631 '

1814 601 2122 657 necessario
2154 599 2423 658 aﬂirn-arc
2457 602 2726 671 cOgimur,
2759 608 2855 654 aut
2888 597 3085 654 Filium
3121 612 3226 650 una
3259 611 3393 650 cunt

90 676 190 727 καὶ
244 677 358 756 τὸν,
395 678 526 733 Υίὸν
584 684 752 752 μέρος
802 687 1226 757 χρηματίσαντα
1283 693 1586 762 πατρικδν,
1644 692 1704 745 τὺ

91 769 344 836 φρικτὸν
385 772 488 843 τῆς
520 774 750 846 Τριάδος
800 782 1100 851 μυστήριον
1133 785 1213 848 είς
1262 783 1430 839 δυάδα
1481 802 1704 857 περιτε-

92 864 240 930 μεῖν.
286 864 377 931 ιε’.
417 867 530 920 Καὶ
555 869 691 923 πολὺ
723 870 789 924 ἂν
813 872 902 942 εῐη
931 871 1184 940 ζιζανίων
1210 877 1339 931 ἄλλο
1367 879 1704 949 πλῆθος-ἀπὸ

88 950 192 1018 τῆς
221 951 288 1018 ἐξ
317 953 498 1026 ἀρχῆς
531 959 966 1033 καταϐληοείσης
1001 981 1053 1017 τι
1086 969 1330 1037 πονηρᾶς
1353 968 1700 1024 ἀναϐλαστά-

89 1062 182 1096 νυν
213 1050 440 1121 σπορᾶς
465 1066 481 1081 °
513 1052 582 1124 ῆν
616 1054 738 1125 οὐχὶ
778 1056 1170 1126 καθευδόντων,
1203 1062 1279 1125 ὠς
1325 1063 1524 1128 ἔοικεν,
1559 1065 1697 1119 ἀλλὰ
1745 1077 1752 1121 ῒ

94 1136 184 1188 τὸν
218 1139 375 1194 κατὰ
399 1140 580 1216 ψυχὴν
608 1145 994 1220 ἐγρηγορότων
1021 1151 1252 1208 θάνατον
1274 1155 1371 1208 καὶ
1397 1155 1704 1228 ζητούντων

93 1230 203 1282 τῶν
243 1236 667 1308 φρενοδλαὸὦν,
698 1243 846 1308 ὅπως
878 1246 970 1300 τὸν
1010 1247 1218 1303 ἄνωθεν
1253 1249 1348 1303 καὶ
1371 1251 1565 1322 εὐγενῆ
1611 1251 1725 1306 καὶν

96 1326 384 1394 σωτήριον
409 1332 801 1391 ὲπινοθεύσωσι
823 1340 1048 1411 σπόρον,
1077 1342 1319 1397 ἐπελθὼν
1342 1345 1371 1397 ὁ
1391 1343 1486 1398 τοῦ
1512 1344 1704 1414 γένους

95 1416 305 1486 ἐχθρὸς
336 1425 460 1487 ταῖς
489 1427 670 1483 αὐτῶν
700 1433 1062 1506 κατέσπειρεν
1093 1436 1310 1502 ἀθλίαις
1338 1437 1561 1512 ψυχαῖς.

1808 690 1970 745 Patre
1999 707 2123 747 esse
2154 705 2398 760 paterna:
2434 693 2788 764 hypostaseos
2817 690 3160 762 participem,
3183 701 3248 742 ex
3281 701 3391 756 qua

1806 793 1862 841 et
1887 785 1992 840 hoc
2035 784 2312 851 habuerit,
2346 787 2490 854 quod
2526 787 2598 841 sit
2644 799 2851 850 causa,
2891 792 2988 839 aut
3033 781 3243 838 Filium
3270 793 3392 848 per-

1806 893 2018 934 sonam
2054 877 2331 948 complere
2381 877 2594 941 Patris,
2650 894 2772 948 quae
2830 875 3061 948 proinde
3111 883 3237 928 ante
3288 872 3390 925 hoc

1804 972 2272 1039 complementum
2316 963 2496 1041 indiga
2543 982 2596 1026 et
2641 969 2905 1026 deﬁciens
2957 967 3155 1032 fuerit;
3201 965 3392 1033 sicque

1803 1063 2143 1119 admittendo
2160 1063 2664 1134 Filiumquamdam
2695 1077 2819 1118 esse
2846 1063 3158 1132 portionem
3183 1055 3396 1122 Patris,‘

1813 1158 2154 1217 tremendum
2185 1157 2473 1214 Trinitatis
2507 1158 2829 1230 mysterium
2868 1157 2923 1212 iu
2957 1153 3233 1211 biuarium
3279 1151 3393 1206 cir-

1813 1249 2218 1308 cumcidemus.
2256 1251 2345 1304 Π.
2383 1250 2580 1323 Ingens
2613 1265 2833 1322 quoque
2877 1249 3112 1304 aliorum
3155 1243 3394 1300 zizanio-

1812 1359 1936 1400 rum
1983 1344 2140 1414 copia
2188 1359 2256 1400 ex
2305 1344 2450 1399 malo
2499 1344 2606 1399 hoc
2656 1345 2867 1399 semine
2909 1342 2978 1398 ab
3018 1340 3174 1395 initio
3216 1337 3395 1408 posito

1815 1436 2242 1524 germinaverit;
2285 1437 2434 1508 quod
2482 1445 2664 1492 tamen
2714 1451 2826 1491 non
2877 1431 3303 1493 dormientibus,
3337 1436 3397 1481 ut

101 1511 348 1580 videtur,
384 1532 578 1575 verum
612 1524 804 1580 mortis
835 1528 1139 1584 secundum
1171 1531 1414 1586 animam
1447 1531 1690 1600 vigiliam
1728 1511 2084 1602 vigilantibus
2140 1530 2626 1600 quaerentibusque
2657 1530 2868 1586 insanis
2932 1527 3076 1592 istis,
3117 1525 3396 1596 quomodo

98 1619 434 1673 supremum
468 1611 600 1667 illud
624 1613 924 1685 ingenuum
977 1631 1032 1676 et
1093 1622 1336 1680 salutare
1405 1638 1592 1680 semen
1633 1622 2066 1688 ‘adultorarent,
2115 1623 2514 1692 superveniens
2557 1623 2782 1678 humani
2863 1617 3308 1691 generisltostis
3343 1618 3396 1672 in

99 1697 330 1767 miseris
358 1699 612 1771 ipsorum
641 1707 936 1765 animabus
964 1713 1281 1770 seminavit.

673 1799 1144 1860 ΑΝΤΙΡΡΗΣΙΣ.

2355 1782 2824 1858 "aerumna.

168 1902 273 1958 IB'.
313 1905 504 1962 Φείδου
525 1909 634 1963 τῶν
664 1910 1003 1984 βλασφήμων
1041 1918 1321 1988 ῥημάτων,
1349 1913 1395 1974 ὦ
1433 1921 1708 1992 ἄνθρωπε⁸

1889 1918 2004 1974 XII.
2039 1921 2208 1975 Parce
2262 1917 2598 1988 blasphemis
2633 1915 2834 1976 verbis,
2893 1930 2926 1968 0
2955 1915 3152 1968 homo!
3187 1913 3401 1968 Culmu-

99 1996 420 2062 διαϐάλλεις
463 2001 573 2072 γὰρ
599 2003 690 2056 τὸν
730 2004 934 2061 Ἰταλὸν
976 2008 1054 2072 ὡς
1104 2009 1331 2079 λέγοντα
1376 2013 1518 2083 τάχα
1567 2016 1707 2085 μετὰ

101 2089 201 2160 τὴν
229 2091 480 2164 ἄναρχον
512 2097 608 2149 καὶ
649 2100 923 2170 πατρικὴν
956 2101 1133 2174 ἀρχὴν
1169 2106 1263 2157 καὶ
1295 2106 1478 2160 αἰτίαν
1506 2110 1705 2177 όμοου-

105 2180 223 2233 σίου
261 2183 435 2237 πάλιν
464 2185 644 2258 ἀρχὴν
683 2189 778 2242 καὶ
809 2190 982 2244 αἴτιον
1026 2193 1389 2248 καθίστασθαι
1414 2196 1507 2249 τὸν
1540 2197 1668 2251 Υίόν
1691 2214 1703 2228 ·

102 2272 163 2325 τὸ
192 2272 316 2346 γὰρ
348 2275 543 2331 πάλιν
576 2279 755 2350 ῥῆμα,
795 2282 1048 2355 χρονικύν
1074 2285 1154 2352 ὃν,
1175 2287 1431 2359 οὐδεμίαν
1458 2289 1570 2360 ἔχει
1609 2291 1710 2360 τὴν

104 2364 352 2434 πάροδον
381 2369 442 2422 ἐν
484 2372 550 2442 τῇ
579 2373 737 2444 ἀϊδίῳ
780 2374 875 2430 καὶ
932 2377 1146 2450 ἀχρόνῳ
1188 2379 1402 2451 Τριάὸι.
1446 2381 1710 2452 Ῥωμαῖοι

102 2455 236 2523 γοῦν
288 2460 462 2514 ἀΐδιον
493 2463 587 2516 καὶ
633 2465 858 2535 ἄχρονον
879 2467 941 2522 τδ
983 2467 1125 2524 θεῖον
1155 2471 1550 2541 πρεσσεύοντες
1592 2473 1711 2538 πῶς

105 2550 169 2602 ἂν
219 2551 625 2624 δογματίσειαν
663 2560 801 2628 μετᾶ
833 2560 935 2630 τὴν
987 2563 1264 2633 πατρικὴν
1312 2565 1490 2637 ἀρχὴν
1541 2566 1710 2640 ἄλλην

105 2643 282 2697 πάλιν
316 2646 516 2718 ἀρχὴν,
547 2649 746 2703 ταυτὸν
783 2651 828 2704 δ’
876 2655 1052 2707 εἰπεῖν
1091 2654 1354 2728 δευτέραν
1397 2656 1576 2729 ἀρχὴν
1613 2677 1712 2712 κα-

107 2734 408 2792 θίστασθαι
437 2741 528 2792 τὸν
551 2741 680 2796 Υἱδν
703 2759 717 2808 ;
756 2742 1037 2814 Ἀρχικὸν
1072 2747 1174 2818 μὲν
1198 2747 1310 2820 γὰρ
1339 2750 1513 2806 αἴτιον
1534 2750 1592 2805 ἒν
1617 2753 1713 2807 καὶ

107 2826 292 2880 οἴδασι
329 2830 412 2901 (Ι)
461 2834 557 2885 καὶ
593 2835 956 2906 πρεσόεύουσι
1001 2838 1095 2892 τὸν
1143 2839 1367 2911 Πατέρα
1390 2857 1405 2870 ·
1437 2842 1517 2895 ὅτι
1566 2843 1713 2897 δὲτὸ

110 2916 352 2986 ἀρχικὸν
401 2919 662 2976 τοῦτο-ἓν
695 2924 868 2980 αίτιον
898 2927 1042 2983 κατὰ
1090 2928 1350 3002 διάφορον
1382 2931 1482 3002 τῆς
1531 2933 1714 2998 αἰτίας

111 3007 293 3062 αίτιὸν
322 3011 440 3066 ἐστι
479 3014 590 3068 τῶν
619 3015 680 3082 ἐξ
721 3019 912 3084 αὐτοῦ,
964 3022 1030 3076 ἐκ
1068 3024 1265 3094 μόνου
1313 3025 1414 3096 μὲν
1456 3027 1622 3082 αὐτοῦ
1652 3029 1714 3082 τὸ

114 3101 351 3173 Πνεῦμα
383 3107 443 3158 οὐ
474 3105 717 3177 λέγουσι,
748 3111 834 3165 διὰ
859 3113 955 3167 τοῦ
988 3116 1117 3170 Υίοῦ
1154 3117 1211 3172 δὲ
1244 3119 1302 3183 ἐξ
1335 3117 1502 3173 αὐτοῦ
1548 3121 1714 3174 ἐκπο-

115 3193 312 3258 ρευτδν
361 3195 496 3250 αὐτὸ
553 3199 803 3269 λέγοντες
858 3206 998 3259 κατὰ
1040 3207 1167 3272 τούς
1222 3207 1411 3276 ἁγίους
1463 3209 1714 3280 Πατέρας

1811 2012 1983 2068 niaris
2020 2015 2167 2067 enim
2194 2011 2407 2075 Italum,
2445 2009 2602 2080 quasi
2657 2009 2822 2072 dicat,
2858 2017 2983 2078 post
3043 2006 3398 2076 principium,

1810 2104 2068 2176 principii
2115 2119 2314 2174 expers
2349 2114 2512 2174 atque
2573 2111 2861 2173 paternum
2916 2097 3401 2156 consubstantia'tis

1811 2211 2005 2252 rursus
2051 2211 2298 2266 personae
2347 2192 2676 2267 principium
2733 2203 2788 2249 et
2827 2208 3048 2249 causam
3095 2193 3401 2248 consistere

1813 2289 2038 2345 Filium.
2070 2289 2208 2344 Nam
2258 2303 2362 2343 vox
2405 2305 2616 2354 rursus,
2651 2301 2776 2343 cum
2807 2285 3122 2357 temporalis
3142 2285 3236 2350 sit,
3278 2286 3400 2339 nul-

1813 2381 1926 2436 lum
1961 2381 2124 2437 habet
2155 2394 2435 2437 accessum
2468 2381 2522 2435 in
2555 2380 2888 2451 sempiterna
2918 2394 2983 2435 ac
3028 2389 3271 2448 tempore
3306 2393 3402 2433 su-

1815 2474 2020 2544 periori
2075 2472 2365 2530 Trinitate.
2417 2473 2648 2528 Romani
2704 2473 2872 2545 igitur
2913 2473 3006 2542 qui
3058 2472 3398 2527 divinitatem

1814 2577 2071 2623 aeternam
2102 2575 2157 2622 et
2204 2576 2450 2637 tempore
2491 2566 2828 2636 superiorem
2861 2573 3230 2634 pr0pngnant,
3258 2577 3397 2632 quo-

1815 2660 1978 2715 modo
2007 2659 2270 2716 docerent
2299 2674 2364 2714 ac
2403 2667 2726 2724 statuerent,
2763 2665 2888 2728 post
2923 2666 3224 2728 paternum
3247 2657 3400 2725 prin-

1816 2753 2024 2824 cipium
2051 2752 2201 2808 aliud
2231 2765 2426 2806 rursus
2456 2749 2810 2821 principium,
2837 2747 2949 2802 sive
2967 2746 3111 2817 quod
3141 2745 3278 2799 idem
3299 2753 3401 2806 est,

1817 2843 2120 2899 secundum
2153 2836 2486 2912 principium
2525 2839 2793 2895 exsistere
2823 2835 3018 2892 Filium
3042 2837 3067 2889 ?
3119 2835 3402 2901 Principa-

1818 2934 1920 2986 Iem
1964 2931 2120 2986 enim
2168 2945 2232 2985 ac
2291 2930 2608 3000 primariam
2675 2941 2899 2984 causam
2971 2941 3144 2980 unam-
3201 2933 3405 2980 norunt

1817 3033 1872 3082 et
1926 3032 2276 3097 propugnant
2318 3040 2333 3080 :
2367 3023 2631 3078 nimirum
2703 3020 2921 3077 Patrem
2963 3021 3040 3090 (a)
3085 3039 3104 3074 :
3136 3019 3399 3088 quoniam

1817 3134 1947 3177 vero
2013 3119 2313 3191 principale
2382 3118 2486 3174 hoc
2539 3116 2868 3189 principium
2936 3114 3239 3170 secundum
3292 3112 3401 3168 dif-

1821 3212 2104 3268 ferentiam
2159 3227 2344 3269 causa:
2405 3225 2767 3282 personarum
2834 3223 2900 3264 ex
2953 3208 3071 3278 ipso
3132 3205 3428 3276 prodeun-_

115 3285 280 3353 ἡμῶν
311 3287 414 3358 οὐχ
442 3288 519 3354 ὡς
549 3293 607 3359 ἐξ
643 3294 836 3365 ἑτέρας
865 3297 933 3350 δι’
974 3299 1166 3371 ἑτέρας
1197 3301 1374 3372 ἀρχῆς
1403 3302 1468 3354 ὲκ
1497 3302 1708 3371 Πατρός

1817 3306 1948 3362 tium
1998 3305 2330 3376 principium
2360 3315 2465 3371 est,
2504 3320 2567 3360 ex
2611 3304 2726 3358 solo
2750 3303 2971 3374 quidem
2999 3301 3117 3372 ipso
3139 3300 3401 3370 Spiritum

115 3377 198 3432 διὰ
231 3379 374 3433 Υίοῦ
408 3383 690 3449 δοξάζουσι
738 3391 986 3460 προϊέναι
1034 3392 1184 3460 αὐτὸ,
1217 3392 1333 3446 ἀλλ’
1378 3394 1460 3447 ὅτι
1505 3397 1614 3449 πᾶν
1651 3399 1713 3449 τὸ

116 3470 199 3523 διὰ
235 3472 339 3526 τοῦ
371 3473 502 3528 Υίοῦ
543 3475 834 3549 λεγόμενον
875 3480 1016 3537 εἶναι
1047 3485 1128 3545 είς
1161 3488 1252 3539 τὸν
1286 3487 1508 3556 Πατέρα
1561 3488 1621 3541 τὸ
1651 3487 1711 3543 ἓν

118 3564 354 3634 ἀρχικὸν
389 3567 564 3622 αἴτιον
592 3573 952 3644 ἀναφέρεται,
986 3578 1050 3630 ὲκ
1084 3577 1302 3648 Πατρὸς
1324 3579 1411 3633 διὰ
1436 3580 1568 3633 Υίοῦ
1613 3581 1712 3635 καὶ

117 3658 173 3722 ἐξ
207 3661 418 3728 ἀμφοῖν
451 3663 527 3727 ὡς
567 3663 626 3730 ἐξ
661 3665 779 3730 ὲνὺς
820 3667 956 3722 Θεοῦ
999 3670 1132 3724 αὐτὸ
1179 3672 1434 3742 λέγουσι’
1484 3675 1578 3729 καὶ
1607 3673 1710 3728 ποῦ

117 3748 310 3802 λοιπὸν
335 3751 397 3804 τὸ
424 3755 802 3825 παραλλάττον
831 3759 888 3812 ὲν
935 3763 1000 3832 τῇ
1035 3762 1257 3835 ἀνάρχῳ
1290 3765 1386 3819 καὶ
1432 3766 1712 3841 ἀρχομένη

118 3845 264 3913 ἀρχῇ
302 3846 399 3898 καὶ
448 3847 518 3899 τὰ
565 3849 730 3919 ἕτερα
772 3853 871 3922 τῆς
907 3854 1004 3926 σῆς
1034 3855 1211 3927 ἔριδος
1259 3859 1708 3930 ἁναπλὰσματας

121 3935 178 3988 Al
215 3937 276 3989 δὲ
305 3937 400 3991 τοῦ
427 3939 600 3994 αἰτίου
644 3941 936 4015 διαιρέσεις
969 3947 1048 4010 είς
1075 3949 1236 4018 φύσιν
1267 3953 1359 4005 καὶ
1392 3953 1708 4020 ὑπόστασιν,

122 4027 186 4090 ἃς
240 4029 383 4098 μετὰ
435 4031 642 4103 πολλῆς
691 4035 1011 4111 ἀναπλάττει
1065 4040 1290 4108 ἁδείας,
1349 4044 1424 4115 μὴ
1485 4045 1709 4109 συνιεὶς,

124 4122 277 4186 ὅπως
321 4123 587 4179 ἀδύνατόν
626 4128 744 4180 ἐστι
783 4129 891 4206 τὴν
913 4132 1212 4188 ὑπόστασιν
1242 4137 1492 4193 ἀνούσιον
1539 4140 1711 4192 αἴτιον

121 4210 265 4268 εἶναι
301 4215 484 4284 λέγειν
509 4217 619 4271 τῶν
643 4219 702 4284 ἐξ
733 4221 922 4292 αὐτῆς,
955 4222 1058 4277 ποῦ
1091 4226 1174 4278 σοὶ
1214 4227 1322 4280 τῶν
1349 4227 1509 4282 θείων
1551 4229 1712 4300 εὐρέ-

122 4307 298 4378 θησαν
333 4310 605 4382 Γραφῶνς
633 4315 791 4380 Τίνες
817 4317 925 4370 τῶν
973 4319 1233 4390 Πατέρων
1272 4303 1432 4374 τοῦτο
1473 4324 1714 4391 παραδε-

121 4398 399 4466 cantuum;
427 4401 495 4455 Ἥ
527 4403 764 4485 ἀγνοεῖς,
804 4407 954 4471 ὅπως
982 4407 1281 4481 διαρρήδην
1326 4410 1708 4485 τέθεολόγηται

120 4493 178 4544 τὸ
213 4494 281 4546 ἑκ
309 4494 413 4564 τῆς
435 4495 622 4559 οὐσίας
649 4497 744 4550 τοῦ
779 4499 991 4570 Πατρδς
1015 4503 1111 4556 καὶ
1140 4503 1240 4556 τὸν·
1258 4503 1386 4558 Υίδν
1418 4508 1711 4573 γεννᾶσθαι

121 4584 220 4637 καὶ
275 4583 340 4637 τὸ
401 4584 629 4656 Πνεῦμα
689 4589 1202 4662 προέρχεσθαι;Τὺ
1247 4594 1305 4647 δὲ
1363 4597 1710 4667 ἀποφανῆηναι

119 4681 224 4748 τὴν
250 4679 531 4750 πατρικὴν
578 4681 878 4738 ὑπόστασιν
926 4687 1402 4759 συμμεριζόμενον
1445 4691 1538 4746 τὸν
1585 4692 1714 4748 Υίδν

121 4770 611 4842 ἢάναπληροῦντα
653 4775 714 4829 τὸ
743 4777 1036 4849 πρόσωπον
1081 4780 1176 4834 τοῦ
1239 4784 1474 4854 Πατρός,
1528 4787 1622 4839 καὶ
1655 4789 1713 4840 at

122 4861 229 4932 πρὸ
259 4864 361 4932 τῆς
391 4863 834 4936 ἀναπληρώσεως
876 4868 1072 4924 ἔνδειαι
1106 4872 1200 4926 καὶ⁸
1225 4874 1280 4926 αί
1308 4876 1388 4940 είς
1424 4876 1594 4931 δυάδα
1617 4876 1711 4931 τοῦ

124 4958 222 5023 τῆς
249 4955 486 5026 Τριάδος
540 4961 842 5031 μυστηρίου
887 4957 1054 5034 τομαὶ
1107 4967 1304 5020 καὶτὰ
1353 4969 1490 5023 ἄλλα
1531 4969 1710 5043 πλήθη

122 5045 230 5099 τῶν
257 5047 517 5112 ζιζανίων
547 5051 642 5104 καὶ
669 5053 727 5105 αι
751 5053 846 5107 τοῦ
867 5055 1130 5124 εὐγενοῦς
1158 5047 1255 5112 Stat
1282 5061 1554 5134 σωτηρίου
1581 5065 1713 5118 σπόο

126 5155 218 5205 ρου
261 5141 662 5211 ἐπικδοθεύσεις,
707 5147 886 5201 πάντα
913 5148 1089 5204 ταῦτα
1117 5152 1178 5205 τὸ
1211 5152 1402 5222 ψευδὲς
1434 5159 1546 5210 καὶΔ
1578 5159 1711 5212 ἀνα-

125 5229 409 5283 πόδεικτον
443 5231 648 5304 ἔχουσι,
681 5235 912 5305 ψευδοῦς
940 5241 1037 5310 τῆς
1067 5241 1428 5314 ὐποτεθείσης
1457 5251 1540 5301 σοὶ
1571 5267 1707 5319 προσ

124 5321 332 5384 τάσεως
351 5322 542 5395 οὔσης,
562 5321 706 5401 ᾗτινι
725 5332 1226 5400 ἐπηκολούθουν-ὼς
1244 5337 1425 5410 ἀληθῆ·
1441 5357 1456 5371 '
1483 5341 1710 5412 μηδενὸς

124 5415 227 5486 γὰρ
252 5415 366 5468 τῶν
398 5416 572 5485 ἁγίων
595 5421 675 5484 εἰς
706 5421 863 5490 λόγον
903 5425 1117 5494 φύσεως
1148 5431 1243 5482 καὶ
1283 5430 1440 5499 λόγον
1471 5434 1712 5490 ὑποστά-

126 5522 255 5571 σεως
286 5508 711 5581 διαιροῦντος-τό
733 5515 909 5570 αἴτιον
937 5521 995 5572 ἐν
1015 5523 1081 5591 τῇ
1108 5522 1256 5594 αἰτίᾳ
1276 5524 1383 5578 τῶν
1406 5527 1469 5578 ἐκ
1499 5527 1709 5598 Harpe;

185 5692 268 5760 (Ι)
311 5692 420 5748 Pro
445 5697 620 5753 ἴσασι,

143 5832 152 5843 ἱ
189 5761 576 5848 ςαλΑιιεεΙΛΙε
595 5785 745 5848 proc.
767 5772 861 5848 Sp.
881 5773 1013 5848 $316
1036 5795 1051 5829 :
1077 5796 1094 5827 ι
1125 5775 1179 5831 Si
1203 5793 1331 5848 ergo
1345 5777 1543 5848 dicitur
1561 5781 1705 5848 quod

126 5831 381 5920 §liirillls_
395 5831 620 5920 sanctus
643 5831 1021 5920 principaliter
1040 5848 1134 5914 (ita
1161 5831 1297 5920 Aug”.
1323 5849 1391 5902 de
1413 5831 1704 5917 Trin.

133 5903 258 5989 lilia
288 5905 449 5989 Patre
482 5911 574 5974 sit,
595 5903 863 5989 nonaliu'd
883 5903 1425 5988 signiticuturjluant
1447 5921 1573 5988 quia
1595 5903 1708 5989 ipse

129 5973 294 6028 illius
329 5976 393 6032 de
417 5994 526 6049 quo
550 5973 632 6038 est
660 5982 894 6054 Spiritus
926 5973 1168 6057 sanctus,
1190 5973 1573 6047 a'Patrcluibct
1606 5973 1707 6048 11.3.3

1816 3415 1922 3455 non
1960 3398 2185 3464 dicunt;
2217 3415 2310 3468 per
2344 3397 2543 3456 Filium
2579 3412 2706 3452 vero
2735 3411 2801 3451 ex
2835 3397 2955 3466 ipso
3014 3394 3400 3464 procedentem

1819 3492 2082 3564 Spiritum
2113 3501 2423 3548 asserentes
2450 3489 2756 3547 secundum
2812 3497 3034 3545 sanctos
3063 3490 3256 3542 Patres
3300 3502 3405 3541 nn-

1816 3592 1983 3646 stros,
2047 3598 2154 3637 non
2217 3580 2366 3637 velut
2426 3599 2492 3638 cx
2546 3581 2655 3636 alio
2716 3597 2813 3652 per
2867 3581 3012 3636 aliud
3073 3579 3401 3650 principium

1816 3692 1880 3732 cx
1911 3676 2070 3731 Patre
2094 3675 2313 3744 prodire
2340 3683 2569 3730 censent
2610 3675 2789 3744 ipsum
2817 3693 2831 3742 ;
2866 3689 3058 3729 verum
3089 3675 3216 3744 quia
3249 3674 3404 3743 quid-

1819 3767 1948 3836 quid
1982 3783 2076 3838 per
2117 3766 2316 3821 Filium
2357 3767 2729 3831 dicituresse,
2769 3766 2834 3821 ad
2861 3765 3103 3832 Patrem,
3142 3781 3309 3820 unum
3339 3765 3404 3818 il-

1817 3861 1908 3916 lud
1944 3861 2242 3931 principale
2272 3861 2629 3931 principium,
2684 3858 2941 3925 refertur,
2993 3874 3057 3916 ex
3093 3858 3254 3915 Patre
3310 3874 3404 3928 per

1818 3954 2016 4010 Filium
2058 3967 2112 4008 et
2164 3970 2228 4009 ex
2272 3965 2502 4023 utroque
2549 3964 2806 4022 tanquam
2839 3969 2902 4009 ex
2939 3968 3048 4007 uno
3086 3953 3194 4008 Deo
3253 3952 3403 4006 illum

1817 4045 2027 4101 dicunt.
2056 4043 2121 4100 Et
2155 4045 2375 4100 ubinam
2410 4055 2668 4101 cancrum
2705 4044 3010 4100 diﬂ‘erentia
3043 4045 3096 4099 in
3115 4043 3413 4116 principio,

1818 4138 1959 4207 quod
1980 4138 2101 4194 sine
2125 4138 2394 4208 principio
2421 4147 2524 4201 est,
2545 4147 2598 4192 et
2626 4139 2678 4193 in
2705 4139 2997 4209 principio,
3020 4139 3167 4207 quod
3193 4138 3402 4209 princi-

1819 4232 2024 4302 piatum
2039 4242 2144 4296 est,
2159 4246 2223 4286 ac
2243 4232 2448 4302 reliqua
2472 4241 2578 4286 tuae
2603 4233 2880 4302 pugnandi
2908 4233 3154 4288 libidinis
3175 4233 3402 4302 llgmen~

1821 4327 1909 4380 ta?
1963 4325 2268 4382 Divisiones
2295 4342 2425 4380 vero
2455 4326 2707 4396 principii
2744 4327 2798 4379 in
2828 4335 3078 4380 naturam
3106 4337 3271 4395 atque
3302 4327 3403 4396 hy-

1819 4419 2110 4491 postasim,
2149 4433 2518 4487 quas-magna
2571 4433 2696 4472 cum
2736 4418 3071 4487 impudentia
3114 4419 3401 4488 contingis,

1819 4514 1946 4568 dum
1971 4512 2196 4567 minime
2231 4511 2510 4579 intelligis,
2537 4511 2816 4580 quomodo
2843 4511 2916 4568 sit
2941 4511 3274 4581 impossibile
3307 4513 3403 4582 Ity-

1747 4649 1791 4704 n
1819 4606 2080 4676 postasim
2114 4607 2320 4676 absque
2368 4606 2607 4660 essentia
2661 4620 2886 4661 causam
2920 4621 3136 4671 eorum,
3184 4621 3306 4676 qua:
3335 4623 3398 4661 ex

1822 4699 1938 4769 ipsa
1970 4709 2121 4765 sunt,
2165 4715 2285 4754 esse
2340 4698 2546 4764 dicere,
2579 4698 2805 4754 ubinam
2840 4699 2897 4754 in
2939 4699 3240 4770 Scripturis
3263 4700 3405 4755 divi-

1821 4789 1908 4844 nis
1937 4803 1968 4843 a
2006 4797 2056 4845 te
2084 4798 2313 4858 reperta:
2359 4790 2530 4843 sunt?
2588 4789 2825 4855 Quinam
2855 4807 2919 4844 ex
2973 4789 3232 4847 Patribus
3299 4792 3403 4847 hoc

1821 4878 2208 4936 tradiderunt?
2245 4881 2326 4934 An
2352 4897 2484 4936 vero
2517 4882 2759 4953 ignoras,
2793 4883 3014 4938 disertis
3048 4885 3230 4941 verbis
3271 4885 3404 4940 illud

1818 4973 2005 5028 doceri
2058 4987 2122 5028 ac
2161 4973 2444 5043 medicari
2473 4990 2537 5028 ex
2573 4976 2810 5030 essentia
2840 4975 3021 5033 Patris
3061 4991 3172 5033 tum
3204 4978 3397 5035 Filium

1817 5064 1987 5134 gigni,
2020 5075 2132 5121 tum
2161 5064 2422 5136 Spiritum
2457 5065 2744 5137 progredi?
2777 5067 2912 5124 Illud
2947 5086 3097 5137 vero,
3131 5074 3277 5143 quod
3317 5091 3407 5130 as-

1814 5158 2107 5212 serendum
2136 5172 2256 5213 esse
2285 5159 2506 5226 statuis,
2543 5158 2741 5215 Filium
2792 5159 2909 5219 fore
2937 5174 3176 5235 putemne
3231 5167 3404 5240 hypo-

1815 5257 2030 5304 staseos
2065 5251 2385 5320 participem
2441 5259 2537 5308 aut
2564 5253 2744 5310 Patris
2777 5271 3068 5326 personam
3124 5260 3406 5330 complen-

1815 5351 1948 5407 tem,
1985 5349 2100 5396 tum
2134 5343 2449 5416 indigentia:
2465 5355 2593 5403 ante
2617 5348 2719 5404 hoc
2749 5351 3205 5420 complementum
3237 5361 3402 5424 atquc
3453 5387 3462 5398 η

1817 5430 2108 5490 Trinitatis
2165 5437 2406 5507 mysterii
2443 5439 2498 5492 in
2533 5439 2810 5495 binarium
2849 5444 3143 5510 sectioncs,
3193 5454 3248 5499 et
3279 5446 3392 5500 reli-

1814 5541 1920 5596 qua
1951 5529 2285 5584 zizaniorum
2325 5532 2504 5600 copia,
2552 5533 2772 5589 demum
2809 5545 2868 5591 ει·
2899 5523 3118 5607 ingenui
3167 5553 3228 5593 ac
3256 5539 3406 5593 salu-

1812 5711 2011 5793 ipsumz
2027 5712 2332 5793 utSpi_ritus
2353 5717 2672 5793 sanctussit
2689 5719 2762 5793 de
2778 5720 2889 5793 illo,
2910 5722 3168 5790 quoniam
3189 5722 3238 5777 iu
3258 5729 3402 5793 quod

1811 5790 1896 5857 est
1926 5783 2089 5857 habet
2114 5783 2149 5839 a7
2177 5787 2360 5851 Patre,
2409 5804 2516 5842 non
2553 5789 2696 5843 sicut
2721 5788 2773 5843 in
2809 5783 2971 5846 rebus
3000 5794 3219 5857 creatis,
3272 5783 3396 5850 cum

1813 5853 2020 5934 aliquid
2046 5858 2347 5934 asserimus
2377 5874 2500 5934 esse
2517 5857 2915 5934 principaliter,
2936 5853 3398 5934 rvolttmtts’signi-o

1813 5924 1999 5999 iicute,
2051 5928 2196 5996 quod
2261 5930 2436 5998 magis
2502 5924 2575 5984 sit
2610 5924 2760 5993 (hoc,
2801 5924 2947 5999 quod
3013 5934 3217 5989 dicitur

1816 5995 2207 6066 principalilcr,
2238 5995 2398 6069 quam
2429 5999 2590 6067 illud,
2615 6000 2679 6056 ad
2713 5995 2864 6071 quod
2888 6005 3140 6060 relertur.
3188 6027 3210 6060 ι
