3798 6564
160 403 232 468 701
717 455 720 458 .
857 403 1292 466 ΒΕΡΗΤΑΊἹΟ
1327 402 1670 466 PHOTIAN

1804 406 1956 467 IBRI
2002 405 2098 468 DE
2135 409 2446 469 SPlthU
2488 411 2551 469 S.

705 509 1094 569 KEIMENON.

211 609 295 660 ια’.
339 601 488 655 Ἐπεὶ
512 601 570 656 δέ
600 618 660 656 σε
688 603 808 656 οὐδὲ
839 605 907 657 τά
931 607 1037 657 τῶν
1069 609 1275 661 παίδων
1303 607 1502 661 είδέναι
1533 608 1564 678 ἡ
1589 607 1682 661 τοῦ

150 704 235 760 τοῖς
277 693 556 757 ἀδυνάτοις
604 694 904 764 ἐπιχειρεῖν
958 698 1302 769 ἀπεστέρησε
1364 698 1681 768 θρασύτης,

147 789 252 844 ἀλλά
278 803 337 854 γε
369 785 486 849 νῦν,
518 786 568 838 εί
609 785 708 839 καὶ
747 786 824 857 μὴ
859 789 1146 856 πρότερον,
1189 791 1429 844 συνιέναι
1463 807 1524 843 σε
1556 790 1681 861 χρὴ,

146 884 203 936 ὡς
227 880 364 933 οὐδὲν
394 877 537 933 οὕτω
564 878 834 952 λαμπρῶς
865 881 1081 934 ἵσταται
1112 882 1254 936 κατὰ
1278 883 1377 952 τῆς
1409 883 1506 953 σῆς
1541 885 1682 936 ἀπο-ι

145 971 276 1034 νοίας,
316 969 389 1032 ὡς
427 972 460 1040 ἡ
498 971 802 1043 Δεσποτικὴ
857 971 954 1027 καὶ
1006 975 1276 1044 σωτήριος
1318 974 1457 1044 αὕτη
1505 976 1679 1045 φωνή.

147 1067 190 1118 Et
219 1062 438 1133 μὲνγὰρ
467 1061 692 1131 ἐλεγενο
741 1064 844 1130 Ἐξ
885 1063 1036 1134 ἐμοῦ
1091 1065 1381 1134 λήψεται,
1435 1067 1544 1120 οὐδ’
1590 1065 1682 1119 οὓ-

143 1175 201 1210 τω
249 1155 304 1208 τό
341 1171 422 1208 σοι
478 1145 915 1227 σπουδαζόμενον
953 1157 1228 1227 ἐλάμϐανε
1257 1159 1456 1229 ,πέρας
1479 1173 1495 1189 ο
1543 1157 1683 1228 πλὴν

141 1249 229 1329 alii:
265 1243 376 1317 εἶχε
421 1265 543 1300 τινα
585 1248 855 1320 πρόφασιν
898 1251 933 1320 ἡ
987 1250 1185 1320 πλάνη.
1251 1249 1389 1305 Οὐδὲ
1417 1251 1529 1320 γὰρ
1563 1251 1684 1304 οὐδὲ

136 1343 184 1392 τὸ
221 1341 505 1411 λαμϐάνειν
544 1342 656 1396 ἀπό
703 1359 848 1406 τινος
895 1343 1084 1414 χρείας
1131 1344 1297 1413 ἄλλης
1343 1344 1528 1414 χάριν,
1585 1343 1682 1396 καὶ

139 1437 245 1504 πρὸς
283 1437 538 1490 οὖσίωτιν
594 1437 986 1506 ἐκπορεύεσθαι
1042 1440 1124 1502 είς
1163 1439 1332 1493 ταυτδ
1384 1440 1680 1506 συνάγεται

134 1531 183 1598 τῇ
236 1527 464 1598 διανοίᾳο
522 1527 722 1581 πολλοῦ
770 1545 834 1598 γε
897 1530 992 1586 καὶ
1037 1529 1136 1585 δεῖ.
1197 1531 1350 1584 Ἐπεὶ
1385 1531 1445 1583 δὲ
1466 1531 1565 1599 τῆς
1597 1547 1684 1582 το-

135 1620 308 1688 σαύτης
351 1619 604 1683 ἀσεϐείας
646 1620 708 1675 τὸ
741 1621 974 1692 μέγεθος
1002 1623 1032 1675 ὀ
1060 1622 1252 1694 Σωτὴρ
1281 1623 1530 1694 προορῶν
1560 1624 1681 1678 οὐδὲ

133 1713 361 1783 τοιαύτην
396 1713 578 1784 ἀφῆκε
625 1714 832 1786 φωνὴν,
868 1714 953 1768 ἵνα
1009 1715 1084 1786 μὴ
1133 1715 1362 1780 πολλοὺς
1408 1715 1497 1770 διὰ
1525 1717 1678 1787 σοῦή

132 1805 204 1858 τοῦ
229 1805 466 1874 Πονηροῦ
499 1807 806 1876 κακουργία
849 1807 1224 1878 κατανεμηθῇ.
1269 1807 1407 1871 πῶς,
1433 1809 1554 1861 ἀντὶ
1582 1809 1675 1862 τοῦ

3261 419 3371 482 762

2407 519 2711 576 TEXTUS.

1855 608 1946 662 21.
1987 609 2257 676 Quoniam
2292 626 2422 668 vero
2451 612 2532 666 vel
2593 628 2655 666 ea
2702 628 2825 682 qua:
2856 627 3040 683 pucrts
3067 628 3197 671 sunt
3239 627 3369 675 nota

1788 702 1930 756 scire
1955 710 2009 756 te
2033 703 2203 758 vetuit
2228 719 2440 758 summa
2475 705 2586 772 illa,
2611 721 2716 772 qua
2740 707 2899 761 etiam
2920 709 2986 762 ad
3012 709 3370 778 impossibilia

1787 795 2071 850 contendis
2090 797 2394 864 temeritas,
2413 813 2558 854 nunc
2576 799 2790 865 saltem,
2816 803 2918 857 etsi
2947 817 3056 858 non
3085 805 3256 872 prius,
3281 805 3368 859 in-

1786 887 2027 958 telligere
2051 889 2218 945 debes
2253 891 2390 945 nihil
2443 901 2554 946 tant
2577 892 2726 948 clare
2776 903 2882 950 tua:
2927 911 3141 950 vesanae
3171 897 3369 952 adver-

1787 977 1922 1044 sari,
1955 979 2420 1048 quemadmodum
2467 983 2583 1038 haec
2606 985 2822 1040 Domini
2858 996 3022 1055 atque
3063 986 3366 1046 Salvatoris

1784 1084 1919 1124 vox.
1948 1070 2186 1137 Siqcnim
2217 1071 2424 1130 diceret
2464 1093 2479 1128 :
2513 1074 2588 1129 De
2609 1092 2688 1129 me
2712 1079 2957 1146 accipiet,
3012 1095 3110 1134 nec
3143 1080 3224 1144 sic
3242 1082 3368 1150 qni-

1785 1161 1907 1218 dem
1957 1165 2105 1233 quod
2143 1166 2333 1222 studes
2375 1167 2752 1233 evinceretnr;
2807 1169 3030 1226 haberet
3063 1181 3242 1226 tamen
3266 1173 3368 1226 alio

1784 1268 1950 1322 quem
2013 1265 2336 1325 praetextum
2388 1274 2566 1314 error.
2603 1257 2791 1330 Neque
2823 1263 2966 1316 enim
3002 1265 3246 1332 accipere
3299 1265 3366 1318 ab

1781 1347 1967 1416 aliquo
2033 1349 2105 1405 ob
2155 1351 2322 1405 alium
2396 1353 2708 1421 quempiam
2785 1370 2946 1409 usum
3005 1367 3059 1409 et
3115 1357 3370 1412 substan-
3443 1347 3445 1350 i

1782 1439 1898 1496 tiali
1971 1443 2322 1511 processione
2365 1444 2660 1514 procedere
2717 1446 2770 1500 iu
2816 1447 3072 1502 eumdem
3142 1465 3365 1504 sensum

1781 1534 2146 1598 conveniunt;
2182 1534 2412 1588 multum
2463 1534 2637 1601 abeSt,
2680 1545 2738 1589 ut
2783 1536 2886 1590 hoc
2919 1536 2992 1591 ita
3055 1553 3113 1594 se
3147 1537 3364 1594 habeat.

1781 1622 2050 1689 Quoniam
2092 1641 2224 1680 vero
2257 1636 2419 1682 tanta:
2448 1627 2747 1696 impietatis
2767 1629 3200 1696 magnitudinem
3240 1631 3364 1684 Sal-

1781 1726 1936 1772 valor
1951 1718 2253 1786 praevidens
2277 1736 2380 1774 non
2407 1722 2564 1776 talem
2599 1722 2778 1776 emisit
2809 1738 3020 1786 vocem,
3062 1738 3130 1776 ne
3163 1724 3366 1778 multos

1781 1823 1883 1878 ope
1930 1819 2021 1865 tua
2076 1812 2341 1866 daemonis
2373 1813 2612 1883 nequitia
2644 1803 3056 1883 depasceretur,
3086 1815 3364 1884 quomodo

132 1909 425 1977 κατηγορεῖν
453 1906 864 1976 τδνΔεσπότην,
899 1907 1000 1961 οὐκ
1029 1875 1125 1970 είς
1146 1875 1247 1978 τῆν
1274 1906 1367 1961 τοῦ
1407 1908 1674 1962 Δεσπότου

1804 1875 1899 1955 nco
1920 1902 2287 1956 accusationis
2309 1875 2474 1971 quani
2498 1875 2730 1960 Domino
2759 1905 2994 1958 intendis
3014 1875 3119 1975 (tt),
3151 1903 3216 1958 ad
3247 1905 3366 1972 ejus

131 2000 199 2052 δεὰ
241 1999 561 2068 συγγνώμης
606 1999 670 2052 οὐ
725 1999 1093 2069 καταφεύγεις
1135 2001 1213 2069 (l)
1268 1998 1678 2070 φιλανθρωπίαν

131 2092 203 2144 καὶ
246 2091 312 2144 τὰ
352 2091 448 2161 τῆς
480 2091 708 2160 καρδίας
741 2093 1056 2160 ὑπανοίγεις
1093 2085 1206 2146 ὦτα
1245 2094 1312 2162 τῇ
1359 2092 1564 2146 ἐκείνου
1596 2091 1678 2144 δι·

131 2184 398 2254 ὂτσχαλίᾳς
430 2183 534 2253 κβ’.
577 2178 746 2237 Εἶπεν
783 2186 810 2238 ό
843 2186 1057 2256 Σωτὴρ,
1101 2187 1197 2250 τίς
1243 2186 1362 2250 οὐκ,
1400 2185 1502 2249 Ἐξ
1529 2184 1677 2254 ἐμοῦ

129 2273 345 2341 λήψεται,
377 2273 512 2339 ἀλλ’,
567 2275 668 2328 Ἐκ
693 2275 802 2328 τοῦ
841 2275 990 2344 ἐμοῦ
1017 2274 1306 2344 λήψεται.
1344 2277 1500 2346 ᾜδει
1521 2276 1630 2346 γὰρ
1650 2277 1678 2328 ό

130 2365 310 2428 πάντας
334 2363 506 2418 ἐλθὼν
539 2369 604 2436 τῇ
637 2365 864 2438 ἀληθείᾳ
890 2365 1100 2434 διδάξαι
1159 2369 1470 2438 συμφωνεῖν
1495 2366 1678 2438 πολλῷ

131 2456 306 2525 μᾶλλον
324 2459 612 2528 συντηρεῖν
628 2457 996 2528 ἀνεπίληπτον
1017 2458 1114 2527 τὴν
1135 2460 1454 2529 συμφωνίαν
1475 2461 1674 2532 ἐαυτῷ.

135 2554 214 2605 Ἐκ
247 2551 352 2606 τοῦ
393 2551 542 2621 ἐμοῦ
571 2550 839 2620 λήψεται
866 2567 881 2580 °
933 2552 1132 2621 πολλὴν
1180 2553 1276 2607 καὶ
1321 2553 1583 2624 μεγάλην,
1631 2555 1678 2606 εί

128 2643 207 2696 καὶ
249 2643 437 2714 βραχεῖ
488 2642 854 2713 παραλλάττει
913 2645 1142 2713 ῥήματι,
1183 2643 1244 2696 τὸ
1275 2643 1342 2697 ἐκ
1391 2643 1499 2698 τοῦ
1529 2644 1678 2713 ἐμοῦ

127 2732 243 2794 πρὸς
269 2733 347 2795 τὸ,
386 2731 455 2795 ἐξ
479 2731 650 2799 ἐμοῦ,
683 2731 782 2802 τὴν
826 2731 1090 2802 διαφορὰν
1119 2733 1233 2803 ἔχει
1259 2748 1272 2763 ο
1309 2733 1366 2785 τὸ
1419 2733 1515 2802 μὲν
1543 2733 1674 2802 γὰρ,

125 2823 182 2885 ἐξ
201 2822 362 2891 ἐμοῦ,
403 2823 564 2876 αὑτὸν
590 2823 681 2875 τὸν
728 2823 952 2877 εἰπόντα
979 2824 1078 2894 τὴν
1109 2825 1293 2893 φωνὴν
1334 2826 1673 2893 συνεισάγει·

123 2917 174 2966 τὸ
196 2916 253 2969 δὲ
280 2915 344 2969 ἐκ
386 2915 495 2969 τοῦ
524 2915 672 2984 ἐμοῦ
721 2918 940 2979 πάντως
970 2917 1156 2988 ἕτερον
1200 2918 1492 2987 πρόσωπον
1527 2919 1678 2988 παρὰ

124 3007 201 3059 τὸν
219 3007 452 3062 simium.
490 3007 668 3061 Τοῦτο
691 3008 747 3061 δὲ
790 3010 944 3062 ποῖον
974 3008 1040 3062 ἂν
1067 3009 1175 3078 εἴη,
1217 3011 1278 3076 ἐξ
1313 3001 1375 3063 οὗ
1408 3006 1674 3078 λαμϐάνει

122 3100 172 3150 τὸ
215 3097 450 3169 Πνεῦμα,
503 3101 552 3152 εί
583 3099 658 3171 μὴ
685 3100 716 3152 ό
743 3100 971 3171 Πατήρ;
1013 3099 1132 3153 οὐδὲ
1169 3102 1279 3170 γὰρ
1319 3101 1429 3154 οὐδ’
1457 3102 1584 3157 ἄλλο
1622 3121 1676 3156 τι

1781 1989 2122 2044 ciententiatn
2160 1991 2508 2060 impetrandae.
2543 1993 2712 2046 venia:
2738 2007 2902 2047 causa
2935 2009 3040 2047 non
3092 1993 3364 2062 confugis,

1781 2095 1881 2134 nec
1899 2081 2082 2136 cordis
2103 2083 2293 2152 pandis
2320 2098 2481 2138 aures
2505 2083 2570 2138 ad
2594 2085 2714 2154 ejus
2734 2085 3076 2141 doctrinam?
3104 2085 3197 2143 22.
3227 2087 3368 2141 Dixit

1780 2171 2050 2240 Salvator,
2071 2189 2179 2229 non
2207 2191 2222 2228 :
2247 2175 2322 2228 De
2345 2191 2425 2229 me
2446 2178 2685 2246 accipiet,
2704 2178 2796 2232 sed
2829 2193 2841 2229 :
2872 2177 2944 2233 De
2983 2195 3094 2232 meo
3124 2180 3363 2247 accipiet.

1781 2261 2016 2318 Noverat
2045 2265 2190 2320 enim
2227 2267 2319 2337 qui
2355 2267 2500 2322 venit
2550 2269 2871 2324 hortaturus
2903 2285 3114 2336 omnes,
3181 2281 3240 2323 ut
3271 2286 3364 2324 vce

1780 2359 1927 2414 ritati
1963 2362 2369 2429 concordentct
2425 2375 2748 2430 consonent,
2810 2366 2980 2421 mttlto
3032 2368 3208 2436 magis
3258 2366 3361 2419 sibi

1782 2455 2199 2508 consonantiam
2236 2455 2496 2511 illibatam
2566 2473 2895 2513 conservare
2943 2459 3016 2513 De
3054 2476 3164 2512 meo
3218 2459 3365 2511 acci-

1779 2548 1884 2615 piet
1905 2562 1920 2613 ;
1941 2547 2067 2602 licet
2097 2549 2374 2604 modicum
2401 2566 2538 2606 sono
2568 2551 2855 2605 verborum
2892 2552 3184 2620 discrepet,
3218 2553 3363 2604 mul-

1784 2649 1896 2694 tum
1931 2649 2110 2695 tamen
2138 2652 2193 2697 ct
2231 2658 2484 2714 magnum
2509 2643 2737 2698 interest
2778 2645 3074 2707 discrimen
3131 2645 3273 2697 inter
3301 2642 3366 2696 de

1781 2749 1892 2786 meo
1940 2733 2080 2788 etde
2119 2751 2237 2801 me;
2269 2751 2390 2790 nam
2423 2737 2658 2792 dicendo
2716 2738 2782 2790 de
2822 2755 2923 2800 me,
2960 2738 3051 2792 ille
3097 2737 3211 2805 ipse
3269 2733 3362 2805 qui

1782 2840 1968 2880 vocem
2035 2827 2363 2890 enuntiavit,
2417 2830 2730 2896 inducitur;
2790 2829 3022 2882 dicendo
3062 2841 3244 2882 autem
3301 2829 3367 2880 de

1779 2935 1914 2984 meo,
1943 2919 2166 2976 omnino
2201 2921 2306 2975 alia
2341 2936 2369 2974 a
2399 2921 2719 2992 proferente
2763 2937 2994 2990 persona
3027 2920 3364 2990 intelligitur.

1779 3011 1905 3067 ΙΙωο
1936 3027 2066 3067 vero
2117 3029 2366 3083 quamam
2403 3014 2509 3074 alia
2552 3013 2734 3076 fuerit,
2784 3029 2847 3067 ex
2883 3028 2989 3082 qua
3027 3013 3224 3080 accipit
3251 3011 3370 3078 Spi-

1780 3106 1940 3170 ritus,
1973 3105 2080 3161 nisi
2099 3104 2260 3162 Pater
2282 3106 2508 3176 ?Neque
2528 3107 2671 3161 enim
2706 3106 2757 3160 hi
2785 3105 2886 3174 ipsi
2921 3105 3028 3158 Deo
3057 3121 3368 3174 repugnan-

123 3191 492 3262 Gecpathv-cs;
534 3192 1007 3262 ἀναπλάσσουσιν·
1060 3193 1184 3246 οὔτε
1231 3194 1339 3265 γαρ
1385 3197 1441 3262 ἐξ
1483 3197 1673 3266 ἐτέρου

1804 3213 1859 3251 es
1898 3197 2043 3251 aliud
2075 3198 2203 3267 quid
2241 3197 2588 3268 con’ﬁngent;
2622 3214 2729 3250 non
2793 3198 2936 3252 enim
2966 3212 3029 3249 ex
3068 3197 3175 3249 alio
3207 3195 3364 3258 Filio,

124 3283 264 3348 Υίοῦ,
288 3284 343 3338 οὗ
399 3285 528 3354 μὴν,
574 3284 689 3361 ἀλλδ
718 3282 830 3337 οὔτ’
860 3285 920 3350 ἐξ
956 3285 1122 3338 αὐτοῦ
1172 3286 1266 3339 τοῦ
1317 3286 1682 3357 λαμϐάνοντος

124 3377 412 3446 ιινεύματος
441 3379 542 3448 (2).
580 3377 743 3450 Ὁρᾷς
773 3380 922 3441 ὅπως
965 3379 1084 3432 οὐδὲ
1117 3379 1184 3432 τα
1227 3377 1334 3432 τῶν
1364 3378 1569 3432 παίδων
1601 3395 1682 3431 σοι

122 3469 352 3537 παρεῖναι
381 3467 565 3537 (pati;
595 3471 686 3522 καὶ
716 3469 825 3539 γάρ
856 3469 947 3522 καὶ
980 3469 1166 3532 παῖδες
1201 3469 1376 3522 ἴσασιν
1406 3469 1530 3539 ἄρτι
1558 3485 1681 3538 φοι-

120 3559 302 3622 τῶντες
343 3561 424 3624 εἰς
463 3562 906 3632 γραμματιστοῦ,
933 3561 993 3616 τὸ
1035 3563 1154 3632 μὲν,
1206 3561 1276 3627 ἐξ
1303 3561 1472 3632 ἐμοῦ,
1521 3561 1683 3615 αὐτον

122 3652 412 3719 συνεισάγει
444 3653 522 3722 (‘3)
556 3654 644 3705 τὸν
676 3656 984 3723 προάγοντα
1009 3655 1108 3725 τὴν
1136 3653 1231 3706 τοῦ
1261 3654 1419 3722 λόγου
1450 3671 1678 3724 περικοο

124 3740 240 3810 πὴν,
270 3741 325 3793 τὸ
351 3741 406 3794 δὲ
437 3742 508 3795 ἐκ
535 3741 639 3796 τοῦ
669 3741 817 3811 ἐμοῦ
856 3744 1041 3814 ἓτερον
1072 3742 1364 3812 πρόσωπον
1405 3744 1679 3815 ἐμφαίνει,

121 3833 380 3902 ἡνωμένον
419 3835 518 3903 μὲν
553 3833 626 3905 (4)
662 3835 882 3906 δεσμοῖς
934 3835 1262 3900 οίκειώσεως
1320 3837 1394 3907 τῷ
1451 3838 1680 3902 εἰπόντι,

122 3925 355 3996 διάφορον
386 3925 440 3980 δὲ
476 3928 695 3991 πάντως
720 3931 788 4000 τῇ
837 3930 1164 3982 ὑποστάσειο
1199 3930 1335 4000 πρὸς
1377 3929 1405 3983 δ
1449 3931 1680 3984 καὶτῶν

122 4019 387 4086 ἀκροατῶν
418 4019 519 4090 τὴν
551 4019 789 4074 διάνοιαν
813 4021 1065 4086 ἀπλανῶς
1092 4021 1352 4091 φέρεσθαι
1379 4021 1680 4091 παραπέμ-

124 4107 298 4180 πει[;]·
319 4109 454 4164 ὥστε
479 4110 539 4163 τὸ
565 4110 655 4163 σὺν
677 4111 1036 4180 προσφύγιον,
1060 4113 1218 4181 εἰπερ
1239 4111 1374 4174 ὅλως
1397 4111 1538 4164 ἕλοιο
1561 4112 1681 4164 ἀντὶ

124 4201 207 4253 τοῦ
233 4203 498 4256 δυσσεϐεῖν
525 4203 789 4271 εὐσεϐεῖν,
821 4204 1104 4276 μετανοίας
1135 4204 1200 4258 ἄν
1231 4221 1311 4258 σοι
1344 4205 1680 4275 προσφὺγιον

123 4292 336 4361 γένοιτο,
362 4295 583 4366 οὐδεμία
607 4295 660 4349 δὲ
693 4296 828 4367 πρὸς
852 4296 912 4348 τδ
941 4297 1228 4368 θεομαχεῖν
1262 4297 1506 4367 ἀφορμή.

653 4481 1112 4538 ΑΝΤΙΡΡΠΣΙΣ.

1788 3288 1900 3341 imo
1939 3303 2116 3356 neque
2149 3305 2214 3343 ex
2275 3287 2508 3357 ipsomct
2562 3289 2870 3358 accipiente
2905 3287 3131 3356 Spiritu.
3183 3285 3364 3352 Vides,

1785 3379 2060 3447 quomodo
2096 3396 2161 3433 ne
2194 3380 2286 3432 ilia
2325 3379 2569 3449 quidem,
2621 3396 2740 3448 qum
2795 3378 2978 3448 pueris
3034 3379 3157 3431 trita
3215 3387 3365 3439 sunt.

1785 3471 1952 3524 calles
1981 3487 1995 3537 ;
2030 3487 2154 3524 nam
2187 3474 2268 3525 vel
2304 3473 2454 3541 pueri
2490 3477 2972 3541 grammaticorum
3009 3471 3365 3539 frequentan-

1787 3571 1866 3616 tes
1900 3563 2142 3618 scholam
2190 3563 2392 3627 sciunt,
2440 3579 2570 3617 voce
2621 3564 2722 3617 hac
2774 3564 2836 3616 de
2876 3579 2955 3614 nte
2987 3562 3136 3616 illntn
3188 3563 3364 3628 ipsum

1785 3655 2009 3718 includi,
2053 3659 2141 3726 qui
2167 3658 2430 3712 orationis
2457 3659 2743 3727 peric0pcn
2775 3657 3029 3727 protulit;
3064 3656 3162 3708 hac
3182 3664 3362 3707 autem

1783 3747 1847 3798 de
1880 3761 1992 3798 meo
2016 3747 2176 3798 aliam
2219 3761 2503 3815 personam
2537 3747 2737 3801 diserte
2796 3746 3111 3816 signifitari,
3158 3746 3364 3799 unitaut

1786 3837 2002 3903 quidem
2053 3837 2275 3904 jutibns
2315 3837 2721 3906 conjunctionis
2773 3853 2896 3892 cum
2930 3853 2994 3890 eo
3023 3836 3115 3906 qui
3177 3845 3364 3890 vocem

1782 3928 2176 3998 pronuntiavit,
2210 3931 2303 3983 sed
2335 3929 2670 3984 differenten:
2706 3930 2931 3983 omnino
2969 3925 3148 3997 quoad
3193 3928 3365 3996 hypo-

1781 4020 2006 4078 stasim;
2045 4020 2108 4072 ad
2148 4021 2288 4073 hanc
2321 4022 2480 4074 etiam
2514 4020 2821 4075 auditorum
2850 4020 3205 4090 cogitationes
3247 4019 3365 4071 sine

1781 4109 1984 4164 erroris
2030 4111 2271 4178 periculo
2315 4113 2631 4166 transmittit
2671 4122 2723 4166 ct
2777 4127 2969 4165 secure
3014 4109 3230 4163 deducit
3266 4107 3364 4177 (b).

1780 4202 1962 4265 Quare
2019 4211 2172 4255 tuum
2228 4203 2646 4273 subterIUgium,
2703 4201 2997 4255 dummodo
3056 4199 3142 4267 pie
3208 4198 3364 4250 malis

1779 4311 1942 4364 quam
2002 4296 2166 4364 impie
2228 4297 2454 4359 sentire,
2518 4295 2852 4366 paenitentia:
2899 4293 2997 4346 tibi
3054 4289 3356 4360 perfugium

1779 4389 1970 4454 fuerit,
2001 4405 2107 4442 non
2135 4405 2262 4443 vero
2288 4391 2397 4444 ulla
2425 4392 2489 4444 ad
2528 4390 2938 4459 repugnandum
2975 4390 3084 4445 Dco
3118 4387 3357 4443 occasio.

2342 4481 2797 4538 REFUTATIO.

189 4573 299 4641 lC’.
334 4575 390 4628 Ὀ
424 4576 523 4646 τὴν
555 4575 662 4629 ἀπὸ
713 4575 808 4630 τοῦ
844 4575 973 4629 Υίοῦ
1022 4575 1184 4645 λῆψιν
1226 4574 1320 4629 τοῦ
1369 4573 1679 4645 Πνεῦματος

1858 4577 1998 4632 XVI.
2029 4577 2132 4645 Qui
2153 4577 2522 4647 acceptionetn
2554 4574 2792 4646 Spiritus
2823 4591 2851 4629 a
2879 4574 3014 4628 Filio
3047 4589 3210 4627 uuam
3243 4590 3362 4627 esse

124 4665 244 4729 μίαν
271 4663 566 4735 ἡγούμενος
591 4663 721 4726 τῶν,
766 4665 889 4717 ὅσαι
919 4664 1027 4717 ἀπό
1051 4682 1193 4726 τινος
1217 4665 1457 4734 γίνονται
1485 4665 1677 4736 λήψεις

118 4755 316 4821 χρείας
349 4755 546 4824 ἄλλης
590 4755 768 4825 χάριν
792 4755 978 4822 τινὸς,
1011 4752 1110 4809 οὐκ
1158 4756 1380 4826 ὀκνήσει
1410 4757 1551 4827 τάχα.
1583 4758 1678 4810 καὶ⁵

116 4845 212 4916 τὴν
236 4848 294 4899 ἐκ
326 4847 534 4919 Πατρὶς
557 4846 882 4914 ὲκπόρευσιν
901 4845 996 4900 τοῦ
1027 4847 1182 4916 ἁγίου
1207 4846 1518 4917 Πνεύματο,
1548 4847 1678 4916 μίαν

118 4936 413 5006 ἡγήσασθαι
440 4937 549 4992 τῶν
578 4937 698 4992 ὅσαι
730 4939 836 4991 ἀπό
867 4956 1010 5001 τινος
1037 4939 1289 5007 λέγονται
1321 4939 1678 5011 ὲκπορεύσεις

115 5027 380 5101 διαφόροις
427 5030 651 5103 τρόποις
708 5031 1035 5101 σημασιῶν*
1090 5031 1204 5084 ἀλλ’
1257 5031 1445 5102 ὥσπερ
1497 5034 1679 5106 πάσης

118 5117 272 5190 ἄλλης
317 5120 695 5193 ἐκπορεύσεως
746 5124 780 5192 ἡ
829 5122 922 5176 τοῦ
979 5122 1292 5194 Πνεύματος
1353 5125 1678 5195 ὲκπόρευσις

117 5210 408 5284 διενήνοχεν
453 5214 722 5285 οὐσιώδης
769 5213 904 5268 οὖσα
951 5203 1320 5286 καῖ’φυσικὴ,
1351 5214 1492 5268 οὕτω
1525 5218 1619 5270 καὶ
1643 5217 1678 5281 ἡ

120 5303 182 5353 ἐκ
209 5304 296 5358 τοῦ
345 5304 472 5360 Υίοῦ
523 5305 686 5376 λῆψις
727 5305 822 5359 τοῦ
865 5307 1179 5376 Πνεύματος
1231 5307 1384 5360 οὐδέν
1429 5324 1481 5360 τι
1527 5307 1678 5360 δοτὺν

119 5397 362 5463 σημαίνει
394 5399 542 5468 παρὰ
575 5397 668 5451 τοῦ
702 5397 830 5452 Υίοῦ
855 5399 931 5468 τῷ
955 5399 1264 5468 ,Πνεῦματπ
1308 5398 1441 5453 ἀλλὰ
1472 5402 1676 5470 φυσική

119 5498 197 5546 τις
223 5490 317 5541 καὶ
347 5489 606 5559 οὖσιώδης
629 5491 941 5558 ἀναγκαίως
971 5492 1171 5544 νοεῖται
1208 5491 1302 5543 καὶ
1329 5503 1343 5519 ⁸
1369 5492 1547 5562 μάτην
1582 5493 1678 5544 αὑ-

188 5643 258 5719 (l)
288 5647 352 5719 in
385 5646 544 5702 Laur.
572 5648 634 5703 οὐ
665 5648 817 5704 deest
848 5660 974 5704 ante
1007 5650 1395 5719 καταφεύγεις.

189 5716 261 5790 (:2)
287 5715 448 5790 Laur.
472 5720 841 5790 λαμϐάνοντος
876 5719 1114 5790 πνεῦμα.

189 5782 258 5858 t5”)
292 5786 394 5858 l’ro
419 5782 722 5855 συνεισάγει
753 5788 898 5844 Laur
925 5808 938 5844 :
970 5782 1330 5858 σῦνεισάγειν.

189 5856 256 5920 {it
291 5854 448 5912 Laur.
496 5854 780 5930 πρόσωπον
809 5863 1065 5932 ἐμφανῶς
1096 5854 1375 5933 ἡνωμένον
1408 5866 1528 5934 μέν.

1784 4680 1936 4744 putat
1965 4686 2029 4724 ex
2074 4671 2140 4724 iis
2170 4685 2291 4740 quae
2321 4669 2685 4724 communiter
2726 4667 2865 4721 fiunt
2925 4665 3268 4736 receptioues
3298 4667 3361 4719 ob

1787 4764 2015 4833 aliquem
2049 4763 2214 4815 alium
2246 4777 2421 4826 usum,
2460 4760 2548 4814 vix
2597 4760 2700 4814 iste
2747 4758 3098 4823 dubitaverit,
3137 4772 3360 4827 proces-

1788 4854 1999 4908 sionem
2029 4846 2245 4924 quoque
2275 4850 2516 4921 Spiritus
2543 4849 2714 4905 sancti
2757 4864 2820 4905 ex
2856 4847 3016 4903 Patre
3049 4849 3363 4903 existimare

1788 4947 2056 5011 unam_ex
2089 4945 2198 5000 illis
2227 4941 2672 5014 processionibus
2705 4955 2824 5010 qua!
2859 4941 2926 4994 ab
2960 4940 3138 5009 aliquo
3169 4939 3362 4993 dictat-

1789 5045 1877 5094 tur
1909 5037 2209 5090 secundum
2263 5036 2448 5090 varios
2494 5033 2953 5102 significationum
3004 5031 3218 5086 modos.
3262 5027 3365 5082 Ve-

1755 5108 1758 5110 V
1787 5139 1907 5177 rum
1936 5119 2397 5193 quemadmodum
2435 5122 2502 5176 ab
2543 5122 2693 5176 omni
2739 5121 2842 5174 alia
2877 5122 3225 5191 processioue
3251 5120 3362 5174 dif-

1789 5215 1889 5268 fert
1926 5213 2101 5268 sancti
2151 5206 2386 5283 Spiritus
2417 5216 2699 5285 processio
2729 5225 2915 5284 utpote
2964 5212 3271 5269 essentialis
3307 5221 3363 5265 et

1787 5308 2047 5362 naturalis
2074 5308 2368 5369 exsistens,
2400 5311 2480 5363 sic
2507 5317 2561 5363 et
2602 5309 2846 5380 acceptio
2882 5306 3115 5376 Spiritus
3160 5321 3189 5358 a
3225 5303 3364 5359 Fiiio

1787 5401 1919 5454 nihil
1943 5399 2180 5454 dandum
2222 5399 2448 5470 Spiritui
2481 5417 2509 5453 a
2542 5399 2680 5454 Filio
2730 5398 3020 5468 significat,
3072 5398 3163 5451 sed
3198 5405 3364 5448 natu-

1785 5494 1913 5548 ralis
1944 5505 1996 5548 et
2031 5493 2342 5549 essentialis
2384 5495 2632 5563 acceptio
2668 5491 2986 5548 necessario
3015 5487 3359 5556 intelligitur.

1855 5651 1929 5720 (a)
1971 5649 2152 5714 Catif.,
2201 5651 2319 5703 loco
2360 5647 2649 5720 accusandi
2720 5644 3039 5720 salvatoris,
3104 5640 3356 5696 clarius:

1791 5740 1808 5772 ι
1845 5716 1940 5790 pro
1971 5740 2056 5784 eo,
2084 5724 2228 5790 quod
2272 5734 2558 5774 accusares
2599 5716 2912 5791 Dominum.
2953 5736 2996 5791 ο-
3272 5782 3282 5791 _
3325 5783 3334 5791 _

1784 5785 1934 5916 Clit.)
1991 5785 2116 5846 μου·
2156 5793 2387 5847 incisum
2440 5791 2574 5860 πρὸς
2600 5789 2626 5842 ὃ
2663 5816 2725 5828 -
2775 5785 3139 5857 παραπέμπει
3177 5785 3367 5844 omisit

1828 5873 1896 5916 att
1930 5899 1943 5914 .
