3944 6580
319 456 429 519 765
1096 458 1532 520 REFUTATIO
1570 459 1936 519 PIIOTIANI
1980 461 2193 520 LIBRI
2234 459 2332 520 DE
2371 458 2684 519 SPIRITU
2726 457 2784 519 S.
3467 453 3576 514 766

313 571 541 625 δάσκειν
570 569 600 624 δ
649 571 892 642 μηδόλως
920 571 1167 643 ἐγνώσθη
1209 574 1297 627 διὰ
1341 574 1451 627 τῶν
1480 573 1767 644 ἁχράντων
1791 592 1903 645 χει-

2009 575 2295 628 tradidisse
2329 582 2382 628 et
2436 588 2534 642 per
2583 573 2754 642 ipsam
2805 570 3025 634 docere,
3073 569 3216 638 quod
3272 567 3582 621 nullatenus

316 664 461 716 λέων
495 661 848 734 προαγαγών.
881 664 990 717 Καὶ
1022 666 1055 734 ή
1093 664 1193 734 μὲν
1225 666 1590 728 ὲνυπὸστατος
1621 668 1780 738 σοφία
1803 667 1899 721 τοῦ

2009 663 2166 716 labiis
2214 663 2330 716 suis
2362 661 2673 729 purissimis
2730 659 3026 729 protulisse
3087 657 3459 727 cognoscitur.
3514 653 3582 708 Et

316 754 462 808 Θεοῦ
485 755 548 807 τὸ
576 754 800 823 Πνεῦμα
839 757 1189 825 μυσταγωγεί
1229 756 1625 826 ἐκπορεύεσθαι
1667 758 1757 810 τοῦ
1790 759 1901 811 Πα-

315 843 452 911 τρός
472 859 489 874 ⁸
519 845 585 898 σὺ
615 844 671 898 δὲ
704 845 894 915 ὥςπερ
917 845 1161 916 ἐλέγχειν
1192 849 1374 900 πᾶσαν
1401 850 1638 919 σπονδὴν
1661 847 1902 903 ἐπελθὼν

277 1014 284 1018 ὴ
317 934 699 1003 διαφωνοῦντα
731 936 865 1008 πρὸς
890 934 1098 1000 ἑαυτὸν,
1131 938 1192 991 τὸ
1231 939 1453 1010 Πνεῦμα
1482 941 1706 1010 κράζεις
1736 959 1902 1011 μετα-

313 1027 598 1082 διδάσκειν
626 1028 1020 1104 ἐκπορεύεσθαι
1051 1029 1110 1096 ὲξ
1135 1030 1324 1096 αὑτοῦ,
1369 1032 1462 1085 καὶ
1498 1033 1600 1101 τῆς
1637 1033 1736 1103 μὲν
1768 1051 1902 1102 προ⁴¹

314 1120 490 1190 τέρας
547 1119 865 1186 ἐξίστασθαι
907 1121 1208 1190 θεολογίας,
1259 1122 1350 1194 διὰ
1391 1123 1446 1178 δὲ
1494 1125 1594 1194 τῆς
1645 1124 1905 1194 δευτέρας

316 1214 542 1282 ἐκείνης
572 1229 629 1266 τε
658 1212 1016 1284 παραφαῦλον
1058 1215 1233 1289 ποιεῖν
1255 1215 1349 1270 καὶ
1379 1215 1500 1270 οὐδὲ
1536 1217 1672 1288 αὑτῇ
1714 1219 1774 1270 τὸ
1801 1216 1901 1270 κύ-

319 1321 442 1374 ριον
477 1307 784 1376 συντηρεῖν.
815 1304 1141 1386 Ἀπαξνγᾶρ
1170 1307 1268 1376 τῆς
1306 1307 1364 1360 ὲν
1407 1307 1589 1379 χάριτι
1627 1307 1903 1375 θεολογίας

316 1395 429 1448 ὑπὸ
455 1394 554 1465 τῆς
580 1393 804 1465 χάριτος
827 1397 1301 1467 περιτρεπομένης
1327 1395 1563 1469 οὐδαμοῦ
1587 1397 1648 1450 τὸ
1683 1397 1903 1469 βέϐαιον

311 1489 422 1561 τὴν
455 1489 711 1561 διαμονὴν
744 1491 988 1564 εὑρήσει.
1279 1481 1288 1492 “

870 1650 1340 1711 ἈΝΠΡΡΗΣΙΣ.

307 1827 312 1835 .
399 1789 496 1844 lZ'.
529 1788 802 1859 Εὐφήμει,
832 1790 1106 1860 ἄνθρωπε,
1169 1793 1264 1846 καὶ
1292 1791 1400 1846 τῶν
1425 1791 1668 1862 ἀδελφῶν
1703 1793 1778 1864 μὴ
1809 1811 1907 1848 κα-

315 1880 590 1950 ταψεύδου
639 1881 744 1935 τῶν
791 1883 920 1946 σῶν,
955 1883 1065 1938 τῶν
1114 1883 1466 1942 Δεσποτικῶν
1507 1885 1768 1954 ῥημάτων
1805 1900 1905 1936 κα-

2005 755 2272 824 sapientia
2313 742 2660 823 quidem'Dei
2699 767 2794 820 per
2847 766 2907 806 se
2951 750 3260 806 subsistens
3311 749 3575 818 Spiritum

2006 847 2170 900 tradit
2198 846 2489 916 procedere
2523 861 2554 900 a
2589 843 2781 910 Patre;
2816 851 2871 898 tu
2907 857 3038 898 vero
3067 843 3216 898 omni
3243 843 3582 897 contendens

2004 939 2210 1004 studio,
2253 939 2406 993 illum
2441 939 2598 1008 quasi
2653 937 3030 992 dissonantem
3082 935 3187 991 sibi
3232 935 3579 1001 redarguere,

2004 1034 2206 1088 clamas
2235 1031 2412 1100 ipsum
2476 1037 2688 1084 mutato
2723 1028 2954 1086 consilio
2999 1029 3251 1081 docuisse
3317 1024 3582 1093 Spiritum

2005 1123 2074 1178 ab
2105 1123 2225 1190 ipso
2280 1121 2596 1192 procedere,
2635 1129 2690 1174 et
2736 1135 2766 1174 a
2819 1117 2986 1190 priori
3036 1117 3256 1187 quidem
3309 1115 3581 1184 theologia

2007 1214 2304 1274 recessisse
2330 1229 2347 1278 ;
2383 1227 2476 1282 per
2508 1211 2806 1266 secundam
2828 1224 2957 1264 vero
2983 1209 3128 1262 illam
3158 1207 3395 1278 priorem
3429 1219 3585 1274 spre-

2006 1309 2175 1368 visse,
2213 1306 2325 1360 imo
2353 1318 2452 1360 nec
2485 1301 2773 1373 posteriori
2806 1303 2973 1355 robur
3005 1315 3166 1355 suum
3199 1311 3581 1353 conservasse.

2005 1399 2063 1456 Si
2089 1399 2233 1454 enim
2263 1398 2451 1469 gratia:
2482 1394 2754 1463 theologia
2782 1393 2850 1446 ab
2880 1394 3107 1464 ipsamet
3144 1392 3317 1462 gratia
3355 1388 3585 1448 subver—

2006 1501 2178 1552 tatur,
2220 1501 2492 1558 nusquam
2522 1485 2676 1540 ﬁrma
2709 1485 2909 1555 poterit
2941 1497 3286 1554 permanere.
3354 1532 3359 1536 .

2568 1639 3017 1701 REFUTATIO.

2078 1786 2243 1842 XVII.
2280 1784 2445 1848 Tace,
2473 1783 2658 1847 homo,
2687 1780 2798 1836 noli
2827 1789 3018 1834 contra
3050 1775 3248 1836 fratres
3285 1784 3407 1838 tuos
3431 1790 3588 1830 men-

2009 1876 2514 1942 tiriralumniaudo
2547 1889 2666 1940 eos,
2695 1873 2852 1942 quasi
2895 1870 3112 1926 Domini
3168 1869 3350 1924 verbis
3400 1867 3593 1924 illude-

317 1976 637 2046 τορχεῖσθαι
700 1977 795 2030 καὶ
844 1975 1280 2044 καταψεύδεσθαι
1325 1977 1628 2032 διαϐάλλων
1685 1979 1903 2042 αὐτοὺς,

2015 1986 2136 2030 rent
2155 1983 2208 2027 et
2243 1972 2592 2030 insultarent.
2620 1982 2684 2021 ac
2714 1968 2822 2020 tria
2859 1964 2960 2019 ista
2995 1978 3090 2032 per
3118 1961 3448 2017 calumniam
3478 1960 3589 2013 Do-

319 2068 423 2119 καὶ
451 2067 577 2137 τρία
605 2067 779 2120 ταῦτα
809 2067 1281 2136 συκοφαντοῦντας
1312 2070 1402 2121 τὸν
1423 2069 1702 2139 Δεσπότην
1726 2067 1900 2136 λέγων

315 2157 544 2222 αὐτοὺς,
581 2160 752 2212 είπεῖν
784 2159 814 2212 δ
863 2159 940 2230 μὴ
977 2154 1123 2223 εἷπε,
1169 2161 1244 2232 μὴ
1291 2162 1469 2215 εἶπεῖν
1499 2162 1638 2232 ὅπερ
1659 2155 1780 2214 εἶπε
1806 2159 1900 2213 καὶ

314 2251 449 2303 νοῦν
480 2252 813 2305 ἐκδιδάσκειν
843 2253 906 2322 τῇ
945 2250 1112 2306 αὑτοῦ
1156 2253 1516 2324 μυσταγωγία
1562 2251 1898 2322 μαχόμενον,

317 2346 420 2395 καὶ
455 2346 520 2413 τῇ
575 2343 911 2414 συκοφαντίᾳ
955 2343 1129 2417 ταύτῃ
1164 2343 1425 2414 τέταρτον
1476 2343 1809 2416 προστιθεὶς,
1840 2341 1901 2396 τὸ

326 2433 576 2501 εἰσάγειν
605 2435 764 2504 δῆθεν
793 2435 1016 2497 τούτους
1038 2435 1202 2488 αὐτὸν
1224 2433 1739 2505 ἀντινομοθετοῦντα
1770 2435 1898 2486 ἑαυ-

313 2525 400 2593 τῷ
425 2543 440 2557 ·
480 2526 650 2579 ταῦτα
695 2526 802 2596 γὰρ
849 2529 1026 2581 πάντα
1057 2527 1158 2581 οὐκ
1192 2521 1412 2581 ἄλλοθεν
1458 2527 1574 2581 ἀλλ’
1625 2528 1683 2593 ἐξ
1720 2528 1900 2583 αὐτῶν

314 2617 434 2669 τῷν
465 2617 522 2668 ἐν
554 2616 902 2684 [εὐαγγελίοις
928 2616 1021 2670 τοῦ
1053 2617 1304 2688 Σωτῆρος
1334 2617 1528 2686 φωνῶν
1554 2615 1644 2670 τὸν
1670 2616 1893 2688 ἔλεγχον

320 2708 558 2772 ἕξουσιν.
605 2710 664 2761 Ei
693 2709 800 2779 γὰρ
827 2711 1191 2780 συκοφαντίαν
1218 2710 1314 2763 τοῦ
1346 2711 1596 2780 Σωτῆρος
1618 2714 1729 2775 τοῖς
1763 2713 1900 2765 Ῥω-

327 2798 508 2866 palm;
534 2798 802 2866 ἐγκαλεῖς,
817 2800 893 2864 ὡς
922 2800 1088 2857 αὐτοῦ
1123 2800 1242 2868 μὲν,
1265 2802 1364 2854 Ἐκ
1392 2799 1500 2855 τοῦ
1518 2801 1688 2876 ἐμρίῦ,
1715 2802 1898 2854 εἰπόν-

321 2907 358 2943 τ
389 2908 438 2952 ς.
460 2891 743 2960 λήψεται,
777 2892 891 2945 ἀλλ’
920 2893 1022 2945 οὐκ
1048 2892 1117 2957 ἐξ
1143 2893 1311 2963 ἐμοῦ,
1336 2893 1444 2946 τῶν
1475 2893 1532 2946 δὲ
1560 2894 1588 2946 ὃ
1618 2893 1716 2964 μὲν
1746 2888 1898 2958 οὗτος

325 2983 550 3052 εἴρηκεν
584 2981 972 3052 ἀναιρούντων,
1000 2983 1028 3037 ὃ
1055 2984 1113 3038 δὲ
1141 2984 1239 3037 οὐκ
1269 2983 1472 3054 ἔφησεν
1503 2985 1579 3048 ὡς
1609 2987 1898 3058 εἰρημένον

330 3069 796 3140 συγκροτούντων⁶
827 3071 1000 3134 οὐδεὶς
1026 3072 1135 3126 τῶν
1158 3073 1250 3126 τοῦ
1279 3074 1612 3142 Εὐαγγελίου
1642 3076 1898 3146 μαθητῶν

324 3162 655 3234 ἀνέγκλητος
719 3166 870 3232 μενεί
923 3165 1076 3231 παρὰ
1111 3163 1197 3219 σοὶ
1251 3165 1326 3229 ὡς
1381 3166 1582 3230 πολλὰς
1619 3169 1761 3239 τάχα
1809 3169 1900 3244 καὶ

324 3255 614 3324 διαφόρους
641 3253 735 3308 τοῦ
768 3256 1098 3324 Εὑαγγελίου
1129 3257 1525 3312 διαϐαλλόντων
1551 3261 1852 3328 περικοπὰς
1877 3274 1896 3292 ⁶

2013 2067 2165 2122 mino
2197 2064 2536 2134 aliingereut,
2565 2060 2749 2114 dicere
2795 2073 2918 2126 quae
2940 2071 3049 2110 non
3081 2055 3242 2120 dixit,
3269 2069 3377 2108 non
3408 2053 3592 2120 dicere

1999 2175 2123 2230 qua:
2152 2159 2309 2222 dixit,
2334 2165 2390 2214 et
2424 2155 2748 2213 sententiam
2777 2151 2974 2206 docere
3002 2165 3115 2205 sum
3161 2148 3330 2217 ipsius
3370 2147 3590 2200 institu-

2003 2253 2135 2308 tioni
2177 2257 2602 2322 repugnantem;
2625 2253 2881 2315 quartum
2904 2243 3126 2310 insuper
3153 2238 3282 2294 huic
3306 2237 3590 2293 calumnia:

2002 2345 2271 2410 addendo,
2327 2343 2471 2413 quod
2524 2338 2625 2409 ipsi
2681 2335 2976 2394 Dominum
3041 2332 3261 2388 sibimet
3311 2327 3591 2384 contraria

2003 2437 2340 2496 sancientem
2391 2434 2732 2488 inducerent.
2768 2429 2898 2484 Haec
2943 2425 3088 2480 enim
3129 2422 3312 2478 omnia
3358 2436 3466 2475 non
3494 2418 3592 2474 ali-

2003 2531 2165 2594 unde,
2207 2527 2300 2584 sed
2337 2542 2402 2581 ex
2450 2527 2582 2596 ipsis
2615 2519 2922 2578 Servatoris
2974 2516 3197 2574 vocibus
3233 2513 3288 2570 in
3345 2515 3588 2580 Evange-

2001 2624 2090 2681 liis
2141 2618 2431 2685 descriptis
2483 2614 2870 2670 refutationem
2897 2609 3314 2664 nanciscentur.
3371 2602 3508 2658 Nam
3543 2601 3588 2656 si

2001 2712 2266 2769 Romanis
2295 2710 2452 2780 quasi
2499 2705 2830 2763 calumniam
2875 2699 3103 2756 Domino
3137 2697 3338 2750 illatam
3394 2706 3591 2760 expro-

1999 2806 2148 2873 bras,
2193 2805 2338 2875 quod
2385 2804 2499 2873 ipse
2533 2800 2751 2869 quidem
2785 2795 3008 2861 dixerit,
3071 2791 3143 2846 De
3193 2805 3306 2842 meo
3341 2785 3587 2853 accipiet,

2001 2912 2110 2952 non
2163 2910 2292 2952 vero
2324 2893 2400 2948 Dc
2426 2909 2528 2953 me.
2552 2889 2640 2947 isti
2666 2899 2844 2944 autem
2861 2885 3004 2958 quod
3031 2883 3119 2938 ille
3137 2880 3292 2944 dixit,
3317 2877 3507 2933 tollant
3525 2875 3595 2931 de

2002 2989 2202 3054 medio,
2225 2987 2369 3058 quod
2397 3001 2526 3042 vero
2545 3000 2654 3039 non
2681 2981 2838 3044 dixit,
2856 2981 3012 3050 quasi
3035 2976 3240 3033 dictum
3256 2968 3590 3028 obtrudant:

2001 3100 2164 3150 nemo
2194 3080 2472 3153 Evangelii
2505 3078 2812 3148 discipulus
2853 3073 3165 3142 inculpatus
3195 3068 3338 3140 apud
3381 3075 3431 3122 te
3465 3077 3588 3118 ma-

2001 3177 2174 3243 nebit,
2205 3175 2360 3246 quasi
2394 3173 2597 3229 multas
2627 3179 2681 3228 et
2704 3171 2950 3226 diversas
2978 3163 3254 3235 Evangelii
3288 3162 3573 3233 pericopas

2006 3269 2096 3330 isti
2135 3266 2479 3324 confundant
2535 3278 2600 3318 ac
2647 3260 3037 3331 permisceant.
3069 3256 3328 3310 Protinus
3357 3251 3502 3308 enim
3535 3251 3588 3306 in

325 3346 522 3400 αὐτίκα
555 3347 662 3419 γὰρ
692 3349 748 3400 ὲν
780 3347 1133 3417 Εὑαγγελίοις
1168 3351 1195 3402 6
1219 3342 1414 3420 ’Σωτὴρ
1441 3349 1738 3422 διαρρήδην
1764 3351 1864 3424 βοᾷ
1883 3368 1896 3383 ·

2009 3360 2319 3431 Evangeliis
2361 3358 2622 3414 Servator
2649 3355 2851 3410 diserte
2884 3351 3087 3406 clamat
3118 3364 3133 3402 :
3174 3347 3346 3402 Nemo
3381 3360 3583 3414 cogno-

327 3439 540 3505 Οὐδεὶς
600 3437 979 3510 ἐπιγινώσκει
1045 3442 1154 3495 τὸν
1196 3441 1335 3494 Υιὸν
1384 3443 1436 3496 εί
1476 3441 1565 3510 μὴ
1607 3445 1639 3497 ὁ
1672 3444 1899 3513 Πατὴρ,

321 3530 462 3586 οὐδὲ
502 3532 608 3585 τὸν
635 3531 867 3601 Πατέρα
896 3550 984 3600 τις
1011 3533 1391 3603 ἐπιγινώσκει
1428 3536 1482 3588 εί
1538 3533 1624 3603 μὴ
1661 3538 1694 3590 ό
1733 3537 1898 3600 Υιόςο

321 3624 417 3676 καὶ
443 3623 504 3675 τὸ
533 3624 761 3693 Πνεῦμα
783 3625 876 3677 ἐπὶ
903 3629 967 3697 τῇ
993 3626 1190 3696 γνώσει
1225 3626 1396 3700 ταύτῃ
1425 3627 1740 3698 ἀποσιωπᾷ.
1757 3629 1901 3682 Ἀλλ’

326 3717 374 3767 οἱ
411 3715 511 3786 τῆς
537 3715 899 3786 εὐαγγελικῆς
924 3717 1198 3788 ὑποφῆται
1232 3719 1309 3789 (1)
1343 3719 1623 3787 θεολογίας
1647 3720 1708 3776 τὸ
1739 3720 1903 3792 ῥητὸν

320 3808 483 3862 τοῦτο
517 3811 617 3862 οὐκ
638 3813 718 3872 είς
743 3809 1027 3876 διαστολὴν
1057 3811 1288 3883 ῥηθῆναι
1319 3812 1412 3865 τοῦ
1441 3811 1757 3882 Πνεύματος
1779 3813 1905 3886 ἐξη-

327 3901 575 3971 γοῦνται’
611 3904 726 3957 ἀλλ’
757 3905 899 3968 ἐπεὶ,
931 3907 1083 3973 φασι,
1117 3905 1178 3958 τὸ
1202 3904 1399 3960 εἰδέναι
1425 3907 1506 3976 τῷ
1540 3906 1815 3977 Πνεῦματι
1841 3908 1906 3960 ὲκ

323 3995 422 4048 τοῦ
463 3996 676 4066 Πατρός
713 3996 828 4050 ἐστι
870 3997 927 4048 ὲν
956 3995 1034 4066 τῷ
1076 3996 1328 4064 λέγεσθαι
1371 3997 1462 4051 τὸν
1493 3997 1620 4052 Υίὸν
1646 3998 1907 4068 ἐπιγινώ-

327 4085 559 4140 σκεσθαι
588 4088 738 4158 παρὰ
776 4085 868 4140 τοῦ
901 4085 1137 4155 Πατρδς,
1177 4091 1569 4142 συνεπινοείται
1611 4087 1688 4160 τῷ
1731 4087 1906 4160 Πατρὶ

322 4181 420 4233 καὶ
447 4178 508 4230 τὸ
537 4178 759 4246 Πνεῦμα
777 4192 792 4206 ⁸
820 4177 915 4231 καὶ
937 4175 1100 4230 πάλιν
1124 4179 1150 4230 ὁ
1181 4176 1372 4247 Σωτὴρ
1397 4179 1535 4248 πρὸς
1562 4177 1654 4232 τὸν
1683 4174 1906 4234 είπόντα

321 4268 489 4323 αὑτὸν
521 4266 839 4320 διδάσκαλον
887 4265 1090 4335 ἀγαθὸν
1135 4267 1274 4336 ἔφη’
1314 4267 1376 4320 Τί
1412 4284 1490 4336 με
1534 4267 1733 4339 λέγεις
1762 4267 1906 4340 dra.

321 4360 472 4425 θόν;
525 4358 735 4422 Οὐδεὶς
781 4357 1002 4427 ἀγαθὸς
1043 4360 1096 4412 εί
1133 4358 1220 4428 μὴ
1266 4353 1354 4426 εἷς
1389 4361 1422 4414 ὁ
1476 4361 1656 4425 Θεός·
1693 4362 1787 4413 καὶ
1831 4361 1906 4424 ὡς

321 4451 387 4515 ἐξ
410 4451 674 4520 ἐπιπολῆς
703 4450 850 4503 δοκεῖ
877 4449 938 4502 τὸ
969 4448 1046 4519 μὴ
1075 4449 1278 4518 ἀγαθὸν
1305 4454 1753 4522 προσμαρτυρεῖν
1779 4454 1907 4506 ἑαυ-

321 4544 416 4596 τόν
441 4559 456 4573 ⁸
485 4541 600 4595 ἀλλ’
631 4544 680 4594 οἱ
710 4543 861 4595 αὐτοὶ
880 4544 978 4607 τῆς
1001 4541 1367 4614 εὑαγγελικῆς
1412 4544 1698 4616 ὑφηγητα“ι
1727 4545 1907 4601 θεολο-

323 4634 454 4737 γίας
485 4633 560 4737 τὸ·
585 4633 1136 4737 ,ρητδνὶὲξηγούμενοί
1177 4651 1360 4704 φασιν,
1392 4636 1487 4701 ,ὡς
1534 4637 1562 4688 6
1614 4639 1818 4709 Κύριος
1847 4641 1904 4695 ὲν
1935 4677 1984 4737 D

325 4727 680 4794 Εὑαγγελίοις
723 4725 828 4796 ἔφη
858 4726 1038 4791 τοῦτο,
1080 4727 1200 4796 οὐχὶ
1233 4727 1339 4791 ἔξω
1368 4727 1541 4792 τιθεὶς
1583 4730 1778 4784 ἑαυτὸν
1806 4731 1908 4801 τῆς

323 4820 422 4874 τοῦ
460 4819 664 4889 ἀγαθοῦ
693 4821 924 4891 φύσεως,
957 4821 1095 4874 ἀλλά
1139 4823 1353 4892 πρῶτον
1397 4822 1599 4891 ἀγαθὸν
1641 4819 1786 4878 εἶναι
1817 4824 1906 4878 τὸν

326 4913 551 4984 Πατέρα
572 4914 764 4984 δηλῶν.
790 4914 856 4968 Τί
879 4913 1009 4984 γοῦν
1034 4913 1289 4985 περὶτῶν
1310 4913 1454 4968 οὕτω
1477 4914 1650 4970 ταῦτα
1677 4916 1908 4988 ἐξηγου-

331 5006 512 5078 μένων
543 5008 687 5078 ἐρεῖς
710 5001 894 5076 ;Ἀρᾶ
915 5022 980 5075 γε
1007 5007 1204 5076 φήσεις
1231 5005 1259 5059 δ
1288 5006 1386 5076 μὲν
1414 5007 1637 5078 εἴρηκεν
1664 5007 1692 5060 6
1720 5007 1911 5081 Σωτὴρ

322 5099 686 5170 ἀναιροῦντας
720 5099 941 5165 αὐτοὺς,
997 5098 1026 5151 6
1047 5098 1104 5156 δὲ
1129 5097 1231 5152 οὐκ
1259 5098 1427 5170 ἔφησε
1472 5097 1910 5170 συγκροτοῦντας

322 5192 401 5256 ὡς
439 5189 760 5262 είρημένον;
790 5194 902 5247 Καὶ
926 5193 1055 5247 ὅταν
1076 5191 1131 5245 δὲ
1155 5191 1287 5264 λέγῃ
1337 5195 1366 5248 6
1414 5192 1619 5262 Κύριος
1650 5193 1779 5266 περὶ
1807 5194 1912 5264 τῆς

323 5288 539 5358 ἡμέρας
586 5286 804 5356 ἐκείνης
841 5287 874 5356 ἢ
923 5286 1022 5356 τῆς
1078 5286 1227 5356 ὧρας
1276 5285 1480 5356 μηδένα
1520 5285 1738 5352 ειδέναι,
1774 5283 1909 5355 μηδὲ

322 5381 449 5441 τοὺς
479 5377 741 5446 ἀγγέλους
766 5377 875 5432 τῶν
908 5378 1173 5447 οὐρανῶν,
1202 5378 1249 5430 εί
1275 5377 1351 5448 μὴ
1377 5380 1468 5430 τὸν
1491 5377 1660 5431 αὑτοῦ
1689 5371 1909 5446 Πατέρα

330 5470 514 5538 μόνον,
537 5471 585 5523 οί
615 5469 670 5523 δὲ
688 5469 797 5523 τῶν
822 5469 1192 5539 εὐαγγελικῶν
1222 5470 1484 5540 ἐξηγηταὶ
1512 5468 1688 5537 λόγων
1714 5469 1910 5537 φασὶν,
1970 5517 1978 5525 .

324 5559 399 5623 ὡς
431 5563 459 5614 6
490 5561 689 5633 Κύριος
721 5560 782 5616 τὸ
812 5563 1008 5616 ἑαυτοῦ
1047 5561 1339 5634 πρόσωπον
1377 5561 1452 5626 ὡς
1475 5560 1910 5632 ὁμολογούμενον

330 5655 769 5724 παρασιωπήσας
799 5655 999 5709 εἰδέναι
1033 5653 1127 5707 τὸν
1159 5649 1381 5724 Πατέρα
1420 5653 1583 5724 μόνον
1615 5651 1774 5722 φησὶ,
1809 5649 1906 5720 τὴν

329 5744 422 5798 τοῦ
453 5745 663 5814 Πατρὸς
693 5745 891 5814 γνῶσιν
920 5745 1062 5800 κατά
1087 5744 1148 5799 τὸ
1188 5745 1544 5816 σιωπώμενον
1587 5745 1683 5798 καὶ
1709 5740 1906 5796 ἑαυτοῦ

2001 3456 2100 3512 scit
2133 3453 2336 3508 Filium
2376 3452 2480 3506 nisi
2504 3451 2688 3514 Pater,
2717 3461 2880 3516 neque
2911 3444 3132 3500 Patrem
3171 3441 3288 3511 quis
3324 3439 3591 3508 cognoscit

2003 3547 2110 3606 nisi
2142 3545 2342 3606 Filius,
2383 3553 2547 3612 atque
2572 3539 2835 3611 Spiritum
2866 3536 3026 3606 plane
3059 3534 3114 3589 in
3147 3533 3250 3589 hac
3276 3529 3590 3601 cognitione

2016 3639 2234 3696 silentio
2299 3634 2685 3707 praetermittit.
2745 3629 2853 3684 Sed
2899 3627 3228 3696 evangelicae
3306 3621 3592 3690 theologia:

2007 3732 2339 3800 interpretes
2367 3728 2574 3803 dictum
2614 3726 2718 3780 hoc
2759 3736 2868 3778 non
2919 3719 2984 3774 ad
3018 3716 3258 3786 Spiritus
3293 3711 3465 3768 sancti
3501 3725 3595 3763 ex-

2004 3821 2305 3881 clusionem
2350 3819 2622 3889 prolatqu
2668 3829 2790 3870 esse
2818 3817 3098 3880 exponunt
3139 3822 3158 3861 :
3218 3819 3405 3860 verum
3464 3816 3588 3858 cum

2007 3913 2264 3984 Spiritus,
2297 3912 2470 3975 aiunt,
2501 3924 2568 3964 ex
2615 3906 2778 3961 Patre
2805 3903 3006 3960 habeat
3034 3899 3194 3964 scire,
3227 3898 3358 3951 dum
3386 3894 3590 3948 dicitur

2004 4004 2176 4060 Filius
2232 4019 2262 4058 a
2311 4001 2475 4057 Patre
2528 3997 2812 4071 cognosci,
2851 3993 3014 4052 simul
3057 4006 3184 4047 cum
3229 3986 3392 4042 Patre
3427 3985 3590 4040 etiam

2008 4094 2250 4166 Spiritus
2311 4093 2659 4163 intelligitur.
2717 4088 2781 4146 Et
2834 4101 3052 4142 rursum
3088 4081 3336 4138 Salvator
3369 4078 3465 4166 ei,
3495 4078 3588 4145 qui

2007 4165 2184 4256 ipsum
2237 4184 2556 4253 magistrum
2611 4181 2813 4236 bonum
2867 4182 3182 4234 vocaverat.
3213 4169 3396 4225 dixit:
3445 4165 3588 4232 Quid

2008 4293 2086 4332 me
2113 4277 2244 4330 dicit
2275 4277 2466 4338 bonum
2486 4275 2519 4341 .9,
2571 4269 2742 4326 Nemo
2776 4269 2944 4327 bonus
3000 4262 3102 4318 nisi
3135 4259 3281 4316 solus
3325 4258 3460 4316 Deus
3485 4272 3506 4322 ;
3538 4263 3594 4309 et

2014 4367 2185 4424 veluti
2242 4364 2531 4432 manifeste
2565 4359 2814 4418 attestari
2849 4357 3066 4412 videtur
3092 4366 3197 4406 non
3243 4350 3448 4404 bonum
3473 4359 3594 4400 esse

2007 4455 2268 4526 Seipsum.
2317 4454 2388 4509 At
2446 4453 2611 4506 iidem
2666 4447 2993 4520 evangelica:
3074 4439 3364 4510 theologia:
3423 4435 3594 4488 inter.

2005 4555 2186 4617 pretes
2217 4549 2317 4600 hoc
2340 4544 2545 4599 dictum
2567 4540 2920 4610 explanantes
2949 4533 3189 4594 tradunt,
3222 4527 3506 4617 Dominum
3535 4526 3590 4579 in

2011 4613 2319 4704 Evangeliis
2388 4631 2494 4688 hoc
2551 4628 2775 4689 dixisse,
2816 4638 2926 4682 non
2987 4637 3021 4676 a
3074 4631 3268 4676 natura
3316 4613 3443 4670 boni
3499 4627 3588 4668 se-

2015 4727 2196 4798 ipsum
2242 4724 2647 4788 excludentem,
2697 4717 2792 4774 sed
2824 4718 3061 4787 primum
3097 4713 3300 4768 bonuttt
3325 4722 3450 4764 esse
3489 4704 3590 4760 Pa-

2018 4832 2155 4878 trem
2181 4820 2576 4875 declarantem.
2604 4812 2746 4880 Quid
2778 4810 2943 4881 igitur
2967 4807 3116 4862 dices
3142 4804 3209 4859 de
3249 4803 3342 4870 iis,
3367 4799 3464 4872 qui
3491 4798 3593 4858 hoc

2015 4927 2179 4987 pacto
2205 4915 2310 4970 ista
2335 4906 2676 4981 explanant?
2713 4907 2796 4960 An
2829 4905 2982 4957 dices
3009 4915 3106 4956 eos
3147 4912 3271 4968 qua:
3298 4894 3434 4950 dixit
3464 4891 3594 4964 qui-

2015 4986 2138 5065 dem
2168 5011 2446 5070 Servator,
2471 5019 2502 5058 e
2530 5000 2714 5057 medio
2749 4999 2962 5061 tollere,
2989 5011 3112 5066 quae
3148 5008 3279 5048 vero
3311 5004 3420 5045 non
3454 4986 3594 5042 dixit

2017 5100 2166 5156 velut
2186 5097 2283 5169 ,ab
2309 5111 2376 5152 eo
2423 5093 2568 5150 dicta
2598 5087 2945 5148 obtrudere?
2973 5088 3043 5146 Et
3073 5083 3294 5157 quando
3335 5078 3600 5137 Dominus

2015 5190 2173 5256 dicit,
2216 5170 2284 5246 de
2327 5183 2420 5240 illa
2452 5183 2541 5240 die
2569 5181 2656 5238 vel
2709 5181 2848 5236 hora
2891 5175 3165 5238 neminem
3209 5171 3369 5234 scire,
3417 5180 3598 5234 neque

2015 5281 2243 5352 angelos
2287 5276 2575 5341 ccelorum,
2607 5273 2716 5334 nisi
2759 5272 2944 5330 solum
2976 5280 3137 5326 suum
3165 5263 3412 5324 Patrem,
3431 5273 3599 5332 evan?

2013 5349 2318 5446 gelicorum
2355 5369 2650 5426 verborum
2706 5363 3050 5434 expositores
3111 5355 3357 5418 tradunt,
3415 5349 3604 5446 Domi-.-

2020 5481 2152 5520 num
2191 5479 2350 5520 suam
2391 5461 2565 5530 ipsius
2591 5451 3084 5531 personamveluti
3125 5463 3270 5511 eam,
3307 5445 3375 5500 de
3404 5456 3512 5511 qua
3542 5438 3598 5500 id

2014 5556 2070 5611 in
2107 5553 2362 5610 confesso
2384 5561 2522 5618 erat,
2552 5548 2769 5606 silentio
2801 5538 3220 5615 praetermisisse
3276 5544 3330 5590 et
3380 5531 3595 5615 Patrem

2015 5649 2192 5705 solum
2225 5647 2367 5701 scire
2389 5643 2712 5705 asseruisse,
2763 5635 3047 5693 scientiam
3085 5628 3262 5686 Patris
3292 5625 3594 5682 secundum

2018 5738 2358 5795 reticentiam
2382 5737 2543 5793 etiam
2581 5748 2737 5792 suam
2769 5744 2891 5787 esse
2920 5728 3215 5783 dicentem.
3244 5721 3388 5777 Num
3415 5719 3599 5788 itaque

347 5905 355 5914 ’
408 5910 482 5984 (Ι)
545 5907 706 5965 Laur.
761 5907 799 5964 Ι.
885 5908 1024 5963 182:
1084 5905 1393 5978 ὑποφῆται,
1445 5906 1570 5964 fort.
1633 5902 1903 5981 ὑφηγηταέ

2027 5898 2108 5956 inf
2111 5916 2190 5955 ra.
