3944 6626
451 389 556 454 275

1480 375 1694 439 ΙΟΛΝ.
1738 373 1953 438 VECCI
1994 373 2102 439 CP.
2145 377 2654 438 ΡΑΤΒΙΛΠΟΗΕ
3583 379 3668 443 7'36

455 519 548 574 per
599 485 1034 572 generatiOnem,
1088 491 1225 550 alter
1273 505 1402 546 vero
1452 507 1547 562 per
1595 491 2025 563 proccssionem,

2146 491 2502 563 ικπορευτῶς,
2549 491 2662 544 ἀλλ’
2693 489 2786 544 οῦν
2832 488 3028 557 ἐπίσης
3068 488 3248 542 αὐτῶν
3284 487 3526 557 ἑκάτερον
3557 491 3671 558 atpo-

453 593 736 664 zequaliter
767 597 948 644 tamen
982 588 1178 641 borum
1219 595 1514 654 utrumque
1547 583 1836 654 distinguit
1877 599 1907 638 a
1942 601 2034 652 pa-

458 699 612 743 terna
664 680 985 758 bypostasi;
1040 677 1396 750 distinguitur
1449 685 1631 732 autem
1693 675 1930 747 Spiritus
1983 685 2035 728 et

457 778 566 832 alia
623 770 951 835 dill'erentia,
1006 768 1168 836 quam
1213 766 1264 821 ei
1319 765 1613 835 duplicitas
1666 763 2034 835 processionis

455 877 628 924 creat.
657 863 778 920 Jam
807 877 938 918 vero
969 861 1014 916 si
1045 857 1296 930 pluribus
1324 856 1651 912 ditl‘erentiis
1681 855 2036 925 distinguitur

457 981 487 1020 a
525 962 684 1018 Patre
730 959 972 1029 Spiritus
1017 969 1181 1024 quam
1211 951 1406 1017 Filius,
1451 951 1679 1022 propius
1715 949 1938 1005 accedet
1967 950 2031 1001 ad

456 1064 740 1125 paternam
794 1048 1158 1104 substantiam
1211 1043 1408 1107 Filius,
1477 1041 1824 1112 geminisque
1884 1041 2035 1095 exsi-

457 1148 724 1205 stentibus
749 1141 1200 1214 proprietatibus,
1229 1151 1350 1208 quae
1376 1135 1639 1206 Spiritum
1678 1133 2033 1203 distinguant,

391 1254 400 1266 ‘
457 1255 554 1308 per
599 1239 827 1292 alteram
864 1234 1064 1288 borum
1112 1231 1396 1286 evincetur
1427 1225 1690 1296 Spiritum
1739 1241 1863 1280 esse
1895 1221 2036 1277 Filio

458 1331 776 1386 inferiorem
811 1328 867 1382 in
912 1323 1226 1394 aequalitate
1254 1315 1737 1374 consubstantialis
1774 1330 1898 1369 cum
1928 1314 2034 1367 Pa—

458 1429 541 1475 tre
575 1416 873 1478 allinitatis,
932 1416 1121 1482 sicque
1174 1407 1476 1463 Macedonii
1523 1419 1716 1460 rursus
1767 1405 2037 1458 adversus

459 1512 722 1582 Spiritum
756 1513 1000 1575 emerget
1046 1501 1284 1565 insania,
1319 1501 1435 1568 ipsa
1484 1512 1703 1567 quoque
1731 1497 1878 1551 illius
1934 1496 2036 1549 im-

458 1605 664 1674 pietate
701 1601 968 1656 deterior.
1108 1671 1110 1673 ρ

527 1695 615 1747 55.
655 1692 915 1758 Quinimo
969 1690 1015 1745 si
1065 1688 1240 1745 solius
1279 1682 1519 1756 Spiritus
1563 1689 1672 1746 est,
1725 1681 1782 1734 in
1817 1680 2034 1736 diversa

461 1783 651 1837 referri
689 1783 982 1852 principia,
1016 1778 1293 1851 quomodo
1335 1792 1443 1830 non
1475 1773 1792 1831 necessario
1837 1787 2039 1827 conse-

2140 583 2278 654 ρίξει
2309 584 2389 655 (1)
2414 584 2513 654 τῆς
2542 582 2819 652 πατρικῆς
2853 581 3211 644 ὑποστάσεως
3231 595 3245 608 ⁸
3295 580 3672 637 ἁποδιαστέλλεο

2135 692 2224 728 ται
2255 675 2311 728 δὲ
2341 675 2401 728 τὸ
2432 674 2656 745 Πνεῦμα
2688 677 2782 728 καὶ
2810 674 3040 747 δευτέρᾳ
3090 674 3344 745 διαφορᾷ,
3378 673 3442 744 ἦν
3473 673 3605 742 αὐτῷ
3628 676 3676 727 τὸ

2135 763 2359 818 διπλοῦν
2387 766 2484 835 τῆς
2537 763 2916 834 ἑκπορεύσεως
2963 761 3251 833 προξενεῖ·
3293 764 3344 814 εί
3394 761 3448 814 δὲ
3497 761 3676 817 πλείοσι

2135 845 2416 928 διαῴοραῖς
2447 857 2814 911 διαστέλλεται
2847 855 2941 910 τοῦ
2976 856 3188 926 Πατρὸς
3226 856 3288 908 τὸ
3319 853 3532 923 Πνεῦμα
3558 855 3677 924 ήιιερ

2135 949 2165 1002 ὁ
2186 949 2334 1016 Υἱὸς,
2368 949 2646 1021 ἐγγυτέρω
2671 950 2736 1003 ἂν
2762 950 2847 1018 εἴη
2877 949 2973 1017 τῆς
3003 949 3278 1018 πατρικῆς
3303 947 3484 1008 ούσίας
3504 949 3529 998 ὁ
3552 945 3676 1011 Υἱὸς,

2127 1039 2234 1095 ⁴καλ
2264 1041 2468 1095 διπλῶν
2519 1041 2690 1096 ὄντων
2743 1040 3055 1112 ἰδιωμάτων
3103 1039 3214 1094 τῶν
3261 1037 3682 1109 ἀφοριζόντωντδ

2140 1134 2363 1206 Πνεῦμα
2393 1134 2604 1206 θατέρῳ
2636 1133 2842 1189 τούτων
2876 1133 3278 1206 ὕποόεὸηκέναι
3323 1131 3417 1186 τοῦ
3454 1130 3576 1185 Υἰοῦ
3602 1133 3682 1201 τῆς

2137 1226 2414 1298 ὁμοφυοῦς
2459 1228 2594 1299 πρὸς
2628 1227 2720 1279 τὸν
2752 1225 2973 1300 Πατέρα
3017 1224 3360 1294 συγγενείας
3383 1225 3442 1278 τὸ
3475 1227 3684 1295 ίσὸτιμον

2139 1317 2630 1390 δυσφημηθήσεται
2674 1317 2919 1388 Πνεῦμα,
2960 1318 3055 1371 καὶ
3098 1316 3272 1380 οὕτως
3300 1317 3334 1386 ἡ
3386 1316 3686 1370 Μακεδονία)

2141 1411 2307 1464 πάλιν
2349 1412 2494 1464 κατά
2550 1410 2645 1463 τοῦ
2696 1411 3012 1480 Πνεύματος
3042 1407 3363 1462 ἀναδύσεται
3399 1407 3474 1477 (2)
3524 1405 3689 1471 λύσσα,

2138 1503 2237 1575 τῆς
2258 1502 2470 1556 ἐκείνου
2515 1502 2836 1567 δυσσεϐείας
2866 1502 2934 1555 δι’
2985 1501 3184 1570 ἑαυτῆς
3217 1498 3622 1568 ἀνακαλουμένη
3643 1501 3692 1551 τὺ

2137 1594 2382 1665 ἥττημα-
3496 1593 3506 1600 ’

2210 1684 2310 1754 λγ’.
2351 1683 2515 1738 Ἀλλὰ
2571 1685 2664 1740 καὶ
2714 1687 2762 1738 εἰ
2800 1685 2963 1756 μόνου
3022 1683 3341 1755 Πνεύματός
3387 1685 3503 1736 ἔστι
3551 1679 3694 1746 τδεῖς

2141 1777 2316 1846 ἀρχὰς
2345 1775 2717 1847 ἀναφέρεσθαι
2765 1775 3073 1848 διαφόρους,
3121 1775 3238 1839 πῶς
3271 1773 3390 1844 οὐχὶ
3417 1773 3516 1826 καὶ
3557 1773 3695 1842 μόνον

458 1887 677 1944 quetur,
707 1887 759 1929 et
791 1876 964 1928 solius
1006 1887 1129 1928 esse
1161 1871 1422 1942 Spiritus,
1467 1867 1520 1922 in
1556 1864 1847 1934 multiplex
1885 1863 2035 1931 priu-

2146 1867 2461 1938 Πνεύματος
2492 1866 2784 1920 ἀκόλουθον
2821 1866 3003 1935 λέγειν
3041 1868 3103 1920 τὸ
3133 1869 3213 1930 είς
3240 1865 3548 1936 πολύαρχον
3585 1865 3696 1918 ἀνα-

463 1967 668 2036 cipium
700 1966 935 2020 referri?

551 2061 639 2114 54.
684 2060 914 2129 Insuper
939 2059 982 2112 si
1011 2059 1065 2111 in
1093 2057 1291 2127 quibus
1314 2054 1463 2108 Patri
1494 2069 1556 2108 ac
1579 2051 1719 2107 Filio
1747 2049 2040 2108 temeraria

461 2149 702 2202 novitate
758 2146 1114 2201 audacissimi
1175 2144 1265 2199 isti
1321 2143 1766 2200 communionem
1817 2141 2040 2195 eﬂinxe-

460 2249 610 2304 runt,
656 2239 722 2294 iis
769 2239 1032 2310 Spiritum
1081 2237 1402 2303 secludunt;
1463 2235 1624 2290 Pater
1666 2245 1853 2313 autem
1899 2232 2041 2288 Filio

465 2329 766 2386 secundum
825 2328 1212 2395 substantiam,
1286 2345 1396 2390 non
1445 2327 1746 2383 secundum
1800 2327 2038 2397 aliquam

462 2423 858 2492 preprietatem
891 2422 944 2476 in
969 2422 1408 2477 communionem
1435 2420 1782 2489 coniungitur
1807 2436 1822 2474 :
1851 2435 1980 2489 ergo
2010 2437 2040 2473 a

462 2524 686 2582 paterna
719 2515 1020 2568 secuudum
1056 2513 1419 2567 substantiam
1447 2511 1774 2582 cognatione
1805 2512 2042 2566 consul)-

461 2606 771 2660 stantialem
809 2606 1073 2675 Spiritum
1109 2604 1432 2660 excludunt.

533 2695 624 2748 55.
659 2695 896 2764 Spiritus
936 2711 966 2748 a
1022 2693 1162 2748 Filio
1203 2694 1475 2765 procedit,
1508 2693 1770 2748 eademne
1808 2707 2036 2762 proces-

463 2788 619 2843 sione
643 2803 713 2841 an
763 2797 1001 2858 paterna:
1038 2787 1354 2842 contraria?
1393 2785 1449 2840 Si
1481 2788 1625 2840 enim
1659 2787 1874 2850 eadem,
1903 2801 2042 2856 quio-

465 2882 630 2936 modo
664 2896 770 2935 non
802 2896 1128 2936 communes
1160 2879 1465 2943 redduntur
1499 2880 1882 2948 proprietates,
1914 2879 2040 2947 qui-

466 2975 570 3029 bus
619 2983 672 3028 et
731 2975 865 3029 solis
913 2973 1156 3027 Trinitas
1207 2971 1451 3028 Trinitas
1510 2987 1633 3027 esse
1697 2982 1752 3026 et
1821 2959 2038 3026 adorari

465 3065 898 3138 dignoscitur(a)
922 3067 944 3120 ?
971 3067 1025 3120 Si
1046 3077 1225 3119 autem
1255 3066 1607 3135 processione
1630 3077 1870 3136 paterna:
1903 3079 2039 3118 con-

466 3162 654 3221 traria,
683 3160 956 3228 quomodo
999 3173 1106 3212 non
1148 3158 1392 3214 Manetes
1433 3157 1591 3212 nobis
1629 3169 1683 3212 et
1736 3156 2040 3213 Marcianes

467 3265 662 3304 rursus
691 3265 802 3302 uno
837 3265 959 3304 cum
1013 3250 1119 3303 ἱειο
1169 3249 1338 3304 verbo
1388 3249 1656 3318 sacrilego
1695 3249 1749 3302 in
1797 3249 2037 3312 medium

462 3341 757 3410 prodeunt,
794 3342 1027 3412 impiam
1076 3342 1274 3396 iterum
1310 3343 1575 3397 adversus
1615 3339 1831 3396 Patrem
1862 3353 1916 3396 et
1949 3341 2039 3396 Fi-

463 3435 594 3487 lium
627 3434 917 3490 dilatantes
947 3433 1360 3504 garrulitatem?

535 3525 625 3580 56.
668 3526 938 3582 Prmterea
977 3526 1022 3582 si
1070 3542 1232 3582 omne
1275 3525 1424 3596 quod
1473 3541 1582 3580 non
1618 3535 1702 3580 est
1750 3541 2042 3580 commune

463 3618 832 3686 omnipotenti
874 3627 928 3672 et
958 3618 1413 3674 consubstantiali
1441 3628 1603 3688 atque
1636 3617 2043 3688 supernaturali

463 3711 740 3776 'l‘rinitati,
771 3713 936 3768 unius
959 3723 1044 3770 est
1067 3713 1415 3768 solummodo
1449 3713 1613 3766 trium
1641 3727 2039 3782 personarum,

461 3806 751 3874 productio
834 3815 1014 3860 autem
1089 3805 1328 3875 Spiritus
1390 3819 1499 3858 non
1573 3813 1658 3859 est
1727 3804 2040 3858 communis

465 3898 626 3948 trium
659 3913 672 3949 :
705 3911 837 3965 ergo
869 3905 951 3950 est
996 3897 1376 3950 tantummodo
1411 3897 1572 3949 unius
1609 3909 1640 3949 e
1689 3895 1863 3950 tribus
1906 3893 2036 3948 illis.

465 3984 658 4040 Utrum
695 3986 865 4056 igitur
903 4001 967 4041 ex
1003 3985 1165 4041 Patre
1194 3987 1379 4040 dicent
1416 3987 1712 4056 procedere
1751 3983 2038 4056 Spiritum,

462 4086 520 4131 et
545 4076 822 4143 quomodo
868 4091 974 4130 non
1005 4075 1301 4145 ejurabunt
1335 4091 1520 4130 caram
1561 4077 1695 4147 ipsis
1730 4094 1793 4132 ac
1839 4093 2039 4133 novam

463 4167 819 4222 doctrinam?
853 4165 908 4221 Si
947 4178 1130 4222 autem
1162 4185 1227 4222 ex
1261 4167 1424 4232 Filio,
1457 4185 1554 4225 cur
1582 4185 1689 4226 non
1737 4172 1924 4226 statim
1971 4170 2039 4225 ab

466 4257 622 4312 initio
669 4268 795 4313 sunt
842 4259 960 4313 ausi
1011 4269 1187 4313 totum
1243 4274 1406 4313 suum
1448 4275 1720 4315 venenum
1761 4275 2036 4323 evomere,

466 4350 557 4403 sed
625 4351 884 4420 paulatim
951 4367 1016 4406 ac
1074 4351 1448 4422 particulatim
1512 4352 1648 4407 illud
1709 4353 2041 4408 effundunt?

464 4440 763 4510 Oportebat
793 4443 960 4507 enim,
997 4443 1042 4497 si
1069 4444 1288 4512 quidem
1319 4444 1484 4514 impio
1508 4459 1610 4499 suo
1644 4445 1882 4516 dogmati
1907 4460 2040 4500 con-

2145 1960 2407 2032 φέρεσθαι
2444 1961 2650 2033 ἀρχήνς

2214 2052 2307 2108 λδ’.
2341 2053 2462 2107 Ἔτι
2494 2053 2552 2105 δὲ
2583 2054 2630 2105 εί
2672 2056 2730 2106 ὲν
2763 2049 2844 2118 οἷς
2884 2055 3057 2124 Πατρὶ
3090 2053 3185 2107 καὶ
3212 2051 3328 2124 Υἱῷ
3358 2050 3626 2106 κοινωνίαν
3654 2050 3698 2102 cl

2146 2148 2322 2200 πάντα
2369 2145 2590 2210 θρασεῖς
2648 2147 3104 2218 ἐκαινούργησαν,
3132 2146 3192 2199 τὸ
3248 2145 3475 2215 Πνεῦμα
3515 2145 3698 2204 τούτοις

2144 2238 2580 2309 ἀποτειχίζουσι·
2628 2238 2819 2310 Πατὴρ
2862 2239 2918 2292 δὲ
2967 2241 3087 2290 κατ’
3113 2239 3304 2292 οὐσίαν
3352 2237 3486 2308 Υίῷ,
3515 2236 3617 2290 ἀλλ’
3646 2239 3698 2288 οὐ

2144 2331 2285 2383 κατά
2314 2329 2504 2383 τιτῶν
2560 2330 2866 2399 ἰδιωμάτων
2916 2332 2996 2394 εἰς
3037 2331 3323 2384 κοινωνίαν
3373 2331 3696 2382 συνάπτετα.⁶

2142 2424 2240 2493 τῆς
2270 2422 2390 2476 κατ’
2423 2423 2610 2474 οὐσίαν
2640 2423 2746 2493 ἄρα
2781 2423 3057 2493 πατρικῆς
3091 2423 3412 2490 συγγενείας
3444 2421 3502 2474 τὸ
3530 2423 3701 2492 ὁμοσί-

2147 2531 2256 2566 σιον
2293 2512 2519 2584 Πνεῦμα
2548 2513 2956 2584 ὑπερορίζουσι.

2213 2703 2309 2757 λε’.
2343 2702 2416 2755 Τὸ
2465 2703 2693 2773 Πνεῦμα
2739 2703 2834 2757 τοῦ
2870 2704 3000 2759 Υίοῦ
3054 2705 3445 2776 ἐκπορεύεται·
3493 2705 3700 2775 πότερον

2141 2791 2242 2861 τὴν
2291 2790 2462 2862 αὐτὴν
2509 2792 2900 2866 έκπὸρευσινῆ
2951 2797 3050 2866 τῆς
3101 2795 3361 2866 πατρῴας
3406 2795 3701 2860 ἀντίθετονς

2141 2882 2205 2935 Εί
2236 2881 2334 2952 μὲν
2363 2883 2472 2953 γὰρ
2502 2883 2600 2954 τὴν
2642 2884 2834 2956 αὐτὴν,
2871 2886 2989 2949 πῶς
3026 2884 3088 2939 οὐ
3123 2883 3482 2957 κινοῦνταιλαί
3534 2886 3703 2950 ἰδιότη-

2139 2989 2254 3038 τες,
2287 2969 2376 3035 αἷς
2405 2975 2496 3026 καὶ
2522 2973 2711 3045 μόναις
2741 2977 2774 3044 ἡ
2811 2974 2980 3046 Τριὰς
3009 2975 3179 3046 Τριάς
3207 2970 3346 3029 εἶναι
3369 2957 3704 3052 utilitateme-

2142 3065 2352 3119 νεῖσθαι
2412 3065 2908 3136 χαρακτηρίζεταις
2955 3068 3004 3120 εἰ
3053 3067 3101 3120 δ’
3146 3066 3363 3136 ἐκείνης
3411 3059 3703 3139 [Ὡριῖκίζδὲ

2088 3217 2109 3233 η
2145 3152 2380 3226 ἐκείνης]
2414 3155 2715 3221 ἀντίθετον,
2740 3155 2856 3219 πῶς
2887 3157 2948 3210 οὐ
2973 3157 3250 3221 Μάνεντες
3283 3157 3413 3229 ᾐμϊν
3439 3152 3678 3233 reuma;

2148 3244 2342 3306 κίωνες
2372 3244 2533 3297 πάλιν
2559 3243 2637 3316 τῷ
2686 3244 2991 3317 βλασφὴμῳ
3017 3245 3162 3300 οῦτω
3194 3243 3672 3317 συναναχορεύσοὴ

2147 3334 2354 3404 ῥήματι
2385 3334 2483 3403 (5),
2536 3333 2930 3405 τὴνθεομάχον
2975 3336 3138 3389 πάλιν
3185 3337 3327 3391 κατά
3365 3335 3460 3389 τοῦ
3495 3338 3702 3407 ⁵Πιιτρὶρς

2145 3425 2238 3477 καὶ
2270 3424 2364 3478 τοῦ
2393 3425 2521 3478 Υίοῦ
2546 3425 2929 3496 γλωσσαλγίαν
2958 3427 3319 3493 πλατύνοντες
3341 3446 3353 3457 ·

2213 3514 2324 3580 λς’.
2368 3516 2525 3569 Ἐπεὶ
2577 3517 2633 3570 δὲ
2681 3521 2794 3583 τοῖς
2840 3500 3175 3591 είρημένοις,
3217 3521 3266 3572 εί
3300 3522 3409 3575 πᾶν
3449 3521 3477 3574 ὃ
3509 3522 3582 3593 μή
3607 3523 3701 3573 ἐστι

2144 3610 2321 3663 κοινὸν
2353 3612 2450 3681 τῆς
2476 3612 2987 3683 παντοκρατορικῆς
3012 3613 3108 3667 καὶ
3129 3615 3415 3685 ὁμοουσίου
3437 3618 3533 3668 καὶ
3557 3616 3701 3683 ὑπερ-

2145 3699 2312 3770 φυοῦς
2363 3701 2613 3772 Τριάδος,
2669 3702 2788 3765 ἑνός
2847 3703 2964 3755 ὲστι
3015 3703 3176 3774 μόνου
3221 3704 3330 3758 τῶν
3385 3705 3589 3776 τριῶνο
3619 3707 3700 3756 οὐκ

2144 3793 2258 3847 ἐστι
2289 3794 2345 3847 δὲ
2379 3795 2413 3865 ἡ
2444 3795 2538 3847 τοῦ
2579 3795 2896 3866 Πνεύματος
2927 3795 3168 3868 προϐολὴ
3199 3796 3356 3868 κοινὴ
3382 3798 3493 3850 τῶν
3535 3797 3698 3868 τριῶν,

2141 3888 2259 3950 ἑνὸς
2294 3888 2401 3958 ἄρα
2435 3889 2529 3942 καὶ
2571 3890 2734 3958 μόνου
2764 3889 2856 3943 ἐπὶ
2887 3889 2995 3941 τῶν
3040 3888 3230 3956 τριῶν.
3265 3890 3513 3959 Πότερον,
3540 3889 3627 3943 οὖν
3649 3889 3698 3940 ἐκ

2142 3981 2235 4034 τοῦ
2261 3981 2472 4051 Πατρδς
2506 3985 2774 4050 φήσουσιν
2807 3978 3203 4051 ἐκπορεύεσθαι
3233 3981 3294 4034 τὸ
3341 3981 3582 4053 Πνεῦμα,
3621 3981 3697 4033 καί

2145 4073 2261 4138 πῶς
2313 4074 2414 4128 οὐκ
2461 4073 2816 4144 ἐξομόσονται
2844 4075 2942 4142 τὴν
2983 4073 3146 4144 φίλην
3199 4075 3382 4138 αὐτοῖς
3424 4073 3568 4148 [καὶ]
3598 4092 3695 4128 xu:-

2145 4163 2239 4234 νὴν
2271 4164 2348 4233 (4)
2387 4165 2781 4235 μυσταγωγίαν
2805 4183 2820 4232 ;
2846 4165 2908 4218 Εἰ
2936 4163 2994 4218 δὲ
3017 4165 3084 4218 ὲκ
3111 4163 3204 4218 τοῦ
3239 4166 3392 4233 Υίοῦ,
3421 4167 3473 4220 τί
3501 4169 3576 4238 μὴ
3601 4167 3696 4221 κατ’

2140 4238 2316 4328 ἀρχὰς
2359 4257 2522 4321 εὐθὺς
2565 4257 2882 4329 ἐθάρρησαν
2923 4257 3044 4310 ὅλον
3097 4258 3276 4312 αὐτῶν
3329 4259 3583 4331 ἐξεμέσαι
3624 4258 3695 4311 τιν

2146 4349 2245 4414 liv,
2278 4350 2416 4404 ἀλλὰ
2446 4349 2587 4404 κατὰ
2607 4351 2772 4422 μέρος
2803 4349 3197 4416 ἁναδλύζουσιν
3221 4352 3456 4423 ;Ἒχρῆν
3486 4353 3694 4422 γὰρ,εῐ-

2143 4459 2251 4512 περ
2295 4438 2434 4514 ἦσαν
2481 4433 2805 4506 πεποιθότες
2861 4443 3044 4496 αὐτῶν
3097 4441 3176 4514 τῷ
3227 4445 3617 4516 δυσσεϐἠματι,
3649 4443 3694 4506 ἐξ

466 4531 728 4597 ﬁdebant,
763 4533 833 4588 ab
875 4535 1031 4589 initio
1068 4535 1214 4604 ipsos
1249 4536 1510 4604 proﬁteri,
1549 4553 1578 4589 a
1613 4551 1673 4590 se
1722 4553 1830 4591 non
1875 4537 2038 4591 modo

2147 4537 2322 4607 ἀρχῆς
2376 4533 2744 4606 ἁνομολογεῖν,
2776 4536 2852 4601 ὡς
2881 4538 2942 4591 οὐ
2976 4537 3140 4609 μόνον
3164 4539 3255 4591 τὸν
3297 4538 3425 4592 Υἱὺν
3457 4537 3693 4609 προδολέιι

467 4623 666 4681 Filiqu
719 4626 1108 4696 productorem
1173 4627 1414 4696 Spiritus
1460 4627 1771 4696 praedicari,
1831 4628 1928 4683 sed
1983 4639 2038 4683 et

472 4714 688 4770 Patrem
745 4718 814 4771 ab
867 4732 929 4771 ca
981 4717 1346 4787 productione
1395 4718 1655 4784 excludi;
1702 4729 1865 4788 atque
1904 4720 2039 4774 adeo

463 4809 738 4864 debebant
763 4811 926 4864 etiam
957 4809 1360 4878 generationem
1393 4826 1497 4865 una
1530 4826 1652 4865 cum
1680 4811 2037 4882 productione

463 4912 858 4967 transrertere,
899 4910 1211 4958 monstrosa
1258 4901 1556 4958 asserenda
1607 4903 1888 4967 futilitate,
1927 4919 2037 4957 non

465 4992 664 5048 Filium
694 5010 761 5049 ex
796 4995 977 5059 Patre,
1017 4993 1110 5049 sed
1143 4993 1360 5047 Patrem
1395 5009 1461 5048 ex
1497 4991 1635 5049 Filio
1667 4994 1941 5065 generari,
1980 5003 2042 5049 ut

463 5101 572 5141 non
617 5087 791 5140 solum
841 5102 1034 5141 omnes
1081 5103 1110 5140 a
1163 5086 1364 5141 sacculo
1409 5086 1606 5157 impios
1652 5085 2036 5151 obscuram-nt,

460 5179 557 5234 sed
592 5190 646 5234 et
699 5178 914 5234 insanis
965 5177 1100 5248 ipsis
1131 5177 1442 5234 insaniores
1471 5178 2038 5249 deprehenderentur.

528 5365 618 5422 37.
660 5364 790 5420 Item
824 5367 866 5420 si
893 5382 961 5420 ex
991 5364 1151 5420 Patre
1195 5363 1363 5420 Filius
1394 5365 1609 5436 genitus
1639 5374 1747 5432 est,
1800 5363 2043 5434 Sp'ritus

461 5473 590 5516 vero
624 5477 687 5515 ex
725 5459 885 5514 Patre
907 5459 1157 5529 Filioque
1192 5461 1458 5530 procedit,
1488 5475 1587 5514 cur
1615 5457 1846 5529 Spiritui
1880 5474 2044 5528 nega—

526 5618 610 5690 (α)
640 5619 803 5673 Cant.
829 5643 842 5671 -.
867 5638 884 5669 ι
915 5617 1125 5684 Quibus
1151 5631 1205 5675 et
1228 5621 1360 5678 solis
1394 5618 1683 5675 Trinitatis
1712 5613 1956 5672 essentia
1986 5624 2040 5670 et

457 5691 702 5745 adoratio
721 5692 1056 5759 designatur.
1096 5710 1116 5744 ι

528 5761 604 5828 (1)
634 5762 796 5815 Laur.
826 5761 1145 5830 ἀφορίζεται
1167 5765 1262 5826 τῆς
1287 5781 1349 5819 π.

530 5831 604 5890 t2}
632 5831 794 5887 Laur.
829 5843 884 5886 ut
919 5834 1034 5888 Col.
1066 5836 1342 5889 ἀναδύσει.

2143 4626 2238 4679 τοῦ
2267 4625 2584 4696 Πνεύματος
2611 4625 3046 4698 δογματίζουσιν,
3078 4627 3214 4680 ἀλλὰ
3241 4633 3337 4681 καὶ
3371 4628 3462 4681 τὸν
3504 4625 3693 4695 Πατέρα

2137 4718 2238 4787 τῆς
2281 4713 2554 4784 προϐολῆς
2612 4712 3042 4768 ἀπελαύνουσιν·
3078 4710 3160 4778 οἷς
3208 4717 3500 4770 ἀκόλουθον
3547 4716 3691 4784 δήπου

2138 4817 2234 4863 καί
2259 4810 2359 4880 τὴν
2409 4811 2667 4878 γέννησιν
2719 4811 2788 4878 τῇ
2825 4809 3062 4879 προϐολῇ
3115 4809 3570 4880 συμμετατιθέναι
3619 4809 3693 4860 καὶ

2139 4906 2605 4972 συμμεταφέρειν,
2639 4903 2736 4954 καὶ
2791 4901 2926 4972 μηδὲ
2957 4902 3047 4952 τὸν
3094 4900 3222 4954 Υἰδν
3254 4905 3318 4956 ἑκ
3345 4902 3440 4956 τοῦ
3489 4902 3690 4971 Πατρὺς,

2141 4997 2208 5047 ὲκ
2228 4994 2284 5047 δὲ
2310 4991 2404 5046 τοῦ
2436 4993 2572 5063 Υίοῦλ
2612 4992 2994 5064 τερατολογεῖν
3026 4994 3117 5045 τὸν
3153 4994 3378 5066 Πατέρα
3406 4995 3504 5066 τὴν
3532 4994 3690 5064 γέννη-

2142 5106 2227 5142 σιν
2257 5089 2420 5159 έχειν,
2454 5088 2542 5141 ἵνα
2573 5087 2649 5158 μὴ
2681 5086 2842 5156 μόνον
2875 5085 3000 5148 τοὺς
3048 5087 3392 5157 ἠσεϐηκότας
3432 5088 3488 5154 ἐξ
3527 5085 3690 5144 αἰῶνος

2141 5181 2448 5252 κρύψωσινι
2484 5178 2621 5235 ἀλλά
2652 5178 2746 5233 καὶ
2771 5173 2878 5230 τῶν
2906 5178 3226 5248 μεμηνότων
3257 5179 3580 5250 ἐλέγχωνται
3603 5193 3687 5246 μα-

2141 5276 2448 5348 νικώτεροι.
2786 5335 2792 5340 ,
3448 5320 3454 5326 .

2217 5361 2318 5430 λζ’.
2357 5367 2478 5419 Ἔτι
2516 5367 2573 5419 δὲ
2599 5367 2645 5419 εί
2685 5368 2746 5420 ὲκ
2775 5366 2869 5420 τοῦ
2903 5369 3112 5434 Πατρὶς
3140 5368 3168 5420 ὁ
3207 5366 3332 5429 Υἱὸς
3381 5365 3685 5436 γεγέννηται,

2141 5458 2202 5511 τὸ
2227 5457 2284 5510 δὲ
2315 5457 2540 5528 Πνεῦμα
2565 5461 2629 5512 ἐκ
2655 5457 2746 5512 τοῦ
2776 5459 2987 5530 Πατρδς
3015 5461 3109 5536 καὶ
3136 5457 3231 5512 τοῦ
3266 5457 3397 5512 Υίοῦ
3433 5451 3684 5526 ἐκπορεύε-

2149 5619 2294 5762 ῤ’(5)
2357 5619 2518 5674 Laur.
2581 5637 2597 5674 :
2657 5619 2856 5691 βλασφ.
2939 5617 3118 5687 τούτῳ
3197 5613 3682 5688 συναναχορεύσουσι

2187 5709 2374 5758 ηματι.

2187 5709 2374 5758 ηματι.

2223 5762 2296 5830 (ις.
2327 5761 2490 5816 Laur.
2517 5778 2638 5817 cum
2665 5762 2874 5816 Colum.
2907 5774 2986 5818 est
3008 5763 3061 5818 in
3095 5771 3265 5819 texw.
3299 5763 3302 5768 “
