3944 6592
219 432 313 500 777
966 426 1404 489 REFUTATIO
1441 424 1814 487 PHOTIANI
1856 424 2068 483 LIBRI
2115 423 2212 484 DE
2253 419 2563 482 SPIRITU
2608 419 2672 480 S.
3355 409 3463 474 778

219 558 320 609 ται,
344 544 421 607 τίς
446 543 478 613 ἡ
508 537 826 610 καινοτομία
855 537 948 592 τοῦ
991 537 1332 609 Πνεύματος.
1370 535 1444 608 μὴ
1477 537 1569 590 καὶ
1598 533 1787 604 ἔτερόν

1917 548 1999 598 ur,
2035 531 2240 602 aliquid
2287 530 2432 584 aliud
2473 527 2637 583 etiam
2666 541 2732 580 ex
2779 525 2898 594 ipso
2929 521 3266 593 procedere?
3295 525 3364 578 ita
3409 509 3500 578 nt,

217 657 264 694 1t
291 634 448 690 αὐτοῦ
499 629 917 703 ἐκπορεύεσθαι,
963 631 1037 693 ώς
1097 629 1430 699 συνάγεσθαι
1481 629 1627 682 κατά
1681 630 1782 698 τὴν

1919 623 2218 694 alligantur
2265 638 2330 678 ex
2367 621 2533 691 impia
2584 619 2689 675 ista
2729 615 3002 672 sententia
3039 630 3148 669 non
3190 623 3330 684 tres,
3368 618 3466 670 sed

219 723 470 795 θεοϐλαδῆ
520 724 748 793 γνώμην
803 724 878 794 μὴ
944 725 1116 793 τρεῖς,
1166 724 1301 776 ἀλλά
1353 723 1629 793 τέσσαρας
1683 720 1784 782 τὰς

1917 721 2128 782 ;uatuor
2200 715 2546 782 hypostases,
2605 708 2716 763 imo
2772 705 3019 768 inﬁnitae,
3077 705 3208 760 dum
3267 711 3468 774 quarta

219 819 551 880 ὑποστάσεις,
601 815 803 886 μᾶλλον
852 815 909 868 δὲ
955 816 1240 885 ἀπείρους,
1286 817 1382 882 τῆς
1409 815 1466 868 δὲ
1517 813 1784 883 τετάρτης

218 913 389 972 αὐτοῖς
418 901 584 976 ἀλλην
621 907 784 961 πάλιν
815 907 1249 977 προϐαλλούσης,
1279 907 1538 976 κάκείνης
1569 905 1784 974 ἑτέραν,

221 1007 401 1074 μέχρις
430 1000 498 1054 ἂν
537 1001 632 1054 καὶ
672 1000 774 1070 τῆς
820 999 1137 1070 Ἑλληνικῆς
1189 998 1570 1070 ὑπερελάσωσι
1620 996 1787 1050 πολυο

218 1098 356 1160 θεϊας
382 1096 482 1168 (ι).

275 1191 374 1259 λη’.
431 1187 596 1241 Ἀλλά
642 1178 864 1241 κάκεῖνο
911 1185 1037 1240 κατ’
1087 1185 1272 1239 αὐτῶν
1326 1172 1474 1238 ἔστιν
1529 1171 1743 1252 ἀφεῖναι
1769 1196 1785 1212 ο

1887 806 2051 861 aliam
2105 821 2301 861 rursus
2359 804 2720 875 produceret,
2785 810 2840 854 et
2891 799 2982 853 illa
3036 799 3240 863 aliam,
3294 799 3469 852 donec

1889 897 2106 953 ethuica
2137 895 2366 952 deorum
2402 893 2696 950 multitudo
2723 898 3100 962 superaretur.

1965 1172 2056 1239 38.
2102 1175 2208 1238 Sed
2242 1191 2297 1237 et
2348 1177 2483 1234 illud
2536 1187 2715 1249 potest
2759 1176 2812 1230 in
2845 1175 2984 1232 istos
3025 1175 3290 1246 torqueri.
3329 1175 3474 1242 Ona-

216 1284 354 1336 ποῖον
383 1281 446 1350 δὴ
474 1279 669 1345 τοῦτος
702 1280 764 1332 Et
790 1278 969 1333 πάντα
1013 1277 1113 1330 ὅσα
1164 1277 1422 1347 πρόσεστι
1451 1274 1530 1346 τῷ
1558 1273 1696 1342 Υίῷ,
1727 1274 1790 1326 ἐκ

1917 1293 2070 1332 cnam
2110 1291 2238 1331 vero
2270 1273 2414 1329 hoc?
2448 1271 2506 1326 Si
2540 1271 2728 1326 omnia
2778 1285 3123 1339 quaecunque
3158 1271 3357 1324 adsunt
3387 1267 3474 1322 Ρι-

216 1373 300 1426 τοῦ
323 1372 531 1441 Πατρδς
559 1369 852 1440 λαμϐάνων
883 1369 1017 1438 ἔχει,
1035 1369 1244 1422 ἐκεῖθεν
1273 1367 1338 1421 ἂν
1371 1366 1456 1437 εἴη
1482 1363 1662 1418 λαϐὼν
1696 1366 1790 1418 καὶ

1917 1369 1990 1432 io,
2022 1383 2051 1421 a
2093 1368 2255 1422 Patre
2299 1363 2531 1433 accepit,
2565 1361 2692 1416 inde
2727 1362 2917 1430 utique
2956 1373 3011 1416 et
3040 1362 3146 1415 hoc
3179 1362 3474 1431 acceperit.

216 1466 271 1518 τὸ
308 1465 474 1518 αἴτιον
505 1459 648 1517 εῖναι
699 1464 799 1534 τῆς
850 1463 946 1516 τοῦ
999 1462 1314 1531 Πνεύματος
1368 1458 1786 1529 ἐκπορεύσεως·

219 1555 370 1609 πόθεν
403 1550 499 1608 οὖν
533 1556 568 1626 ἡ
599 1554 948 1624 ἐτεροκλινὴς
979 1541 1119 1620 αὕτη
1151 1549 1454 1622 φιλοτιμία,
1478 1539 1643 1622 δι”ἦς
1663 1550 1793 1620 ὁρᾶ-

217 1666 298 1703 ται
331 1648 426 1718 μὲν
480 1648 511 1700 6
573 1646 700 1709 Υἱὸς
747 1647 846 1714 τῆς
881 1643 978 1697 τοῦ
1027 1641 1348 1713 Πνεύματος
1411 1640 1794 1713 ἐκπορεύσεως

217 1740 395 1802 αἴτιος,
425 1737 490 1791 16
540 1738 599 1790 δὲ
633 1735 883 1806 Πνεῦμα,
923 1735 1103 1790 καίτοι
1136 1735 1196 1788 16
1232 1735 1477 1806 ἰσότιμον
1532 1734 1656 1805 ἔχον
1700 1733 1796 1787 καὶ

164 1831 169 1837 ’
219 1833 276 1885 ἐκ
303 1831 398 1900 τῆς
426 1829 598 1897 αὐτῆς
648 1825 937 1898 δμοταγῶς
961 1845 1022 1881 τε
1058 1828 1151 1881 καὶ
1184 1828 1465 1900 ὁμοτίμως
1493 1827 1798 1898 προεληλυ-

219 1921 301 1984 θὸς
329 1919 517 1981 οὐσίας
551 1917 660 1970 τῶν
687 1917 820 1971 ίσων
849 1917 1030 1988 γερῶν
1064 1916 1470 1988 ἀπεστέρηταις

279 2009 372 2065 λθ’.
406 2009 582 2063 Πάλιν
624 2008 798 2072 αἴτιος
822 2012 850 2063 6
877 2008 1090 2079 Πατὴρ,
1121 2009 1293 2072 αῐτιος
1339 2008 1398 2062 δὲ
1435 2007 1532 2063 καὶ
1571 2011 1600 2062 6
1632 2008 1793 2074 Υίόςο

1824 1876 1872 1934 Β

1893 1458 2043 1529 quod
2076 1472 2244 1512 causa
2283 1456 2356 1510 sit
2392 1451 2769 1523 productionis
2809 1451 3070 1521 Spiritus.
3119 1445 3274 1504 Unde
3309 1451 3476 1520 igitur

1896 1555 2001 1608 iste
2041 1553 2095 1604 in
2122 1558 2332 1620 partem
2361 1546 2948 1614 alteramgpropensus
2979 1541 3158 1605 favor,
3192 1557 3287 1611 per
3311 1556 3476 1611 quem

1897 1643 2148 1699 cernitur
2172 1640 2398 1711 quidem
2425 1638 2603 1694 Filius
2626 1636 2999 1707 processionis
3022 1633 3262 1705 Spiritus
3285 1648 3475 1695 causa,

1900 1731 2142 1804 Spiritus
2175 1739 2382 1795 autem,
2421 1728 2641 1783 tametsi
2673 1726 2900 1782 omnino
2933 1725 3160 1798 aequalis
3207 1735 3262 1780 et
3293 1737 3358 1779 ex
3389 1739 3483 1778 ea-

1900 1826 2024 1880 dem
2053 1839 2223 1880 causa
2264 1821 2464 1892 aequali
2496 1821 2689 1876 ordine
2718 1828 2774 1874 et
2815 1819 3011 1888 :equali
3061 1821 3270 1873 honore
3302 1815 3482 1887 profe-

1902 1925 2023 1971 ctus
2052 1915 2272 1985 juribus
2301 1913 2607 1986 aequalibus
2643 1909 3043 1968 defraudatur?
3356 1975 3364 1981 _

1972 2009 2062 2065 39.
2105 2006 2320 2064 Rursus
2341 2022 2510 2063 causa
2561 2013 2647 2062 est
2694 2003 2878 2070 Pater,
2929 2018 3096 2060 causa
3132 2018 3261 2059 vero
3304 2010 3359 2059 et
3395 2001 3486 2056 Fi-

218 2102 327 2155 τίνα
357 2099 488 2169 γοῦν
513 2097 903 2153 δικαιώσουσιν
931 2101 984 2154 οί
1017 2099 1126 2153 τῶν
1170 2101 1492 2172 ἀτολμήτων
1518 2101 1794 2172 διαιτηταὶ

1917 2103 2034 2158 ius.
2087 2100 2284 2156 Utrum
2339 2100 2508 2168 igitur
2567 2098 2657 2155 isti
2692 2112 2875 2153 rerum
2935 2095 3163 2151 minime
3204 2095 3489 2150 audenda-

217 2191 308 2260 τὴν
333 2189 513 2244 αἰτίαν
549 2190 752 2260 μᾶλλον
797 2188 975 2261 ἐχειν;
1014 2185 1077 2244 Et
1129 2191 1230 2260 μὶν
1264 2190 1372 2261 γάρ
1407 2192 1498 2245 τὸν
1550 2191 1797 2263 Πατέρα,

219 2283 327 2346 πῶς
356 2282 456 2336 οὐκ
484 2281 818 2336 ἐπείσακτον
847 2283 942 2335 καὶ
976 2282 1129 2336 νόθον
1152 2284 1250 2338 καὶ
1278 2283 1437 2355 ὕϐρις
1473 2284 1658 2346 αὐτοῖς
1704 2283 1800 2337 καὶ

222 2376 347 2446 αὕτη
371 2391 432 2442 γε
451 2375 536 2442 (2)
565 2377 600 2446 ὴ
635 2374 1068 2429 συσκευασθεϊσα
1098 2374 1233 2446 τιμὴ
1253 2375 1348 2429 τοῦ
1377 2375 1531 2442 Υίοῦ,
1564 2375 1802 2446 μάλιστα

219 2467 275 2521 τὸ
302 2467 464 2540 κῦρος
486 2468 705 2538 ἔχοντος
737 2467 838 2539 ἤδη
871 2466 966 2521 ἅτε
999 2467 1101 2522 καῖ
1127 2467 1187 2522 16
1219 2467 1382 2522 πλέον
1424 2465 1519 2520 τοῦ
1552 2467 1799 2537 Πατρός;

223 2562 279 2614 Ei
321 2561 376 2614 δε
408 2564 436 2615 6
466 2560 621 2624 Υἱὸς,
660 2557 763 2628 φεῦ
804 2561 902 2629 τῆς
951 2560 1262 2633 βαρυτέρας
1301 2559 1538 2630 τόλμηςί
1583 2559 1658 2614 Οὐ
1693 2557 1804 2630 γὰρ

222 2653 468 2723 ἐνόμισαν
516 2652 781 2722 ἀρκέσειν
814 2651 998 2715 αὐτοῖς
1039 2652 1122 2716 είς
1154 2652 1280 2706 ὅσον
1327 2651 1551 2706 ἀσεϐεῖν
1601 2651 1805 2704 εἴλοντο

221 2745 486 2815 διατεμεῖν
522 2745 619 2798 καὶ
668 2741 1110 2814 συμμερίξεσθαι
1135 2743 1213 2815 τῷ
1239 2743 1356 2815 Υίῷ
1383 2745 1484 2817 τὴν
1530 2743 1804 2815 πατρικὴν

225 2835 414 2901 αἰτίαν,
451 2836 501 2888 εί
549 2837 628 2906 μὴ
671 2836 766 2888 καὶ
807 2833 869 2887 16
900 2834 1065 2888 πλέον
1119 2835 1492 2908 ἀφαιρήσουσι
1535 2837 1634 2890 καὶ
1684 2833 1807 2887 ἀντὶ

221 2927 310 2980 τοῦ
370 2925 585 2997 ιιατρδς
632 2923 711 2994 τῷ
746 2923 1022 2995 Πνεύματι
1077 2925 1172 2979 τδν
1227 2927 1357 2980 Υίὸν
1394 2925 1805 2992 ἀντεισάξουσιν

224 3019 302 3072 αἷς
313 3034 410 3071 ιον.

299 3114 373 3179 μ’.
405 3108 470 3161 Τί
518 3107 701 3177 λέγεις
730 3125 749 3177 ;
778 3108 1015 3194 Ἔλαϐεν
1054 3108 1204 3181 παρὰ
1236 3111 1331 3166 τοῦ
1380 3107 1590 3184 Πατρὸς
1620 3114 1649 3167 6
1679 3111 1807 3176 Υἱὸς

1901 2212 2024 2250 rum
2053 2195 2248 2249 arbitri
2283 2193 2463 2264 magis
2494 2206 2618 2247 esse
2651 2205 2876 2246 causam
2925 2186 3398 2258 pronuntiabunt?
3426 2185 3485 2241 Si

1903 2287 2046 2342 enim
2089 2283 2332 2350 Patrem,
2368 2267 2647 2354 quomodo
2680 2299 2786 2336 non
2823 2280 3134 2336 adscititius
3176 2290 3228 2332 et
3263 2277 3486 2348 spurius

1904 2388 1959 2433 et
2011 2379 2249 2448 injurius
2296 2377 2402 2432 erit
2455 2377 2634 2431 honor
2685 2375 2754 2429 ab
2793 2376 2915 2430 istis
2964 2373 3104 2426 Filio
3149 2373 3486 2436 vindicatus,

1905 2465 2211 2534 praesertim
2240 2479 2365 2518 cum
2397 2464 2566 2518 robur
2591 2463 2729 2534 jam,
2761 2463 2964 2532 quippe
3003 2470 3057 2516 et
3089 2462 3333 2531 potiores
3365 2476 3490 2529 par-

1907 2566 1990 2612 tes
2023 2555 2222 2611 ltabeat
2255 2555 2460 2611 Pater?
2505 2555 2562 2610 Si
2596 2569 2727 2610 vero
2761 2553 2984 2620 Filium,
3030 2553 3133 2607 heu
3174 2552 3486 2621 graviorem

1907 2645 2308 2704 temeritatem!
2349 2634 2468 2702 Non
2500 2649 2645 2702 enim
2682 2646 2786 2701 sibi
2829 2647 2964 2700 satis
3005 2661 3127 2700 esse
3153 2653 3492 2699 censuerunt

1908 2743 1963 2794 in
1997 2755 2110 2794 suae
2145 2737 2448 2808 impietatis
2484 2753 2621 2792 ausu
2656 2747 2943 2807 paternam
2987 2751 3213 2790 causam
3245 2733 3491 2790 dividere

1909 2839 2238 2901 partemque
2287 2829 2437 2884 illius
2468 2826 2609 2882 Filio
2660 2827 2926 2893 tribuere,
2971 2828 3076 2883 nisi
3113 2827 3281 2882 etiam
3315 2827 3494 2898 potio-

1909 2937 2023 2977 rem
2057 2931 2270 2992 partetu
2294 2923 2344 2976 ei
2377 2921 2646 2987 adimant,
2679 2930 2736 2976 et
2763 2921 2884 2975 loco
2918 2918 3099 2976 Patris
3129 2917 3328 2974 Filium
3364 2935 3493 2975 cau~

1908 3031 2026 3070 sam
2059 3016 2394 3071 substituant
2421 3013 2675 3084 Spiritui.

1983 3109 2075 3166 40.
2113 3109 2252 3176 Quid
2290 3108 2409 3165 ais?
2434 3108 2658 3180 Accepit
2687 3123 2716 3163 a
2753 3105 2918 3164 Patre
2946 3100 3119 3164 Filius
3149 3123 3212 3164 ex
3247 3104 3368 3180 ipso
3395 3121 3493 3179 per

224 3197 278 3266 ἐξ
303 3199 464 3254 αὑτοῦ
496 3199 590 3253 διὰ
616 3203 923 3270 γεννήσεως
959 3199 1240 3272 προελθὼν
1267 3203 1361 3255 καὶ
1388 3202 1652 3273 προάγειν
1683 3201 1804 3254 ἓτε-

1917 3203 2326 3276 generationem
2382 3207 2664 3271 protectus
2730 3202 2898 3257 alium
2958 3216 3182 3273 quoque
3245 3200 3491 3269 ejusdem

224 3310 310 3363 ρον
351 3291 632 3362 ὁμοφυέςς
667 3291 791 3354 Πῶς
846 3290 940 3345 οὖν
970 3291 1064 3345 καὶ
1108 3291 1273 3354 αὐτὸς
1317 3293 1346 3346 6
1373 3292 1500 3357 Υίὺς
1548 3292 1807 3363 προάγων

223 3385 451 3452 θμοφυὲς
505 3383 567 3435 16
609 3381 836 3453 Πνεῦμα
885 3382 946 3435 οὐ
1005 3381 1337 3451 μετέδωκεν,
1367 3383 1444 3446 ώς
1483 3381 1806 3452 μετέλαϐεν,

222 3477 315 3542 τῆς
341 3475 539 3545 ὁμοίας
567 3475 854 3544 δυνάμεως
897 3474 994 3526 καὶ
1027 3475 1218 3545 τιμῆς,
1259 3467 1348 3527 ἵνα
1383 3471 1606 3527 κάκεῖνο
1647 3473 1808 3528 πάλιν

221 3566 492 3636 opm-406;
530 3565 632 3638 ἐχῃ
657 3562 872 3635 προόδῳ
901 3565 996 3618 καὶ
1027 3564 1324 3618 ὑποστάσει
1354 3564 1805 3633 ἐναγλαῖζεσθαι;

225 3656 406 3710 Καίτοι
445 3673 515 3725 γε
544 3655 711 3725 ἐχρῆν
755 3655 848 3708 τὸν
877 3655 1027 3719 Υἰὸν,
1058 3655 1108 3707 εί
1153 3655 1250 3708 καὶ
1281 3656 1356 3725 μὴ
1392 3655 1460 3709 δι’
1507 3655 1696 3727 ἕτερόν
1732 3675 1806 3722 τι,

223 3749 329 3802 ἀλλ’
361 3749 454 3801 οὖν
486 3765 554 3815 γε
591 3747 726 3818 πρὸς
753 3749 849 3818 τὴν
880 3747 974 3800 τοῦ
1008 3746 1222 3818 Πατρὸς
1253 3747 1593 3818 ἀναγόμενον
1639 3749 1811 3818 μίμη-

224 3855 302 3892 σιν
331 3841 419 3910 ἐφ’
453 3839 677 3910 ὁμοίαις
726 3839 1034 3910 ἐνεργείαις
1084 3838 1469 3902 συνδιασώζειν
1511 3840 1572 3892 16
1599 3840 1804 3910 ὅμοιον.

292 4028 402 4096 μα’.
448 4023 600 4095 Ἐγώ
627 4026 683 4079 δε
712 4023 836 4080 οὐδὲ
875 4025 1080 4096 ταύτην
1109 4021 1259 4094 δοίην
1299 4023 1365 4081 ἀν
1395 4021 1524 4099 σιγῇ
1559 4027 1658 4098 τὴν
1685 4025 1810 4084 ἀτο-

226 4119 348 4168 πίαν
387 4117 467 4186 (3)
524 4115 748 4185 μείζονα
777 4115 978 4183 λέγειν,
1007 4117 1056 4169 εί
1079 4117 1173 4169 καὶ
1197 4115 1273 4187 μὴ
1294 4118 1362 4187 τῇ
1392 4115 1553 4185 φύσει
1586 4103 1806 4188 (ἄπαγε’

221 4205 508 4274 δμοούσιος
541 4205 652 4273 γὰρ
700 4205 736 4275 ἡ
768 4202 985 4274 Τριὰς),
1017 4204 1154 4258 ἀλλά
1197 4220 1262 4271 γε
1294 4203 1374 4275 τῷ
1407 4207 1566 4275 αίτίῳ
1598 4203 1692 4258 τὸν
1723 4215 1812 4274 γε-

222 4295 526 4367 γεννηκότα
543 4294 638 4348 τοῦ
665 4296 1007 4366 γεννήματος
1032 4297 1389 4365 μυσταγωγεῖ
1415 4293 1516 4366 μὲν
1543 4297 1578 4368 ἡ
1605 4298 1812 4350 Δεσπο-

221 4388 343 4460 τικὴ
374 4388 570 4456 φωνὴο
605 4387 850 4441 διδάσκει
889 4386 947 4440 δὲ
987 4387 1219 4458 μυηθεὶς
1261 4388 1474 4442 ἐκεῖθεν
1517 4390 1611 4442 καὶ
1647 4390 1676 4442 6
1703 4387 1813 4443 τῶν

223 4478 380 4546 ἱερῶν
415 4475 684 4546 Πατέρων
731 4475 892 4546 ἡμῶν
955 4477 1116 4546 χορός
1166 4476 1245 4546 (4)
1283 4493 1299 4509 ο
1356 4478 1581 4545 μείζονα
1628 4479 1685 4531 δὲ
1733 4478 1812 4549 τῷ

1912 3304 2126 3351 natura:
2162 3295 2509 3366 producere?
2545 3289 2836 3360 Quomodo
2867 3293 3038 3365 igitur
3083 3302 3139 3348 et
3173 3292 3290 3363 ipse
3318 3290 3491 3346 Filius

1910 3387 2222 3459 producens
2254 3387 2500 3457 ejusdem
2532 3386 2636 3442 sibi
2670 3395 2882 3440 natura:
2911 3385 3176 3455 Spiritum
3199 3399 3311 3440 non
3337 3399 3493 3440 com-

1910 3479 2234 3547 municavit,
2270 3478 2416 3533 sicut
2451 3478 2566 3548 ipse
2596 3478 3038 3547 participaverat,
3096 3477 3328 3532 similem
3378 3475 3492 3530 vir-

1910 3581 2082 3628 tutem
2114 3579 2170 3626 et
2198 3571 2638 3641 praerogativam,
2673 3581 2732 3624 ut
2766 3569 3007 3639 Spiritus
3043 3568 3229 3625 itidem
3259 3567 3488 3640 gloriam

1916 3662 2114 3717 habeat
2139 3660 2306 3714 alium
2339 3659 2870 3714 consubstantialem
2901 3658 3276 3729 producendi?
3308 3659 3372 3714 Et
3407 3669 3491 3712 ta-

1914 3768 2038 3809 men
2073 3763 2173 3822 par
2215 3760 2356 3815 erat,
2390 3759 2470 3806 ut-
2497 3744 2690 3814 Filius,
2726 3751 2852 3806 licet
2885 3765 2995 3806 non
3035 3753 3107 3806 ob
3136 3750 3284 3805 aliud
3328 3750 3493 3821 quid-

1885 3861 2102 3916 .quam,
2151 3853 2207 3899 at
2238 3845 2431 3899 saltem
2463 3843 2530 3898 ad
2559 3839 2736 3898 Patris
2767 3843 3134 3900 imitationem
3166 3858 3264 3914 per
3294 3856 3493 3913 opera-

1911 3937 2088 3992 tiones
2117 3934 2326 3990 similes
2355 3933 2770 3989 similitudinem
2804 3943 3172 3989 conservaret.

1982 4027 2072 4083 M.
2130 4027 2242 4097 Ego
2301 4037 2481 4080 tamen
2534 4041 2712 4095 neque
2769 4026 2872 4080 hoc
2923 4025 3222 4080 absurdum
3275 4025 3495 4082 silentio

1911 4118 2348 4190 praetermittam.
2397 4115 2656 4188 Majorem
2705 4131 2952 4172 asserere
2983 4115 3202 4172 Patrem
3233 4115 3397 4182 Filio,
3427 4117 3496 4172 li-

1914 4219 2001 4265 cet
2031 4225 2138 4264 uon
2175 4219 2373 4264 natura
2406 4208 2629 4280 (apage!
2679 4209 3178 4265 eonsubstantialis
3223 4218 3306 4264 est
3347 4210 3492 4264 enim

1913 4300 2201 4370 Trinitas),
2239 4308 2294 4354 at
2344 4300 2556 4354 ratione
2599 4314 2781 4355 causa:
2826 4300 3094 4369 permittit
3134 4315 3292 4356 sacra
3341 4301 3495 4356 vocis

1913 4392 2212 4448 Dominicae
2259 4391 2553 4457 institutio,
2594 4391 2830 4462 indeque
2873 4391 3122 4446 derivata
3176 4401 3492 4447 sanctorum

1912 4491 2231 4537 nostrorum
2285 4481 2506 4535 Patrum
2553 4479 2798 4538 traditio.
2847 4469 3047 4536 Filium
3103 4496 3231 4536 vero
3284 4481 3498 4536 ratione

221 4569 379 4640 αἰτίῳ
435 4567 536 4622 τοῦ
589 4568 911 4638 Πνεύματος
957 4567 1049 4621 τὸν
1081 4568 1212 4622 Υίδν
1268 4569 1391 4622 οὗτε
1450 4570 1612 4625 θείων
1665 4569 1804 4624 ἔστιν

1917 4589 2098 4629 causa:
2133 4573 2342 4643 Spiritu
2373 4571 2638 4641 majorem
2678 4587 2780 4628 nec
2813 4573 2865 4627 in
2895 4574 3096 4628 divinis
3126 4570 3370 4644 Eloquiis
3397 4589 3496 4626 au-

222 4660 442 4714 ἁκούειν
489 4659 727 4728 Λογίων,
757 4659 874 4712 ἀλλ’
926 4658 1049 4713 οὑδέ
1079 4658 1204 4724 νοῦς
1253 4661 1484 4733 εὐσεϐὴς
1524 4662 1688 4734 μέχρι
1719 4661 1816 4715 νῦν

223 4751 364 4804 ἑάλω
416 4749 728 4820 διανοηθείς
752 4759 767 4781 ⁸
815 4750 850 4821 ἡ
874 4751 930 4804 δέ
961 4767 1028 4819 γε
1079 4751 1347 4822 θεομάχος
1393 4753 1616 4822 γλῶσσα
1648 4755 1709 4808 οὐ
1739 4754 1818 4826 τῷ

223 4843 382 4912 αίτίῳ
413 4841 511 4896 τὸν
546 4841 676 4896 Υίδν
725 4841 951 4911 μείζονα
979 4842 1072 4896 τοῦ
1104 4841 1421 4914 Πνεύματος
1475 4846 1656 4914 μόνον,
1683 4845 1818 4900 ἀλλὰ

226 4936 320 4990 καὶ
349 4936 454 5006 τῆς
495 4934 772 5004 πατρικῆς
804 4933 1106 5004 ἐγγύτητος
1135 4937 1471 5008 πορρωτέρω
1493 4939 1658 4992 ποιεῖ.

294 5028 406 5099 μβ’.
451 5027 576 5081 Ἔτι
598 5026 656 5079 δὲ
685 5027 734 5079 εί
766 5026 942 5090 αἴτιος
969 5026 1066 5080 τοῦ
1114 5027 1436 5100 Πνεύματος
1463 5032 1492 5084 ὁ
1518 5030 1668 5096 Υίδς,
1697 5031 1816 5095 πῶς

220 5123 319 5176 οὐκ
367 5123 438 5177 ἀν
493 5120 750 5192 εὑρεθείη
783 5118 862 5191 (5)
910 5120 1166 5192 δεύτερον
1218 5122 1599 5195 ὕποφυόμενον
1645 5127 1816 5181 αἴτιον

221 5217 278 5269 ἐν
314 5216 384 5285 τῇ
420 5211 746 5283 ὑπεραρχίῳ
795 5213 889 5267 καί
937 5213 1210 5282 ὑπερφυεῖ
1231 5213 1333 5285 τῆς
1371 5215 1597 5286 Τριάδος
1629 5218 1812 5289 ἀρχῇ;

221 5305 313 5358 καὶ
350 5303 418 5358 16
462 5319 524 5355 τε
571 5300 817 5357 αίτιατδν
848 5303 943 5356 κα)⁸
975 5303 1113 5373 μηδέ
1173 5304 1310 5374 πρὸς
1351 5304 1510 5375 ὓϐριν
1537 5307 1636 5376 τῆς
1667 5307 1816 5380 πρώ-

218 5413 318 5466 της
367 5394 552 5467 ἀρχῆς
588 5393 1078 5465 μεμηχανημένον
1131 5395 1316 5462 μόνον,
1338 5395 1478 5449 ἀλλά
1522 5398 1615 5451 καὶ
1651 5397 1814 5452 αὐτοῦ

218 5489 458 5550 ἐκείνου,
485 5487 614 5557 περὶ
640 5480 704 5540 οὖ
752 5483 1298 5558 κατασχηματίζεται
1329 5488 1362 5556 ἡ
1404 5489 1540 5559 τιμή
1567 5504 1583 5555 ;
1612 5489 1674 5541 16
1706 5491 1814 5561 γὰρ

221 5581 358 5652 μηδι
394 5597 520 5634 τινα
547 5580 742 5650 χρείαν
777 5577 902 5649 μηδ’
930 5577 1080 5648 αὐτῷ
1121 5577 1259 5649 μηδὲ
1310 5579 1498 5650 μηδενὶ
1528 5581 1811 5652 παρέχειν,

287 5738 369 5810 (1)
399 5737 568 5810 μω.
605 5733 1171 5810 ὑπερελχπολυθείαν.

288 5805 370 5884 ρ)
400 5807 571 5884 μων.
627 5805 754 5884 κεῖ,
786 5806 945 5884 ὕϐρις
981 5808 1166 5884 animi;
1195 5805 1370 5884 (deest
1396 5811 1528 5884 καὶ)
1554 5812 1692 5884 αὐτή
1720 5827 1806 5882 γε.

283 5879 364 5949 (3)
397 5877 567 5933 Laur.
631 5877 774 5946 Ἐγὼ
837 5877 895 5932 δέ
944 5877 1063 5932 οὺδέ
1132 5879 1335 5951 ταύτην
1390 5882 1457 5934 ἂν
1501 5877 1653 5954 δοίην
1680 5877 1807 5957 σιγῇ

508 5975 776 6037 Ρλτιιοι.
829 5975 949 6034 Gn.
993 5961 1201 6036 CXLI.

1921 4667 2198 4730 divinius,
2246 4681 2346 4720 nec
2385 4680 2716 4736 quemquam
2755 4665 2905 4736 pium
2947 4667 3210 4721 hactenus
3259 4665 3499 4721 sensisse

1919 4758 2329 4827 con'iperimus;
2377 4756 2547 4826 impia
2585 4765 2768 4811 tamen
2812 4756 2997 4829 lingua
3047 4772 3155 4813 non
3209 4755 3370 4812 modo
3411 4755 3502 4810 Fi-

1918 4851 2050 4904 lium
2083 4850 2293 4904 ratione
2319 4863 2504 4904 causae
2538 4846 2746 4919 Spiritu
2784 4848 3043 4918 majdrem
3079 4848 3234 4916 facit,
3268 4849 3362 4905 sed
3392 4837 3499 4906 Pa-

1919 4941 1986 4996 tri
2015 4941 2353 5013 propiorem.

1989 5033 2081 5089 62.
2123 5035 2204 5090 Ad
2239 5034 2357 5090 haec
2405 5034 2450 5090 si
2499 5048 2670 5090 causa
2713 5034 2953 5107 Spiritus
3002 5043 3087 5092 est
3131 5034 3328 5099 Filius,
3365 5049 3504 5106 quo-

1918 5125 2082 5180 modo
2116 5139 2225 5179 non
2261 5125 2503 5180 secunda
2534 5125 2768 5195 pullulat
2805 5141 2972 5182 causa
3006 5127 3061 5182 in
3111 5140 3371 5198 supremo
3405 5141 3501 5180 su-

1919 5215 2372 5288 pernaturalique
2394 5214 2685 5270 Trinitatis
2717 5217 3010 5287 principio,
3045 5233 3221 5288 eaque
3250 5226 3498 5278 causata,

1918 5319 1973 5365 et
2035 5322 2143 5362 non
2211 5307 2264 5361 in
2337 5307 2724 5361 contumeliam
2787 5307 2950 5378 primi
3002 5307 3257 5377 principii
3317 5309 3496 5360 solum

1918 5397 2254 5466 excogitata,
2287 5397 2381 5451 sed
2417 5407 2475 5451 et
2504 5396 2786 5462 illiusmet,
2829 5397 2882 5450 in
2913 5396 3072 5467 cujus
3117 5397 3359 5451 favorem
3401 5395 3502 5450 ho-

1917 5506 2020 5546 nor
2065 5489 2155 5545 ille
2225 5487 2597 5558 conﬁngitur?
2643 5487 2781 5547 Cum
2843 5488 2992 5544 enim
3044 5487 3341 5544 causalitas
3395 5488 3498 5543 ista

1917 5584 2126 5639 nullum
2155 5583 2385 5638 omnino
2427 5598 2587 5638 usum
2619 5587 2860 5652 praestet,
2897 5582 3006 5635 imo
3037 5593 3165 5634 vero
3201 5595 3268 5634 ne
3305 5594 3497 5635 ansam

1915 5742 2016 5813 τὴν
2034 5743 2287 5813 ἀτοπιαν.

1987 5813 2066 5881 (6)
2088 5810 2252 5868 Laur.
2290 5813 2424 5882 ἡμῐν
2437 5812 2624 5882 χορός.

1987 5883 2064 5955 (5)
2096 5884 2259 5938 Laur.
2295 5881 2516 5953 εὑρέθη.
