3944 6576
492 478 596 538 783

1517 474 1724 538 που.
1769 441 1981 536 VECCI
2031 476 2144 536 cr.
2185 476 2692 538 PATRIARCIUE
3615 485 3706 549 ist

486 594 588 647 etsi
627 591 869 646 omnium
899 587 1230 645 naturalium
1261 587 1436 642 Patris
1465 587 1732 642 bonorum
1788 598 1870 644 est
1901 589 2040 659 parti

2176 588 2355 642 καὶτὸ
2403 590 2708 659 ἐκπέμπειν
2758 589 2998 661 Πνεῦμα,
3039 593 3263 661 φυσικὸν
3313 593 3513 664 ἀγαθὸν
3553 595 3604 650 διο
3632 601 3712 652 τοῦ

486 700 635 755 ccps,
687 698 794 737 non
854 683 1016 736 habet
1073 695 1204 734 vero
1259 679 1542 734 emittendi
1586 678 1824 750 Spiritus
1868 687 2056 748 poten-

485 777 642 838 tiam,
678 789 800 844 qua:
829 771 1077 826 naturale
1107 770 1285 825 Patris
1328 769 1532 824 bonum
1569 780 1672 836 est,
1723 770 1845 826 ideo
1873 774 2056 826 neuti-

486 880 650 937 quam
691 872 897 918 naturae
931 861 1110 916 Patris
1141 869 1224 915 est
1252 875 1470 930 expers.

431 939 438 949 ’
555 956 710 1022 Quod
745 969 872 1008 vero
907 953 1145 1014 dubitas,
1200 967 1268 1006 an
1311 951 1499 1006 eadem
1546 952 1900 1022 processione
1928 968 2056 1023 pro-

485 1050 641 1103 cedat
673 1046 908 1116 Spiritus
937 1060 1003 1100 ex
1038 1044 1176 1098 Filio
1197 1058 1264 1098 an
1289 1052 1529 1112 paterna:
1559 1045 1854 1108 contraria,
1883 1053 2046 1114 atque

483 1136 850 1208 processionis
882 1133 1222 1189 identitatem
1257 1133 1576 1188 idiomatum
1611 1133 2052 1189 communionem

481 1244 605 1285 esse
633 1227 917 1284 existimas
971 1226 1114 1296 (cap.
1147 1225 1267 1295 35),
1323 1223 1377 1278 id
1407 1239 1474 1279 ex
1504 1239 1570 1279 eo
1602 1224 1930 1280 solutionem
1961 1227 2056 1280 ha-

480 1321 594 1383 bet,
623 1318 770 1390 quod
798 1316 1023 1373 minime
1052 1315 1235 1370 Patris
1259 1323 1342 1370 est
1365 1315 1690 1384 prOprietas,
1722 1315 1903 1386 ipsum
1928 1314 2054 1384 Spi-

479 1412 644 1466 ritum
675 1410 997 1479 producere,
1033 1406 1292 1476 quoniam
1317 1405 1454 1460 nihil
1487 1420 1677 1460 eorum
1711 1421 2054 1475 quaecunque

479 1517 549 1556 ex
600 1499 762 1554 Patre
821 1513 921 1568 per
964 1496 1163 1551 Filium
1214 1495 1494 1560 dicuntur,
1556 1495 1738 1549 Patris
1793 1504 1878 1550 est
1927 1511 2054 1565 pro-

479 1591 694 1660 prium;
728 1588 871 1642 unde
920 1597 975 1640 et
1025 1602 1131 1640 una
1185 1601 1310 1640 cum
1359 1585 1728 1642 Marcionihus
1773 1587 2052 1642 Manentes

479 1698 697 1754 quoque
727 1681 791 1733 ad
819 1680 1050 1733 nihilum
1101 1677 1265 1748 redigi
1299 1679 1670 1748 consequitur.
1717 1677 1918 1733 Praeter
1935 1678 2049 1748 jam

477 1777 617 1829 dicta
639 1774 776 1842 (cap.
814 1771 905 1840 56)
944 1770 1200 1840 quoniam
1236 1784 1398 1824 omne
1427 1771 1571 1839 quod
1606 1785 1711 1824 non
1740 1779 1822 1824 est
1858 1785 2051 1839 super-

478 1866 743 1940 natutalis
775 1860 1064 1917 Trinitatis
1094 1876 1409 1924 commuue,
1460 1862 1624 1915 unius
1664 1862 1828 1914 trium
1863 1876 2050 1930 perso-

2165 681 2397 752 Πατρὸς,
2440 682 2496 734 ού
2531 682 2617 735 διὰ
2653 682 2808 734 τοῦτο
2847 683 2944 752 τῆς
2989 683 3080 737 τοῦ
3118 685 3324 754 Πατρδς
3355 685 3568 754 φύσεως
3596 691 3715 743 tim-

2161 771 2290 824 δέει.

2161 969 2170 998 θ
2233 959 2401 1013 Πάλιν
2429 959 2489 1013 τὸ
2521 960 2800 1032 διαπορεῖν
2833 979 2914 1025 σε,
2967 964 3194 1033 πότερον
3227 963 3326 1033 τὴν
3360 965 3536 1036 αὐτὴν
3569 969 3713 1024 ἐκπόο

2163 1065 2350 1118 ρενσιν
2381 1049 2745 1120 ἐκπορεύεται
2775 1050 2868 1104 τοῦ
2901 1050 3031 1103 Υίοῦ
3065 1052 3125 1104 τὸ
3159 1052 3404 1120 Πνεῦμα,
3432 1052 3465 1122 ἢ
3497 1054 3590 1122 τῆς
3623 1071 3714 1108 πα-

2155 1140 2339 1213 τρῴας
2365 1140 2663 1206 ἀντίθετον,
2697 1142 2791 1196 καὶ
2825 1142 3077 1194 κοίνωσιν
3107 1142 3215 1195 τῶν
3265 1142 3542 1210 ίδιοτήτων
3585 1147 3716 1214 ἡγεῖ.

2157 1230 2283 1285 σθαί
2322 1249 2382 1285 σε
2424 1231 2524 1302 τῆς
2557 1233 2938 1302 ἑκπορεύσεως
2970 1232 3068 1302 τὴν
3109 1233 3441 1304 ταυτότητα,
3475 1234 3585 1303 ἔχει
3632 1237 3716 1306 τὴν

2154 1322 2308 1376 λύσιν
2336 1326 2400 1377 ὲκ
2427 1325 2520 1377 τοῦ
2547 1325 2622 1394 μὴ
2650 1325 2912 1394 πατρικὸν
2942 1319 3080 1378 εἶναι
3107 1324 3300 1394 ίδίωμα
3322 1325 3385 1376 τδ
3408 1325 3498 1378 τὸν
3522 1326 3715 1398 Πατέρα

2155 1414 2216 1466 τὸ
2250 1413 2474 1483 Πνεῦμα
2507 1415 2802 1484 προάγειν·
2837 1416 2958 1466 ἐπεὶ
2997 1415 3163 1484 μηδέν
3193 1432 3246 1468 τι
3283 1415 3390 1467 τῶν
3427 1416 3526 1466 ὅσα
3553 1418 3614 1469 ὲκ
3633 1417 3712 1470 τοῦ

2154 1500 2368 1568 Πατρδς
2393 1500 2479 1553 διὰ
2501 1500 2593 1554 τοῦ
2624 1501 2752 1554 Υίοῦ
2785 1501 3028 1570 λέγεται,
3049 1503 3177 1555 ίδιον
3196 1501 3291 1555 τοῦ
3314 1503 3530 1574 Πατρός
3551 1505 3682 1557 ἐστιν
3697 1523 3709 1536 ·

2152 1589 2276 1642 ὅθεν
2307 1590 2404 1642 καὶ
2434 1591 2718 1644 ἀκολουθεῖ
2752 1594 2864 1654 τοῖς
2905 1593 3196 1662 Μαρκίωσι
3228 1595 3710 1665 συγκαταργεῖσθαι

2151 1679 2278 1743 τοὺς
2306 1681 2615 1744 Μάνεντας.
2665 1682 2788 1735 Ἐπὶ
2828 1683 2887 1736 δὲ
2917 1685 3028 1746 τοῖς
3060 1685 3374 1753 εἰρημένοις
3410 1685 3596 1752 ἐπειδὴ
3618 1688 3712 1742 πᾶν

2152 1771 2289 1840 ὅπερ
2321 1772 2422 1824 οὐκ
2465 1771 2579 1825 ἔστι
2614 1773 2715 1843 τῆς
2750 1773 3062 1844 ὑπερφυοῦς
3098 1775 3331 1844 Τριάεος
3379 1775 3578 1840 κοινὸν,
3611 1778 3712 1838 ἑνὸς

2151 1861 2261 1915 τῶν
2289 1861 2459 1931 τριῶν
2503 1858 2644 1916 εἶναι
2691 1866 2816 1918 κατ’
2869 1865 3116 1933 ἀνάγκην
3167 1865 3543 1935 διωρισμένως
3578 1867 3709 1932 605d-

477 1972 670 2012 narum
700 1937 1010 2010 necessario
1067 1967 1188 2008 esse
1239 1951 1461 2006 deﬁnite
1506 1967 1718 2018 censes,
1764 1961 1824 2006 ut
1853 1953 2045 2007 exinde

2152 1951 2285 2015 ζεις,
2322 1950 2391 2002 ἶν’
2420 1950 2670 2004 ἐντεῦθεν
2702 1953 3020 2022 ἀναγκαίως
3063 1957 3449 2025 συμπερανῇς,
3476 1954 3509 2026 ἢ
3544 1957 3602 2008 ὲκ
3629 1956 3710 2026 μό.

477 2046 802 2102 necessitate
830 2043 998 2113 logica
1028 2041 1275 2110 colligas,
1324 2047 1420 2094 aut
1473 2055 1538 2094 ex
1577 2039 1694 2093 solo
1722 2040 1881 2094 Patre
1926 2056 2050 2110 pro-

474 2139 669 2193 cedere
717 2134 982 2204 Spiritum
1033 2143 1284 2187 sanctum
1329 2140 1423 2186 aut
1457 2147 1522 2184 ex
1560 2131 1678 2184 solo
1721 2128 1882 2194 Filio,
1940 2147 2047 2200 qua

474 2223 834 2278 conclusione
864 2236 961 2276 eos
986 2221 1076 2289 qui
1128 2235 1191 2274 ex
1229 2219 1365 2273 Filio
1397 2219 1664 2288 Spiritum
1710 2235 1831 2274 esse
1861 2220 2050 2274 dicunt

473 2317 530 2369 in
565 2323 774 2368 tantum
815 2311 1166 2382 blasphemia:
1197 2309 1388 2380 dejicis
1422 2309 1766 2375 barathrum,
1795 2319 1852 2363 ut
1881 2319 1933 2364 et
1954 2325 2048 2378 ge-

484 2411 818 2464 nerationem
847 2422 971 2462 cum
1023 2404 1322 2475 spiratione
1377 2411 1720 2458 commutare
1751 2412 1805 2458 et
1830 2401 2045 2457 Patrem

471 2516 539 2554 ex
573 2499 712 2554 Filio
762 2511 884 2552 esse
922 2495 1264 2550 comminisci
1313 2494 1637 2548 videantur!
1689 2493 2044 2560 Obsistittibi

471 2601 526 2646 et
553 2606 619 2645 ex
649 2589 878 2644 adverso
903 2596 1010 2644 stat
1033 2585 1332 2655 Gregorius
1367 2585 1651 2656 theologize
1687 2600 1864 2648 mens,
1899 2601 2045 2638 com-

2150 2059 2239 2094 νου
2271 2041 2363 2095 τοῦ
2399 2043 2611 2114 Πατρὸς
2637 2043 2699 2096 τὸ
2742 2045 2962 2114 Πνεῦμα
3007 2046 3065 2098 τὸ
3099 2047 3254 2114 ἆγιον
3305 2047 3707 2118 ἐκπορεύεσθαι,

2147 2134 2181 2204 ἢ
2210 2136 2276 2187 ὲκ
2318 2135 2481 2203 μόνον
2511 2134 2603 2188 τοῦ
2639 2134 2786 2196 Υίοῦ,
2821 2128 2864 2202 ᾧ
2905 2153 3010 2188 τινι
3053 2136 3487 2206 συμπεράσματι
3518 2139 3635 2200 τοὺς
3657 2139 3711 2190 ὲκ

2146 2222 2240 2276 τοῦ
2268 2222 2399 2300 Υίοῦ
2425 2223 2683 2288 λέγοντας
2713 2220 2852 2277 εἶναι
2898 2225 2959 2277 τὸ
2992 2224 3214 2293 Πνεῦμα
3252 2227 3334 2289 είς
3383 2226 3541 2279 τόσον
3571 2225 3709 2295 βλασο

2147 2315 2357 2384 φημίας
2398 2316 2655 2384 ἀπάγεις,
2698 2314 2773 2378 ὡς
2807 2315 2904 2369 καὶ
2948 2315 3047 2386 τὴν
3096 2317 3352 2386 γέννησιν
3377 2319 3446 2386 τῇ
3491 2317 3706 2388 προὸολῇ

2150 2406 2612 2475 συμμετατιθέναι
2641 2407 2737 2460 καὶ
2786 2406 2878 2459 τδν
2910 2408 3127 2478 Πατέρα
3167 2409 3232 2459 ὲκ
3269 2407 3364 2460 τοῦ
3405 2407 3536 2460 Υίοῦ
3569 2424 3708 2478 τερα-

2145 2497 2422 2566 τολογεῖνο
2455 2498 2901 2551 ἀντικαθίσταταί
2931 2515 3012 2552 σοι
3038 2499 3138 2568 τῆς
3183 2498 3470 2566 θεολογίας
3513 2500 3705 2570 Γρηγό-

2148 2607 2262 2662 ριος
2293 2590 2437 2655 νοῦς,
2474 2591 2683 2644 κοινὸν
2715 2588 2852 2642 εἶναι
2875 2591 3056 2658 λέγων
3089 2589 3196 2654 Υιῷ
3229 2590 3331 2644 καὶ
3359 2592 3508 2659 ἁγίῳ
3536 2593 3706 2644 [Ira-ti-

460 2700 627 2740 mune
693 2697 814 2738 esse
865 2681 1053 2737 dicens
1103 2679 1244 2733 Filio
1283 2695 1344 2732 ac
1390 2686 1570 2732 sancto
1622 2676 1872 2747 Spiritui,
1905 2677 2045 2748 quod

2151 2698 2280 2748 ματι
2307 2683 2370 2734 τὸ
2401 2682 2470 2734 ἐκ
2495 2682 2601 2736 τοῦ
2636 2682 2888 2749 Πατρός,
2919 2681 3208 2736 κάντεῦθεν
3234 2683 3424 2752 σαφῶς
3449 2685 3704 2752 παριστῶν

470 2787 595 2832 sunt
625 2791 690 2830 ea:
729 2775 912 2840 Patre,
967 2782 1128 2842 atque
1171 2773 1366 2826 exinde
1415 2771 1699 2840 perspicue
1753 2771 2044 2824 mendaces

469 2884 707 2940 arguens
734 2883 848 2930 eos,
901 2868 991 2937 qui
1023 2865 1209 2919 dicunt
1237 2882 1250 2919 :
1277 2864 1650 2933 Quodcunque
1705 2862 1758 2916 in
1791 2878 2043 2932 superes-

471 2961 687 3015 sentiali
715 2959 980 3014 Triuitate
1005 2966 1060 3012 et
1088 2959 1356 3026 cogitatur
1385 2966 1438 3012 ct
1475 2957 1680 3011 dicitur
1700 2993 1716 3017 ,
1768 2954 1852 3008 vel
1879 2955 2042 3008 trium

471 3060 556 3107 cst
592 3065 884 3113 commune
915 3050 995 3102 vel
1029 3049 1190 3104 unius
1219 3050 1522 3118 proprium.

540 3145 813 3197 Praeterea
864 3141 1121 3210 quoniam
1165 3141 1262 3194 tibi
1319 3140 1598 3194 inuovatiu
1631 3143 1876 3210 quaedam
1919 3159 2043 3198 esse

2144 2771 2358 2841 ψευδεῖς
2415 2770 2554 2825 εἶναι
2610 2775 2736 2836 τοὺς
2790 2773 3081 2840 λέγοντας·
3136 2776 3244 2828 πᾶν
3298 2775 3440 2845 ὅπερ
3491 2775 3581 2827 ἐπὶ
3621 2776 3704 2842 τῆς

2149 2861 2474 2931 ὕπερουσίου
2533 2862 2763 2931 Τριάδος
2799 2864 2891 2917 καὶ
2933 2867 3130 2918 νοεῖται
3167 2868 3260 2918 καὶ
3298 2866 3517 2934 λέγεται
3551 2867 3581 2937 ἢ
3610 2884 3704 2920 κοι-

2146 2949 2233 3005 νόν
2262 2953 2380 3008 ἐστι
2410 2953 2517 3006 τῶν
2548 2954 2712 3026 τριῶν
2747 2954 2779 3027 ἢ
2806 2955 2924 3019 ἐνὸς
2951 2955 3103 3010 ῖδιον.

2221 3137 2342 3188 Ἔτι
2373 3136 2428 3189 δὲ
2454 3135 2640 3206 ἐπειδὴ
2677 3135 2994 3205 καινοτομία
3028 3152 3110 3198 τις
3138 3135 3286 3188 δοκεῖ
3315 3153 3398 3189 σοι
3427 3137 3520 3189 τοῦ
3551 3135 3702 3190 Π·.εύο

469 3233 690 3288 videtur
725 3232 874 3301 (cap.
902 3231 992 3300 57)
1030 3231 1173 3285 circa
1207 3230 1491 3299 Spiritum,
1541 3232 1587 3286 si
1623 3232 1671 3286 is
1695 3249 1759 3287 ex
1798 3232 1958 3288 Patre
1989 3244 2040 3290 et

2155 3245 2343 3295 ματος,
2373 3229 2468 3282 ἐὰν
2500 3231 2564 3281 ὲκ
2594 3227 2803 3298 Πατρδς
2850 3230 2941 3280 καὶ
2975 3227 3105 3280 Υίοῦ
3149 3227 3309 3281 τοῦτο
3357 3229 3702 3299 ἐκπορευόμε-

471 3325 614 3380 Filio
677 3325 999 3395 procedens,
1029 3338 1133 3379 non
1163 3322 1325 3376 etiam
1394 3323 1506 3393 ipse
1559 3323 1701 3378 aliud
1745 3326 2040 3397 quidquam

2151 3337 2238 3374 νον
2267 3319 2386 3390 οὐχὶ
2430 3320 2525 3373 καὶ
2559 3320 2689 3374 αὐτὸ
2737 3319 2924 3389 ἕτερόν
2956 3336 3006 3371 τι
3056 3319 3316 3390 ὲκπέμπῃ
3357 3320 3455 3389 (Ι),
3489 3321 3561 3389 μὴ
3600 3335 3700 3372 κοι-

467 3417 669 3472 mittit:
695 3415 798 3470 hoc
813 3414 1126 3485 neutiquam
1152 3413 1556 3470 inuovationem
1596 3431 1715 3471 esse
1745 3431 1902 3472 verus
1930 3431 2044 3473 ser-

2151 3411 2406 3479 νοτομίαν
2439 3412 2596 3464 τοῦτο
2626 3415 2653 3465 ὀ
2687 3411 2896 3482 ἀληθὴς
2929 3411 3276 3464 ἀποδείκνυσι
3319 3411 3498 3480 λόγος,
3531 3412 3590 3463 ἐκ
3621 3407 3698 3463 τοῦ

468 3525 559 3564 tuo
610 3523 672 3563 ex
717 3522 781 3563 co
831 3508 1200 3570 demonstrat,
1234 3505 1377 3575 quod
1411 3505 1652 3576 Spiritus
1704 3507 1923 3575 quidem
1977 3523 2043 3563 ex

2151 3497 2286 3554 εἷναι
2317 3503 2412 3572 μὲν
2455 3503 2514 3554 τὸ
2565 3502 2786 3572 Πνεῦμα
2831 3505 2894 3555 ὲκ
2924 3501 3017 3554 τοῦ
3057 3500 3266 3570 Πατρὸς
3311 3502 3403 3555 διὰ
3447 3501 3591 3564 Υίοῦ,
3635 3503 3698 3570 μὴ

463 3601 624 3652 Patre
665 3606 748 3651 est
791 3612 885 3665 per
920 3595 1144 3662 Filium,
1179 3611 1284 3649 non
1321 3604 1501 3649 autem
1541 3611 1638 3666 per
1671 3595 1934 3668 Spiritum
1961 3607 2044 3654 est

2151 3587 2285 3644 εἶναι
2340 3592 2396 3646 δὲ
2435 3592 2521 3646 διὰ
2579 3594 2671 3646 τοῦ
2705 3593 3018 3663 Πνεύματος
3066 3594 3256 3662 ἕτερον
3283 3607 3298 3620 °
3343 3595 3427 3646 ὅτι
3479 3595 3581 3664 γὰρ
3623 3593 3697 3646 διὰ

466 3689 597 3756 quid
625 3687 793 3740 aliud.
813 3683 949 3738 Nam
977 3700 1165 3739 verum
1198 3694 1286 3740 est
1319 3685 1527 3748 dicere,
1567 3701 1665 3755 per
1687 3683 1886 3739 Filium
1923 3701 2044 3742 esse

2151 3683 2278 3736 Υίοῦ
2316 3683 2377 3736 τὸ
2420 3685 2643 3752 Πνεῦμα
2689 3685 2750 3737 ὲκ
2782 3685 2876 3737 τοῦ
2912 3687 3146 3754 Πατρὸς,
3181 3689 3273 3742 καὶ
3312 3687 3374 3751 ἐξ
3415 3687 3605 3755 ἀμφοῖν
3627 3686 3697 3735 λέ-

467 3777 732 3844 r‘pirituut
766 3791 829 3828 ex
863 3775 1022 3828 Patre
1071 3782 1124 3826 et
1161 3788 1282 3827 esse
1306 3787 1370 3826 ex
1413 3782 1679 3842 utroque;
1741 3789 1837 3843 per
1869 3773 2042 3843 Spiri-

2151 3789 2263 3840 γειν
2305 3775 2438 3827 αὐτὸ
2486 3775 2679 3845 ἀληθές
2718 3777 2864 3828 ἐστι·
2914 3779 2995 3828 ὅτι
3027 3778 3080 3830 δὲ
3125 3779 3214 3830 διὰ
3256 3778 3351 3830 τοῦ
3407 3776 3695 3844 Πνεῦματος

468 3878 583 3918 tum
619 3881 748 3918 vero
786 3864 916 3916 nihil
950 3863 1095 3917 aliud
1124 3873 1208 3918 est
1238 3878 1303 3917 ex
1331 3863 1529 3918 Patre:
1565 3879 1672 3917 non
1699 3873 1875 3932 potest
1912 3878 2043 3934 ergo

2151 3867 2295 3920 οὐδὲν
2341 3867 2526 3936 ἕτερόν
2579 3870 2725 3921 ἐστιν
2767 3868 2830 3921 ἐκ
2883 3869 3114 3939 Πατρὸς.
3151 3869 3267 3932 πῶς
3315 3872 3380 3922 ἂν
3411 3870 3494 3937 εἴη
3543 3867 3694 3933 λέγειν

2144 3957 2238 4008 καὶ
2267 3957 2452 4019 ἕτερόν
2480 3974 2532 4010 τι
2584 3957 2945 4028 προέρχεσθαι
2995 3960 3060 4011 ὲκ
3091 3961 3181 4012 τοῦ
3238 3959 3585 4027 Πεάύματοςς
3616 3956 3692 4007 καὶ

2143 4044 2369 4113 οὐδεμία
2410 4046 2726 4115 καινοτομία
2778 4047 2962 4100 λοιπὸν
2990 4048 3442 4118 τοῦΠνεύματος
3490 4044 3692 4112 ἀναφαί-

2143 4151 2314 4198 νεται,
2347 4134 2396 4186 εί
2422 4135 2514 4187 κα)⁵
2551 4134 2626 4204 μὴ
2668 4135 2854 4206 ἕτερόν
2888 4153 2938 4189 τι
2971 4137 3135 4190 αὑτοῦ
3182 4140 3558 4208 ἐκπορεύεται,
3591 4135 3692 4188 ἐπεὶ

2145 4225 2311 4294 μηδὲν
2357 4225 2408 4278 τί
2458 4227 2606 4278 ἐστιν
2653 4225 2842 4296 ἕτερον
2889 4229 2952 4278 ὲκ
3001 4227 3094 4279 τοῦ
3137 4229 3363 4298 ,Πατρὸς
3409 4228 3479 4280 δι’
3526 4223 3688 4279 αὑτοῦ.

2153 4318 2371 4370 Ὀποῖὁν
2407 4318 2458 4370 τί
2512 4321 2626 4370 ἐστι
2681 4320 2776 4372 καὶ
2808 4319 2844 4388 ἡ
2887 4321 3216 4390 νομιζομένη
3251 4337 3332 4372 σοι
3375 4317 3691 4390 ἑτεροκλινὴς

469 3959 578 4011 dici
623 3957 766 4011 aliud
809 3956 1106 4026 quodpiam
1143 3970 1208 4008 ex
1253 3953 1459 4023 Spiritu
1492 3969 1634 4009 esse.
1685 3955 1750 4009 Et
1778 3956 1924 4009 nulla
1955 3955 2043 4011 hic

463 4059 725 4105 czeterum
761 4046 997 4117 Spiritus
1035 4047 1312 4100 innovatio
1348 4055 1588 4116 apparet,
1630 4048 1732 4101 etsi
1766 4062 1872 4101 non
1912 4063 2040 4117 pro-

465 4137 612 4194 cedit
639 4153 703 4192 ex
730 4137 850 4208 ipso
884 4137 1030 4192 aliud
1067 4137 1393 4208 quidquam,
1419 4152 1584 4207 quam
1622 4138 1753 4191 nihil
1787 4140 1934 4193 aliud
1970 4141 2042 4194 sit

463 4248 530 4287 ex
592 4231 750 4286 Patre
806 4245 901 4300 per
935 4230 1114 4300 ipsum
1165 4228 1449 4299 ejusmodi
1513 4243 1732 4299 quoque
1786 4239 1871 4284 est
1934 4233 2038 4298 eis,

465 4341 626 4393 quem
669 4336 848 4394 putas,
910 4337 1220 4393 propensus
1262 4324 1318 4376 iu
1354 4324 1580 4376 alteram
1628 4333 1836 4392 partem
1885 4324 2040 4378 favor

464 4416 752 4482 Patrisque
781 4415 951 4466 nimia
987 4412 1039 4466 iu
1074 4410 1271 4466 Filium
1309 4410 1558 4479 affectio;
1608 4422 1775 4482 atque
1808 4415 2038 4482 privatio

2151 4409 2429 4478 φιλοτιμία
2452 4409 2546 4461 τοῦ
2581 4409 2794 4479 Ila-rgo;
2836 4411 2971 4480 πρὸς
3003 4411 3093 4462 τὸν
3117 4410 3358 4465 meum
3387 4413 3418 4481 ὴ
3447 4410 3551 4462 τῶν
3580 4409 3690 4459 ἴσων

463 4515 544 4560 et-
575 4506 939 4568 dehaudatio,
999 4519 1126 4574 Aqua
1179 4503 1417 4573 Spiritus
1475 4503 1779 4573 aequalibus
1816 4505 2035 4574 juribus

2151 4499 2318 4571 γερῶν
2352 4502 2445 4552 τοῦ
2482 4499 2800 4568 Πνεύματος
2835 4502 3222 4570 ἀποστέρησις,
3259 4503 3306 4553 εί
3341 4503 3418 4571 μὴ
3453 4501 3542 4554 καὶ
3578 4496 3688 4550 αὐτὸ

466 4600 754 4668 spolietur,
803 4599 908 4652 nisi
946 4609 997 4651 et
1032 4597 1149 4666 ipse
1190 4611 1253 4650 ex
1282 4595 1473 4650 eadem
1523 4611 1649 4651 cum
1686 4595 1820 4651 Filio
1872 4612 2038 4652 causa

2151 4594 2204 4644 ix
2228 4591 2329 4660 τῆς
2374 4591 2543 4661 αὐτῆς
2580 4591 2656 4661 τῷ
2685 4591 2798 4661 Υίῷ
2831 4592 3110 4663 ὁμοτίμως
3139 4594 3504 4664 προεληλυθὸς
3531 4592 3686 4652 αἰτίας

437 4688 582 4757 ,pari
619 4689 828 4742 honore
859 4701 1185 4757 progressus
1233 4686 1377 4739 aliud
1419 4687 1713 4756 quidquam
1765 4694 2029 4756 producat

2151 4683 2326 4754 ἕτερόν
2372 4700 2425 4736 τι
2477 4681 2766 4752 προίησινο
2795 4683 2920 4737 ,ἴσθι
2949 4687 3079 4755 γὰρ,
3125 4684 3200 4746 ὡς
3246 4685 3368 4754 οὐχὶ
3419 4685 3554 4738 κατά
3582 4699 3684 4734 τινα

465 4785 652 4852 (caput
679 4777 969 4846 38).‘Seito
992 4782 1161 4843 enim,
1197 4777 1299 4832 hoc
1323 4793 1429 4832 non
1457 4793 1576 4832 esse
1605 4779 1906 4833 secundum
1938 4781 2038 4834 ali-

2151 4774 2458 4844 ἑτεροκλινῆ
2515 4773 2825 4842 φιλοτιμίαν
2874 4774 2966 4826 τοῦ
3019 4774 3229 4843 Πατρὸς
3265 4775 3400 4843 πρὸς
3453 4774 3539 4826 τὸν
3576 4772 3684 4822 Υίδν

466 4888 630 4943 quem
670 4874 847 4928 Patris
894 4887 1021 4943 erga
1075 4870 1270 4925 Filium
1315 4871 1553 4924 favorem
1608 4872 2036 4938 pr0pensiorem,

2151 4866 2285 4915 τοῦτ’
2310 4862 2477 4926 ἔστιν,
2519 4863 2632 4915 ἀλλ’
2669 4865 2792 4916 ἐπεὶ
2818 4863 2942 4925 Υἱὸς
2979 4863 3079 4933 μέν
3105 4865 3252 4915 ἐστιν
3278 4864 3336 4916 ἐν
3367 4866 3430 4934 τῇ
3468 4861 3684 4933 Τριάδιὸ

474 4980 665 5021 verum
699 4965 826 5035 quia
874 4963 1408 5032 Filmsquidemcst
1456 4963 1506 5014 in
1553 4959 1818 5015 'l'rzuitate
1847 4959 2036 5026 Filius,

2151 4954 2288 5016 Υίδς,
2346 4952 2568 5022 Πνεῦμα
2597 4953 2654 5005 δὲ
2700 4953 2758 5004 τὸ
2807 4951 3034 5024 Πνεῦμα
3071 4954 3132 5006 τὸ
3184 4955 3360 5023 ἅγιον,
3394 4956 3486 5007 καὶ
3534 4951 3634 5005 οὐθ’
3661 4955 3684 5002 ὁ

463 5059 702 5128 Spiritus
733 5071 859 5110 vero
888 5054 1129 5124 Spiritus
1169 5061 1422 5118 sanctus,
1460 5061 1513 5106 et
1549 5065 1724 5120 neque
1755 5049 1924 5106 Filius
1949 5063 2034 5106 est

2151 5045 2267 5106 Υἱὸς
2323 5043 2550 5113 Πνεῦμα
2580 5046 2750 5109 ἔστιν,
2797 5042 2922 5096 οὔτε
2959 5044 3019 5096 τὸ
3061 5045 3286 5114 Πνεῦμα
3321 5045 3467 5110 Υίὸς,
3511 5044 3569 5096 ἐκ
3601 5042 3683 5112 μιν

472 5145 731 5213 Spiritus,
781 5157 957 5211 neque
997 5139 1176 5195 ‘Filius
1211 5139 1471 5210 Spiritus,
1515 5155 1580 5193 ex
1631 5137 1769 5193 Filio
1813 5141 2033 5209 quidem

468 5239 672 5291 dicitur
719 5250 840 5288 esse
895 5235 1154 5304 Spiritus,
1205 5234 1356 5302 quia.
1394 5231 1470 5286 Ex
1517 5231 1676 5286 Putre
1706 5248 1803 5302 per
1838 5231 2034 5287 Filium

467 5336 584 5386 est;
617 5341 682 5380 ex
721 5324 928 5392 Spiritu
968 5337 1095 5376 vero
1127 5322 1262 5376 nihil
1305 5322 1456 5375 aliud
1503 5322 1703 5378 dicitur
1736 5336 1878 5386 esse,
1908 5324 2034 5392 quia

465 5416 600 5471 nihil
631 5426 716 5472 est
745 5431 811 5470 ex
846 5415 1004 5468 Patre
1026 5428 1122 5482 per
1151 5411 1440 5481 Spiritum.
2018 5428 2024 5433 ι

537 5509 776 5566 Rursum
810 5508 952 5578 (cap.
979 5506 1069 5575 59)
1091 5507 1220 5560 dum
1245 5506 1298 5559 in
1316 5520 1542 5560 caueam
1575 5503 1790 5559 Patrem
1813 5504 2036 5559 Filium-

463 5618 571 5674 quc
603 5601 805 5656 dividis
838 5611 890 5657 et
935 5601 1106 5669 mang
1139 5589 1201 5654 ac
1232 5600 1412 5654 minus
1442 5600 1494 5652 in
1526 5602 1844 5653 causatione
1874 5610 2037 5667 atque

455 5695 798 5764 adscititium
849 5703 904 5748 et
947 5695 1198 5763 spurium
1244 5691 1384 5746 inter
1420 5705 1514 5746 eos
1545 5689 1811 5760 contingis
1849 5701 1905 5746 et
1938 5690 2038 5744 du-

534 5875 610 5947 (l)
633 5873 764 5930 Cod.
801 5873 1096 5940 ἐκπέμπει.

2139 5136 2230 5188 τοῦ
2269 5135 2398 5188 Υίοῦ
2431 5135 2649 5204 λέγεται
2684 5133 2820 5189 εἶναι
2849 5135 2911 5188 τὺ
2946 5135 3171 5206 Πνεῦμα
3198 5135 3287 5188 διὰ
3315 5135 3375 5189 τδ
3413 5139 3475 5188 εκ
3499 5133 3680 5203 Πατρὸς

2137 5229 2204 5280 δι’
2237 5227 2367 5280 Υίοῦ
2422 5223 2560 5280 εἶναι
2593 5228 2727 5282 αὑτό
2747 5244 2760 5258 ·
2793 5229 2858 5280 ὲκ
2889 5229 2945 5281 δὲ
2973 5227 3068 5281 τοῦ
3125 5227 3436 5298 Πνεῦματος
3481 5224 3617 5278 οὐδέν
3639 5237 3680 5272 τι

2137 5317 2354 5387 λέγεται
2391 5320 2578 5391 ἕτερον
2606 5320 2693 5374 διὰ
2748 5320 2808 5373 τὸ
2841 5319 3008 5390 μηδέν
3037 5337 3088 5374 τι
3119 5315 3258 5374 εἶναι
3291 5318 3378 5372 διὰ
3404 5316 3495 5371 τοῦ
3537 5315 3680 5368 Πνεύ-

2141 5428 2308 5480 ματος
2339 5413 2402 5464 ἐκ
2432 5413 2666 5483 Πατρός.

2214 5504 2378 5556 Πάλιν
2414 5506 2488 5565 εἰ,
2518 5506 2689 5558 αἴτιον
2712 5503 2804 5557 τὸν
2835 5505 3051 5577 Πατέρα
3082 5504 3176 5558 καὶ
3205 5505 3295 5557 τὸν
3322 5503 3446 5556 Υίδν
3478 5497 3674 5566 διαιρῶν

2137 5598 2229 5648 καὶ
2251 5597 2309 5648 τὸ
2337 5596 2536 5664 μᾶλλον
2560 5598 2655 5650 καὶ
2680 5591 2840 5668 ἦττον
2871 5597 2968 5665 τῆς
2990 5596 3169 5659 αἰτίας
3194 5595 3285 5649 καὶ
3307 5594 3363 5647 τὸ
3387 5593 3673 5647 ἐπείσακτον

2139 5688 2230 5742 καὶ
2263 5689 2412 5742 νόθον
2442 5689 2641 5759 μεταξὺ
2669 5685 2874 5744 τούτων
2897 5689 3258 5760 σνμπλάττων
3291 5688 3380 5740 καὶ
3404 5681 3669 5751 διαπορῶν.
