3944 6626
321 397 460 474 785'

1072 405 1508 481 REFUTATIO
1547 417 1919 485 PHOTIANI
1981 420 2198 485 LIBRI
2240 425 2337 485 DE
2380 417 2687 485 SPIRITU
2726 422 2784 484 S.

3469 423 3572 486 736

313 522 462 586 πῶς
496 510 676 576 λαϐὼν
721 522 750 577 δ
785 524 914 590 Υἰὸς
959 526 1108 596 παρὰ
1157 526 1253 582 τοῦ
1298 530 1513 602 Πατρδς
1546 532 1607 586 τὸ
1644 535 1898 603 προάγειι

2015 534 2158 589 bium
2202 551 2410 600 moves,
2450 533 2724 604 quomodo
2765 530 2939 588 Filius
2982 548 3013 588 a
3056 532 3215 588 Patre
3247 542 3463 597 nactus,
3516 545 3575 587 ut

311 611 568 682 ὀμοφυὲς
596 613 782 685 ἕτερον
811 615 872 668 οὐ
903 616 1206 686 μετέδωκεν
1233 618 1380 688 αὐτῷ
1413 620 1512 689 τῆς
1539 621 1711 691 αὐτῆς
1744 623 1901 678 δυνά-

315 717 478 768 μεως
506 703 596 756 καὶ
629 708 817 776 τιμῆς.
869 706 956 759 ἵνα
990 706 1121 760 αὐτὸ
1163 709 1322 762 πάλιν
1346 711 1616 779 ὁμοφυοῦς
1668 714 1902 768 ὑποστά-

311 807 467 854 σεως
489 795 700 865 προόδῳ
724 796 1131 867 ὲναγλαῖζηται,
1157 798 1308 850 οὐδὲν
1347 800 1534 872 ἕτερον
1561 805 1641 866 εἰς
1681 802 1903 873 ἔλεγχον

310 882 434 934 τῶν
463 885 784 955 παραλόγως
816 887 956 939 οὕτω
1008 904 1092 940 σοι
1146 887 1532 959 πλαττομένων
1582 893 1835 963 εὑρήσεις
1869 893 1902 961 ἢ

307 973 418 1026 τὸν
448 974 927 1044 δογματικὼτατον
960 977 1228 1048 Κύριλλον
1251 981 1315 1033 ὲκ
1347 981 1442 1033 τοῦ
1468 982 1598 1036 Υἰοῦ
1634 983 1823 1052 προῖὸν
1845 984 1906 1037 τὸ

314 1063 551 1134 Πνεῦμα
581 1067 936 1136 θεολογοῦντα
959 1086 972 1101 ⁸
1003 1065 1157 1128 οὗτος
1195 1069 1290 1120 καὶ
1325 1072 1434 1142 γὰρ
1459 1073 1516 1124 ἒν
1537 1075 1604 1142 τῇ
1637 1073 1906 1144 ἑρμηνείᾳ

309 1155 420 1208 τοῦ
452 1155 594 1208 κατὰ
635 1157 886 1226 Ἰωάννην
933 1161 1268 1231 Εὐαγγελίου
1303 1166 1471 1226 οὕτως
1504 1167 1608 1233 ἔφη
1636 1177 1650 1192 ⁸
1683 1167 1764 1218 Οὐ
1793 1164 1904 1233 τὰρ

308 1245 648 1313 ἀλλότριον
673 1248 783 1315 τῆς
811 1250 917 1303 τοῦ
967 1254 1350 1321 Μονογενοῦς
1383 1255 1600 1319 οὐσίας
1631 1252 1698 1307 τὸ
1732 1251 1906 1321 ἅγιον

311 1335 549 1402 νοεῑτμι
571 1340 814 1407 Πνεῦμα
833 1355 845 1369 ⁸
877 1342 1114 1408 πρόεισι
1132 1343 1200 1396 δὲ
1223 1343 1490 1412 φυσικῶς
1514 1343 1582 1408 ἐξ
1600 1342 1900 1415 αὑτοῦ(1)⁸

311 1426 421 1478 καὶ
462 1427 622 1480 πάλιν
651 1431 708 1480 ἐν
737 1430 814 1499 τῷ
843 1433 1009 1501 τρίτῳ
1037 1433 1144 1487 τῶν
1187 1435 1325 1505 πρὸς
1363 1437 1620 1506 Ἑρμείαν
1647 1453 1661 1466 ⁸
1698 1438 1900 1503 Ἀθρει

311 1517 401 1584 δὴ
459 1516 574 1573 οὖν
609 1521 707 1574 καί
752 1522 849 1576 διὰ
897 1525 1123 1578 τούτων
1180 1527 1250 1591 ἐξ
1301 1527 1454 1582 ἰδίου
1503 1529 1900 1598 πληρώματος

311 1610 606 1678 προϊέντα
635 1615 744 1668 τὲν
781 1615 917 1668 Υίὸν
940 1617 1008 1670 τὸ
1039 1617 1196 1672 ιδιον
1221 1618 1407 1673 αὐτοῦ
1437 1619 1535 1674 καί
1562 1619 1900 1686 ἐναποϐλήο

310 1717 440 1767 τως
460 1703 804 1772 ἐμπεφυκὸς
824 1707 994 1776 ἅγιον
1013 1709 1275 1779 Πνεῦμα,
1310 1711 1384 1764 δι’
1415 1707 1487 1766 οὗ
1516 1710 1684 1766 πᾶσα
1724 1711 1896 1777 δόσις

312 1793 516 1864 ἀγαθή
546 1797 644 1866 (2).
677 1796 832 1850 Οὕτω
873 1800 1003 1866 γοῦν
1031 1800 1136 1864 ςτοῦ
1189 1802 1426 1869 μεγάλου
1470 1803 1752 1874 εἰρηκότος
1783 1803 1896 1854 Κυ-

2008 626 2151 680 aliud
2189 626 2659 681 consubstantiale
2712 623 3003 693 producat,
3046 639 3155 678 non
3189 623 3291 694 ipsi
3327 627 3575 679 eamdem

2010 719 2260 771 virtutem
2293 718 2659 788 eumdemque
2688 717 2949 771 honorem
2983 715 3490 780 communicaverit,
3518 724 3578 770 ut

2007 817 2060 863 et
2091 809 2204 878 ipse
2240 810 2426 865 itidem
2464 809 2691 880 gloriam
2737 808 2941 863 habeat
2997 808 3162 862 alium
3207 808 3574 864 consubstan-

2007 901 2189 955 tialem
2223 901 2555 969 producendi
2600 901 2744 971 (cap.
2797 900 2888 971 40)
2936 917 2950 954 :
2999 901 3138 955 nihil
3165 900 3310 954 aliud
3341 900 3406 954 ad
3432 899 3609 954 τοίη-⁷·

2005 991 2168 1046 tanda
2223 992 2358 1047 adeo
2412 1000 2617 1047 temere
2657 1008 2686 1047 a
2723 1000 2776 1047 te
2801 991 3035 1048 conﬁcta
3083 991 3324 1060 reperies
3367 989 3470 1045 nisi
3523 991 3575 1044 in

2006 1082 2350 1153 dogmatibus
2373 1084 2751 1139 acutissimum
2766 1082 3050 1153 Cyrillum,
3073 1083 3167 1152 qui
3199 1080 3424 1136 ex'Filio
3449 1096 3577 1150 pro-

2003 1171 2261 1227 deuntem
2301 1171 2563 1242 Spiritum
2609 1171 2896 1242 praedicat.
2931 1171 3033 1226 llic
3075 1171 3220 1226 enim
3253 1171 3306 1225 in
3353 1171 3580 1238 Exposi-

2005 1265 2153 1319 tione
2184 1263 2460 1332 Evangelii
2503 1264 2801 1319 secundum
2854 1262 3118 1317 Joannem
3165 1264 3238 1316 ita
3293 1263 3572 1327 loquitur:

2007 1353 2140 1408 Non
2179 1355 2318 1408 enim
2360 1353 2564 1408 alienus
2611 1369 2644 1406 a
2688 1353 2983 1407 substantia
3029 1351 3300 1422 Unigeuiti
3345 1352 3581 1422 Spiritus

2003 1456 2219 1500 sanctus
2250 1445 2687 1516 intelligitur,sed
2721 1462 2784 1499 ea:
2813 1447 2926 1514 ipso
2956 1447 3282 1499 naturaliter
3302 1445 3580 1516 progredi-

2002 1543 2108 1588 tur.
2145 1532 2212 1586 Et
2249 1547 2467 1587 rursum
2503 1532 2644 1588 libro
2686 1534 2848 1588 tertio
2879 1534 2946 1588 ad
2983 1534 3258 1588 Hermiam
3292 1551 3306 1588 :
3349 1533 3581 1586 Proinde

1996 1625 2132 1691 ride,
2168 1624 2401 1686 obsecro,
2431 1626 2591 1678 etiam
2647 1640 2711 1678 ex
2761 1625 2840 1679 Itis
2884 1623 3088 1678 Filium
3122 1626 3398 1693 proprium
3424 1639 3580 1678 suum

1999 1726 2049 1771 et
2075 1717 2292 1770 insitum
2335 1719 2437 1780 ita,
2501 1726 2558 1768 ut
2593 1731 2694 1769 non
2730 1718 3044 1787 abjiciatur,
3096 1716 3360 1786 Spiritum
3415 1733 3576 1769 sanc-

2000 1817 2131 1872 tum,
2165 1823 2256 1876 per
2284 1823 2432 1876 quem
2460 1823 2609 1860 omne
2635 1808 2824 1860 bonum
2858 1807 3074 1869 donum,
3114 1809 3176 1860 de
3203 1824 3301 1860 sua
3327 1807 3570 1875 plenitu-

317 1886 506 1954 ρίλλου
549 1888 610 1940 τὸ
657 1891 876 1957 Πνεῦμα
909 1893 972 1943 ὲκ
1013 1892 1105 1944 τοῦ
1143 1891 1271 1944 Υίοῦ
1305 1894 1511 1962 προϊὸν,
1557 1896 1898 1964 κατήργηται

2005 1899 2123 1950 diue
2148 1898 2441 1951 demisisse.
2508 1896 2646 1951 Cum
2675 1897 2841 1965 igitur
2888 1898 2990 1952 hoc
3027 1909 3189 1966 pacto
3223 1913 3454 1965 magnus
3479 1895 3582 1966 Cy-

317 1977 430 2042 μὲν
465 1980 494 2042 ἡ
526 1980 603 2037 εἰς
635 1980 804 2031 αἰτιον
835 1983 924 2032 καὶ
957 1981 1123 2035 αἴτιον
1157 1982 1420 2052 διαίρεσις
1444 1981 1536 2036 τοῦ
1565 1984 1776 2051 Ila-cpe;
1807 1984 1904 2036 καὶ

310 2068 419 2122 τοῦ
450 2069 602 2134 Υίοῦ,
655 2074 835 2126 καὶτὸ
892 2073 1090 2142 μᾶλλον
1127 2075 1230 2144 ,καὶ
1260 2070 1421 2146 ἦττον
1469 2076 1564 2130 καὶ
1605 2076 1756 2130 νόθον
1804 2078 1902 2146 τῆς

311 2162 505 2225 αἰτίας
539 2164 633 2217 καὶ
659 2165 978 2220 ἐπείσακτον
1011 2181 1028 2198 ⁸
1059 2168 1402 2238 κατήργηται
1431 2168 1488 2220 δὲ
1519 2167 1580 2221 τὸ
1607 2167 1900 2236 διαπορεῖν,

313 2255 442 2316 πῶς
468 2257 496 2307 ὁ
519 2255 644 2318 Tib;
667 2258 921 2328 προάγων
949 2259 1010 2311 τὸ
1039 2260 1262 2329 Πνεῦμα
1291 2260 1349 2310 οῦ
1380 2260 1731 2330 μεταδίδωσιν
1753 2258 1903 2330 αὐτῷ

313 2347 424 2413 τῆς
455 2347 626 2416 αὐτῆς
651 2347 931 2420 δυνάμεως
956 2350 1046 2402 καὶ
1073 2351 1236 2419 τιμῆς
1279 2351 1366 2403 διὰ
1394 2351 1454 2403 τὸ
1486 2351 1670 2419 κοινὴν
1693 2351 1902 2404 ἔννοιαν

313 2431 488 2500 εἶναι,
540 2439 704 2506 μηδὲν
732 2455 782 2492 τι
835 2439 942 2492 τῶν
991 2439 1246 2494 τοιούτων
1276 2440 1588 2511 φρονεῖσθαι
1637 2440 1715 2511 τῷ
1758 2441 1899 2512 ἁγίῳ

313 2528 598 2600 Κυρίλλῳ.

2008 1985 2167 2040 rillus
2203 1985 2466 2056 Spiritum
2495 1999 2562 2039 ex
2597 1984 2734 2039 Filio
2765 1984 2961 2039 dixerit
2993 1985 3372 2054 prodeuntem,
3399 1984 3578 2037 inanis

2007 2078 2170 2148 plane
2211 2075 2418 2131 reddita
2457 2083 2512 2130 et
2553 2076 2836 2145 proﬂigata
2894 2083 2980 2130 est
3029 2074 3121 2129 illa
3167 2075 3220 2128 in
3268 2089 3490 2128 causam
3523 2082 3581 2128 et

2007 2183 2232 2224 causam
2269 2168 2465 2222 divisio
2499 2167 2678 2222 Patris
2700 2177 2752 2221 et
2777 2165 3074 2230 Filii,illud
3108 2166 3286 2234 magis
3308 2173 3363 2219 et
3394 2165 3580 2220 minus

2007 2259 2061 2313 in
2097 2261 2437 2324 causatione,
2469 2260 2718 2328 spurium
2757 2258 2889 2312 illud
2927 2270 2980 2313 et
3015 2258 3372 2318 adscititium,
3398 2258 3581 2311 inanis

2006 2366 2221 2421 quoque
2252 2349 2443 2405 effecta
2478 2359 2562 2404 est
2603 2351 2692 2404 illa
2737 2349 3008 2405 dubitatio
3035 2389 3049 2412 ,
3094 2352 3371 2420 quomodo
3406 2348 3578 2405 Filius

2007 2441 2268 2510 Spiritum
2298 2441 2605 2510 producens
2643 2456 2747 2493 non
2791 2441 3163 2511 communicet
3192 2440 3293 2510 ipsi
3329 2439 3576 2494 eamdem

2007 2534 2258 2588 virtutem
2306 2532 2671 2600 eumdemque
2715 2532 3021 2599 honorem,
3074 2534 3202 2601 quia
3261 2530 3575 2587 communis

313 2635 519 2680 sensus
549 2625 774 2700 ﬂagitat,
821 2641 879 2687 nt
909 2635 1135 2690 minime
1207 2635 1596 2701 admittamus,
1628 2636 1922 2706 cogitatum
1963 2646 2154 2689 sancto
2194 2631 2401 2705 Cyrillo
2445 2630 2612 2688 fuisse
2707 2633 2910 2702 aliquid
2947 2645 3010 2687 ex
3057 2630 3326 2701 ejusmodi
3379 2629 3576 2684 absur-

313 2712 431 2767 tlis.

404 2806 678 2878 ’Ὡσαύτως
697 2807 790 2870 καίΙ
812 2818 866 2870 ἔν
887 2813 965 2877 οἷς
988 2819 1341 2890 παρακατιὼν
1363 2821 1561 2888 λέγεις,
1586 2821 1722 2891 μήτε
1742 2819 1900 2874 θείων

311 2897 554 2954 ἀκοῦσαι
599 2903 813 2973 λογίων,
856 2908 1076 2978 ’μείζονα
1117 2910 1212 2963 τοῦ
1265 2912 1579 2982 Πνεύματος
1633 2913 1722 2966 τὸν
1751 2913 1898 2978 Υἰδν,

316 2988 465 3058 μήτε
496 2991 617 3045 νοῦν
663 2995 863 3067 εὐσεϐῆ
911 2999 1109 3062 ἁλῶναι
1145 3000 1301 3053 τοῦτο
1349 3003 1695 3072 διανοηθέντα
1719 3045 1730 3066 ,
1770 3005 1902 3056 ὁπό-

313 3077 417 3130 Θεν
471 3082 564 3134 καὶ⁸
616 3087 716 3156 τῆς
778 3092 1049 3159 πατρικῆς
1103 3091 1398 3162 ὲγγύτητος
1459 3095 1788 3165 πορρωτέρω
1839 3096 1901 3148 τὸ

312 3168 549 3239 Πνεῦμα
575 3177 746 3239 ποιεῖς
783 3180 876 3230 καὶ
900 3178 961 3230 τὸ
994 3178 1242 3249 δεύτερον
1288 3180 1560 3249 εὑρίσκεις
1589 3180 1896 3250 ὑποφυόμε-
1927 3165 1970 3222 (ἶ

308 3278 414 3314 νον
452 3264 655 3318 αἰτιον⁸
703 3270 797 3321 καὶ
846 3270 944 3340 τὴν
1003 3273 1464 3341 μεμηχανημένην
1520 3273 1618 3340 τῆς
1659 3271 1898 3343 ξπρώτης

309 3351 500 3416 αἰτίας
534 3353 688 3425 ὓϐριν
717 3357 808 3410 καὶ
842 3360 930 3411 τὸν
967 3360 1046 3420 εἰς
1093 3360 1188 3412 δύο
1217 3361 1310 3413 τοῦ
1347 3361 1664 3432 Πνεῦματος
1704 3362 1898 3430 διαμε-

314 3444 539 3513 ρισμὸν,
570 3447 660 3500 τὸν
687 3451 751 3502 ὲκ
775 3449 867 3502 τοῦ
900 3451 1137 3504 ἀναιτίου
1168 3453 1262 3504 καὶ
1294 3452 1508 3521 πρώτου
1561 3452 1735 3505 αἰτίου
1761 3467 1775 3482 ⁸
1805 3453 1897 3505 καὶ

309 3533 412 3586 τὸν
444 3537 506 3588 ἐκ
552 3537 646 3590 τοῦ
699 3540 944 3593 αἰτιατοῦ
989 3542 1084 3595 καὶ
1133 3542 1416 3613 δευτέρου,
1452 3543 1544 3595 καὶ
1599 3543 1658 3595 τὸ
1704 3543 1783 3606 εἰς
1814 3558 1898 3594 τε·

308 3626 493 3694 τρὰδα
516 3629 638 3682 ἀντὶ
680 3631 904 3702 Τριάδος
943 3634 1234 3704 τολμηρῶς
1277 3635 1596 3713 προχωροῦν
1635 3634 1797 3698 σέϐας
1823 3649 1837 3665 ⁸
1869 3637 1897 3688 ὁ

318 3719 496 3788 μέγας
525 3722 812 3790 ἀπελέγξει
857 3742 916 3777 σε
960 3725 1283 3790 Ἀθανάσιος
1308 3728 1366 3780 ὲν
1395 3726 1472 3797 τῷ
1505 3725 1645 3780 κατὰ
1694 3727 1900 3797 Ἀρεια-

313 3810 429 3862 νῶν
487 3811 686 3883 πρώτῳ
728 3815 890 3885 λόγῳ,
928 3812 1052 3888 abi]
1111 3819 1251 3888 ἀρχή
1281 3833 1294 3847 ⁸
1327 3821 1400 3873 Δί
1441 3818 1556 3887 μὲν
1611 3820 1894 3887 αίρέσεις,

315 3902 461 3956 ὅσαι
492 3903 600 3972 τῆς
634 3905 920 3974 ἀληθείας
958 3909 1364 3974 extrario-atrae
1399 3911 1627 3978 μανίαν
1655 3910 1894 3977 ἑαυταῖς

311 3997 572 4064 φανεραί
624 3999 1018 4068 τυγχάνουσι,
1068 4002 1197 4071 περὶ
1242 4002 1334 4055 τοῦ
1365 4001 1495 4054 Υίοῦ
1534 4003 1706 4071 λέγων
1751 4002 1900 4055 οὕτω

313 4087 502 4155 ῥητῶς
524 4105 539 4119 ⁸
578 4089 708 4156 Τοῖς
741 4090 808 4143 δὲ
835 4093 1132 4160 μαθηταῖς
1167 4091 1280 4159 τὴν
1310 4094 1565 4160 θεότητα
1594 4093 1693 4147 καί
1713 4111 1895 4165 μεγα-

310 4179 599 4245 λειότητα
612 4180 850 4248 δεικνὺς
869 4184 1109 4250 ἑαυτοῦ,
1133 4184 1331 4238 οῠνέτι
1359 4184 1654 4239 ἐλάττονα
1680 4186 1898 4240 ἑαυτὸν

312 4269 430 4324 τοῦ
463 4274 822 4341 Πνεύματος,
869 4275 1030 4329 ἀλλὰ
1071 4273 1313 4345 μείζονα
1335 4276 1411 4346 (5)
1445 4276 1546 4330 καὶ
1576 4273 1715 4331 ἴσον
1747 4277 1893 4331 ὄντα

311 4363 634 4429 σημαίνων
661 4365 862 4421 ἐδίδου
914 4367 1030 4436 μὲν
1086 4366 1152 4420 τὸ
1202 4368 1444 4436 Πνεῦμα
1480 4367 1578 4421 καὶ
1635 4369 1844 4438 ἔλεγεν
1875 4385 1890 4401 ⁸

321 4472 343 4504 ε
395 4454 542 4523 Ἐγὼ
581 4457 727 4510 αὐτὸ
757 4456 1144 4512 ἀποστέλλω·
1188 4457 1614 4530 κακεῖνοςρμἑ
1649 4457 1926 4522 δοξάσειν

314 4545 421 4598 καὶ
457 4546 574 4600 ὅσα
603 4548 862 4617 ἀκούσῃ,
889 4550 1171 4620 λαλήσει.
1204 4569 1240 4603 ιΔ

392 4727 575 4784 Ταῦτα
601 4731 774 4799 λέγων
814 4735 841 4786 ὁ
873 4733 1026 4803 ἅγιος
1052 4733 1152 4807 τὴν
1193 4735 1374 4790 αἰτίαν
1419 4737 1654 4791 δείκνυσι
1682 4753 1892 4808 προφαι-

315 4821 448 4884 νῶς,
483 4822 605 4875 καθ’
651 4823 718 4894 ἣν
751 4824 910 4896 δοτὴρ
956 4827 1046 4879 τοῦ
1103 4827 1420 4896 Πνεῦματός
1467 4831 1612 4883 ἐστιν
1646 4832 1674 4882 ὁ
1700 4829 1848 4897 ,Υἱός
1873 4845 1888 4860 ⁸

313 4911 487 4965 εἰπὼν
519 4911 626 4985 γὰρ
654 4913 728 4976 ὡς
757 4917 784 4967 ὁ
816 4915 1015 4985 Κύριος
1052 4917 1274 4986 μείζονα
1306 4918 1398 4970 τοῦ
1429 4919 1745 4988 Πνεῦματος
1773 4919 1893 4972 ἑαυ-

312 5005 410 5055 τὸν
440 5002 569 5056 ὅντα
605 5006 884 5074 σημαίνων
930 5006 1099 5060 ἐδίδου
1131 5009 1278 5074 αὐτὸ,
1310 5008 1576 5079 δεδήλωκε
1611 5010 1891 5080 καθαρῶς,

315 5094 394 5156 ὡς
419 5093 485 5145 δι’
512 5094 663 5147 οὐδὲν
692 5096 818 5148 ἄλλο
865 5096 1026 5167 δοτὴρ
1057 5098 1148 5150 τοῦ
1191 5099 1504 5169 Πνεῦματσς
1542 5100 1687 5154 ἐστιν
1728 5103 1755 5154 ὁ
1783 5101 1895 5153 Σω-

313 5187 444 5256 τὴρ,
479 5188 593 5242 ἀλλ’
623 5189 656 5259 ἢ
690 5190 776 5242 διὰ
823 5189 882 5242 τὸ
911 5191 967 5256 ἐξ
1002 5190 1162 5243 αὑτοῦ
1211 5193 1478 5264 ὑπάρχειν
1523 5195 1654 5246 αὐτό
1676 5209 1690 5223 ⁸
1725 5194 1892 5246 καὶεί

318 5278 498 5350 βούλει
537 5281 595 5347 ἐξ
651 5281 842 5352 ὲτέρας
890 5285 1165 5354 γραφικῆς
1215 5286 1519 5354 μαρτυρίας
1571 5286 1661 5340 τὸν
1712 5286 1890 5354 λόγον,

319 5374 574 5443 συστήσω
611 5391 693 5426 σοι
717 5391 730 5406 ⁸
766 5376 859 5427 καὶ
891 5376 1000 5446 γὰρ
1032 5377 1060 5428 ὸ
1093 5377 1148 5429 ὲν
1197 5377 1373 5448 ἁγίοις
1416 5377 1891 5447 δογματικώτατος

318 5465 415 5516 καὶ
442 5464 510 5517 τὰ
537 5464 838 5528 θείαπολὶις
872 5467 1220 5531 Ἀναστάσιος
1243 5467 1385 5520 οὕτω
1416 5469 1546 5537 φησί
1567 5484 1580 5499 ⁸
1610 5469 1719 5524 Καὶ
1744 5471 1892 5538 γοῦν

387 5625 463 5696 (1)
486 5624 673 5696 Cyrill.
697 5626 748 5679 in
786 5624 942 5680 .loan.
996 5626 1132 5689 XVI,
1169 5629 1366 5681 citatnr
1391 5641 1418 5680 a
1471 5625 1642 5681 Becco
1667 5629 1886 5694 stepius,

325 5703 384 5748 ut
408 5693 589 5765 Epigr.
620 5694 663 5748 ν
701 5696 814 5765 (Gr.
844 5701 989 5753 nrtlt.
1014 5708 1144 5751 tum.
1180 5697 1237 5758 ll,
1270 5714 1320 5765 p.
1355 5698 1502 5765 570.)

396 5764 474 5838 (ἓ)
523 5765 699 5838 idem
728 5764 910 5838 Cyrilli
971 5780 1142 5823 tentus
1177 5764 1278 5836 ap.
1313 5764 1490 5822 Bccc.’
1523 5766 1704 5838 Epigr.
1755 5764 1885 5830 \7lll,

325 5832 386 5889 ϐ.
423 5832 485 5890 Ο.
523 5833 584 5902 ll,
608 5836 730 5892 589.

2081 2813 2258 2868 Simili
2292 2815 2450 2869 modo
2475 2815 2635 2870 etiam
2683 2814 2838 2880 illud,
2886 2815 3031 2884 quod
3094 2813 3417 2882 procedente
3445 2827 3573 2868 ora-

2008 2906 2153 2961 tione
2183 2908 2409 2970 asseris,
2451 2923 2628 2977 neque
2659 2907 2711 2960 in
2736 2906 2936 2962 divinis
2963 2906 3142 2959 audiri
3180 2906 3440 2970 oraculis,
3474 2920 3570 2958 nc-

2005 3013 2112 3066 que
2141 2998 2290 3067 pium
2330 3012 2552 3052 sensum
2607 2998 2660 3050 id
2703 3000 3030 3066 cogitantem
3059 2996 3410 3066 deprehendi,
3452 3012 3572 3050 ma-

2001 3088 2174 3158 jorem
2209 3088 2410 3157 Spiritu
2455 3103 2576 3142 esse
2611 3087 2833 3153 Filium,
2871 3089 3011 3142 unde
3060 3099 3113 3142 et
3157 3088 3503 3142 remotiorem
3540 3106 3572 3142 a

2003 3180 2324 3250 cognatione
2359 3195 2484 3234 cum
2514 3179 2674 3234 Patre
2699 3179 2962 3249 Spiritum
2986 3179 3276 3234 constituis
3311 3181 3454 3248 (cap.
3478 3180 3570 3244 41)

2002 3280 2164 3338 atque
2200 3270 2494 3324 secundam
2526 3271 2734 3339 reperis
2769 3269 3120 3336 pullulanlem
3149 3283 3395 3333 causam,
3431 3283 3569 3337 prte-

2002 3370 2146 3414 tcrea
2178 3369 2231 3414 et
2274 3359 2831 3431 excogitatamvprimi
2876 3360 3136 3428 principii
3179 3360 3567 3413 contumeliam

2003 3453 2145 3520 μοι).
2177 3451 2290 3519 42),
2325 3452 2450 3505 item
2477 3449 2716 3519 Spiritus
2755 3450 2925 3504 sancti
2971 3450 3023 3503 in
3056 3450 3191 3503 duos
3221 3449 3571 3514 divisionem,

2000 3543 2232 3596 alterum
2281 3557 2345 3594 ex
2381 3557 2487 3595 non
2534 3552 2753 3596 causata
2792 3551 2846 3597 et
2884 3545 3060 3610 prima
3101 3554 3292 3604 causa,
3337 3540 3567 3594 alterum

2003 3649 2070 3689 ex
2106 3648 2268 3688 causa
2295 3643 2518 3687 causata
2546 3643 2710 3703 atque
2738 3633 2998 3694 seunnla,
3030 3643 3080 3685 et
3110 3631 3320 3686 Numen
3352 3631 3406 3686 in
3433 3647 3570 3702 qua-

2001 3725 2309 3779 ternitatem
2342 3725 2460 3778 loco
2485 3724 2770 3780 Trinitatis
2803 3739 3000 3792 magna
3028 3739 3152 3778 cum
3179 3725 3404 3778 audacia
3441 3740 3568 3793 pro-

2001 3815 2214 3886 pulsum
2258 3815 2400 3886 (cap.
2446 3815 2560 3886 45),
2585 3816 2712 3883 ista,
2739 3818 2984 3886 inquam,
3057 3830 3286 3884 magnus
3361 3815 3571 3872 refellet

1999 3908 2332 3962 Athanasius
2375 3908 2548 3976 prima
2586 3918 2778 3962 contra
2813 3910 3047 3963 Arianos
3097 3908 3366 3972 oratiune,
3414 3907 3568 3974 cujus

1998 3999 2212 4054 initium
2267 4016 2280 4053 :
2329 3997 2566 4054 Ha'reses
2612 4015 2934 4069 quacunque,
2965 4001 3237 4056 veritatem
3280 3999 3568 4067 apprehen-

1998 4092 2207 4154 derunt,
2242 4093 2510 4146 insaniam
2546 4093 2742 4158 sibi...,
2783 4093 2849 4148 de
2881 4091 3016 4147 Filio
3058 4093 3286 4162 loquens
3322 4092 3407 4146 his
3434 4091 3568 4160 ipsis

1997 4184 2179 4239 verbis
2221 4201 2234 4238 :
2267 4183 2558 4254 Discipulis
2606 4200 2725 4238 vero
2773 4184 3026 4237 deitatem
3066 4194 3115 4238 et
3149 4181 3566 4252 magnitudinem

1997 4290 2146 4341 suam
2190 4284 2605 4328 ostentansnon
2646 4276 2901 4329 minorem
2931 4275 3185 4344 amplius
3229 4273 3565 4341 semetipsum

1997 4366 2224 4436 Spiritu,
2277 4369 2367 4420 sed
2400 4367 2656 4436 majorem
2703 4375 2753 4421 et
2799 4366 3054 4436 aequalem
3090 4366 3398 4435 signiﬁcans
3426 4371 3567 4417 etar-

1996 4455 2235 4522 giebatur
2259 4452 2516 4522 Spiritum
2552 4464 2600 4508 et
2627 4455 2799 4508 aiebat
2826 4469 2845 4508 :
2891 4473 2908 4505 t
2952 4453 3062 4524 Ego
3086 4454 3240 4508 illaut
3268 4457 3495 4507 mittam.
3539 4472 3561 4505 ι

1927 4534 1970 4590 Β
1997 4545 2060 4599 Et
2080 4562 2106 4598 :-
2130 4563 2148 4596 ι
2175 4544 2275 4599 Ille
2290 4545 2625 4615 clariﬁcabit.
2660 4565 2678 4598 ι
2704 4545 2801 4601 Et:
2833 4565 2850 4598 ι
2877 4545 3226 4611 ριιωοιιιηοιιε
3253 4545 3456 4611 audiet,
3480 4546 3565 4598 ta-

1994 4645 2204 4705 quetur.
2244 4656 2264 4689 ›

2064 4726 2192 4784 Haec
2215 4729 2400 4785 dicens
2425 4739 2649 4786 sanctus
2689 4744 2912 4785 causam
2955 4740 3140 4799 aperte
3185 4731 3445 4796 ostendit,
3477 4746 3565 4786 se-

1995 4822 2232 4876 cundum
2268 4838 2432 4893 quam
2467 4821 2705 4892 Spiritus
2729 4821 2904 4877 sancti
2935 4822 3095 4877 dator
3119 4831 3202 4877 est
3231 4821 3423 4877 Filius.
3475 4821 3566 4874 Di-

1995 4915 2168 4971 eendo
2211 4915 2380 4980 enim,
2435 4914 2723 4968 Dominum
2778 4911 2982 4983 Spiritu
3035 4911 3297 4981 maj0rem
3343 4912 3566 4967 semetio

1997 5023 2152 5078 psum
2186 5006 2578 5077 signiﬁcantem
2609 5021 2733 5061 eum
2763 5005 3003 5069 dedisse,
3060 5006 3203 5060 clare
3261 5006 3562 5072 denotavit,

1997 5100 2340 5156 Servatorem
2375 5100 2445 5154 ob
2483 5100 2618 5153 nihil
2650 5099 2798 5154 aliud
2851 5097 3090 5168 Spiritus
3131 5114 3251 5154 esse
3287 5099 3554 5161 datorem.

1995 5191 2102 5246 nisi
2141 5202 2448 5261 propterea,
2479 5192 2621 5260 quod
2657 5191 2745 5246 hic
2773 5190 2986 5260 exipso
3023 5190 3258 5245 exsistit.
3304 5189 3478 5260 Atque
3511 5191 3560 5245 si

1995 5283 2099 5336 alio
2143 5284 2333 5336 litteris
2363 5283 2681 5351 consignato
2725 5282 3038 5336 testimonio
3083 5283 3219 5335 idem
3257 5296 3419 5334 nosse
3455 5282 3557 5345 vis,

1996 5373 2046 5427 id
2081 5375 2174 5427 tibi
2215 5373 2741 5428 ex-hibebo..Etenim
2785 5373 2838 5427 in
2900 5373 3248 5443 dogmatibus
3283 5372 3562 5426 tradendis

1995 5466 2359 5533 peritissimus
2407 5476 2458 5519 et
2494 5467 2546 5519 in
2587 5465 2786 5520 divinis
2833 5467 2994 5520 rebus
3038 5464 3298 5532 copiosus
3328 5465 3560 5518 Anasta-

2072 5625 2146 5694 (ὅ)
2199 5622 2378 5678 Multis
2412 5627 2461 5678 in
2494 5624 2647 5690 loeis,
2707 5634 2764 5678 ut
2811 5621 2903 5677 0r.
2959 5622 3026 5676 tle
3065 5637 3155 5694 nn.
3201 5617 3342 5674 Eccl.
3377 5635 3427 5694 ιι.
3463 5620 3556 5686 27,

1995 5691 2221 5763 aliisque
2279 5694 2480 5750 Beccus
2536 5695 2635 5750 hoc
2685 5703 2830 5749 textu
2862 5695 3078 5763 utitur,‘
3109 5691 3173 5745 de
3199 5706 3306 5758 qun
3336 5691 3558 5763 uberius

1995 5758 2388 5827 tlisptitmitlittS
2465 5764 2858 5819 Animadvers.‘
2911 5763 2964 5816 in
3050 5759 3203 5815 Pbot.
3273 5771 3377 5816 art.
3448 5758 3555 5825 IV,

1999 5837 2024 5904 ς
2060 5835 2149 5890 ~25.
