3798 6558
393 343 495 404 787

1438 355 1648 416 JOAN.
1689 357 1905 418 VECCI
1945 357 2054 419 CP.
2094 359 2601 423 PATRIARCHE
3506 368 3591 433 788

392 453 508 508 sius
531 453 601 511 ita
631 456 761 514 dicit
799 473 814 514 :
845 459 1076 520 Proinde
1111 464 1367 521 Dominus
1399 482 1464 521 ea:
1485 469 1652 537 seipso
1684 469 1954 525 ostendent

2066 478 2097 528 ό
2119 476 2332 543 Κύριος
2361 476 2429 541 ἐξ
2455 477 2672 532 ἑαυτοῦ
2696 475 2938 543 δεικνὺς
2955 476 3246 545 ὑπάρχειν
3271 477 3340 531 τὸ
3363 478 3594 549 Πνεῦμα,

279 595 286 601 .
392 560 505 601 esse
531 544 811 616 Spiritum.
849 553 1119 625 into/ﬂans
1147 556 1422 624 discipulis
1466 561 1642 615 aiebat
1678 576 1695 613 :
1724 561 1960 633 Accipite

393 633 654 702 Spiritum
680 650 944 696 sanctum.
967 642 1148 710 Vides,
1174 648 1449 716 quomodo
1471 658 1693 704 sanctus
1716 652 1817 706 iste
1840 651 1960 706 dic-

391 734 508 780 tum
539 730 717 799 magni
740 731 1025 790 Athanasii
1057 736 1641 808 interpretetur.Quod
1659 743 1802 798 enim
1836 743 1959 797 uni-

389 818 535 870 versi
567 821 718 875 orbis
748 821 927 877 lumen
957 825 1292 887 Athanasius
1314 832 1596 888 denotavit
1627 834 1732 887 illis
1757 834 1957 899 verbis,

389 905 678 963 Dominum
718 913 979 982 majorem
1031 920 1379 989 semetipsum
1415 921 1617 991 Spiritu
1667 925 1958 978 ostenden-

390 1009 495 1051 teu-t
531 1015 653 1055 cum
686 1001 920 1070 dedisse,
976 1006 1080 1063 hoc
1119 1009 1324 1069 clarius
1366 1011 1453 1067 hic
1498 1016 1749 1081 exposuit
1793 1015 1955 1071 veluti

388 1095 783 1148 commentario
860 1111 923 1151 ea
982 1100 1147 1155 verba
1211 1102 1495 1159 illustrans
1569 1106 1696 1160 dum
1774 1106 1954 1161 dicit:

387 1181 619 1239 Proinde
649 1185 901 1244 Dominus
938 1207 1004 1245 ea;
1037 1195 1207 1261 seipse
1228 1196 1503 1251 ostendens
1523 1214 1635 1252 esse
1667 1198 1954 1268 Spiritum,

389 1276 681 1344 insumat".
713 1279 993 1350 discipulis
1056 1285 1230 1340 aiebat
1276 1302 1295 1340 :
1344 1307 1363 1341 ι
1403 1288 1641 1358 Accipite
1699 1289 1954 1357 Spiritum

388 1376 650 1420 sanctum.
689 1387 708 1421 ι
742 1371 856 1427 Nisi
902 1375 1029 1438 ista,
1080 1390 1113 1430 ο
1152 1377 1577 1446 sapientissime,
1626 1381 1953 1451 ignorasses.

390 1471 497 1510 non
534 1465 611 1511 tot
641 1460 875 1517 dixisses
904 1464 1141 1521 absurda
1166 1469 1447 1539 consequi,
1469 1469 1516 1525 si
1539 1471 1661 1540 quis
1691 1472 1953 1539 majorem

392 1548 595 1616 Spiritu
621 1551 767 1608 dicat
800 1554 1017 1611 Filium.
1063 1556 1546 1617 Verumenimvero
1581 1579 1748 1618 causa
1784 1562 1956 1635 Spiri-

385 1645 476 1693 tus
502 1639 672 1698 Filius
700 1647 949 1711 seorsim,
994 1658 1054 1702 ut
1104 1661 1161 1704 tu
1196 1652 1388 1708 statuis
1419 1653 1564 1724 (cap.
1611 1656 1728 1724 44),
1749 1655 1948 1711 utrius-

388 1745 495 1797 que
542 1748 669 1788 vero
711 1737 938 1791 seorsim
988 1738 1168 1804 Pater,
1217 1752 1273 1797 et
1317 1744 1514 1800 exinde
1551 1745 1871 1815 imperfecta
1900 1754 1956 1802 et

2061 564 2351 634 ἐμφυσῶν
2380 567 2505 634 τοῖς
2550 566 2842 635 μαθηταῖς
2887 567 3058 637 ἔλεγε
3079 584 3093 600 ·
3128 567 3351 623 Λάϐετε
3384 569 3599 638 Πνεῦμα

2061 657 2233 726 ἅγιον
2271 657 2375 728 (1).
2420 660 2583 731 Ὁρᾷς
2612 661 2759 723 ὅπως
2788 662 2815 713 ὁ
2835 662 2985 725 ἅγιος
3016 656 3165 724 οὗτος
3183 661 3241 715 τὸ
3268 660 3364 714 τοῦ
3392 663 3599 729 μεγάλου

2073 747 2389 803 Ἀθανασίου
2433 750 2772 820 διερμηνεύει
2817 750 3015 820 ῥητόν)
3049 751 3186 821 ὅπερ
3215 750 3324 819 γὰρ
3350 752 3380 803 ὁ
3423 749 3518 818 τῆς
3543 754 3602 805 el-

2061 841 2331 912 xcopévq;
2371 845 2594 912 φωστὴρ
2652 844 2962 905 Ἀθανάσιος
3014 841 3198 912 ἐδήλου
3243 841 3440 908 λέγων,
3486 840 3605 897 ὅτιό

2061 932 2262 1002 Κύριος
2293 934 2513 1003 μείζονα
2539 935 2751 998 δεικνὺς
2778 934 2968 988 ἑαυτὸν
2998 933 3093 989 τοῦ
3118 932 3435 1002 Πνεύματος
3461 933 3603 987 ιδίδου

2059 1023 2212 1089 αὐτὸ,
2243 1023 2400 1078 τοῦτο
2422 1023 2803 1096 καθαρώτερον
2828 1025 3153 1094 διεσάφησεν
3186 1018 3342 1086 οὗτος
3385 1026 3606 1093 ἑφερμη-

2058 1119 2317 1177 νευτικῶς
2331 1116 2420 1167 τὸν
2441 1115 2596 1182 λόγον
2619 1115 2947 1185 προαγαγὼν
2968 1118 3025 1169 ὲν
3046 1116 3121 1182 τῷ
3138 1118 3333 1179 εἰπεῖν,
3357 1114 3464 1168 Καὶ
3480 1115 3606 1182 γοῦν

2058 1210 2092 1261 ὁ
2118 1208 2334 1276 Κύριος
2355 1207 2423 1272 ἐξ
2448 1206 2668 1262 ἑαυτοῦ
2696 1207 2938 1272 δεικνὺς
2958 1207 3024 1262 τὸ
3047 1207 3291 1273 Πνεῦμα
3311 1204 3605 1272 ὑπάρχειν,

2056 1296 2346 1365 ἐμφυσῶν
2389 1297 2514 1362 τοῖς
2550 1298 2844 1366 μαθηταῖς
2879 1298 3082 1366 usq-8'
3115 1297 3336 1351 Λάϐετε
3388 1295 3608 1362 Πνεῦμα

2058 1389 2252 1457 ἅγιον.
2290 1390 2352 1443 Ei
2385 1390 2461 1461 μὴ
2508 1392 2678 1444 ταζτα
2707 1390 2944 1459 ἠγνόεις,
2988 1388 3286 1456 σοφώτατε.
3315 1386 3418 1439 οὐκ
3447 1385 3514 1440 ἂν
3540 1403 3609 1439 το-
3638 1426 3643 1431 -

2060 1480 2227 1533 σαῦτα
2259 1482 2499 1551 είρήκεις
2530 1479 2756 1534 ἔπεσθαι
2785 1481 2978 1543 ἄτοπα,
3029 1480 3122 1533 ἐάν
3153 1495 3237 1541 τις
3273 1478 3491 1548 μείζονα
3534 1477 3609 1529 τοῦ

2058 1570 2373 1638 Πνεῦματος
2426 1571 2540 1641 spei
2576 1570 2667 1623 τὸν
2696 1571 2842 1624 Υίὸν.
2886 1569 3047 1623 Ἀλλὰ
3100 1569 3263 1623 πάλιν
3306 1570 3479 1629 αἴτιος
3528 1566 3609 1635 μὲν

2055 1658 2150 1712 τοῦ
2184 1658 2499 1728 Πνεύματος
2531 1660 2560 1712 ὁ
2589 1658 2715 1721 Υίδς
2748 1658 2857 1729 ἰδίᾳ
2881 1658 3023 1712 κατά
3046 1657 3126 1719 σὲ,
3158 1657 3328 1719 αίτιος
3355 1655 3401 1708 δ’
3428 1656 3609 1723 ἀμφοῖν

2039 1749 2166 1821 ’ίδίᾳ
2205 1750 2235 1801 ὁ
2263 1748 2474 1819 Πατὴρ,
2515 1748 2691 1801 καὶτὸ
2727 1747 2913 1810 ἀτελὲς
2942 1745 3188 1800 ἐντεῦθεν
3230 1745 3325 1798 καὶ
3369 1742 3611 1814 ἡμίθετον

390 1822 674 1880 dimidiata
703 1835 867 1894 atque
888 1844 951 1884 ex
974 1831 1291 1901 imperfecto
1312 1844 1366 1889 et
1392 1836 1633 1905 perfecto
1654 1839 1954 1907 composita

2059 1840 2155 1894 καὶ
2187 1842 2246 1905 ἐξ
2269 1839 2491 1903 ἀτελοῦς
2523 1840 2618 1893 καὶ
2642 1839 2846 1892 τελείου
2881 1835 3288 1905 συντεθειμένον
3309 1834 3608 1906 παρρησιὰ-

389 1930 552 1971 causa
588 1918 753 1975 libere
781 1921 834 1976 in
869 1938 1083 1979 scenam
1114 1924 1312 1996 prodit,
1345 1939 1401 1984 ut
1426 1941 1480 1984 et
1504 1930 1836 2002 mythologia
1864 1948 1959 2000 per

383 2006 567 2072 jocom
628 2010 1088 2081 liippocentauros
1137 2017 1478 2090 conﬁngens,
1541 2021 1686 2076 sicut
1738 2031 1953 2089 caetera,

388 2113 511 2166 quae
558 2099 735 2168 impia:
777 2107 1060 2161 sententia:
1105 2107 1314 2164 fructus
1358 2126 1661 2181 nuncupas,
1721 2113 1787 2167 ad
1836 2130 1959 2183 quae

386 2188 551 2240 etiam
585 2194 793 2246 accedit
827 2196 1162 2263 geminarnm
1223 2215 1513 2256 causarum
1544 2204 1699 2258 exlex
1726 2209 1956 2260 assertio

387 2284 532 2346 (cap.
582 2282 692 2347 45).
728 2282 1016 2342 Stiliciens
1078 2304 1206 2345 vero
1256 2292 1308 2345 in
1356 2292 1442 2348 his
1473 2308 1796 2349 aranearum
1837 2295 1958 2352 telis

390 2370 505 2422 haec
534 2380 617 2424 est
646 2376 892 2444 exceptio
916 2393 931 2432 :
955 2380 1096 2449 quod
1122 2379 1292 2437 Filius
1322 2399 1427 2437 non
1459 2384 1686 2441 seorsim
1719 2400 1785 2440 ac
1822 2401 1958 2455 prae-

387 2469 472 2514 ter
504 2460 716 2518 Patrem
753 2482 917 2531 causa
959 2470 1043 2524 vel
1088 2480 1170 2528 est
1209 2473 1290 2528 vel
1339 2473 1558 2531 dicitur.
1597 2476 1782 2546 Neque
1810 2477 1955 2531 enim

386 2549 631 2606 Romana
660 2554 869 2624 ignorat
901 2556 1166 2629 Ecolesia,
1220 2562 1399 2617 solum
1432 2562 1648 2619 Patrem
1682 2565 1956 2637 principa—

385 2660 490 2696 .em
528 2661 747 2701 causam
780 2665 922 2715 esse,
964 2650 1084 2705 Filii
1137 2654 1356 2722 quidem
1405 2671 1467 2711 ac
1512 2657 1749 2724 Spit-itus
1779 2658 1954 2713 sancti

386 2736 730 2799 naturaliter,
780 2740 1045 2797 universae
1086 2758 1216 2798 vero
1246 2735 1541 2799 creatiouis
1572 2746 1862 2802 eﬂicienter
1890 2762 1954 2801 ac

388 2840 480 2893 per
507 2831 894 2886 conditionem.
948 2833 1203 2890 Attamen
1234 2836 1362 2906 quia
1390 2836 1510 2892 Filii
1543 2838 1761 2907 quidem
1789 2853 1953 2894 causa

385 2926 468 2971 est
492 2921 764 2985 proxima,
789 2920 1027 2990 Spiritus
1051 2940 1181 2980 vero
1209 2927 1382 2982 sancti
1409 2942 1576 2983 causa
1608 2944 1705 2998 per
1732 2928 1948 2991 Filium,

389 3024 497 3060 non
534 3018 641 3063 tam
680 3027 842 3081 quam
873 3028 938 3068 ex
981 3015 1195 3071 duabus
1222 3018 1404 3073 causis
1429 3028 1484 3074 et
1511 3020 1814 3090 principiis,
1855 3023 1950 3077 sed

389 3110 644 3168 tanquam
680 3118 745 3157 ex
787 3119 895 3158 uno
930 3104 1041 3163 Deo
1095 3109 1308 3178 prodire
1354 3108 1616 3180 Spiritum
1670 3113 1952 3184 theologos
1979 3124 2023 3182 α

386 3200 606 3247 nostros
635 3190 823 3249 Patres
856 3208 1039 3253 secuta
1071 3215 1206 3268 pure
1232 3201 1534 3272 meritoque
1560 3202 1740 3259 docet.

1018 3289 1317 3347 TEXTUS.

455 3375 546 3429 46.
593 3374 675 3431 ου
709 3378 807 3434 itas
845 3380 1011 3450 igitur
1047 3384 1294 3456 aliasque
1334 3386 1420 3442 bis
1455 3388 1667 3445 similes
1707 3389 1953 3446 rationes

387 3471 617 3523 tandeur
634 3472 929 3542 aliquando
964 3491 1129 3532 sensu
1161 3494 1259 3535 vos
1288 3490 1483 3537 vestras
1512 3482 1806 3551 impietatis
1837 3483 1955 3538 am-

385 3562 604 3615 riamini
636 3574 850 3633 oportet
896 3575 951 3622 ct
1000 3568 1066 3622 ad
1115 3571 1396 3628 catholica:
1433 3582 1598 3644 atque
1639 3576 1956 3645 apostolicae

387 3653 645 3709 Ecclesia)
693 3661 1020 3715 sententiam
1057 3662 1244 3737 relicta
1295 3666 1655 3735 plurimorum
1702 3681 1954 3724 errorum

396 3756 559 3801 ualt‘c
607 3751 999 3817 superstitione
1040 3757 1415 3824 conveniatis;
1457 3772 1523 3813 ac
1565 3752 1697 3826 pura
1739 3758 1955 3827 pietatis

385 3839 633 3893 doctrina
698 3844 896 3899 initiati
931 3845 1226 3902 addiscatis
1263 3848 1488 3903 credere
1535 3864 1602 3904 ex
1646 3858 1760 3903 toto
1793 3851 1957 3907 corde

386 3949 454 3986 ac
504 3931 624 3985 sine
668 3934 774 3988 ulla
830 3938 1031 3992 mentis
1080 3936 1456 4005 basitatione,
1506 3940 1651 4010 quod
1700 3942 1957 4011 qualibet

382 4025 605 4092 quidem
659 4042 890 4095 persona
947 4029 1432 4088 consubstantialis
1481 4045 1547 4087 ac
1597 4031 1955 4090 divinissimte

383 4116 673 4173 Trinitatis
696 4120 954 4175 ineffabili
982 4122 1194 4177 ratione
1215 4121 1268 4176 in
1291 4123 1734 4180 communionem
1760 4126 1956 4181 arctis-

383 4209 577 4263 simam
635 4227 758 4265 cum
827 4220 1025 4267 natura
1080 4212 1416 4283 iungantur,
1467 4215 1767 4271 secundum
1821 4231 1955 4273 vero

382 4300 741 4373 hypostaseos
791 4302 1057 4358 rationem
1088 4303 1654 4364 incommunicabilem
1703 4309 1847 4364 inter
1894 4323 1955 4367 se

382 4400 644 4446 tueantur
709 4394 1107 4463 proprietatum
1167 4395 1562 4456 characterem.
1621 4398 1740 4455 Non
1803 4401 1950 4456 enim

383 4483 553 4537 ullum
611 4484 665 4538 in
712 4486 849 4554 ipsis
906 4487 1112 4543 aditum
1161 4487 1475 4546 confusioni
1520 4491 1792 4561 permittit
1834 4492 1950 4548 dis-

379 4574 609 4642 tinctio;
659 4591 867 4646 apage;
916 4578 1012 4633 sed
1051 4578 1195 4635 sicut
1234 4581 1438 4636 nullam
1473 4582 1820 4650 partitionem
1851 4597 1947 4639 seu

379 4668 704 4723 divisionem
739 4668 956 4725 illorum
1000 4673 1298 4728 secundum
1341 4682 1593 4728 naturam
1641 4675 1951 4731 communio

382 4759 654 4825 udmittit,
715 4760 786 4815 ita
836 4776 936 4818 nec
988 4765 1386 4835 proprietates,
1449 4765 1646 4836 quibus
1699 4766 1954 4835 quaelibet

380 4852 547 4905 trium
595 4866 952 4920 personarum
988 4857 1366 4928 distinguitur,
1409 4857 1464 4911 iu
1510 4858 1673 4913 ullam
1725 4873 1952 4929 prorsus

380 4942 762 5001 confusionem
796 4948 1214 5017 permiscentur.

947 5042 1372 5099 REFUTATIO

454 5127 571 5185 XX.
617 5132 684 5185 Et
727 5148 977 5202 quaenam
1023 5143 1107 5188 est
1153 5136 1240 5188 illa
1273 5136 1558 5201 confusio,
1592 5154 1712 5209 qua:
1740 5140 1792 5193 in
1828 5155 1956 5209 pera

383 5238 644 5278 sonarum
677 5226 1085 5282 distinctionem
1119 5227 1383 5293 insurgat,
1412 5238 1467 5282 et
1500 5248 1745 5295 quaenam
1778 5242 1954 5286 trans-

384 5318 620 5370 mutatio
651 5319 986 5374 characteris
1013 5320 1431 5389 proprietatum,
1463 5338 1582 5391 quae
1609 5339 1674 5378 ex
1708 5340 1773 5378 en
1797 5324 1951 5392 sequi

383 5410 642 5478 ﬁngatur.
687 5413 831 5479 quod
888 5412 1125 5479 Spiritus
1175 5428 1270 5483 per
1318 5413 1519 5469 Filium
1573 5416 1655 5470 vel
1703 5432 1764 5468 ex
1818 5415 1954 5490 Filio

384 5502 601 5557 dicatur
651 5504 976 5573 procedere?
1023 5505 1495 5571 Quemadmodum
1530 5509 1672 5561 enim
1721 5508 1954 5577 Spiritus

480 5641 532 5712 i)
563 5638 688 5712 Haec
717 5642 881 5696 verba
915 5644 1187 5698 Anastasii
1217 5659 1279 5696 ex
1317 5644 1410 5697 lib.
1444 5642 1518 5696 De
1546 5652 1677 5697 rect.
1715 5645 1951 5712 dogmat.

388 5709 604 5781 adducit
659 5728 877 5781 quoque.
924 5712 1206 5768 Constant.
1260 5713 1495 5769 Meiiten.
1539 5714 1629 5769 0r.
1681 5716 1744 5780 ll,
1786 5709 1953 5772 tt.‘38.

389 5778 473 5849 te.
505 5780 565 5834 ο.
602 5781 641 5835 ιι
669 5778 718 5851 ᾖ.
756 5778 901 5854 εει.)

2058 1930 2209 1996 ζεται
2238 1932 2432 1991 αίτιον,
2465 1932 2560 1985 καὶ
2608 1931 2641 1996 ή
2686 1929 2952 1993 παίζουσα
2987 1928 3113 1989 τοὺς
3165 1925 3610 1995 ἱπποκενταύρους

2060 2023 2376 2094 μυθολογία,
2401 2021 2497 2076 καὶ
2533 2021 2597 2074 τὰ
2624 2020 2759 2075 ἄλλα
2787 2020 2931 2088 ἀπερ
2959 2019 3118 2081 αὐτὸς
3150 2017 3378 2077 ἀσεϐοῦς
3417 2017 3607 2085 σπορᾶς

2055 2111 2336 2182 ὀνομάζεις
2383 2110 2625 2182 γεώργια
2651 2126 2666 2142 ⁸
2700 2105 2780 2173 οἷς
2813 2111 2910 2164 καὶ
2961 2111 3022 2162 τὸ
3067 2108 3333 2168 ἔκθεσμον
3377 2107 3608 2161 δυαδικδν

2053 2203 2163 2257 τῶν
2224 2203 2413 2257 αἰτίων
2469 2200 3012 2271 συνδιαλαμϐἀνεται.
3078 2198 3398 2269 Ἀποχρῶσα
3461 2196 3508 2248 δ’
3559 2197 3608 2248 ιν

2053 2292 2330 2362 ἀραχνίοις
2375 2291 2584 2355 τούτοις
2615 2292 2762 2345 ἐστὶν
2792 2290 3108 2362 ἀντίρρησις
3151 2289 3214 2344 τὸ
3247 2287 3324 2359 μὴ
3369 2287 3461 2340 τὸν
3493 2284 3609 2340 Υίὸν

2054 2385 2226 2438 αίτιον
2276 2386 2425 2453 παρὰ
2457 2384 2547 2438 τὸν
2589 2384 2809 2454 Πατέρα
2844 2382 2950 2454 ίδίᾳ
2983 2382 3016 2450 ἢ
3065 2377 3205 2435 εἶναι
3243 2380 3279 2451 ἢ
3324 2377 3608 2448 λέγεσθαιο

2054 2477 2174 2530 οὐδὲ
2202 2475 2310 2546 γὰρ
2335 2479 2368 2545 ἡ
2397 2476 2498 2545 τῆς
2542 2473 2758 2545 Ῥώμης
2788 2474 2972 2541 ἀγνοεί
3008 2467 3325 2541 Ἐκκλησία,
3357 2468 3514 2538 μόνον
3533 2465 3612 2520 τὸν

2054 2568 2273 2637 Πατέρα
2307 2566 2533 2637 ἀρχικὸν
2563 2565 2734 2618 αῐτιον
2765 2559 2927 2627 εἶναι,
2954 2562 3085 2615 Υίοῦ
3122 2560 3223 2629 μὲν
3254 2558 3348 2614 καὶ
3378 2557 3611 2627 Πνεῦμα-

2054 2674 2143 2719 τος
2169 2654 2434 2723 φυσικῶς,
2469 2653 2645 2723 πάσης
2670 2653 2726 2706 δὲ
2752 2650 2979 2714 κτίσεως
3008 2648 3308 2719 ποιητικῶς
3337 2663 3353 2678 ο
3381 2646 3516 2716 πλὴν
3539 2646 3610 2698 ὅτι

2052 2746 2149 2800 τοῦ
2181 2746 2277 2815 μὲν
2306 2745 2437 2798 Υίοῦ
2469 2748 2614 2798 ἐστιν
2639 2746 2809 2798 αίτιον
2836 2740 3138 2812 προσεχῶς,
3173 2740 3268 2793 τοῦ
3296 2738 3353 2790 δὲ
3377 2737 3612 2807 Πνεῦμα-

2053 2853 2143 2898 τος
2170 2837 2255 2891 διά
2299 2835 2393 2889 τοῦ
2424 2833 2577 2901 Υίοῦ,
2612 2834 2709 2904 οὐχ
2735 2834 2810 2896 ὡς
2838 2833 2903 2885 ὲκ
2942 2830 3035 2884 δύο
3075 2830 3261 2883 αἰτίων
3298 2830 3391 2881 καὶ
3421 2826 3612 2897 ἁρχῶι,

2055 2924 2168 2978 ἀλλ’
2190 2923 2265 2987 ὡς
2297 2924 2354 2990 ἐξ
2380 2924 2497 2985 ἑνὸς
2523 2922 2658 2976 Θεοῦ
2704 2921 2952 2991 προϊέναι
2981 2919 3131 2985 λέγει
3155 2919 3217 2971 τὸ
3246 2915 3491 2984 Πνεῦμα,
3513 2916 3610 2976 τοῖς

2057 3016 2325 3085 θεολόγοις
2349 3014 2503 3086 ἡμῶν
2532 3014 2808 3085 Πατράσιν
2838 3012 3083 3082 ἑπομένη
3114 3009 3255 3081 μάλα
3285 3007 3522 3069 δικαίως.

2649 3294 3031 3350 ΚΕΙΜΕΝΟΝ.

2129 3396 2248 3460 pq’.
2281 3389 2380 3443 Διά
2426 3387 2597 3443 ταῦτα
2628 3389 2807 3443 τοίνυν
2859 3388 2954 3441 καὶ
2980 3389 3047 3441 τά
3094 3386 3346 3452 τοιαῦτα,
3394 3386 3493 3441 κᾶν
3522 3383 3611 3455 ὀψὲ

2057 3481 2186 3550 γοῦν
2210 3481 2498 3537 ἀναλαϐεῖν
2522 3482 2665 3551 ὑμᾶς
2689 3481 2956 3551 προσήκει
2990 3479 3339 3550 συναίσθησιν
3365 3479 3468 3533 τῶν
3497 3479 3612 3547 ἠσε-

2058 3575 2328 3646 ϐημένων,
2362 3575 2457 3629 καὶ
2498 3574 2598 3643 τῆς
2635 3572 2927 3644 καθολικῆς
2976 3573 3070 3626 καὶ
3100 3572 3457 3641 ἁποστολικῆς
3498 3571 3609 3623 Ἕκα

2056 3666 2284 3737 κλησίας
2314 3666 2438 3723 ἀντὶ
2463 3665 2560 3731 τῆς
2588 3662 2958 3727 πολυπλανοῦς
2979 3663 3400 3733 δεισιδαιμονίας
3434 3661 3605 3713 συνελ-

2057 3757 2169 3812 θεῖν
2196 3756 2274 3827 τῷ
2306 3756 2633 3826 φρονήματι,
2663 3754 2756 3806 καὶ
2784 3751 3055 3822 μυηθῆναι
3086 3752 3184 3823 μὲν
3227 3749 3480 3815 καθαρῶς
3522 3747 3609 3818 τὴν

2056 3848 2355 3913 εὐσέϐειαν,
2396 3847 2693 3915 ἀναμαθείν
2726 3844 2782 3899 δὲ
2820 3844 3096 3898 πιστεύειν
3145 3842 3207 3907 ἐξ
3250 3843 3374 3897 ὅλου
3405 3841 3497 3894 τοῦ
3522 3838 3605 3893 νοῦ

2057 3941 2153 3997 καὶ
2182 3938 2416 4002 διανοίας
2449 3938 2523 4008 μὴ
2547 3936 2927 4007 διπαζούσης,
2949 3936 3024 4000 ὼς
3046 3934 3274 3989 ἕκαστον
3323 3935 3422 4005 μὲν
3452 3932 3606 4003 πρόσ-

2055 4045 2204 4083 ωπον
2246 4029 2325 4099 (2)
2378 4029 2474 4098 τῆς
2528 4028 2815 4099 ὁμοουσίου
2885 4025 2981 4082 καὶ
3042 4026 3342 4098 θεαρχικῆς
3395 4024 3605 4093 Τριάδος

2055 4120 2317 4190 ἀφράστῳ
2350 4119 2492 4189 λόγῳ
2540 4122 2619 4182 εἰς
2654 4120 2934 4174 κοινωνίαν
2970 4121 3069 4189 μὲν
3121 4119 3442 4173 ἀδιάστατον
3492 4133 3605 4170 συν-

2061 4211 2323 4266 ἅπτονται
2370 4214 2435 4283 τῇ
2489 4211 2669 4281 φύσει,
2704 4211 2846 4265 κατά
2894 4211 2953 4265 δὲ
3002 4210 3091 4265 τὸν
3131 4209 3232 4280 τῆς
3276 4208 3604 4266 ὑποστάσεως

2054 4303 2212 4371 λόγον
2261 4304 2632 4374 ἀμετάὁλητον
2684 4303 3044 4372 φυλάττουσιν
3076 4299 3334 4371 ἀλλήλαις
3383 4299 3470 4352 τὸν
3486 4295 3604 4367 ίτῶν

2059 4390 2365 4460 ἰδιωμάτων
2414 4392 2775 4461 χαρακτῆραο
2827 4390 2889 4445 οὐ
2942 4392 3045 4460 γὰρ
3099 4389 3284 4462 χώραν
3311 4387 3514 4442 δίδωσιν
3543 4387 3602 4436 ἐν

2060 4482 2239 4545 αὐτοῖς
2258 4483 2318 4536 τὸ
2340 4484 2736 4553 συγκεχυμένον
2758 4483 3006 4537 ἐπελθεῖν
3028 4485 3059 4554 ἡ
3082 4483 3354 4552 διάκρισις
3371 4496 3387 4511 ο
3411 4479 3571 4544 ἄπαγε
3588 4495 3602 4508 ·

2054 4571 2169 4629 ἀλλ’
2200 4571 2387 4643 ὥσπερ
2420 4573 2608 4628 οὐδένα
2643 4573 2907 4645 μερισμὸν
2936 4572 2969 4644 ἦ
2994 4572 3256 4641 διαίρεσιν
3288 4571 3322 4641 ἡ
3351 4568 3483 4622 κατά
3507 4563 3596 4631 φύ-

2056 4682 2139 4718 σιν
2199 4665 2449 4719 κοινωνία
2503 4666 2887 4737 παραδέχεται,
2936 4663 3108 4726 οὕτως
3156 4661 3279 4715 οὐδὲ
3329 4658 3397 4712 τὰ
3434 4657 3488 4723 ἐξ
3530 4649 3601 4708 ὧν

2055 4755 2259 4827 ἑκάστη
2286 4755 2394 4809 τῶν
2421 4756 2588 4827 τριῶν
2618 4755 3100 4828 χαρακτηρίζεται,
3129 4752 3392 4824 οὐμενοῦν
3424 4752 3493 4813 εἰς
3518 4747 3601 4799 οὐ-

2054 4847 2242 4920 δεμίαν
2278 4849 2535 4921 σύγχυσιν
2563 4848 2801 4921 οὐδαμοῦ
2833 4850 2910 4921 (5)
2944 4848 3299 4920 ἀναφύρεται.

2598 5044 3005 5097 ΑΝΤΙΡΡΗΣΙ
3014 5045 3076 5098 Σ.

2102 5132 2196 5190 K'.
2226 5136 2336 5189 Καὶ
2370 5135 2498 5188 ποία
2520 5133 2601 5197 τίς
2629 5135 2774 5186 ἐστιν
2809 5133 2844 5203 ἡ
2879 5132 3219 5202 ἐπερχομένη
3264 5130 3503 5201 σύγχυσις
3531 5128 3596 5195 τῇ

2056 5228 2324 5299 διακρίσει
2366 5227 2473 5280 τῶν
2519 5226 2866 5278 ὑποστάσεων
2914 5224 3006 5276 καὶ
3040 5224 3074 5293 ἡ
3103 5223 3370 5293 μεταϐολὴ
3396 5220 3477 5274 τοῦ
3500 5217 3600 5269 τῶν

2061 5320 2366 5389 ἰδιωμάτων
2396 5318 2740 5387 χαρακτῆρος
2765 5317 2874 5369 ἀπὸ
2900 5315 2994 5369 τοῦ
3023 5315 3083 5368 τὸ
3120 5314 3346 5385 Πνεῦμα
3375 5314 3455 5368 διὰ
3484 5306 3596 5361 λ’ἱοῦ

2057 5412 2090 5481 ἢ
2141 5414 2199 5478 ἐξ
2232 5411 2363 5464 Υἰοῦ
2415 5411 2844 5479 ἐκπορευόμενον
2895 5410 3108 5477 λέγειν;
3146 5410 3222 5472 ὡς
3272 5407 3376 5478 γὰρ
3415 5406 3473 5458 ἐκ
3508 5397 3596 5451 τοῦ

2058 5504 2349 5573 ἀγεννήτου
2375 5501 2589 5573 Πατρδς
2618 5501 3018 5573 προερχόμενον
3038 5500 3340 5570 ἀσύγχυτον
3364 5496 3451 5567 τὴν
3475 5490 3597 5564 πρὸς

2129 5640 2204 5709 (‘2)
2240 5641 2398 5693 Laur.
2433 5639 2591 5694 habet.
2623 5658 2633 5694 :
2664 5640 2893 5694 ἕκαστον
2917 5638 2987 5692 ἒν
3011 5637 3319 5709 πρόσωπον.

2135 5713 2209 5780 (5)
2244 5712 2403 5765 Laur.
2441 5720 2495 5764 ut
2528 5712 2641 5764 Col.
2673 5712 2936 5781 οὐδαμῶς.
