3944 6568
203 368 315 436 789

991 360 1432 424 REFUTATIO
1468 340 1838 420 PHOTIANI
1882 352 2093 413 LIBRI
2131 332 2250 412 DE“
2270 342 2580 419 SPIBITU
2623 343 2683 402 s.

3365 325 3471 388 790

196 484 296 536 τὸν
333 480 555 552 Πατέρα
588 477 755 535 αὐτοῦ
800 477 1075 548 διάκρισιν
1110 475 1223 546 ἔχει
1261 472 1309 543 (6
1343 471 1441 541 μὲν
1463 470 1572 541 γὰρ
1605 453 1798 538 Πὰτῆρ

1937 462 2274 533 ringenito
2337 457 2495 511 Patre
2563 449 2919 526 progrediens
2992 437 3333 529 inconfusam
3405 437 3472 491 ad

200 574 363 651 μένει
415 572 728 641 ἀγέννητος,
759 571 821 626 τὸ
853 571 912 625 δὲ
960 558 1189 638 Πνεῦμα
1240 561 1616 633 ὲκπορευτδν),
1660 555 1802 613 οὕτω

198 644 313 721 imi
329 667 399 718 ὲκ
416 662 507 718 τοῦ
527 661 659 716 Υἰοῦ
689 661 875 732 προῖδν
902 658 1255 730 ἅσύμφυρτον
1279 655 1378 724 τὴν
1407 651 1544 722 πρὸς
1565 649 1656 702 τὸν
1675 644 1803 699 Υίδν

204 754 588 826 ὗποστατικὴν
616 751 777 807 αὐτοῦ
798 750 1071 823 διάκρισιν
1096 747 1236 819 ἔχει,
1259 746 1354 799 καὶ
1377 741 1514 816 πρὸς
1545 737 1804 823 οὐδεμίαν

205 844 484 916 σύγχυσιν
530 822 786 913 οὐδαμῶς
832 837 1287 911 ἀναφύρεται,(ὁ
1329 834 1430 906 μὲν
1490 830 1598 901 γὰρ
1653 822 1803 900 μένει

205 936 343 1000 Υἱὸς
370 935 655 1007 γεννητὸς,
681 934 743 988 τὸ
769 934 826 988 δὲ
862 931 1085 1003 Πνεῦμα
1119 922 1474 999 ἐκπορευτόν)
1502 936 1516 952 ·
1545 920 1669 974 ἐπεὶ
1698 918 1803 989 γὰρ

206 994 455 1100 τῇ-αὺτῇ
485 994 751 1099 δίακρνίσει
774 994 1098 1095 ἀμφοτέρων
1121 994 1463 1091 διακέκριται
1488 1015 1550 1069 τὸ
1581 1012 1805 1081 Πνεῦμα
1823 994 1837 1004 ’

208 1117 273 1171 τὸ
300 1117 488 1187 ἅγιον,
519 1119 618 1173 ἐὰν
651 1117 787 1189 πρός
826 1132 949 1172 τινα
983 1114 1245 1184 σύγχυσιν
1278 1108 1643 1179 ἀναφύρηται,
1681 1104 1806 1173 γένη

160 1252 163 1255 -
211 1225 375 1277 νησις
420 1208 515 1263 καὶ
562 1207 888 1278 ὲκπόρευσις
914 1203 1001 1258 διὰ
1034 1203 1094 1257 τὸ
1136 1203 1201 1255 ὲκ
1248 1200 1340 1255 τοῦ
1384 1195 1641 1268 γεννητοῦ
1673 1193 1803 1247 Υίοῦ

211 1300 274 1354 τδ
305 1300 646 1373 ὲκπορευτδν
671 1298 975 1371 προελθεῖν,
1015 1295 1237 1366 εῦδηλον
1261 1293 1336 1356 ὡς
1369 1291 1523 1344 ἔσται
1558 1305 1645 1351 τις
1678 1286 1809 1354 σύγ-

214 1407 380 1461 χυσις
441 1390 767 1462 ἁγεννησίας
816 1407 876 1442 τε
921 1389 1015 1442 καὶ
1070 1383 1445 1454 ὲκπορεύσεως
1501 1381 1590 1434 διὰ
1628 1379 1690 1434 τὸ
1739 1378 1799 1443 ἐξ

217 1480 523 1552 ἀγεννήτου
572 1481 783 1552 Πατρδς
826 1478 886 1532 eo
919 1476 1249 1548 ἐκπορευτδν
1298 1471 1617 1545 προελθεῖν·
1672 1465 1809 1522 ἀλλὰ

224 1572 336 1644 μὴν
370 1571 475 1626 οὐκ
502 1572 618 1626 ἐστι
646 1573 708 1625 τὸ
734 1571 1004 1642 δεύτερον,
1039 1568 1148 1624 οὐδ’
1179 1567 1285 1639 ἄρα
1319 1566 1380 1620 τὸ
1405 1565 1643 1633 πρῶτον.

826 1848 1212 1906 REIMENUN.
1839 1810 1889 1899 Β

302 1945 519 2011 Ὠσπερ
550 1944 606 1999 δὲ
636 1946 799 1999 πάλιν
819 1947 847 1997 6
880 1945 1008 2004 Υίδς
1040 1942 1297 2011 γεννᾶται
1335 1943 1434 2013 μὲν
1477 1942 1538 1994 ὲκ
1574 1940 1667 1994 τοῦ
1703 1942 1814 1995 Πα-

228 2036 387 2104 τρὸς,
421 2036 661 2106 δικμένει
695 2037 739 2090 δ’
766 2036 831 2090 ἂν
862 2035 1221 2090 ἀναλλοίωτον
1254 2033 1433 2103 ἐαυτῷ
1472 2037 1534 2093 τὸ
1564 2034 1660 2102 τῆς
1701 2033 1814 2086 uid-

230 2144 401 2195 [τος
450 2128 726 2197 συν-τηρῶν
774 2126 1012 2197 ἀξίωμα,
1042 2126 1185 2181 οὕτω
1236 2129 1332 2181 καὶ
1378 2128 1440 2180 τὸ
1489 2125 1714 2196 Πνεῦμα
1756 2125 1817 2178 τὸ

234 2218 512 2286 πανάγιον
535 2218 893 2288 ἐκπορεύεται
924 2217 1019 2287 μὲν
1044 2217 1139 2271 τοῦ
1169 2218 1402 2289 Πατρδς,
1439 2216 1589 2288 μένει
1614 2216 1659 2269 δ’
1688 2216 1821 2286 ἀμε-

234 2308 532 2378 τάϐλητον,
568 2309 742 2381 ἑαυτῷ
769 2310 1066 2381 συντηροῦν
1096 2308 1156 2364 τὸ
1176 2308 1509 2380 ὲκπορευτόν
1532 2323 1548 2340 ⁸
1577 2307 1670 2362 καὶ
1701 2307 1819 2359 καθ’

234 2402 294 2454 ὃν
322 2401 488 2469 λόγον
517 2401 577 2467 ἐξ
620 2401 856 2455 ἁναιτίου
893 2400 986 2455 τοῦ
1034 2401 1247 2472 Πατρὸς
1275 2401 1336 2454 τὸ
1385 2398 1608 2471 Πνεῦμα
1635 2398 1822 2469 προϊὸν

238 2493 439 2566 ἑτέρου
468 2492 720 2563 γέννησιν
746 2492 778 2562 ἢ
807 2492 1133 2562 ὲκπόρευσιν
1175 2491 1234 2543 οὐ
1271 2490 1544 2560 θεουργεϊ,
1579 2473 1698 2541 οὐδὲ
1737 2473 1824 2551 διᾷ

242 2602 397 2648 τινος
441 2583 739 2655 μεταϐολῆς
770 2585 866 2654 τὴν
899 2585 1226 2655 ὲκπόρευσιν
1259 2581 1422 2636 αὐτοῦ
1471 2583 1785 2648 καινοτομεῑ
1807 2597 1820 2610 ·

242 2673 389 2726 οῦτω
421 2671 486 2742 δὴ
520 2674 614 2725 καὶ
642 2674 670 2726 6
703 2670 832 2736 Υίδς
856 2673 1195 2744 γεννώμενος
1227 2672 1286 2738 ἐξ
1308 2671 1550 2725 ἀναιτίου
1586 2670 1678 2723 τοῦ
1713 2671 1826 2722 Πα-

232 2764 375 2833 ’τρὸς
413 2761 540 2815 οὔτε
589 2762 677 2817 διὰ
701 2765 1023 2834 γεννήσεως,
1055 2765 1115 2818 οὐ
1173 2763 1299 2835 μὴν,
1332 2762 1448 2817 ἀλλ’
1478 2762 1599 2815 οὐδὲ
1642 2761 1708 2814 δι’
1737 2763 1828 2812 ἐκ·

249 2855 571 2928 π-ρεύσεως
604 2854 862 2925 οὐδεμίαν
889 2855 955 2910 ἂν
990 2856 1278 2927 θεουργίαν
1311 2855 1522 2917 οὐδενὸς
1558 2853 1830 2922 ὁμοφυοῦς

247 2946 543 3015 ἀνάσχοιτο
588 2944 1047 3010 oeconomiae:
1105 2945 1341 3018 σχέσεως
1375 2944 1564 3015 ἑτέρας
1612 2944 1832 2997 ἐπεισα-

236 3037 413 3108 ’γωγῇ
445 3035 506 3090 τὺ
534 3035 828 3108 προνόμιον
862 3035 1192 3092 ἐπινοθεύειν
1225 3039 1318 3105 τῆς
1362 3038 1626 3106 υίὸτητος.

818 3226 1286 3281 ΑΝΤΙΡΡΗΣΙΣ.

327 3315 466 3367 KA'.
514 3314 598 3377 Ὠς
633 3313 831 3378 ἔοικεν,
876 3315 1128 3385 οὐδεμίαν
1163 3315 1226 3367 σὺ
1274 3314 1452 3384 βούλει
1496 3310 1677 3366 δοῦναι
1723 3313 1837 3366 διει-

258 3404 439 3474 φορὰν
482 3404 575 3458 ἐπὶ
613 3406 690 3475 τῷ
733 3406 960 3477 αίτιατῷ
986 3407 1078 3459 τοῦ
1113 3406 1241 3458 Υἱοῦ
1269 3423 1327 3457 τε
1359 3404 1454 3458 καὶ
1504 3405 1840 3473 Πνεῦματος,

260 3496 357 3547 καὶ
390 3494 480 3547 διὰ
519 3494 677 3549 τοῦτο
725 3498 1072 3566 καινοτομίας
1106 3498 1484 3567 ἑκπορεύσεων
1532 3495 1627 3547 καὶ
1654 3493 1842 3565 Οεουρ-

260 3590 389 3651 γίας
426 3586 687 3657 ὁμοφυῶν
722 3604 885 3640 τινων
933 3589 1328 3658 τερατολογείς.
1373 3586 1512 3659 Ἀλλ’
1544 3588 1572 3640 6
1610 3585 1846 3654 θεολογι-

259 3680 511 3742 κώτατος
565 3678 784 3746 Νύσσης
836 3680 1100 3750 διαφορὰν
1144 3679 1238 3732 τοῦ
1287 3677 1531 3731 αἰτιατοῦ
1581 3676 1756 3745 λέγων
1784 3678 1845 3728 τὸ

266 3767 369 3838 μὲν
407 3768 684 3839 προσεχῶς
719 3770 782 3821 ὲκ
813 3767 909 3821 τοῦ
942 3768 1181 3840 πρώτου,
1217 3768 1275 3820 τὸ
1304 3767 1361 3821 δὲ
1392 3767 1481 3820 διὰ
1521 3764 1616 3818 τοῦ
1645 3781 1847 3834 προσε-

263 3861 378 3930 χῶς
415 3862 477 3913 ἐκ
519 3861 612 3913 τοῦ
646 3862 863 3932 πρώτου
916 3861 1297 3932 προέρχεσθαι,
1329 3862 1392 3912 ὲκ
1433 3861 1533 3928 τῆς
1586 3858 1846 3928 διαφορᾶς

264 3952 475 4021 ταύτης
509 3952 692 4005 δίδωσι
747 3953 909 4018 νοεῖν,
938 3951 1002 4005 τὸ
1050 3954 1147 4022 μὲν
1195 3952 1284 4004 δια
1337 3949 1432 4003 τοῦ
1479 3947 1610 4002 Υἰοῦ
1655 3952 1720 4000 ὲκ
1752 3948 1847 3999 τοῦ

269 4043 490 4113 Πατρδς
518 4045 706 4116 προϊὸν
731 4042 954 4112 Πνεῦμα
985 4040 1125 4098 εἶναι
1172 4045 1265 4095 καὶ
1310 4041 1370 4106 ἐξ
1402 4043 1625 4111 ἀμφοῖν,
1668 4039 1727 4105 ἐξ
1754 4039 1852 4092 αὐ*

268 4136 365 4188 τοῦ
409 4136 463 4189 δὲ
502 4132 643 4190 εἶναι
692 4138 876 4208 μηδὲν,
934 4139 1056 4189 ἐπεὶ
1105 4135 1271 4208 μηδὲν
1321 4133 1556 4205 ὁμοφυεῖς
1612 4134 1729 4186 ἐστι
1783 4131 1850 4184 δι’

272 4224 466 4280 αὐτοῦ.

864 4420 1248 4475 KEIMENON.

1902 532 2117 612 Patrem
2171 568 2326 611 suam
2391 559 2538 606 tenet
2601 544 3010 621 distinctionem
3074 538 3244 608 (nam
3313 532 3476 588 Pater

1903 650 2177 720 ingenitus
2212 644 2429 709 manet,
2466 641 2703 720 Spiritus
2738 652 2869 693 vero
2902 624 3241 706 procedens)
3264 666 3279 690 ,
3316 625 3391 679 ita
3423 629 3480 676 et

1902 756 1967 809 ex
1990 737 2131 793 Filio
2160 737 2419 806 prodiens
2445 716 2794 787 ineonfusam
2831 727 2995 780 habet
3024 722 3179 778 suam
3217 720 3480 788 pcrsonaé

1905 833 2009 887 lem
2039 829 2450 897 distinctionem
2488 825 2554 880 ad
2586 822 2788 878 Filium
2823 824 2881 874 et’
2910 818 2965 872 in
3004 813 3209 869 nullam
3250 817 3479 877 prorsus

1905 923 2286 982 confusionem
2335 920 2694 990 permiscetur
2739 913 2965 985 (manet
3022 917 3259 973 namque
3309 897 3481 955 Filius

1905 1016 2146 1088 genitus,
2175 1012 2410 1083 Spiritus
2435 1025 2564 1064 vero
2594 1000 2939 1076 prooedens).
2973 997 3109 1053 Nam
3137 1011 3259 1051 cum
3290 990 3481 1047 eadem

1908 1081 2265 1166 distinctione
2295 1104 2535 1174 Spiritus
2564 1104 2790 1156 sanctus
2823 1097 2901 1169 sit
2925 1094 2991 1149 ab
3022 1100 3258 1158 utroque
3285 1081 3484 1140 distin‘

1916 1209 2064 1269 ctus,
2084 1199 2129 1256 si
2157 1199 2222 1254 ad
2244 1213 2406 1269 quam
2434 1193 2812 1249 confusionem
2841 1186 3233 1259 permisceatur
3257 1189 3484 1249 genera-

1911 1293 1984 1348 tio
2012 1267 2068 1346 et
2098 1267 2378 1362 processio
2427 1287 2637 1342 idcirco
2685 1282 2830 1353 quod
2881 1294 2946 1333 ex
2988 1275 3129 1331 Filio
3173 1271 3355 1343 genito
3397 1267 3490 1320 itte

1908 1385 2001 1455 qui
2034 1360 2289 1453 procedit.
2311 1376 2709 1451 progrediatur,
2746 1369 3096 1442 perspicuum
3132 1373 3238 1427 est,
3274 1360 3390 1413 fore
3430 1362 3495 1409 ct‘

1910 1471 2288 1528 confusionem
2329 1467 2618 1537 quamdam
2683 1455 3120 1516 innascibilitatis
3166 1458 3221 1507 ct
3268 1460 3491 1520 proces-

1911 1563 2120 1627 sionis,
2165 1561 2369 1616 idcirco
2387 1558 2531 1627 quod
2578 1571 2644 1611 ex
2690 1549 2999 1608 innascibili
3051 1546 3210 1600 Patre
3256 1540 3506 1609 ille’qui'

1912 1652 2160 1724 procedit
2205 1649 2607 1720 progrediatur.
2655 1644 2762 1700 Sed
2812 1640 3115 1698 secundum
3162 1638 3340 1690 locum
3383 1629 3491 1684 mi;

1918 1747 2063 1800 nime
2095 1742 2278 1807 habet,
2312 1756 2442 1811 ergo
2478 1755 2575 1807 nec
2606 1739 2865 1807 primum.

2559 1826 2859 1884 TEXTUS.

1992 1927 2057 1982 Et
2086 1925 2249 1982 sicuti
2278 1939 2470 1980 rursus
2498 1921 2672 1977 Filius
2697 1920 2915 1991 quidem
2947 1924 3235 1986 gt‘tlt‘l‘altll'
3260 1927 3287 1965 a
3315 1908 3494 1968 Patre.

1919 2026 2201 2088 permanet
2242 2025 2420 2070 tamen
2461 2013 2807 2068 inalteratam
2845 2007 2945 2062 sibi
2989 2015 3323 2057 conscrvzms
3363 1996 3499 2051 tilia-

1923 2107 2089 2162 tionis
2119 2106 2462 2177 dignitatem,
2496 2104 2571 2158 ita
2602 2111 2655 2156 et
2682 2097 3069 2155 sanctissimus
3105 2090 3341 2163 Spiritus
3368 2100 3499 2158 pro—

1922 2198 2066 2254 cedit
2095 2198 2312 2267 quidem
2351 2211 2380 2251 a
2414 2194 2608 2259 Patre,
2648 2201 2830 2247 manet
2887 2201 3014 2242 vero
3049 2185 3498 2239 iucommntatam

1924 2288 2031 2347 sibi
2068 2301 2293 2341 servans
2321 2283 2695 2355 processionis
2727 2280 3028 2341 rationem;
3063 2285 3118 2331 et
3148 2287 3258 2344 qua
3290 2270 3501 2326 ratione

1927 2378 2169 2448 Spiritus
2209 2393 2275 2432 ex
2314 2375 2474 2431 Patre
2510 2375 2712 2429 nullam
2746 2378 3077 2441 agnoscente
3114 2378 3336 2420 causam
3368 2375 3500 2431 pro-

1926 2470 2084 2525 dicus
2121 2468 2349 2523 altenius
2381 2467 2792 2537 generationem
2829 2472 2883 2515 et
2919 2457 3325 2531 processioncm
3362 2452 3504 2506 divi-

1929 2578 2052 2619 nam
2106 2575 2213 2615 nou
2266 2564 2562 2630 operatur,
2618 2573 2718 2613 nec
2770 2570 2865 2626 per
2915 2554 3082 2608 ullam
3135 2546 3493 2603 mutationem
3565 2565 3571 2575 -

1932 2653 2343 2722 processioncm
2375 2666 2531 2705 suam
2585 2650 2842 2710 innovat,
2884 2645 2958 2698 ita
2991 2656 3123 2698 sane
3152 2648 3206 2694 et
3237 2636 3409 2691 Filius
3435 2649 3505 2689 ex

1930 2743 2093 2800 Patre
2123 2742 2376 2814 principii
2414 2749 2633 2812 erperte
2665 2744 2958 2810 generatus
2990 2746 3168 2802 neque
3213 2743 3310 2799 per
3340 2738 3505 2796 gene-

1933 2839 2226 2901 rationem,
2256 2835 2368 2889 imo
2397 2848 2526 2887 vero
2551 2847 2724 2902 neque
2753 2844 2850 2900 per
2877 2824 3281 2899 processioncm
3309 2820 3507 2889 poterit

1935 2930 2115 2987 ullam.
2135 2929 2295 2985 aliam
2326 2922 2849 2983 consubstantialem
2887 2930 3175 2991 personam
3207 2913 3512 2986 producere

1939 3033 2036 3079 aut
2091 3022 2251 3077 aliam
2310 3016 2791 3090 superindurendo
2851 3012 3171 3068 relationem
3232 3002 3512 3061 tiliationis

1863 3149 1910 3208 Ω
1941 3115 2253 3169 adulterare
2281 3111 2721 3183 praerogativam.

2503 3198 2946 3257 REFUTATIO.

2015 3296 2159 3353 XXI.
2197 3297 2436 3361 Nullam,
2466 3304 2528 3351 ut
2557 3296 2793 3358 videtur,
2825 3290 3128 3345 concedere
3158 3290 3237 3341 vis
3264 3283 3521 3339 differen-

1947 3396 2077 3448 tiam
2129 3394 2180 3445 iu
2215 3389 2523 3460 principiali
2571 3387 2784 3442 ratione
2807 3425 2822 3449 ,
2857 3399 2976 3453 quae
3007 3394 3117 3436 tum
3150 3379 3286 3433 Filio
3314 3388 3518 3431 conve-

1949 3487 2029 3541 nit
2053 3496 2165 3540 tum
2194 3482 2450 3554 Spiritui;
2480 3492 2533 3535 et
2565 3480 2773 3534 idcirco
2803 3474 3181 3530 innovationes
3217 3466 3523 3540 processio-

1946 3594 2076 3634 num
2114 3586 2167 3632 et
2200 3571 2753 3630 consubstantialium
2800 3564 3166 3639 quorumdam
3211 3559 3523 3633 productio-

1950 3683 2045 3724 nes
2084 3655 2432 3723 monstruoSe
2480 3663 2773 3732 contingis.
2814 3658 3017 3715 Verum
3071 3669 3322 3711 suunnus
3373 3652 3523 3706 inter

1953 3762 2233 3830 theologos
2289 3757 2594 3831 Nyssenus,
2647 3755 2777 3809 dum
2834 3751 3131 3810 discrimen
3190 3740 3525 3802 causalitatis

1951 3862 2191 3915 enarrat,
2225 3851 2354 3905 illud
2390 3847 2703 3904 immediate
2753 3859 2820 3899 ex
2850 3843 3029 3915 primo
3055 3880 3068 3907 ,
3108 3841 3210 3894 hoc
3254 3849 3384 3890 vero
3424 3847 3522 3902 per

1953 3948 2004 4001 id
2048 3947 2193 4016 quod
2241 3944 2556 4001 immediate
2602 3957 2667 3997 ex
2716 3942 2893 4011 primo
2936 3936 3264 4008 procedere,
3307 3947 3373 3985 ex
3419 3929 3525 3982 hoc

1953 4040 2269 4095 discrimine
2292 4039 2411 4108 ipso
2441 4039 2533 4092 dat
2563 4034 2885 4105 intelligere,
2912 4031 3171 4100 Spiritum
3201 4041 3295 4095 per
3322 4022 3521 4078 Filium

1952 4151 2019 4189 ex
2055 4135 2218 4189 Patre
2263 4133 2624 4202 prodeuntem
2665 4137 2719 4183 et
2749 4143 2814 4181 ex
2864 4134 3099 4193 utraque
3139 4134 3281 4179 esse.
3308 4132 3371 4171 ex
3405 4116 3526 4186 ipso

1957 4242 2087 4282 vero
2130 4240 2249 4280 csse
2305 4223 2463 4285 nihil,
2510 4236 2633 4275 cum
2685 4219 2830 4273 nulla
2882 4216 2991 4270 alia
3037 4210 3529 4269 consubstantialis

1922 4334 2191 4393 -persona
2227 4318 2528 4387 peripsum
2566 4314 2819 4368 exsistat.

2596 4405 2891 4461 TEXTUS.

350 4515 466 4585 μευ.
506 4514 793 4567 Ἑκεῖνσδὲ
829 4515 903 4584 μὴ
933 4513 1253 4583 καθορῶντα
1290 4512 1510 4574 δικαίως
1539 4511 1605 4565 ἄν
1639 4529 1693 4565 σε
1716 4528 1827 4582 Υρα

2030 4507 2121 4560 47.
2169 4504 2303 4559 Illud
2355 4514 2535 4558 autem
2587 4503 2629 4555 si
2679 4484 2819 4555 nolis
2869 4498 3201 4564 intelligere;
3253 4493 3448 4547 merito
3480 4501 3532 4545 te

277 4608 487 4677 φοίμην
534 4606 778 4660 ἑκουσίου
825 4607 1147 4675 πηρώσεως.
1206 4605 1268 4657 Εἰ
1307 4605 1407 4673 μὲν
1449 4606 1554 4676 γὰρ
1600 4604 1739 4657 κατὰ
1765 4604 1856 4656 τὸν

160 4776 169 4781 ⁹
277 4699 441 4767 λόγον
468 4700 567 4768 τῆς
599 4697 814 4768 φύσεως
845 4699 872 4750 6
907 4697 1094 4766 Πατὴρ
1127 4696 1485 4767 προϐάλλεται
1520 4695 1582 4748 τὸ
1612 4694 1855 4765 Πνεῦμα,

1961 4608 2277 4667 spontaneo:
2322 4609 2546 4664 arguam
2597 4591 2880 4646 caecitatis.
2931 4588 2987 4642 Si
3035 4588 3180 4641 cnim
3227 4582 3531 4639 secundum

1962 4692 2228 4746 rationem
2278 4699 2486 4743 naturae
2532 4685 2695 4741 Pater
2743 4682 3000 4756 producit
3050 4680 3356 4749 Spiritum,
3406 4689 3534 4731 cum

280 4792 384 4861 τῆς
424 4791 591 4862 αὐτῆς
636 4789 691 4842 δὲ
723 4789 940 4858 φύσεως
988 4789 1022 4858 ἡ
1070 4787 1263 4858 Τριὰς,
1296 4788 1418 4840 τότε
1469 4787 1532 4856 δὴ
1568 4787 1684 4840 τότε
1722 4803 1828 4856 μετ.

1960 4786 2204 4855 ejusdem
2239 4793 2445 4838 natura:
2487 4781 2560 4836 sit
2588 4778 2856 4844 Trinitas,
2901 4783 3032 4830 tunc
3079 4786 3211 4828 sane
3260 4785 3368 4824 una
3406 4783 3532 4824 cum

283 4884 502 4938 πολλῶν
544 4861 638 4938 καὶ
671 4883 845 4937 ἄλλων
888 4881 1165 4950 συγγενῶν
1202 4881 1592 4951 ἀτοπημάτων,
1618 4879 1684 4932 ἔκ
1715 4894 1828 4932 τινο

1963 4877 2150 4932 multis
2201 4876 2320 4931 aliis
2382 4873 2635 4928 amnibus
2697 4869 2955 4926 absurdis
3005 4876 3151 4922 esset
3205 4863 3301 4918 tibi
3350 4861 3537 4931 aliqua

286 4978 353 5031 ἂν
381 4976 633 5046 ἀφορμῆς
665 4975 919 5045 ὲξὼρμας
948 4972 1266 5043 μυθολογεῖν
1319 4974 1377 5024 τὸ
1413 4972 1746 5041 δυσσέϐημα.
1784 4975 1825 5024 0

1963 4970 2182 5025 occasio
2250 4966 2431 5036 impia:
2485 4964 2648 5035 hujus
2707 4961 2905 5017 fabulae
2960 4957 3355 5029 contingendre.
3416 4952 3538 5010 Non

286 5071 395 5139 γὰρ
431 5069 589 5137 μόνον
616 5068 695 5131 είς
725 5066 993 5136 προϐολὴ
1020 5064 1115 5118 τοῦ
1148 5064 1461 5131 Πνεῦματος
1483 5066 1510 5117 6
1538 5064 1664 5124 Υίὸς
1692 5063 1756 5115 ἄν
1781 5079 1828 5114 σι

1969 5064 2117 5118 enim
2150 5063 2326 5118 solum
2352 5059 2405 5113 in
2434 5059 2816 5129 productorem
2847 5052 3087 5123 Spiritus
3112 5064 3303 5120 posses
3336 5046 3533 5100 Filium

294 5137 671 5229 μετεϐάλλετο,
722 5157 855 5212 ἀλλὰ
912 5159 1005 5229 καί
1033 5156 1165 5210 αὐτὸ
1213 5156 1273 5208 τὸ
1303 5155 1526 5224 Πνεῦμα
1566 5156 1643 5216 εῐς
1678 5172 1734 5207 τε
1765 5156 1828 5225 τὴ

1964 5163 2300 5219 convertere,
2325 5151 2419 5206 sed
2448 5150 2743 5220 ipsummet
2767 5144 3038 5216 Spiritum
3071 5154 3183 5196 tum
3211 5140 3266 5194 in
3300 5137 3420 5192 Filii
3448 5151 3543 5206 ge-

288 5228 384 5307 τοῦ
414 5252 543 5305 Υίοῦ
573 5252 828 5322 γέννησιν
870 5250 964 5305 καὶ
984 5250 1092 5320 τὴν
1120 5250 1259 5302 ἰδίαν
1299 5248 1568 5318 προϐολὴν
1611 5249 1828 5318 ὲτέμνετ

1968 5246 2304 5301 nerationem
2345 5252 2457 5297 tum
2511 5241 2566 5295 in
2621 5239 2888 5310 suiipsius
2930 5234 3348 5306 productionem
3394 5228 3543 5285 scin-

290 5362 349 5396 τε
382 5344 475 5397 καὶ
523 5320 943 5412 κατεμερίζετοο
976 5343 1070 5395 καὶ
1099 5341 1224 5409 σιγὴ
1272 5337 1444 5393 τᾶλλα
1476 5339 1667 5411 ἐχέτω,
1698 5341 1780 5393 ὅτι
1806 5359 1828 5393 τ

1967 5340 2096 5395 dere
2147 5352 2210 5391 ac
2257 5332 2483 5405 partiri,
2530 5332 2735 5402 pressis
2782 5329 3000 5385 interim
3051 5324 3270 5382 silentio
3322 5320 3541 5376 ceteris

293 5435 535 5506 ἄμεινον,
564 5434 655 5487 καὶ
689 5432 807 5487 οὐδὲ
837 5432 915 5503 τῷ
942 5433 1149 5503 ῥήματι
1173 5434 1242 5484 τὰ
1272 5429 1591 5499 ἀτοπώτερα
1635 5432 1709 5500 μὴ
1736 5449 1828 5503 πρε

1970 5429 2243 5492 absurdis,
2273 5442 2396 5496 quae
2425 5426 2587 5480 etiam
2622 5422 2774 5477 nullo
2802 5420 3019 5491 prodita
3054 5417 3220 5471 verbo
3250 5428 3279 5468 a
3306 5414 3545 5483 pruden-

298 5526 573 5596 φερόμενα
624 5528 736 5588 τοῖς
770 5523 1032 5593 νουνεχῶς
1087 5524 1180 5577 καὶ
1221 5523 1317 5575 σὺν
1366 5522 1624 5594 εὐλαϐείᾳ
1666 5523 1828 5595 διερει

1969 5524 2116 5577 tibus
2166 5520 2380 5591 piisque
2426 5514 2934 5588 perscrutatoribus
2979 5509 3174 5565 melius
3217 5521 3282 5563 ac
3325 5506 3543 5561 facilius

298 5595 460 5671 νῶσιν
488 5619 588 5671 οὐκ
620 5617 810 5688 ἄδηλον
856 5615 968 5688 ἔχει
1005 5615 1103 5686 τὴν
1145 5615 1494 5683 κατανόησιν.
1540 5614 1680 5667 Ἀλλ’
1726 5615 1828 5668 οῦτ‹

1971 5612 2370 5681 intelliguntur.
2425 5608 2603 5677 Atque
2652 5607 2722 5658 ita
2766 5602 3011 5672 quidem,
3055 5599 3104 5655 si
3153 5598 3281 5668 quis
3326 5595 3543 5651 ratione

304 5711 401 5778 μὲν
440 5712 488 5763 εί
518 5710 596 5781 τῷ
640 5711 783 5780 λόγῳ
834 5712 929 5779 τῆς
958 5708 1189 5776 φύσεως,
1225 5706 1348 5775 οὐχὶ
1393 5706 1449 5759 δὲ
1481 5706 1555 5776 τῷ
1595 5707 1737 5777 λόγῳ
1769 5710 1867 5776 τῆς

304 5802 436 5866 ἰδίας
468 5804 809 5866 ὑποστάσεως
838 5801 864 5853 6
892 5800 1073 5871 Πατὴρ
1098 5800 1153 5851 τὸ
1188 5798 1407 5870 Πνεῦμα
1438 5802 1490 5855 εἴ
1519 5818 1597 5865 τις
1630 5801 1865 5868 προϐάλ-

1972 5713 2211 5763 naturze,
2259 5717 2365 5756 non
2413 5713 2539 5754 vero
2580 5697 2792 5752 ratione
2842 5694 3200 5764 hypostaseos
3248 5689 3480 5762 propriae
3509 5703 3541 5745 ιι

1972 5796 2131 5853 Patre
2165 5794 2428 5867 Spiritum
2462 5790 2689 5862 produci
2724 5789 2968 5858 fingeret.
2999 5784 3137 5842 Cum
3170 5793 3351 5840 tamen
3382 5783 3540 5839 Pater
