3798 6564
443 385 541 450 791

1477 397 1691 461 JOAN.
1735 399 1944 460 VECCl
1989 417 1991 446 ι

2139 403 2414 463 ΡΑΤΠΙΑ
2427 402 2646 465 RCIHZ
3578 407 3656 473 Ἰβῖ

435 512 544 567 qua
591 495 754 554 Pater
799 498 1063 571 Spiritum
1113 504 1419 573 producere
1469 516 1524 561 et
1573 507 1746 563 sacris
1807 508 1990 564 dicato

2125 511 2310 564 λεσθαι
2333 511 2735 582 τιρατεύσοιτο.
2771 513 2833 566 ΕΞ
2859 511 2916 567 δὲ
2951 513 3088 567 καθὸ
3129 511 3319 583 Πατὴρ
3352 511 3381 566 ό
3415 512 3581 584 Πατὴρ
3607 521 3653 572 ia-

434 591 684 662 Eloqniis
715 602 770 648 et
823 608 855 650 a
899 595 1188 654 catholicis
1235 601 1687 658 constantissime
1731 606 2010 670 credatur,

433 681 681 751 profecto
729 699 833 740 nec
880 684 1076 751 Filius,
1127 697 1400 758 quatenus
1450 693 1621 751 Filius
1665 695 2012 765 praedicatur,

433 788 532 841 per
577 772 816 842 Spiritus
864 778 1277 845 productionem
1319 783 1604 840 ﬁliationis
1646 785 1874 858 gradum
1909 787 2012 842 sibi

432 864 748 919 itntuutabit
782 881 886 922 nec
928 866 1073 924 Patri
1122 870 1434 942 ademptam
1464 873 1534 929 ad
1577 889 1638 930 se
1681 874 1859 930 trahet
1886 873 2012 944 Spi-

428 959 574 1013 ritus
624 961 1024 1027 causationem,
1074 965 1536 1034 quemadmodum
1585 982 1685 1023 nec
1734 967 2014 1024 causatio-

427 1064 553 1103 nem
608 1052 969 1120 pacatissima:
1021 1057 1441 1128 purissimaque
1464 1076 1578 1116 sua:
1620 1061 2010 1131 generationis.

427 1140 616 1212 Neque
646 1145 790 1200 enim
837 1163 1066 1218 prorsus
1114 1151 1229 1207 haec
1261 1165 1391 1208 sunt
1433 1163 1670 1219 naturae,
1708 1153 2010 1211 secundum

425 1247 593 1299 quam
629 1237 943 1290 communio
976 1240 1324 1308 praedicatur,
1357 1243 1452 1298 sed
1485 1243 1849 1314 liypostaseos
1881 1262 2010 1314 pro-

425 1326 710 1394 prietates,
747 1343 844 1397 per
873 1346 1011 1400 quas
1041 1331 1280 1388 divinam
1321 1335 1372 1388 in
1402 1336 1670 1393 Trinitate
1699 1339 2010 1395 distinctio-

424 1433 550 1472 nem
585 1422 935 1479 conﬁtemur.

993 1515 1282 1572 llEFUT.~l
1298 1519 1442 1578 T10.

496 1600 664 1658 XXII.
708 1605 788 1660 Tu
819 1608 1041 1675 quidem
1090 1612 1294 1680 saepius
1333 1624 1386 1667 et
1423 1615 1475 1668 in
1511 1615 1700 1671 multis
1741 1617 2006 1674 orationis

422 1695 672 1764 partibus
719 1699 924 1753 asseris
946 1741 959 1762 ,
1006 1716 1113 1756 non
1144 1703 1360 1759 ratione
1394 1717 1638 1772 naturae,
1671 1707 1764 1761 sed
1799 1709 2009 1764 ratione

423 1802 672 1856 personae
717 1789 937 1846 l’atrem
971 1807 1196 1847 causam
1236 1811 1357 1850 esse
1391 1813 1582 1852 eorum
1618 1815 1740 1866 qua:
1767 1816 1831 1854 ex
1863 1801 2005 1870 ipso,

2123 605 2424 674 ρολογείται
2453 607 2777 676 προϐάλλειν
2817 607 2876 662 τδ
2903 606 3127 678 Πνεῦμα
3156 610 3390 670 καὶτοῖς
3420 608 3655 665 εὐσεϐέσιν

2117 695 2216 749 οὐκ
2250 697 2657 761 ὲπιδιστάζεται
2681 715 2696 728 ·
2724 699 2848 753 οὐτε
2882 701 2910 752 ό
2940 700 3090 765 Υἱὸς,
3133 700 3272 753 καθὸ
3307 699 3654 766 θεολογεῖταιό

2118 786 2266 853 Υἱὸς,
2298 788 2386 842 διὰ
2423 789 2520 859 τῆς
2561 789 2656 843 τοῦ
2689 791 2828 843 Πνεύ
2841 809 3010 861 ματος
3054 791 3332 862 προϐολῆς
3364 791 3425 844 τὸ
3455 790 3547 860 τῆς
3575 795 3656 847 υἱό-

2115 895 2274 948 τητος
2319 871 2728 951 καινοτομήσει’
2766 882 3004 953 ἀξίωμα,
3039 883 3162 936 οὐδὲ
3200 883 3278 953 τῷ
3309 883 3484 952 Πατρὶ
3534 900 3653 952 περι-

2116 969 2289 1038 κόψας
2307 973 2388 1035 εἰς
2418 971 2613 1025 ἑαυτὸν
2639 976 2971 1044 μεταστήσει
2993 975 3094 1044 τὴν
3118 974 3295 1028 αἰτίαν
3324 973 3419 1026 τοῦ
3449 975 3652 1046 προεὶή.

2117 1077 2308 1130 ματος,
2339 1060 2529 1132 ὥσπερ
2560 1063 2682 1116 οὐδὲ
2723 1064 2824 1133 τῆς
2861 1064 2993 1135 περὶ
3037 1064 3201 1117 αὐτὸν
3230 1063 3584 1117 ἀστασιάστου
3611 1083 3655 1119 τε

2115 1155 2209 1206 καὶ
2236 1153 2538 1226 άρῤεύστου
2583 1158 2914 1227 γεννήσεως.
2959 1157 3034 1209 Οὐ
3066 1157 3176 1228 γάρ
3221 1159 3392 1220 ἐστιν,
3436 1157 3534 1209 οὐκ
3571 1155 3656 1211 ἐστι

2113 1243 2286 1298 ταῦτα
2317 1245 2553 1315 φύσεως,
2587 1247 2709 1301 καθ’
2752 1249 2820 1318 ἢν
2861 1250 2891 1317 ἡ
2949 1248 3202 1301 κοινωνία
3249 1247 3546 1312 δοξάζεται,
3571 1247 3655 1301 ἀλλ’

2113 1337 2464 1403 ὑποστάσεως
2504 1341 2794 1411 ἰδιώματα,
2828 1342 2897 1396 δι’
2929 1337 3004 1398 ὧν
3031 1342 3131 1414 τὴν
3170 1345 3227 1396 ὲν
3259 1346 3327 1415 τῇ
3352 1341 3538 1412 Τριάδι
3567 1341 3656 1397 050-

2111 1428 2381 1500 λογοῦμεν
2411 1429 2709 1501 διάκρισιν.

2670 1526 3142 1582 ΑΝΤΙΡΡΗΣΙΣ.

2110 1612 2158 1678 L-
2183 1609 2311 1665 KB'.
2349 1612 2419 1666 Σὺ
2463 1613 2567 1683 μὲν
2608 1615 2864 1680 πολλάκις
2898 1618 2994 1670 καὶ
3042 1621 3101 1672 ὲν
3146 1618 3368 1682 πολλαῖς
3400 1615 3488 1670 τοῦ
3525 1617 3654 1684 λόγου

2111 1705 2443 1773 περικοπαίς
2479 1704 2639 1774 εφης,
2696 1707 2771 1776 μὴ
2820 1706 2898 1778 τῷ
2931 1707 3077 1778 λόγῳ
3121 1708 3221 1778 τῆς
3258 1707 3491 1776 φύσεως,
3520 1707 3590 1777 τῷ
3611 1707 3655 1760 δὲ

2111 1794 2253 1867 λόγῳ
2282 1797 2383 1866 τῆς
2413 1798 2765 1862 ὑποστάσεως
2797 1800 2888 1853 τὸν
2925 1802 3144 1872 Πατέρα
3185 1802 3362 1856 αἴτιον
3392 1795 3527 1852 εἶναι
3569 1803 3653 1852 τῶν

423 1885 478 1930 ct
507 1877 770 1934 caecitatis
817 1882 1004 1950 arguis
1056 1885 1251 1940 Italqu
1308 1897 1494 1958 utpote
1543 1905 1649 1945 non
1703 1891 1848 1946 illico
1899 1893 1991 1947 Ιιο(

2107 1887 2170 1951 ἐξ
2218 1863 2405 1953 αὐτοῦ,
2443 1891 2534 1943 καὶ
2593 1892 2893 1961 πηρώσεως
2951 1863 3139 1964 γράιρῃ
3193 1893 3287 1946 τὸν
3341 1890 3553 1954 Ἰταλὸν,
3597 1891 3654 1954 ὡς

422 1970 874 2039 perSpicientem,
902 1975 1062 2046 eique
1097 1977 1435 2047 impietatem
1469 1992 1523 2036 et
1553 1985 2000 2054 superstitionem

420 2060 614 2116 fraude
635 2065 1069 2124 circumventam
1103 2073 1300 2142 objicis
1329 2075 1549 2146 aliaque
1580 2077 1630 2132 id
1659 2093 1850 2147 genus,
1882 2096 2003 2149 quae

417 2151 719 2219 proferenti
765 2167 1026 2215 aeternam
1073 2162 1480 2221 damnationem
1533 2171 1846 2238 acquirunt.
1889 2170 2002 2241 Ego

415 2259 548 2300 vero
573 2248 812 2303 maxime
849 2268 948 2323 pro
1001 2263 1052 2309 te
1091 2257 1276 2322 timeo,
1318 2276 1385 2315 ne
1416 2262 1546 2316 dum
1602 2264 1802 2333 impetu
1837 2279 2000 2334 quam

418 2338 812 2398 veltentissimo
881 2361 982 2413 pro
1046 2350 1246 2415 pietate
1308 2364 1648 2422 pugnaturus
1718 2356 1998 2424 prodis,a

416 2441 568 2490 recto
599 2438 816 2492 tramite
845 2438 1057 2496 inscius
1080 2445 1306 2498 omnino
1336 2446 1626 2503 dellectas:
1659 2449 1829 2504 multa
1853 2450 1996 2504 enim

419 2527 554 2581 mibi
595 2529 851 2587 videntur
896 2535 1172 2590 intentam
1213 2552 1244 2592 a
1288 2546 1340 2594 te
1371 2540 1803 2611 propositionem
1842 2540 1998 2612 sequi

413 2619 672 2674 absurda.
721 2622 800 2678 Ae
842 2627 1024 2694 primo
1071 2629 1294 2698 quidem
1350 2633 1480 2702 quia
1533 2649 1560 2686 a
1614 2643 1664 2688 te
1712 2635 1832 2704 ipso
1877 2649 1996 2690 eam

413 2706 724 2761 conﬁnxiin
748 2717 806 2763 ut
830 2712 1102 2779 quoddam
1153 2715 1420 2785 dogmatis
1451 2718 1779 2788 principium
1814 2735 1832 2772 :
1869 2720 1999 2788 quid

410 2796 560 2851 enim
587 2799 731 2868 ejus,
755 2817 920 2871 quam
948 2806 1091 2874 quod
1124 2807 1259 2862 dicis
1289 2817 1340 2864 et
1371 2824 1466 2879 pro
1495 2811 1748 2882 dogmate
1777 2811 1996 2879 statuis,

414 2887 560 2955 quod
616 2905 778 2944 nemo
839 2909 1080 2963 unquam
1128 2899 1320 2953 statuit
1375 2902 1734 2956 sanctorum?
1789 2901 1997 2958 Deinde

418 2997 548 3036 vero
581 2985 712 3053 quia
754 2983 847 3040 illa
883 2988 1044 3044 etiam
1082 2991 1304 3045 Patrum
1340 2993 1610 3050 doctrinis
1650 2995 1992 3051 adversatur.

415 3073 554 3128 Nam
597 3077 774 3131 'dicito
821 3079 994 3134 mihi:
1049 3082 1095 3135 si
1153 3083 1279 3152 quis
1327 3085 1474 3140 dicat
1513 3081 1739 3143 ratione
1787 3098 1996 3144 naturae

419 3163 630 3218 l’atretu
681 3167 986 3236 producere
1037 3170 1338 3241 Spiritum,
1390 3191 1521 3229 num
1575 3177 1663 3232 hic
1710 3188 1994 3249 propterea
2025 3205 2069 3264 ρ

411 3258 540 3324 quia
575 3259 822 3328 ejusdem
870 3275 1080 3319 natura:
1123 3277 1206 3320 est
1243 3266 1523 3336 Trinitas,
1570 3286 1675 3326 non
1722 3271 1899 3327 solum
1937 3272 1993 3326 in

412 3350 790 3419 productorem
813 3354 1050 3424 Spiritus
1069 3355 1264 3413 Filium
1286 3360 1606 3428 transferre,
1626 3377 1813 3418 rerum
1832 3365 1993 3420 etiam

409 3459 592 3513 ipsum
638 3445 907 3517 Spiritum
955 3451 1008 3505 in
1052 3450 1171 3506 Filii
1212 3456 1620 3522 generationem
1667 3467 1720 3511 et
1766 3457 1822 3510 in
1864 3473 1992 3526 pro—

411 3537 584 3605 priam
610 3541 1022 3608 productionem
1045 3545 1288 3602 dividere
1309 3564 1372 3603 ac
1391 3549 1640 3604 scindere
1659 3551 1997 3606 censebitur?

413 3627 609 3686 Verum
662 3633 853 3690 Patres
899 3639 1070 3693 nostri
1114 3655 1184 3694 ex
1231 3641 1472 3697 essentia
1519 3641 1700 3698 Patris
1742 3644 1992 3714 generari

410 3719 610 3777 Filium
659 3725 938 3783 tradentes
980 3730 1131 3784 nullo
1169 3733 1398 3788 omnino
1444 3734 1640 3790 timore
1674 3750 1991 3792 commove-

412 3815 636 3879 bantur,
686 3832 754 3872 ne
793 3819 918 3889 quis
943 3862 958 3886 ,
1007 3833 1296 3892 propterea
1342 3825 1486 3895 quod
1521 3835 1710 3882 sancta
1751 3825 1992 3884 Trinitas

407 3906 652 3974 ejusdem
685 3920 767 3965 cst
798 3915 1440 3983 natura:,arbitraretur,
1460 3918 1624 3972 etiam
1658 3919 1777 3973 Filii
1801 3905 1994 3978 essen-

407 4000 537 4054 tiam
588 4014 934 4070 generantem
992 4019 1117 4062 esse
1169 4007 1237 4062 ad
1283 4008 1457 4064 instar
1486 4013 1736 4066 esst'ntim
1787 4013 1988 4070 Patris.

405 4092 697 4157 Quomodo
743 4095 910 4164 igitur
953 4114 1062 4154 non
1116 4116 1175 4155 es
1226 4102 1463 4166 veritus,
1507 4118 1631 4158 cum
1681 4105 1876 4162 Patres
1921 4123 1989 4162 ex

403 4185 650 4241 essentia
695 4188 878 4243 Patris
925 4191 1228 4260 praedicent
1251 4192 1448 4250 Filium
1493 4205 1548 4250 et
1591 4195 1769 4252 Patris
1796 4214 1988 4254 essen-

403 4274 537 4329 tiam
566 4275 754 4333 dicant
791 4293 912 4334 esse
952 4289 1302 4351 generautern
1326 4324 1343 4352 ,
1388 4284 1504 4354 ipse
1543 4283 1722 4355 Patris
1763 4303 1985 4345 causam

404 4369 461 4422 in
496 4369 761 4425 rationem
791 4379 1004 4428 natura:
1027 4382 1083 4428 et
1111 4376 1377 4432 rationem
1406 4375 1717 4449 hypostasis
1741 4381 1986 4436 dividere

401 4470 570 4532 atque
596 4479 798 4534 negare
833 4466 1077 4536 quidem,
1116 4467 1333 4524 Patrem
1366 4487 1489 4526 esse
1524 4489 1746 4528 causam
1773 4475 1984 4530 ratione

401 4649 537 4705 tasis
589 4665 814 4705 causam
865 4667 1024 4716 esse,
1085 4654 1243 4722 quasi
1297 4671 1427 4711 vero
1478 4659 1731 4715 essentiaa
1783 4675 1980 4730 expers

402 4740 587 4796 Patris
627 4741 940 4812 hypostasis
971 4745 1246 4800 emitteret
1285 4762 1347 4800 ea
1389 4764 1513 4818 qua:
1551 4757 1680 4804 sunt
1725 4765 1789 4805 ex
1829 4751 1984 4819 ipsa?

393 4831 591 4904 ,Neque
628 4845 825 4904 natura
861 4835 1037 4893 Patris
1063 4875 1080 4901 ,
1126 4854 1160 4892 ο
1196 4840 1392 4905 homo,
1447 4841 1657 4911 absque
1701 4842 1980 4912 bypostasi

391 4937 507 4990 tot,
556 4929 776 4996 quando
823 4931 948 4998 quis
992 4933 1250 5000 praedicet
1292 4950 1358 4988 ex
1399 4935 1647 4989 essentia
1687 4945 1741 4989 et
1788 4947 1981 4990 natura

393 5019 583 5082 Patris
627 5019 826 5077 Filium
877 5035 1041 5095 atque
1091 5024 1393 5094 Spiritum;
1448 5042 1626 5098 neque
1671 5028 1982 5099 bypostasis

389 5113 610 5184 absque
645 5116 880 5170 essentia
903 5156 918 5181 ,
948 5118 1170 5187 quando
1210 5117 1336 5186 quis
1373 5133 1439 5172 ex
1488 5119 1764 5189 bypostasi
1801 5118 1982 5174 Patris

403 5207 658 5276 progredi
696 5208 841 5262 dicat
882 5227 1002 5279 quae
1036 5220 1253 5265 suntex
1295 5212 1432 5278 ipsa.
1476 5210 1555 5264 Tu
1590 5221 1772 5267 autem
1807 5215 1977 5282 proti-

397 5316 525 5367 nus,
556 5301 602 5358 si
649 5302 809 5357 audis
850 5303 1046 5364 Filium
1076 5320 1140 5359 ex
1184 5303 1346 5358 Patre
1380 5302 1546 5358 Deum
1589 5322 1653 5360 ex
1700 5306 1808 5361 Deo
1833 5322 1976 5373 esse,

396 5409 509 5456 non
553 5411 618 5450 cx
656 5397 892 5452 essentia
933 5413 999 5452 ac
1042 5398 1243 5454 deitate
1290 5395 1469 5451 Patris
1514 5397 1632 5452 Filii
1681 5400 1976 5454 essentiam

403 5487 774 5557 tleitatetuquc
804 5488 976 5550 dices,
1011 5503 1075 5542 ne
1105 5495 1388 5556 propterea
1426 5487 1571 5555 quod
1604 5486 1850 5556 ejusdem
1887 5500 1981 5540 na-

401 5588 537 5634 tura:
559 5591 644 5636 est
674 5590 865 5635 sancta
895 5581 1136 5635 Trinitas
1164 5580 1420 5649 praedicta
1443 5597 1472 5636 a
1500 5589 1548 5633 te
1573 5589 1978 5647 consequantur

396 5673 660 5734 absurda.
701 5673 913 5728 Etetiim
958 5689 1082 5726 cum
1128 5670 1296 5727 Filius
1351 5673 1442 5740 qui
1485 5671 1847 5741 principiatus
1898 5681 1982 5727 est

401 5781 467 5821 ex
504 5766 771 5835 principio
805 5764 964 5826 Patre
999 5765 1139 5820 Deus
1179 5781 1240 5821 ex
1275 5764 1384 5820 Deo
1415 5765 1504 5826 sit,
1540 5765 1584 5818 si
1621 5765 1830 5820 ratione
1858 5779 1980 5834 per-

388 5875 544 5922 sona:
596 5859 926 5930 principium
981 5876 1075 5916 seu
1118 5874 1279 5916 causa
1331 5869 1412 5914 est
1461 5858 1657 5926 Pater,
1705 5858 1860 5930 quasi
1906 5858 1975 5914 ab

2106 1980 2247 2050 τάχα
2281 1979 2439 2034 τοῦτο
2469 1980 2546 2051 μὴ
2600 1982 2934 2053 συνορῶντα,
2978 1985 3072 2037 καὶ
3109 1985 3363 2037 ἀσέϐειαν
3393 1979 3551 2033 αὐτοῦ
3582 1983 3654 2034 καὶ

2107 2071 2532 2142 πεπλανημένην
2577 2073 3003 2143 δεισιδαιμονίαν
3041 2076 3388 2144 κατηγορεῖς,
3418 2075 3508 2125 καὶ
3543 2072 3651 2126 ἄλλα

2103 2163 2248 2228 τινὰ,
2285 2163 2428 2233 ἅπερ
2464 2163 2602 2216 εἰσὶν
2637 2165 2856 2218 αἰωνίου
2886 2163 2967 2234 τῷ
3015 2165 3228 2234 λέγοντι
3259 2165 3520 2233 κρίματος
3548 2165 3656 2232 πρό-

2105 2255 2252 2320 ξενα.
2297 2255 2439 2325 Ἐγὼ
2477 2255 2534 2309 δὲ
2578 2257 2812 2328 μάλιστα
2864 2257 3012 2312 δέδια
3046 2260 3171 2328 περὶ
3219 2257 3319 2318 σοὶ,
3354 2258 3558 2326 μήποτε
3582 2257 3654 2308 τὸν

2105 2345 2246 2415 ὑπὲρ
2278 2346 2378 2417 τῆς
2407 2347 2694 2412 εὐσεϐείας
2739 2349 2928 2418 ἀγῶνα
2974 2348 3331 2418 ἀκατασχέτῳ
3379 2347 3524 2416 ῥύμῃ
3556 2363 3654 2401 ποι-

2101 2436 2334 2506 ούμενος
2367 2438 2539 2511 λάθῃς
2570 2439 2732 2503 αὐτὸς
2775 2440 2875 2494 τοῦ
2925 2440 3115 2505 εὐθέος
3151 2439 3510 2510 ταρασυρείς.
3543 2440 3656 2492 Πολι

2101 2531 2192 2586 λαὶ
2216 2533 2325 2603 γάρ
2354 2550 2446 2603 μοι
2477 2534 2695 2589 δοκοῦσι
2722 2539 2787 2607 τῇ
2838 2539 3181 2610 ὲφευρημένῃ
3217 2553 3301 2590 σοι
3343 2535 3513 2606 ταύτῃ
3547 2551 3659 2606 προ-

2099 2625 2254 2679 τάσει
2299 2626 2368 2680 τά
2416 2627 2594 2682 ἄτοπα
2627 2629 2898 2684 ἓπεσθαιο
2931 2633 3142 2702 πρῶτον
3199 2629 3303 2699 μὲν
3343 2629 3426 2683 ὅτι
3471 2627 3656 2682 οἴκοθεν

2100 2720 2306 2789 ταύτην
2353 2720 2574 2774 ἐπλάσω
2626 2721 2702 2786 ὥς
2744 2739 2866 2776 τινα
2912 2722 3088 2794 ἀρχὴν
3132 2721 3436 2792 δόγματοςο
3481 2723 3570 2774 καὶ
3613 2718 3658 2774 τί

2101 2810 2212 2880 γάρ
2241 2811 2436 2866 κάκιον
2460 2811 2556 2866 τοῦ
2585 2813 2764 2882 λέγειν
2798 2816 2892 2869 καὶ
2914 2815 3261 2884 δογματίζειν
3295 2831 3376 2879 σε,
3405 2813 3542 2883 άπερ
3564 2813 3653 2865 τῶν

2100 2902 2274 2970 ἁγίων
2296 2903 2471 2960 οὐδείς
2499 2921 2631 2957 ποτε
2677 2905 3100 2976 δεδογμάτικεν;
3131 2904 3326 2958 ἔπειτα
3366 2904 3446 2970 δὲ,
3471 2906 3548 2958 ὃτι
3576 2905 3654 2956 καὶ

2099 2996 2219 3056 ταῖς
2249 2994 2358 3048 τῶν
2391 2995 2652 3067 Πατέρων
2684 2996 2827 3068 αῦτη
2859 2996 3153 3051 ἀντιϐαίνει
3183 2997 3486 3065 θεολογίαις
3506 3013 3522 3028 θ
3552 2997 3657 3048 εἰπὲ

2099 3085 2208 3156 γάρ
2243 3104 2355 3156 μοι,
2393 3088 2442 3139 εί
2491 3087 2566 3158 τῷ
2607 3087 2748 3157 λόγῳ
2783 3089 2882 3158 τῆς
2917 3089 3133 3158 φύσεως
3169 3090 3289 3158 ἐρεῖ
3329 3106 3412 3149 τις
3454 3089 3538 3140 τὸν
3561 3088 3654 3140 Πα-

2100 3179 2233 3247 τέρα
2263 3179 2324 3230 τὸ
2356 3177 2581 3248 Πνεῦμα
2627 3181 3047 3250 προϐάλλεσθαι,
3094 3175 3205 3250 ἆρά
3245 3195 3310 3247 γε
3358 3178 3444 3231 διά
3489 3180 3544 3231 τὸ
3568 3177 3655 3246 τῆς

2100 3269 2268 3341 αὐτῆς
2299 3270 2514 3344 φύσεως
2561 3267 2702 3325 εἴναι
2757 3272 2856 3343 τὴν
2903 3273 3108 3344 Τριάδα
3157 3271 3478 3342 κριθήσεται
3518 3263 3654 3330 οὗτος

2101 3360 2176 3431 μὴ
2214 3362 2376 3430 μόνον
2401 3362 2480 3426 είς
2523 3362 2790 3432 προϐολέα
2817 3362 2910 3416 τοῦ
2953 3361 3270 3432 Πνεῦματος
3296 3363 3388 3414 τὸν
3431 3361 3548 3413 Υῐὸν
3573 3376 3654 3428 με·

2096 3452 2402 3520 ταϐάλλειν,
2431 3454 2567 3508 ἀλλά
2593 3456 2685 3508 καὶ
2714 3457 2847 3510 αὐτὸ
2871 3456 2930 3509 τὸ
2950 3455 3175 3525 Πνεῦμα
3199 3456 3279 3517 εἰς
3301 3459 3399 3520 τὴν
3429 3452 3515 3506 τοῦ
3538 3450 3650 3503 Υἱοῦ

2095 3543 2348 3613 γέννησιν
2403 3545 2495 3598 καὶ
2523 3545 2623 3614 τὴν
2674 3546 2810 3600 ἰδίαν
2847 3545 3114 3617 προϐολὴν
3146 3543 3533 3614 καταμερίζειν
3572 3546 3652 3593 καὶ

2094 3636 2352 3705 τέμνειν;
2391 3635 2506 3690 ἀλλ’
2553 3639 2599 3690 οἱ
2641 3637 2885 3709 Πατέρες
2913 3639 3069 3709 ἡμῶν
3113 3640 3176 3691 ὲκ
3210 3638 3312 3705 τῆς
3346 3637 3526 3694 οὐσίας
3569 3634 3650 3686 τοῦ

2097 3727 2308 3798 Πατρδς
2344 3729 2640 3796 γεννᾶσθαι
2663 3728 3082 3800 θεολογήσαντες
3113 3731 3204 3783 τὸν
3234 3730 3384 3791 Υἱὶν,
3417 3728 3648 3796 οὐδεμίαν

2094 3821 2257 3890 ἔσχον
2284 3820 2511 3888 δειλίαν,
2543 3824 2755 3894 μήποτε
2788 3823 2876 3876 διά
2903 3823 2965 3876 τὸ
3004 3824 3103 3894 τῆς
3133 3823 3305 3892 αὐτῆς
3336 3823 3542 3891 φύσεως
3563 3821 3647 3888 τὴν

2091 3911 2256 3982 ἁγίαν
2304 3905 2444 3966 εἶναι
2495 3913 2702 3984 Τριάδα
2741 3914 2985 3984 οίήσαιτό
3029 3932 3112 3977 τις
3153 3913 3248 3968 καὶ
3281 3914 3381 3984 τὴν
3416 3911 3506 3965 τοῦ
3535 3909 3647 3963 ΥΞοῦ

2091 4003 2283 4058 οὐσίαν
2313 4006 2641 4076 γεννητικὴν
2671 4000 2810 4066 εἶναι
2845 4007 2986 4059 κατὰ
3017 4006 3115 4077 τὴν
3154 4005 3250 4058 τοῦ
3284 4007 3516 4077 Πατρός·
3547 4003 3645 4065 πῶς

2092 4097 2223 4166 γοῦν
2250 4098 2311 4151 οὐ
2366 4099 2540 4161 δέδιας
2575 4100 2641 4151 ὲκ
2667 4099 2770 4169 τῆς
2799 4099 2990 4162 οὐσίας
3033 4099 3128 4160 τοῦ
3162 4100 3376 4171 Πατρδς
3419 4099 3505 4151 τὸν
3537 4097 3645 4152 Υἰὺν

2090 4191 2199 4245 τῶν
2230 4192 2490 4263 Πατὲρων
2520 4189 2924 4259 θεολογώντων.
2963 4191 3056 4244 καὶ
3092 4192 3192 4258 τὴν
3217 4191 3408 4248 οὐσίαν
3435 4191 3521 4257 τοῦ
3551 4189 3644 4250 Πα-

2089 4285 2215 4355 τρδς
2235 4285 2562 4352 γεννητικὴν
2584 4276 2724 4335 εἶναι
2744 4281 3032 4348 λεγόντων,
3056 4280 3227 4344 οὔτως
3255 4282 3316 4332 τὸ
3340 4280 3431 4334 τοῦ
3457 4278 3643 4347 Πατρὸς

2091 4377 2262 4431 αἴτιον
2296 4379 2376 4440 εἰς
2407 4376 2563 4444 λόγον
2593 4375 2807 4445 φύσεως
2835 4374 2930 4428 καὶ
2961 4374 3116 4450 λόγον
3144 4374 3490 4435 ὑποστάσεως
3529 4372 3643 4424 διαι-

2093 4475 2228 4542 ρεῖν.
2272 4472 2367 4524 καὶ
2417 4469 2783 4540 ἀπαρνεῖσθαι
2831 4468 2930 4535 μὲν
2963 4469 3135 4522 αἴτιον
3163 4464 3304 4528 εἶναι
3335 4469 3425 4527 τὸν
3453 4466 3641 4534 Πατέρα

295 4609 306 4619 ,
399 4564 644 4623 naturae;
671 4572 926 4613 asserere
947 4575 1075 4614 vero
1099 4576 1163 4616 ac
1190 4563 1384 4618 docere
1404 4568 1520 4620 sola
1549 4566 1760 4622 ratione
1786 4567 1986 4638 bypus—

2098 4568 2167 4637 τῷ
2194 4567 2337 4638 λόγῳ
2364 4567 2462 4636 τῆς
2491 4565 2729 4636 φύσεως,
2759 4564 3105 4634 δογματίζειν
3133 4562 3188 4616 δὲ
3231 4562 3384 4635 μόνῳ
3412 4560 3482 4628 τῷ
3515 4559 3639 4627 λόγῳ

2085 4661 2185 4730 τῆς
2213 4660 2565 4722 ὑποστάσεως
2592 4659 2766 4712 αἴτιον
2797 4653 2956 4720 εἶναι,
2995 4655 3186 4726 ὥσπερ
3217 4655 3283 4709 ἂν
3314 4652 3381 4728 ἦν
3420 4652 3639 4707 ἀνούσιον

2085 4752 2184 4822 τὴν
2227 4751 2319 4804 τοῦ
2361 4751 2572 4820 Πατρὸς
2617 4750 2912 4803 ὑπόστασιν
2966 4750 3212 4819 προϊέναι
3251 4748 3320 4800 τά
3367 4746 3424 4809 ἐξ
3453 4744 3634 4810 αὐτῆς·

2087 4843 2342 4912 ἄνθρωπε
2370 4841 2483 4900 οὐθ’
2509 4843 2541 4912 ἡ
2566 4840 2726 4911 φύσις
2746 4839 2839 4893 τοῦ
2866 4841 3081 4909 Πατρὸς
3103 4839 3470 4900 ἀνυπόστατός
3490 4839 3631 4894 ἐστιν,

2085 4935 2214 4988 ὅταν
2241 4952 2324 4998 τις
2352 4936 2417 4987 ἐκ
2446 4933 2545 5002 τῆς
2569 4932 2754 4996 οὐσίας
2804 4933 2898 4986 καὶ
2927 4931 3145 5002 φύσεως
3177 4931 3273 4984 τοῦ
3328 4930 3525 4998 Πατρδς
3556 4927 3634 4977 τὸν

2087 5027 2214 5087 Υἱδν
2242 5029 2333 5082 καὶ
2361 5028 2420 5081 τὸ
2450 5026 2676 5098 Πνεῦμα
2704 5027 2952 5095 θεολογῇ,
2975 5024 3087 5082 οὐθ’
3121 5026 3152 5093 ἡ
3183 5025 3478 5085 ὑπόστασις
3504 5018 3633 5073 ἀνού-

2086 5137 2217 5182 σιος,
2248 5120 2374 5172 ὅταν
2397 5136 2477 5180 τις
2511 5119 2575 5170 ὲκ
2596 5119 2692 5186 τῆς
2716 5115 3067 5177 ὑποστάσεως
3096 5113 3189 5171 τοῦ
3223 5114 3431 5184 Πατρὶς
3461 5112 3632 5180 προέρ-

2085 5211 2279 5283 χεσθαι
2310 5210 2451 5284 λέγῃ
2475 5211 2544 5264 τὰ
2582 5211 2640 5275 ἐξ
2670 5209 2839 5277 αὐτῆς
2865 5225 2878 5239 °
2917 5209 2982 5261 σύ
3032 5206 3087 5262 δὲ
3117 5206 3259 5278 τάχα
3289 5206 3384 5260 καὶ
3420 5206 3503 5257 τὸν
3531 5201 3633 5254 Υίὸν
3674 5218 3676 5220 τ

2083 5307 2146 5358 ἐκ
2182 5305 2389 5372 Πατρδς
2439 5302 2570 5356 Θεὸν
2599 5302 2663 5356 ὲκ
2710 5299 2844 5356 Θεοῦ
2880 5296 3020 5359 εἶναι
3068 5299 3286 5353 ἀκούων
3328 5299 3424 5353 οὐκ
3459 5299 3516 5351 ἐκ
3553 5296 3632 5360 τῆς

2081 5397 2267 5459 οὐσίας
2298 5398 2389 5448 καὶ
2429 5393 2680 5463 θεότητος
2709 5393 2800 5444 τοῦ
2835 5392 3045 5462 Ιῐατρδς
3070 5392 3169 5463 τὴν
3197 5391 3294 5444 τοῦ
3320 5389 3444 5445 Υίοῦ
3470 5385 3629 5441 οὐσίαν

2081 5491 2226 5560 ἐρεῖς
2254 5489 2347 5542 καὶ
2389 5487 2639 5557 θεότητα,
2672 5486 2760 5537 ἵνα
2809 5484 2885 5554 μὴ
2914 5483 3003 5537 διὰ
3027 5483 3088 5536 τὸ
3118 5487 3217 5553 τῆς
3247 5483 3420 5553 αὐτῆς
3447 5481 3630 5552 φύσεως

2081 5586 2178 5650 τὴν
2206 5581 2367 5648 ἀγίαν
2412 5578 2550 5632 εἶναι
2582 5579 2807 5649 Τριάδα,
2854 5577 2922 5630 τά
2969 5576 3352 5650 προρρηθέντα
3403 5593 3478 5629 σοι
3522 5576 3632 5626 dso-

2084 5673 2396 5742 λουθήσειεν
2432 5671 2644 5725 ἄτοπα·
2687 5670 2873 5740 ἐπειδὴ
2924 5671 3033 5740 γάρ
3069 5674 3108 5724 ’ό
3150 5670 3280 5735 Υἱὸς
3316 5667 3539 5730 αἱτιατδς
3567 5663 3631 5716 ὢν

2087 5765 2146 5824 ἐξ
2176 5765 2348 5818 αἰτίου
2375 5764 2586 5835 Πατρὸς
2617 5763 2746 5826 Θεός
2775 5767 2922 5818 ἐστιν
2949 5765 3014 5818 ὲκ
3041 5762 3199 5825 Θεοῦ,
3229 5764 3278 5817 εί
3307 5761 3530 5831 τῷλόγῳ
3550 5757 3631 5824 τῆς

2097 5857 2446 5922 ὑποστάσεως
2488 5856 2656 5922 αἴτιός
2716 5857 2857 5910 ἐστιν
2909 5858 2935 5908 ό
2994 5856 3202 5928 Πατὴρ,
3258 5852 3439 5922 ὥσπερ
3491 5852 3547 5904 ἂν
3586 5845 3624 5898 εἰ
