3944 6574
249 421 368 488 793

1012 425 1451 486 REFUTATIO
1493 417 1866 482 PHOTIANI
1910 415 2125 476 LIBRI
2168 415 2264 476 DE
2306 413 2620 474 SPIRITU
2661 411 2724 471 S.

3397 403 3506 471 795

230 521 544 603 διῃρημένη
575 533 672 600 τῆς
717 532 886 604 αὐτῆς
914 533 1100 598 οὐσίας
1134 535 1229 587 καὶ
1264 532 1482 601 φύσεως
1511 531 1544 600 ή
1587 529 1813 583 ὑπόστα-

1929 523 2118 578 eadem
2172 523 2408 578 essentia
2469 530 2525 578 et
2580 529 2775 576 natura
2816 516 3126 590 hypostasis
3175 516 3246 571 sit
3300 515 3500 579 divisa,

234 640 328 686 σις
357 620 450 692 ἦν,
480 624 534 676 τί
562 619 710 678 ’ἄλλο
760 623 1088 695 ἀνακύψειεν
1126 625 1212 689 ἂν,
1248 625 1282 696 ἢ
1307 624 1443 677 Θεὸν
1482 623 1572 675 τὸν
1601 620 1820 691 Πατέρα

233 715 336 766 καὶ
372 714 506 767 Θεὸν
531 716 623 768 τὸν
677 717 804 769 Υίὸν
833 717 912 788 τῷ
967 718 1110 788 λόγῳ
1160 718 1259 787 τῆς
1309 715 1680 777 ὑποστάσεως,
1725 712 1820 765 καὶ

229 807 356 873 ονῖηχὶ
411 804 489 874 τῷ
526 805 668 878 λόγῳ
701 807 799 875 τῆς
843 807 1060 876 φύσεως
1111 806 1493 877 δογματίζειν;
1561 804 1714 857 Ἐπεὶ
1761 803 1820 856 δὲ

232 893 442 960 λέγεις,
477 897 552 960 ὼς
605 898 739 951 καθὸ
773 899 958 969 Πατήρ
988 900 1016 950 ὁ
1067 899 1256 968 Πατῆρ
1304 897 1656 969 ίερολογεῖται
1685 911 1820 964 προ·

233 985 460 1040 ϐάλλειν
495 989 556 1041 τὸ
588 990 810 1060 Πνεῦμα
840 993 936 1045 καὶ
962 995 1076 1054 τοῖς
1108 992 1387 1046 εὐσεϐέσιν
1415 990 1513 1042 οὐκ
1541 986 1818 1043 ἐπιδιστά-

233 1074 432 1139 ζεσθαι
477 1078 633 1131 τοῦτο
676 1080 995 1146 διαϐεϐαιοῖ,
1037 1081 1148 1149 ἐγὼ
1184 1082 1294 1144 τοῖς
1338 1078 1586 1132 εὐσεϐέσι
1632 1077 1815 1130 διαϐε-

237 1165 504 1237 ϐαιοῦμαι
562 1171 830 1240 μηδέποτε
891 1174 1134 1242 εντμχεῖν
1194 1171 1443 1240 θεολογίᾳ
1503 1169 1646 1232 τινὸς
1709 1167 1816 1220 τῶν

239 1254 506 1326 Πατέρων
536 1259 598 1310 ὲκ
623 1260 716 1313 τοῦ
753 1261 963 1332 Πατρὸς
987 1261 1121 1315 καθὸ
1161 1261 1372 1330 Πατρὸς
1405 1255 1540 1312 εἶναι
1569 1259 1816 1326 λέγοντος

232 1345 301 1396 τὸ
330 1345 553 1416 Πνεῦμα
584 1348 641 1400 τὸ
667 1350 841 1415 ἅγιον,
875 1351 1013 1405 ἀλλὰ
1043 1352 1176 1407 καθὸ
1205 1350 1435 1423 ἀρχικοῦ
1473 1351 1668 1416 αἰτίου,
1695 1351 1817 1420 οὐχὶ

235 1439 528 1507 προσεχῶς
551 1440 608 1507 ἐξ
640 1442 805 1494 αὑτοῦ
833 1444 1256 1515 προερχόμενον,
1285 1443 1420 1496 ἀλλά
1448 1443 1536 1496 διὰ
1565 1441 1658 1495 τοῦ
1683 1443 1812 1496 Υἱοῦ

235 1529 674 1600 ἐκπορευόμενον
727 1533 788 1599 ἐξ
834 1535 1032 1601 αὑτοῦ,
1081 1537 1248 1606 μηδὲν
1291 1534 1385 1588 τοῦ
1427 1537 1524 1607 τῆς
1571 1534 1815 1606 υίότητος

235 1624 733 1692 καινοτομουμένου
773 1627 1104 1696 ἀξιώματος.

830 1717 1220 1774 ΚΕΙΜΕΝΟΝ.

314 1809 427 1872 μη’.
457 1798 580 1856 Εἶεν
599 1821 611 1835 ·
641 1805 775 1860 ἀλλὰ
816 1808 925 1878 γάρ
950 1809 1082 1875 φασί
1107 1827 1249 1871 τινες
1282 1811 1358 1880 (1)
1390 1811 1515 1873 τοὺς
1556 1810 1812 1881 αἰρεσιώ-

1925 614 2054 681 quid
2083 613 2228 668 aliud
2259 621 2523 682 emerget,
2555 611 2663 666 nisi
2695 621 2750 664 ut
2783 609 2951 663 Deum
2994 606 3208 666 Patrem
3234 614 3289 660 et
3327 605 3498 660 Deum

1923 703 2122 759 Filium
2151 703 2361 758 ratione
2395 704 2774 774 hypostaseos,
2807 709 2862 754 et
2903 714 3007 753 non
3047 700 3257 753 ratione
3292 704 3502 751 naturze

1921 794 2255 850 doceamus?
2298 792 2570 860 Quoniam
2614 807 2741 848 vero
2771 791 2909 846 dicis
2968 789 3206 853 Patrem,
3233 798 3503 857 quatenus

1924 895 2009 940 est
2057 883 2239 949 Pater,
2290 882 2552 953 Spiritum
2602 882 2906 953 producere
2958 879 3240 950 praedicari
3286 887 3339 932 et
3374 892 3519 964 vere.

1925 975 2218 1030 catholicis
2252 974 2358 1030 hoc
2398 974 2451 1028 in
2489 973 2655 1028 dubio
2691 973 2930 1044 posilum
2978 987 3086 1025 non
3118 984 3238 1024 esse
3283 983 3503 1023 asseve-

1920 1085 2042 1133 ras,
2085 1084 2188 1140 ego
2229 1082 2354 1123 vere
2393 1068 2680 1123 catholicis
2735 1082 2990 1121 assevero
3047 1077 3321 1133 nunquam
3361 1060 3502 1124 fore,

1923 1171 1984 1216 ut
2020 1161 2301 1215 inveniant
2339 1159 2668 1229 theologiam
2705 1158 2940 1227 alicujus
2982 1171 3050 1211 ex
3093 1153 3372 1218 Patribus,
3403 1151 3500 1222 qui

1919 1252 2067 1307 dicat
2095 1249 2356 1321 Spiritum
2391 1259 2642 1305 sanctum
2670 1265 2734 1304 ex
2760 1249 2920 1304 Patre
2955 1263 3077 1302 esse
3101 1255 3372 1316 quatenus
3391 1241 3500 1298 Pa-

1919 1351 2002 1398 ter
2039 1351 2144 1406 est,
2177 1341 2272 1397 sed
2325 1341 2502 1398 solum
2539 1342 2783 1396 dicentes
2835 1350 3106 1408 quatenus
3141 1352 3309 1392 causa
3347 1334 3499 1404 prin-

1920 1433 2112 1504 cipalis
2131 1473 2145 1497 ,
2175 1448 2244 1488 ex
2273 1447 2340 1488 eo
2380 1432 2636 1503 progredi
2666 1431 2954 1502 Spiritum,
2993 1444 3102 1484 non
3131 1429 3376 1498 proxime
3402 1425 3495 1480 sed

1920 1539 2014 1592 per
2044 1522 2241 1578 Filium
2293 1539 2418 1578 eum
2460 1524 2775 1594 procedere,
2829 1522 2952 1578 Filii
2983 1522 3240 1593 dignitate
3292 1518 3494 1575 nullam

1920 1613 2146 1666 omnino
2179 1612 2586 1668 innovationem
2617 1615 2881 1683 patiente.

2551 1702 2835 1759 TEXTUS

1987 1795 2076 1852 48.
2124 1795 2269 1852 Esto.
2319 1797 2390 1851 At
2447 1796 2703 1867 inquiunt
2758 1796 3005 1851 nonnulli
3065 1795 3350 1850 haereticos
3415 1793 3501 1849 dio

234 1909 338 1954 τας
368 1893 586 1959 λέγειν·
626 1914 644 1946 ι
686 1897 809 1960 Πῶς
836 1897 890 1949 δὲ
918 1898 1008 1950 τὸν
1059 1899 1273 1968 κήρυκα
1322 1899 1424 1969 τῆς
1473 1900 1813 1970 Ἐκκλησιας,

1922 1905 2048 1945 cere
2083 1908 2096 1944 :
2135 1909 2154 1942 ι
2191 1890 2477 1958 Quomodo
2504 1905 2616 1945 non
2649 1889 2938 1945 manifeste
2970 1887 3267 1958 repudiatis
3300 1899 3504 1955 prch-

231 1983 330 2035 ’τὸν
360 1983 464 2053 τῆς
510 1987 835 2054 οἰκουμένης
879 1989 1197 2043 διδάσκαλον
1227 1991 1326 2043 οὐκ
1377 1991 1445 2044 ἂν
1474 1993 1688 2060 ἀλοίητε
1716 2010 1820 2046 παο

239 2078 650 2145 ραγραφόμενοι
680 2078 890 2131 Παῦλον
918 2119 932 2142 ,
967 2081 1173 2133 ἐκεῖνον
1202 2081 1293 2133 τὸν
1331 2083 1580 2152 οὐράνιον
1609 2083 1820 2153 ἄνθρω-

236 2181 364 2228 πον,
390 2165 448 2228 δς
484 2168 626 2236 μέγα
657 2186 713 2220 τε
742 2169 832 2222 καὶ
867 2169 942 2234 ὼς
976 2171 1189 2242 άληθῶς
1233 2172 1477 2242 οὐράνιον
1506 2174 1820 2244 ἀνακεκραο

235 2271 367 2322 γεν·
419 2257 883 2322 Ἐξαπέστειλεν
915 2265 948 2316 ό
996 2264 1138 2328 Θεβς
1165 2262 1231 2316 τὸ
1269 2264 1510 2332 Πνεῦμα
1539 2265 1645 2319 τοῦ
1683 2264 1819 2318 Υἰοῦ

233 2347 424 2400 αυτοῦ
445 2351 533 2412 εἰς
562 2351 667 2415 τὰς
703 2352 949 2418 καρδίας
983 2353 1151 2420 ὑμῶν
1172 2355 1271 2424 (2),
1305 2355 1517 2424 κρᾶζον
1541 2371 1558 2386 ⁸
1577 2353 1752 2412 Ἀϐὅᾶ
1786 2358 1820 2410 ό

237 2435 441 2503 Πατήρ
462 2453 482 2502 ;
509 2455 525 2486 ι
551 2438 611 2488 Et
635 2437 726 2491 οῦν
746 2439 952 2500 Παῦλος
981 2441 1129 2493 ὁτῶν
1161 2441 1334 2510 ὀρθῶν
1361 2441 1644 2510 δογμάτων
1674 2441 1816 2510 γνώ-

239 2543 360 2594 μων
386 2529 447 2580 τὸ
493 2528 718 2598 Πνεῦμα
770 2533 917 2600 λέγει
963 2533 1028 2585 ἐκ
1075 2532 1169 2585 τοῦ
1228 2531 1355 2585 Υἰοῦ
1402 2533 1816 2604 ἐκπορεύεσθαι,

235 2614 358 2677 πῶς
394 2617 444 2666 ol
473 2616 548 2686 μὴ
575 2617 731 2670 τοῦτο
754 2620 1183 2690 παραδεχόμενοι
1213 2621 1376 2674 αὐτὸν
1403 2621 1499 2674 τὸν
1527 2641 1818 2692 μυσταγω-

233 2707 335 2775 γὸν
376 2708 484 2760 τῶν
530 2709 797 2778 οὐρανίων
839 2711 901 2764 οὑ
947 2715 1400 2784 παραγράφονται
1428 2714 1543 2784 (5);
1579 2715 1688 2767 Καὶ
1735 2716 1818 2779 τίς

239 2798 359 2850 ἐστι
393 2799 604 2852 Παῦλον
631 2800 720 2853 τὸν
762 2801 965 2873 θεωρὸν
989 2803 1098 2865 τῶν
1135 2805 1459 2876 άπορῤήτων
1494 2804 1552 2868 ὃς
1583 2806 1818 2869 ἁπάσαις

235 2887 438 2958 ψήφοις
469 2891 892 2960 παραγράφεται
928 2893 996 2961 ;ὁ
1019 2894 1156 2965 πρὸς
1183 2895 1274 2948 τὸν
1303 2895 1621 2949 διδάσκαλον
1649 2896 1815 2950 αὑτοῦ

237 2980 336 3032 καὶ
358 2981 534 3035 κοινὸν
554 2984 830 3052 Δεσπότην
851 2985 1341 3057 άντιφθεγγόμενον
1364 2987 1624 3054 ἐπιδεῖξαι
1650 3005 1817 3041 σπου.

233 3068 497 3140 δὰξων,ῆ
554 3071 584 3123 δ
634 3073 732 3142 τὴν
773 3072 907 3144 πρὸς
955 3073 1116 3127 αὑτὸν
1167 3078 1485 3146 συμφωνίαν
1519 3077 1684 3130 αὑτοῦ
1729 3077 1818 3131 διὰ

237 3160 584 3230 σεσάσματος
621 3163 769 3230 ἄγων
797 3165 894 3218 καὶ
926 3165 1214 3236 άνυμνῶν;
1239 3168 1301 3222 Εἰ
1338 3169 1446 3238 γὰρ
1467 3169 1495 3221 ὁ
1536 3169 1814 3239 Δεσπότης

237 3251 341 3319 μὲν
375 3254 439 3304 ὲκ
465 3253 558 3306 τοῦ
606 3255 820 3325 Πατρὸς
846 3257 907 3310 τὸ
955 3260 1179 3330 Πνεῦμα
1222 3261 1611 3331 ἐκπορεύεσθαι
1643 3278 1814 3332 μυστ-

234 3347 468 3412 αγωγεῖ,
519 3346 728 3400 Παῦλον
757 3349 880 3420 δὲή
942 3351 1155 3421 αἵρεσις
1203 3352 1553 3422 δογματίζειν
1602 3355 1812 3422 εἰσάγει

235 3436 301 3488 ἐκ
329 3435 426 3488 τοῦ
459 3435 613 3501 Υίοῦ,
642 3438 725 3500 τίς
756 3438 822 3492 ἂν
856 3441 939 3510 εἴη
977 3443 1006 3494 ὁ
1055 3444 1579 3514 παραγραφόμενος;
1614 3445 1814 3515 μᾶλλον

235 3525 294 3578 δὲ
327 3526 356 3578 δ
390 3525 734 3596 γραφόμενος
783 3527 944 3581 αὑτὸν
989 3529 1314 3600 δεσποτικῆς
1365 3531 1671 3600 ἀντιλογίας
1716 3534 1813 3586 καὶ

237 3615 396 3683 δίκην
443 3616 685 3684 ἄφυκτον
729 3617 826 3672 τοῦ
875 3619 1223 3690 τολμήματος
1266 3625 1580 3694 χρεωστείν.
1625 3625 1810 3696 Ὁρᾷς,

239 3707 390 3765 ὅπως
441 3708 611 3774 ἔγνως
665 3710 760 3762 τὸν
807 3710 908 3779 τῆς
957 3713 1282 3785 οἰκουμένης
1327 3714 1646 3769 διδάσκαλον
1703 3716 1812 3770 τῶν

236 3796 634 3852 διδασκαλικῶν
665 3800 842 3871 γερῶν
871 3801 949 3874 μὴ
991 3803 1335 3875 ἀποστερεῖν,
1363 3807 1512 3872 ὅπως
1537 3807 1627 3860 τὸν
1675 3807 1814 3878 πρὸς

233 3889 335 3958 τὴν
359 3890 645 3944 εὐσὲσειαν
677 3890 869 3961 ὁδηγὸν
913 3894 1035 3948 ἀντὶ
1059 3895 1154 3948 τοῦ
1185 3897 1256 3949 δι’
1298 3899 1483 3962 αἰδοῦς
1525 3899 1682 3968 ἄγεῐιν
1720 3901 1814 3955 καὶ

237 3980 585 4052 σεδάσματος
629 3986 912 4057 ἑπιρρήτφ
952 3985 1144 4060 γνώμῃ
1185 3989 1513 4062 δυσφημεῖς.
1557 3992 1696 4045 Ἀλλ’
1723 3994 1815 4046 οὺ-

233 4072 323 4126 δὲν
344 4075 378 4144 ή
409 4075 621 4146 αἵρεσις
645 4080 960 4149 καινότερον
986 4080 1079 4133 τοῦ
1110 4081 1374 4152 συνήθους
1402 4087 1566 4139 ποιεῖ.
1611 4086 1679 4140 Ἦ
1702 4087 1812 4160 γάρ

236 4163 402 4218 αὑτὸν
430 4169 886 4240 συκοφαντήσασα
912 4171 1002 4224 τὸν
1050 4171 1178 4226 Υίὸν
1221 4175 1314 4228 καὶ
1355 4175 1528 4244 Λόγον
1552 4177 1645 4231 τοῦ
1676 4179 1811 4233 Θεοῦ

233 4256 317 4317 εἰς
348 4257 647 4329 διαφωνίαν
687 4261 958 4330 ἐκπεσεῖν,
991 4263 1109 4330 πῶς
1136 4267 1235 4320 οὐκ
1284 4267 1551 4339 ἀκόλουθα
1585 4270 1812 4340 πράττει

235 4347 407 4419 ἑαυτῇ
451 4349 548 4402 καὶ
575 4351 666 4404 τὸν
714 4353 880 4408 αὑτοῦ
910 4355 1136 4426 γνήσιον
1165 4357 1472 4429 θεράποντα
1508 4360 1601 4413 καὶ
1631 4361 1810 4430 μαθη-

234 4439 337 4509 τὴν
389 4440 470 4503 εἰς
519 4441 830 4510 ἀντιλογίαν
871 4447 1246 4502 άντανιστῶσα
1298 4450 1392 4502 καὶ
1434 4451 1811 4520 φιλονεικοῦσα

1923 1996 2046 2035 nem
2096 1981 2249 2036 illum
2300 1981 2559 2044 Ecclesiae
2602 1980 2864 2051 orbisque
2917 1980 3198 2034 doctorem
3249 1976 3504 2038 Paulum,

1921 2073 2201 2128 caelestem
2234 2073 2385 2127 illum
2422 2073 2626 2137 virum,
2653 2073 2746 2144 qui
2781 2071 2984 2142 ingenti
3015 2086 3250 2138 vereque
3291 2066 3501 2122 caelesti

1921 2164 2194 2218 exclamat
2242 2178 2414 2223 voce:
2466 2163 2618 2218 Misit
2673 2164 2811 2218 Deus
2854 2161 3114 2230 Spiritum
3150 2159 3282 2214 Filii
3325 2158 3408 2224 sui
3447 2158 3503 2208 in

1921 2256 2085 2308 corda
2120 2265 2301 2309 nostra
2333 2256 2647 2309 clamantem
2674 2273 2693 2310 :
2726 2255 2872 2309 Abba
2903 2253 3068 2308 Pater
3099 2253 3226 2324 (a)?
3263 2272 3280 2303 ι
3312 2249 3368 2304 Si
3404 2249 3506 2318 igi-

1921 2359 2010 2404 tur
2053 2349 2256 2404 Paulus
2299 2349 2616 2420 dogmatum
2666 2357 2940 2404 rectorum
2989 2361 3179 2402 norma
3233 2343 3496 2414 Spiritum

1921 2439 2057 2495 dicit
2103 2454 2134 2495 e
2180 2438 2705 2510 Filio,proccdere,
2757 2439 3033 2508 quomodo
3084 2438 3178 2507 qni
3237 2436 3341 2489 hoc
3389 2447 3498 2487 non

1920 2533 2233 2597 admittunt,
2258 2533 2436 2602 ipsum
2468 2525 2850 2604 mysteriorum
2880 2531 3184 2586 caelestium
3216 2528 3496 2582 doctorem

1920 2638 2028 2678 non
2063 2624 2481 2694 rcpudiant?-—-
2507 2626 2577 2679 At
2615 2625 2762 2694 quis,
2799 2638 3020 2694 quaeso,
3068 2620 3295 2675 Paulum
3345 2632 3501 2670 arca-

1921 2726 2117 2766 norum
2177 2713 2561 2783 mysteriorum
2618 2713 2899 2768 doctorem
2958 2710 3184 2766 calculis
3241 2705 3498 2762 omnibus

1921 2804 2176 2873 respuit?
2213 2820 2279 2858 an
2327 2805 2373 2860 is
2418 2806 2508 2874 qui
2559 2819 2684 2860 eum
2733 2805 2955 2859 Christo
3003 2802 3263 2872 magistro
3301 2814 3402 2854 suo
3444 2804 3503 2851 et

1921 2895 2201 2950 communi
2254 2894 2484 2949 Domino
2525 2894 2994 2950 contradicentem
3043 2889 3333 2946 ostendere
3370 2885 3502 2940 niti-

1919 2993 2032 3048 tur,
2061 3000 2128 3038 an
2159 2999 2289 3040 vero
2317 2985 2410 3054 qui
2447 2985 2618 3054 ipsius
2645 3000 2768 3039 cum
2802 2985 2894 3038 illo
2921 2981 3339 3037 consensionem
3368 2992 3501 3031 con-

1919 3076 2270 3146 cordiamque
2297 3086 2572 3131 reveretur
2603 3092 2667 3131 ac
2685 3075 2958 3130 celebrat?
2985 3073 3040 3128 Si
3063 3071 3204 3126 enim
3235 3067 3499 3122 Dominus

1919 3167 2137 3235 quidem
2169 3167 2430 3236 Spiritum
2461 3182 2522 3222 ex
2551 3167 2708 3222 Patre
2734 3168 3028 3237 procedere
3058 3164 3239 3226 doce',
3267 3158 3496 3214 Paulum

1917 3273 2045 3313 vero
2098 3258 2308 3313 inducit
2356 3259 2580 3314 heresis
2633 3269 2966 3314 asserentem
3027 3272 3089 3310 ex
3137 3253 3306 3318 Filio,
3353 3263 3499 3318 uter,

1914 3365 2122 3419 quasso,
2172 3350 2324 3404 illum
2367 3351 2653 3420 repudiat?
2692 3350 2806 3404 lum
2841 3350 3025 3420 potius
3057 3348 3104 3402 is
3139 3347 3289 3400 illum
3327 3359 3493 3412 repu-

1913 3441 2061 3505 diat,
2110 3442 2204 3511 qui
2241 3442 2697 3497 contradictionis
2731 3441 2998 3496 adversus
3036 3439 3327 3494 Dominum
3366 3449 3492 3490 eum

1914 3541 2136 3587 accusat
2197 3533 2678 3602 inevitabilemqne
2733 3531 3058 3588 temeritatis
3111 3545 3328 3600 pcenam
3387 3524 3493 3581 sibi

1913 3623 2196 3690 acquirere
2241 3637 2360 3677 eum
2413 3623 2713 3678 contendit.
2752 3623 2950 3687 Vides,
3011 3620 3286 3693 quomodo
3340 3617 3492 3674 orbis

1913 3712 2154 3766 universi
2207 3712 2485 3768 doctorem
2534 3715 2780 3768 doctoris
2830 3714 3040 3768 honore
3086 3713 3228 3766 haud
3286 3723 3488 3764 exuere

1914 3804 2094 3870 nosti,
2133 3805 2408 3873 quomodo
2454 3821 2614 3873 eum,
2646 3807 2740 3876 qui
2784 3821 2885 3861 nos
2930 3807 2995 3858 ad
3045 3805 3300 3874 pietatem
3341 3801 3494 3857 ducit

1915 3910 2026 3950 non
2069 3899 2420 3952 veneratione
2449 3897 2781 3967 obscquiove
2815 3896 3186 3968 prosequeris,
3217 3894 3310 3950 sed
3347 3892 3494 3947 inla-

1915 3986 2025 4042 mia
2069 3996 2233 4057 atque
2284 3989 2583 4057 ignominia
2632 3988 3082 4060 inspergis.'Sed
3131 3987 3266 4040 nihil
3299 3993 3493 4056 praeter

1915 4095 2123 4134 morem
2169 4095 2330 4134 suum
2379 4081 2468 4136 hic
2514 4082 2626 4153 agit
2661 4083 2906 4139 hmrcsis.
2961 4082 3092 4147 Quae
3136 4081 3282 4135 enim
3312 4079 3492 4149 ipsum

1913 4171 2107 4226 Filium
2132 4171 2483 4243 Verhumque
2507 4173 2602 4228 Dei
2629 4174 2964 4229 calumniata
2985 4173 3105 4235 fuit,
3129 4171 3272 4241 quod
3303 4184 3490 4225 secum

1913 4263 2029 4333 ipse
2059 4263 2352 4333 aliquando
2378 4268 2656 4336 pugnarit,
2687 4267 2966 4337 quomodo
2992 4281 3098 4319 non
3123 4266 3226 4319 sibi
3253 4278 3492 4318 consen-

1913 4362 2073 4410 tanea
2102 4356 2251 4425 facit,
2281 4357 2411 4412 dum
2439 4367 2494 4412 et
2525 4359 2822 4428 genuinum
2849 4359 2972 4428 ejus
2999 4357 3262 4412 famulum
3294 4364 3350 4411 et
3373 4355 3491 4411 dis-

1913 4445 2156 4516 cipulum
2207 4448 2314 4518 ipsi
2367 4449 2643 4504 contraria
2693 4450 2963 4506 dicentem
3013 4448 3205 4517 objicit
3250 4459 3491 4516 eumque

233 4530 406 4594 δεῖξαι
423 4530 514 4584 τοῦ
547 4532 869 4588 διδασκάλου
899 4535 1414 4610 διωρθωτήν;-μθ’.
1442 4540 1550 4594 Ποῦ
1581 4543 1637 4595 δὲ
1668 4544 1813 4597 Παῦ-

1925 4537 2209 4592 ostendere
2232 4537 2424 4593 nititur
2444 4538 2686 4610 Magistri
2715 4541 2799 4596 sui
2827 4549 3195 4596 correctorem
3210 4537 3394 4592 2-49.
3418 4537 3490 4591 At

234 4621 328 4685 λος
349 4621 417 4676 ἂν
436 4624 613 4692 ιλέγει
636 4625 712 4696 (4)
735 4627 798 4680 τὸ
819 4629 1042 4699 Πνεῦμα
1061 4631 1493 4700 ἐκπορεύεσθαι
1517 4633 1611 4687 τοῦ
1640 4635 1768 4689 Υίοῦ
1793 4658 1807 4703 ;

232 4715 390 4768 εἶναι
425 4716 526 4785 μὲν
559 4717 667 4790 γὰρ
709 4719 815 4773 τοῦ
857 4722 996 4776 Υἰοῦ
1026 4722 1171 4792 (οὐδὲ
1217 4724 1326 4795 γὰρ
1367 4725 1680 4795 ἀλλότριονο
1733 4730 1809 4800 μὴ

232 4808 446 4874 γένοιτο
466 4808 504 4877 l)
545 4811 792 4875 κάκεῖνος
812 4809 971 4876 εἷπε(
991 4817 1084 4866 καὶ
1132 4815 1286 4885 ήτοῦ
1334 4816 1470 4870 Θεοῦ
1515 4817 1810 4889 Ἐκκλησία

233 4900 590 4969 αυνομολογεϊ
615 4902 709 4956 καὶ
755 4905 1140 4959 συνεπίσταται
1167 4921 1182 4937 ο
1223 4907 1609 4975 ἐκπορεύεται
1646 4909 1703 4962 δὲ
1731 4910 1808 4981 (5)

231 4991 303 5043 ἐκ
344 4991 454 5046 τοῦ
495 4993 657 5057 Υιοῦ,
710 4993 832 5048 οὔτε
882 4995 973 5050 διὰ
1023 5000 1124 5068 τῆς
1180 4998 1389 5052 ἐκείνου
1442 4999 1807 5072 θεορῤήμονος

231 5081 480 5152 γλώττης
523 5086 903 5155 προελήλυθεν,
936 5089 995 5140 οὐ
1043 5089 1169 5158 μὴν,
1203 5089 1320 5143 ἀλλ’
1362 5091 1480 5144 οὐδὲ
1509 5093 1617 5145 τῶν
1655 5095 1808 5146 εὐσε-

231 5170 344 5223 ϐῶν
365 5171 540 5236 οὐδεὶς
571 5175 790 5242 (πολλοῦ
820 5193 882 5246 γε
905 5178 1000 5231 καὶ
1021 5180 1102 5232 δεῖ
1131 5182 1494 5248 συκοφαντίας
1532 5185 1806 5254 τοιαύτης)

231 5263 533 5336 ιγράψατο,
565 5266 683 5320 ἀλλ’
736 5269 843 5324 οὐδ’
882 5271 1018 5342 ἀκοῇ
1075 5271 1135 5325 τὸ
1191 5271 1472 5344 δύσφημον
1523 5276 1808 5349 ἀνάσχοιτο

303 5424 382 5492 (l)
415 5423 578 5494 Laur.
609 5444 752 5482 τινα.

305 5495 386 5576 (ᾗ)
446 5495 590 5550 Non.
643 5507 700 5552 et
757 5499 830 5554 al.
884 5514 1010 5556 cum
1066 5517 1188 5558 nov.
1245 5501 1310 5559 Τ.
1362 5504 1608 5575 pluribus
1643 5509 1802 5566 codd.

567 5635 822 5722 Laurent.
867 5639 983 5697 Col.
1011 5651 1066 5697 et
1111 5645 1208 5712 aL,
1241 5645 1383 5700 Mou.
1409 5648 1608 5705 omissa
1637 5652 1806 5722 parti-

230 5705 367 5780 cula
385 5715 563 5780 negat.
586 5710 1003 5780 παραδέχονται.

299 5776 377 5848 (il
411 5775 719 5848 Ἄνθρωπε,
749 5775 894 5848 λέγει
919 5785 1076 5837 Laur.

311 5846 389 5917 ᾤ)
421 5845 486 5900 At
517 5860 630 5919 post
667 5845 1020 5924 ἐκπορεύεται
1059 5857 1208 5913 det'sl
1233 5859 1281 5913 in
1311 5859 1470 5916 Laur.

1913 4629 2166 4696 ubinam,
2229 4644 2448 4700 quaeso,
2487 4631 2716 4687 ‘Paulus
2769 4632 3023 4695 alllrmat,
3069 4629 3332 4701 Spiritum
3364 4645 3490 4699 pro-

1913 4718 2098 4774 cedere
2137 4737 2167 4774 ιι
2200 4719 2380 4776 Filio?
2413 4721 2544 4778 Esse
2572 4725 2791 4794 quidem
2827 4723 3090 4794 Spiritum
3123 4720 3254 4776 Filii
3284 4725 3488 4792 (neque

1911 4813 2058 4866 enim
2091 4813 2302 4869 alienus
2332 4824 2438 4882 est,
2465 4817 2630 4887 absit)
2662 4825 2717 4871 et
2748 4818 2836 4872 ille
2861 4816 2999 4872 dixit
3030 4827 3082 4871 et
3114 4817 3206 4872 Dei
3241 4816 3516 4872 Ecclesia-

1910 4904 2203 4959 conﬁtetur
2250 4921 2316 4960 ac
2359 4908 2650 4976 pra-dicat;
2687 4909 2966 4977 procedere
3005 4919 3184 4964 autent
3231 4925 3296 4963 ex
3340 4907 3486 4963 Filio

1911 5009 2089 5064 neque
2120 5012 2186 5050 ex
2227 4997 2374 5052 illius
2408 4999 2592 5054 divina
2632 5001 2814 5070 lingua
2846 5003 3069 5070 prodiit,
3113 5017 3286 5070 neque
3337 5002 3484 5055 ullus

1916 5104 2152 5157 unquam
2189 5092 2584 5146 catholicorum
2619 5095 2778 5147 talem
2816 5096 2863 5148 ei
2908 5095 3238 5150 calumniam
3279 5095 3488 5150 aliinin

1911 5179 2027 5234 suis
2079 5182 2331 5251 scriptis;
2371 5193 2580 5238 tantum
2628 5187 2818 5249 abest,
2875 5199 2934 5241 ut
2967 5187 3018 5242 id
3060 5190 3260 5243 factum
3297 5187 3483 5250 fuerit,

1911 5279 1970 5324 ut
2022 5285 2122 5326 nec
2169 5273 2362 5328 audire
2402 5278 2672 5344 ejusmodi
2729 5278 3121 5348 blasphemiam
3178 5279 3484 5334 catholicus

1977 5435 2055 5508 (α)
2106 5437 2185 5491 Ad
2245 5437 2389 5492 hunc
2457 5447 2659 5508 textum
2701 5453 2886 5508 revera
2923 5438 3097 5493 Latini
3147 5438 3258 5493 fere
3291 5454 3482 5495 omnes

1906 5507 2224 5577 prevocant.
2291 5511 2427 5577 Aug.
2493 5511 2560 5563 de
2613 5507 2764 5570 Trin.
2816 5507 2902 5573 IV,
2933 5511 3024 5574 20,
3061 5510 3258 5576 aliique
3292 5509 3480 5565 Patres

1907 5581 2047 5646 apud
2077 5577 2258 5633 Petav.
2299 5581 2362 5632 de
2390 5580 2539 5634 'l‘rin.
2573 5579 2608 5633 Ι.
2648 5577 2756 5642 Vll,
2781 5595 2830 5632 c.
2855 5581 2906 5634 4.
2940 5580 3268 5634 Ratramnus
3290 5589 3479 5636 contra

1906 5647 2222 5703 Gnrcorum
2271 5651 2517 5718 opposita
2562 5650 2624 5704 L.
2657 5649 2694 5712 l,
2727 5649 2862 5718 cui,
2933 5649 2986 5711 6,
3019 5651 3072 5701 7.
3117 5649 3342 5718 (Patrol.
3382 5651 3475 5704 lat.

1909 5728 1944 5792 ι.
1977 5719 2164 5792 CXXI,
2200 5736 2250 5787 p.
2283 5717 2407 5783 257:2,
2447 5721 2578 5792 256,
2599 5719 2756 5792 72.38.)
2781 5717 3067 5792 S.__Pctr_us
3095 5717 3244 5774 Dant.
3271 5718 3474 5792 Opusc.

1911 5789 1950 5854 Ι,
1983 5809 2029 5845 e.
2075 5791 2152 5843 tt).
2194 5792 2457 5861 (l’almlJ
2499 5788 2703 5852 CXLV,
2747 5804 2798 5859 ι).
2836 5789 2926 5859 57,
2952 5789 3064 5862 58.)
