3944 6570
530 451 643 514 ’8οἳ

2986 386 3039 397 -4-

1572 448 1786 512 ῙΟΛΝ.
1824 449 2038 511 VECCI
2079 451 2121 511 (ἔ

2234 450 2748 513 ΡΑΤιιιΑιιειιιε
3610 437 3620 445 ’
3675 452 3764 517 sit

611 565 700 620 59.
734 564 888 630 Quod
926 564 972 619 si
1014 564 1136 634 quis
1169 562 1223 617 in
1257 563 1341 620 liis
1393 578 1492 634 per
1550 564 1813 634 Spiritum
1851 564 2123 618 existimet

2298 563 2393 619 v0'.
2430 565 2492 618 Ei
2524 564 2579 618 δέ
2622 581 2706 628 τις
2735 566 2792 617 ὲν
2834 562 3039 628 τούτοις
3087 563 3329 632 Πνεῦμα
3362 562 3767 633 νοιιίσοιπιρα-

542 656 718 726 accipi
746 672 853 711 non
893 658 1070 727 ipsum
1104 656 1518 712 sanctissimum
1544 666 1598 712 et
1629 656 2121 713 consubtantialem

538 748 684 803 Patri
725 764 791 803 ae
836 748 973 803 Filio
1019 748 1308 818 Spiritum,
1346 749 1442 805 sed
1473 749 1786 804 emanantia
1818 748 1945 802 inde
1976 748 2118 801 dona

540 857 635 897 seu
660 842 1010 906 charismata,
1034 857 1154 911 qua:
1181 858 1247 898 eo
1272 842 1418 912 quod
1450 842 1516 897 ad
1545 842 1696 897 illum
1725 841 2038 897 referuntur
2071 848 2125 894 et

538 934 606 988 ab
644 933 740 986 illo
789 933 1222 1000 disttibuuntur,
1257 935 1495 1005 Spiritus
1545 949 1749 989 nomen
1785 935 1981 989 sortita
2013 933 2124 989 sint

539 1026 666 1094 (sibi
714 1026 1102 1099 adsciverint):
1136 1044 1452 1099 quanquam
1506 1028 1687 1084 multa
1707 1043 1945 1099 possem
1972 1035 2124 1099 (con-

537 1128 621 1171 tra
660 1117 793 1188 hoc)
830 1118 1061 1184 allerre,
1099 1134 1164 1174 ea
1213 1129 1391 1176 tamen
1442 1120 1498 1175 in
1546 1119 1836 1190 praesentia
1885 1135 1994 1175 non
2033 1134 2125 1173 re-

538 1209 736 1266 feram.
793 1209 960 1265 Cur?
998 1211 1175 1277 Quia,
1209 1213 1335 1267 licet
1393 1213 1497 1268 hoc
1541 1212 1897 1277 concedatur,
1950 1212 2122 1266 nihilo

538 1313 719 1357 tamen
755 1303 938 1357 minus
994 1302 1220 1373 iniquus
1256 1306 1503 1374 ipsorum
1536 1313 1769 1359 conatus
1809 1303 2119 1369 refellitur;

535 1394 801 1464 quoniam
842 1398 988 1448 enim
1024 1395 1173 1449 dona
1220 1396 1313 1450 illa
1352 1396 1615 1451 dicuntur
1655 1411 1774 1449 esse
1819 1393 1962 1448 dona
1996 1395 2122 1463 Spi-

537 1486 702 1547 ritus,
746 1499 889 1539 nova
919 1496 1100 1540 autem
1154 1486 1381 1541 istorum
1412 1487 1495 1541 lex
1549 1486 1837 1557 praecipit,
1886 1498 1948 1541 ut
1996 1486 2122 1541 inde

541 1573 815 1644 Spiritum
876 1574 1175 1643 procedere
1236 1576 1634 1646 praedicemus,
1689 1575 1849 1646 cujus
1895 1584 1950 1631 et
1999 1590 2122 1632 esse

528 1665 779 1729 dicitur,
825 1679 935 1719 non
1001 1664 1237 1734 amplius
1290 1664 1640 1721 alIirniabunt
1695 1665 1982 1737 aSpiritu
2028 1667 2121 1722 illo

532 1755 767 1827 produci
812 1755 979 1821 dona,
1022 1770 1256 1826 quorum
1301 1758 1418 1828 ipse
1466 1758 1671 1814 dicitur
1706 1758 1985 1830 Spiritus,
2022 1759 2119 1816 sed

537 1849 659 1904 vice
711 1864 870 1905 versa
944 1858 1199 1905 asserent
1268 1850 1336 1905 ab
1400 1849 1761 1920 intelligentia
1826 1852 2121 1922 procedere

2226 656 2602 726 λαμϐάνεσθαι
2622 656 2722 711 οὐκ
2740 656 2878 715 ,αὐτὸ
2900 655 2961 709 τὸ
2987 657 3254 723 πανάγιον
3280 654 3377 709 καὶ
3399 653 3675 725 δμοούσιον
3693 656 3769 711 ’μιιό

2227 750 2439 820 Πατρδς
2498 750 2591 804 καὶ
2640 748 2734 802 τοῦ
2792 748 2921 802 Υἱοῦ
2973 747 3217 819 Πνεῦμα,
3280 745 3419 801 ἀλλά
3467 745 3537 799 τά
3589 747 3769 800 ἐκεῖθεν

2226 840 2458 912 βρύοντα
2485 840 2824 911 χαρίσματα,
2856 839 2991 894 διότι
3026 838 3162 911 πρὸς
3189 840 3365 892 ἐκεῖνο
3390 839 3489 909 τὴν
3521 840 3766 905 ἀναφορὰν

2223 933 2339 1003 ἔχει
2370 933 2464 986 καὶ
2510 932 2641 986 αὐτὸ
2670 931 2843 985 ταῦτα
2885 932 3156 1000 διανέμει,
3195 930 3293 1001 τὴν
3343 929 3438 982 τοῦ
3485 929 3766 995 Πνεύματος

2224 1024 2546 1095 ἐπωνυμίαν
2583 1020 2993 1087 οἰκειώσασθαι,
3027 1022 3203 1075 καίτοι
3244 1021 3419 1076 πολλὰ
3446 1021 3623 1089 λέγειν
3656 1021 3767 1091 ἔχων

2224 1118 2373 1189 ὅμως
2402 1116 2497 1171 νῦν
2535 1118 2636 1170 ούκ
2664 1115 2795 1187 ἐρῶ.
2843 1114 2941 1169 Διὰ
2964 1114 3053 1181 τίς
3090 1114 3234 1168 Διότι
3263 1116 3311 1168 εί
3343 1116 3438 1167 καὶ
3481 1112 3637 1167 τοῦτο
3665 1130 3768 1181 συγ·

2225 1210 2503 1283 χωρηθείη
2528 1251 2543 1276 ,
2592 1208 2746 1263 οὐδὲν
2795 1208 3013 1262 ἔλαττον
3060 1207 3241 1261 αὐτῶν
3292 1205 3649 1275 άπελέγχεται
3690 1207 3769 1277 τῆς

2220 1305 2573 1373 παρανομίας
2602 1302 2665 1355 τὸ
2692 1301 3031 1371 ἐπιχείρημα
3056 1314 3070 1330 ·
3122 1299 3244 1351 ἐπεὶ
3269 1298 3378 1370 γάρ
3413 1298 3512 1352 τοῦ
3546 1294 3768 1369 [ivstitia-

2224 1413 2314 1459 τος
2343 1396 2569 1463 λέγεται
2610 1396 2680 1448 τά
2711 1392 3051 1464 χαρίσματα,
3077 1393 3106 1444 ὀ
3146 1390 3205 1443 δὲ
3236 1390 3420 1453 καινὸς
3451 1391 3630 1453 αὐτοῖς
3671 1392 3771 1443 ἑπι-

2223 1487 2414 1541 τάσσει
2431 1485 2618 1555 νόμος,
2642 1482 2851 1537 ἐκεῖθεν
2877 1481 3128 1553 προϊέναι
3158 1479 3457 1551 κηρύσσειν
3470 1480 3531 1533 τὸ
3554 1483 3768 1550 Πνεῦμα,

2223 1570 2285 1629 οὗ
2315 1574 2408 1627 καὶ
2436 1568 2576 1627 εῖναι
2606 1571 2849 1639 λέγεται,
2894 1570 3080 1624 οὐκέτι
3104 1570 3163 1624 τὸ
3194 1569 3419 1640 Πνεῦμα
3447 1566 3521 1623 ὧν
3561 1570 3767 1637 λέγεται,

2222 1665 2397 1720 ταῦτα
2452 1664 2714 1735 προάγειν
2762 1662 3000 1733 ἐροῦσιν,
3031 1662 3145 1716 ἀλλ’
3197 1662 3646 1732 ἀντιστρέψαντες
3686 1668 3770 1735 φῄ-

2227 1775 2381 1813 σουσι
2423 1758 2518 1826 τῆς
2567 1755 2838 1820 συνέσεως
2881 1753 3277 1824 ἐκπορεύεσθαι
3328 1758 3422 1807 καὶ
3467 1755 3771 1819 προῖὲναιτὸ

2226 1851 2469 1922 χάρισμα
2527 1836 2754 1917 καὶτῆς
2805 1847 3001 1914 σοφίας
3051 1846 3145 1899 καὶ
3181 1846 3288 1899 τῶν
3325 1845 3498 1899 ἄλλων
3544 1847 3768 1899 ἁπάντων

527 1955 608 1995 ac
637 1944 859 2011 prodire
886 1944 1118 2008 donum,
1152 1957 1253 1998 nec
1286 1959 1392 1997 non
1425 1958 1454 1996 a
1484 1943 1754 2010 sapientia
1793 1944 2122 2014 ceterisque

2356 1917 2772 2012 προειρημένων
2796 1956 2806 1963 ·
2843 1936 2984 2018 ὥστε
3010 1937 3072 1990 ού
3098 1937 3157 1990 τὸ
3183 1938 3424 2007 χάρισμα
3450 1938 3566 2007 ἢτοι
3589 1937 3671 1990 διά
3690 1936 3764 1990 τοῦ

537 2035 797 2089 omnibus
861 2050 1025 2104 supra
1091 2034 1443 2100 memoratis;
1493 2026 1666 2104 quare
1719 2050 1830 2089 non
1886 2035 2110 2100 donum,

535 2123 656 2178 sive
716 2140 810 2193 per
877 2124 1079 2179 donum
1136 2125 1421 2195 spirituale
1483 2125 1599 2195 ipse
1659 2125 1895 2196 Spiritus
1963 2128 2123 2184 intel-

538 2216 820 2283 ligentiam
854 2216 1103 2285 largitur,
1141 2216 1223 2270 vel
1250 2216 1575 2286 sapientiam
1612 2219 1692 2271 vel
1728 2220 2005 2281 virtutem,
2038 2220 2123 2274 vel

530 2306 880 2372 tiliationem,
916 2308 1000 2361 vel
1051 2307 1461 2372 revelationem,
1499 2309 1578 2361 vel
1613 2308 1795 2372 tidem,
1842 2309 1923 2362 vt-l
1954 2309 2124 2377 pieta~

538 2408 692 2463 tem;
724 2398 818 2452 sed
848 2408 1034 2455 contra
1071 2398 1253 2467 potius
1284 2396 1640 2468 intelligentia
1674 2407 1728 2452 ct
1765 2400 2026 2454 revelatio
2070 2410 2124 2454 et

538 2491 672 2544 fides
701 2498 757 2544 et
786 2489 1063 2544 sobrietas
1121 2491 1433 2558 producunt
1462 2491 1636 2555 dona,
1668 2499 1790 2559 qua:
1822 2490 1915 2545 tibi
1947 2491 2122 2559 placet

540 2579 807 2650 Spiritum
855 2581 1162 2649 appellare,
1217 2590 1268 2634 et
1326 2581 1556 2646 aliorum
1616 2581 1893 2647 quodlibet
1929 2580 2120 2637 eodem

541 2670 726 2724 modo.
785 2669 902 2723 lmo
964 2684 1091 2723 vero
1129 2669 1175 2723 si
1209 2669 1486 2739 quodlibet
1538 2670 1741 2724 donum
1818 2673 2123 2742 nuncupari

540 2761 807 2831 Spiritum
847 2762 1158 2825 arbitraris,
1191 2763 1380 2831 utique
1407 2778 1531 2816 cum
1568 2762 1836 2815 donorum
1888 2779 2121 2817 numero

538 2853 750 2921 copiam
794 2867 1013 2921 quoque
1067 2868 1233 2920 auges
1281 2853 1572 2922 spirituum
1611 2855 1854 2923 nihilque
1893 2855 2120 2922 proinde

538 2960 639 3014 per
694 2954 745 2999 te
806 2945 985 2999 differt
1037 2945 1303 3015 Spiritum
1338 2947 1519 3001 dicere
1563 2948 1642 3001 vel
1683 2948 1926 3012 donum;
1965 2948 2123 3017 cujus

540 3048 725 3091 autem
760 3036 961 3090 dicitur
1011 3051 1133 3092 esse
1170 3038 1409 3106 Spiritus
1438 3077 1453 3103 ,
1504 3038 1629 3091 inde
1662 3053 1761 3107 per
1805 3038 1951 3105 leges
2002 3047 2123 3092 tuas

540 3128 807 3183 statuitur
861 3127 995 3183 illud
1052 3130 1349 3197 procedere
1402 3137 1569 3197 atque
1613 3130 1860 3198 produci.
1896 3129 2123 3199 Singula

537 3220 714 3290 igitur
748 3220 889 3273 dona
917 3236 1013 3274 seu
1044 3219 1286 3289 singulos
1317 3218 1540 3289 spiritus
1592 3218 1838 3274 bifariam
1888 3235 2081 3275 secans
2104 3259 2119 3283 ,

545 3329 646 3383 pro
679 3327 788 3367 uno
821 3310 1006 3382 plures
1029 3310 1233 3366 eﬂicies
1270 3312 1494 3381 spiritus
1522 3352 1536 3376 ,
1584 3327 1818 3381 quorum
1868 3313 2005 3367 alter
2056 3314 2127 3367 sit

543 3407 684 3460 dans
711 3443 729 3469 ,
763 3404 904 3460 alter
937 3404 1007 3460 sit
1035 3404 1200 3460 datus
1221 3444 1239 3470 ,
1295 3411 1351 3459 et
1403 3405 1542 3459 alter
1594 3405 1899 3473 producens
1928 3446 1943 3471 ,
1987 3405 2126 3459 alter

539 3499 884 3569 productus,
942 3497 1079 3554 fides
1142 3498 1408 3553 nimirum
1470 3499 1782 3569 producens
1841 3501 2027 3565 fidem,
2074 3506 2130 3553 et

539 3592 897 3665 intelligentia
928 3590 1361 3661 intelligentiam,
1386 3591 1515 3661 quid
1544 3608 1682 3662 opus
1712 3601 1927 3661 tempus
1955 3602 2129 3648 terere

540 3694 667 3741 tuas
698 3685 929 3754 ineptias
961 3683 1297 3739 recensendo
1328 3682 1352 3736 ?

609 3934 700 3988 60.
749 3932 1005 3989 Sedeuim
1050 3941 1106 3986 et
1158 3932 1261 3987 hoc
1307 3944 1498 3987 contra
1552 3946 1613 3987 se
1676 3933 1849 4002 ipsam
1903 3931 2127 3987 lueresis

543 4023 781 4093 collegit.
809 4022 1204 4077 Sanctissimus
1236 4019 1474 4092 Spiritus
1500 4023 1691 4076 tribuit
1737 4026 1876 4078 dona
1910 4024 2125 4094 dignis;

545 4114 770 4169 haeresis
826 4124 1005 4167 autem
1071 4129 1177 4167 non
1231 4123 1487 4169 contenta
1522 4154 1536 4179 ,
1568 4124 1627 4168 ut
1674 4125 1932 4185 apparet,
1966 4114 2127 4184 hujus

544 4205 932 4262 distributione
982 4207 1183 4261 scindit
1237 4208 1353 4261 haec
1404 4215 1461 4261 et
1490 4207 1815 4261 comminuit
1846 4217 1899 4260 et
1934 4207 2127 4261 dividit

544 4297 600 4353 in
634 4299 817 4368 plures
868 4306 1072 4367 partes,
1110 4305 1168 4351 ut
1219 4298 1433 4361 habeat,
1469 4301 1616 4351 unde
1659 4307 1962 4352 sectatores
1992 4312 2121 4353 suos

548 4385 804 4456 pluribus
831 4386 1011 4440 adhuc
1051 4398 1214 4456 atque
1268 4387 1614 4441 uberioribus
1666 4399 1987 4457 compenset
2028 4389 2129 4443 do-

548 4477 672 4543 nis;
707 4478 897 4547 sicque
951 4479 1149 4532 mentis
1206 4478 1425 4533 illorum
1466 4481 1709 4533 turbatio
1769 4488 1822 4534 et
1875 4479 2128 4535 confusio

547 4585 725 4624 rerum
764 4578 1016 4624 naturam
1051 4579 1105 4624 et
1138 4571 1385 4625 ordinem
1431 4573 1693 4641 pervertit
1735 4583 1787 4627 et
1818 4572 2123 4640 confundit,

545 4664 836 4733 primaque
872 4662 1168 4732 impietatis
1222 4664 1363 4719 satio
1419 4664 1738 4720 innumeras
1783 4665 1956 4735 gignit
2014 4664 2126 4719 lia:-

558 4770 732 4808 rescs.
769 4755 969 4810 Verum
1037 4757 1250 4811 tametsi
1338 4757 1470 4811 satis
1523 4756 1637 4811 haec
1671 4767 1795 4811 sunt
1846 4756 2127 4813 flectendis

547 4844 767 4914 iis,qui
822 4861 928 4897 non
986 4848 1199 4916 penitus
1260 4863 1383 4902 sese
1450 4849 1716 4917 impietati
1783 4848 2123 4914 devoverint,

548 4938 726 5004 lisque
772 4936 1156 5005 confutandis,
1189 4940 1283 5009 qui
1334 4940 1671 5007 impudentia
1717 4941 1793 4994 uti
1830 4941 2026 5011 velint},
2074 4949 2126 4995 et

548 5029 618 5083 iis
664 5029 755 5099 qui
814 5032 1262 5099 superstitionem
1324 5040 1553 5097 amant,
1593 5034 1662 5087 ab
1737 5048 1926 5087 errore
1971 5048 2121 5087 revo-

549 5124 739 5177 ‘eandis
765 5163 779 5190 ,
821 5132 1058 5178 attamen
1096 5139 1198 5179 nec
1233 5125 1441 5195 reliqua
1470 5126 1900 5195 pratermittam.
1928 5124 2126 5194 Εενο-

549 5215 778 5268 tantium
851 5216 995 5269 enim
1084 5215 1225 5271 alius
1308 5219 1450 5281 hac,
1530 5219 1669 5273 alius
1729 5216 1818 5271 illa
1851 5230 1975 5271 cura
2045 5217 2129 5271 vel

548 5309 739 5363 morbo
794 5308 1003 5364 levatur
1059 5311 1141 5365 vel
1175 5312 1450 5367 evincitur
1505 5319 1697 5380 sponte
1751 5319 1806 5363 et
1873 5326 1973 5364 sua
2030 5325 2126 5366 νο⁴

548 5399 773 5456 lnntatis
801 5402 1041 5470 nequitia
1089 5403 1429 5459 insanabilis.
1471 5401 1837 5469 Quamobrem
1902 5417 1967 5454 ne
2025 5402 2128 5456 ista

548 5492 764 5562 quidem
842 5498 1238 5563 praetereunda.

616 5786 692 5854 (Ι)
722 5785 979 5840 Laurent.
1047 5786 1463 5851 συναυξάνεται.

632 5858 706 5921 (‘2)
738 5855 902 5909 Laur.
936 5856 1087 5911 οᾲδὲν
1112 5867 1170 5912 ut
1202 5859 1374 5912 Vatic.
1403 5858 1440 5911 ί.
1472 5858 1575 5910 9.03
1603 5872 1652 5908 ξι.

2226 2031 2596 2104 πνευματικοῦ
2636 2030 2974 2100 χαρίσματος
3014 2030 3075 2081 τὸ
3103 2030 3323 2099 Πνεῦμα
3355 2030 3473 2081 οὐδὲ
3513 2029 3607 2099 τὴν
3639 2030 3767 2081 σύνε-

2226 2144 2311 2180 σιν
2356 2127 2580 2196 χορηγεῖ
2618 2123 2737 2176 οὐδὲ
2784 2124 2883 2190 τὴν
2934 2123 3126 2190 σοφίαν
3160 2122 3193 2192 ἢ
3227 2121 3325 2191 τὴν
3374 2121 3621 2187 δύναμιν,
3667 2122 3768 2175 osa:

2225 2216 2324 2286 τὴν
2350 2213 2627 2269 υἱοθεσίαν
2654 2213 2776 2267 οὐδὲ
2803 2213 2902 2282 τὴν
2926 2212 3290 2279 ἀποκάλυψιν,
3320 2211 3441 2264 οὐδὲ
3465 2214 3562 2280 τὴν
3593 2212 3766 2276 πίστιν,

2225 2309 2343 2363 οὐδὲ
2379 2308 2477 2378 τὴν
2504 2306 2815 2361 εὐσέϐειαν·
2865 2305 3002 2361 ἀλλὰ
3034 2304 3235 2372 μᾶλλον
3269 2305 3577 2358 τούναντίον
3608 2307 3639 2376 η
3667 2305 3771 2357 σύνο

2224 2420 2339 2467 εσις
2385 2403 2483 2456 καὶ
2508 2402 2541 2470 ἡ
2579 2399 2923 2468 ἀποκάλυψις
2963 2397 3059 2452 καὶ
3082 2396 3400 2468 ηνεύσέϐεια
3432 2398 3522 2451 καὶ
3558 2399 3769 2469 ἠπίστις

2226 2495 2319 2549 καὶ
2350 2496 2378 2548 ὁ
2416 2493 2795 2563 σωφρονισμὶς
2850 2490 3150 2561 προάγουσι
3186 2491 3254 2541 τὰ
3289 2490 3612 2561 χαρίσματα,
3651 2491 3769 2558 ὅπερ

2227 2604 2311 2640 σοι
2346 2586 2498 2655 φίλον
2522 2584 2708 2638 καλεῖν
2738 2583 3049 2653 πνεύματα,
3079 2581 3173 2636 καὶ
3201 2582 3310 2635 τῶν
3340 2583 3513 2646 άλλως
3539 2582 3769 2645 ὡσαύτως

2224 2677 2478 2738 ἒιαστον,
2531 2674 2731 2745 μᾶλλον
2761 2674 2818 2728 δὲ
2851 2676 3010 2744 εἴπερ
3038 2673 3270 2728 ἕκαστον
3297 2673 3406 2726 τῶν
3448 2674 3769 2744 χαρισμάτων

2228 2768 2444 2837 πνεῦμά
2478 2784 2560 2820 σοι
2590 2765 2873 2820 καλεῖσθαι
2909 2764 3195 2833 νομίζεται
3216 2764 3314 2819 καὶ
3337 2764 3416 2833 τῷ
3445 2764 3654 2835 ἀριθμῷ
3676 2764 3770 2817 τῶν

2224 2859 2441 2929 δωρεῶν
2482 2861 2542 2910 τὸ
2580 2857 2778 2926 πλῆθος
2822 2857 2931 2911 τῶν
2970 2856 3299 2926 πνευμάτων
3346 2855 3657 2921 συναύξεται
3683 2855 3766 2926 (1),

2226 2957 2318 3007 καὶ
2360 2954 2511 3006 οὐδὲν
2561 2951 2798 3006 ἐνταῦθά
2851 2967 2933 3004 σοι
2981 2949 3206 3018 Πνεῦμα
3256 2949 3500 3020 εἰπεῖνῆ
3545 2950 3768 3020 χάρισμα

2225 3046 2472 3115 διαφέρει
2498 3062 2511 3075 ν
2543 3037 2603 3099 οὗ
2625 3044 2680 3097 δὲ
2723 3043 2944 3112 λέγεται
2992 3037 3130 3096 εἶναι
3158 3042 3222 3096 τὸ
3258 3040 3502 3112 Πνεῦμα,
3529 3041 3767 3110 ἑκείθενή

2230 3138 2296 3205 σὴ
2343 3135 2629 3205 νομοθεσία
2685 3132 3052 3205 προέρχεσθαί
3080 3150 3140 3186 τε
3188 3133 3284 3187 καὶ
3332 3131 3656 3204 προάγεσθαι
3694 3149 3769 3185 its-

2227 3229 2372 3281 λεύει
2394 3245 2408 3259 ·
2446 3228 2673 3281 ἕκαστον
2701 3227 2811 3298 ἄρα
2838 3227 2900 3280 σὺ
2928 3225 3038 3279 τῶν
3070 3225 3425 3296 χαρισμάτων
3448 3224 3482 3296 ἢ
3511 3225 3613 3278 τῶν
3634 3241 3771 3278 πνευ-

2232 3320 2416 3390 μάτων
2448 3320 2523 3380 είς
2555 3317 2650 3371 δύο
2680 3316 2864 3387 τεμὼν
2890 3315 3005 3371 ἀνθ’
3035 3317 3153 3380 ἐνὸς
3201 3316 3371 3370 πλείω
3400 3315 3669 3385 ποιήσεις,
3712 3315 3767 3367 ἶν’

2225 3406 2258 3483 ᾖ
2295 3411 2356 3462 τὸ
2393 3410 2491 3479 μὲν
2519 3408 2814 3478 χορηγοῦν,
2846 3407 2905 3460 τδ
2930 3406 2989 3461 δὲ
3018 3407 3447 3478 χορηγούμενον,
3482 3406 3573 3461 καὶ
3602 3407 3657 3459 τὸ
3683 3407 3767 3476 μὲν

2227 3505 2489 3574 προάγον,
2524 3502 2585 3555 τὸ
2611 3502 2668 3555 δὲ
2699 3500 3095 3572 προαγόμενον,
3123 3503 3156 3572 ἡ
3188 3501 3371 3563 πίστις
3396 3501 3494 3554 καὶ
3521 3500 3554 3570 η
3582 3498 3766 3559 σύνεσις
3818 3534 3826 3547 .

2229 3596 2441 3647 σύνεσιν
2509 3592 2606 3647 καὶ
2650 3593 2924 3660 αίσθησιν,
2974 3593 3069 3646 καὶ
3119 3592 3284 3645 πόσον
3328 3591 3396 3645 ἄν
3441 3608 3523 3653 τις
3564 3606 3766 3644 κατανα-

2225 3685 2375 3757 λώσῃ
2405 3683 2594 3752 χρόνον
2622 3681 2714 3735 τὸν
2766 3682 2859 3736 σὺν
2892 3679 3240 3752 διερχόμενος
3284 3678 3487 3750 λῆρονί
3533 3677 3651 3751 [ξω.
3672 3678 3767 3731 Διό·

2227 3788 2331 3841 περ
2365 3770 2489 3823 οὐδὲ
2524 3770 2601 3841 (2)
2632 3769 2805 3823 ταῦτα
2832 3768 3079 3840 παριδεῖν
3106 3769 3315 3823 δίκαιον
3347 3768 3474 3840 (5)].

2298 3932 2360 3997 ξ’.
2401 3931 2564 3985 Ἀλλὰ
2611 3932 2720 4001 γάρ
2766 3931 2863 3987 καὶ
2903 3931 3061 3987 τοῦτο
3109 3933 3234 3987 καθ’
3279 3934 3540 4005 ἐαυτῆςή
3592 3934 3763 4005 αἵρεσις

2228 4024 2487 4091 συνάγει⁶
2528 4022 2590 4077 τὸ
2641 4023 2743 4093 μὲν
2792 4022 3061 4089 πανάγιον
3098 4023 3322 4093 Πνεῦμα
3366 4024 3611 4093 διανεμεῖ
3640 4022 3764 4094 χαρί-

2229 4130 2408 4183 σματα
2480 4117 2591 4179 τοῖς
2657 4114 2827 4180 ἀξίοις
2857 4129 2874 4146 ·
2927 4113 3068 4186 αῦτη
3119 4114 3174 4168 δὲ
3223 4115 3438 4182 οὐδενὶ,
3491 4116 3566 4179 ὡς
3606 4115 3768 4177 ἔοικεν,

2228 4205 2595 4275 άρεσκομένη,
2630 4206 2752 4259 ούδὲ
2800 4208 2867 4277 τῇ
2894 4205 3084 4259 τούτου
3116 4205 3588 4277 διανομῇ,.τέμνει
3628 4202 3769 4259 ταῦτα

2227 4298 2322 4351 καὶ
2348 4298 2603 4350 λεπτύνει
2662 4299 2756 4352 καὶ
2790 4300 2870 4361 είς
2905 4299 3125 4363 πλειους
3176 4301 3371 4370 μοίρας
3422 4300 3767 4371 καταμερίξει,

2229 4388 2297 4441 ἶν’
2340 4388 2455 4459 ἔχοι
2500 4389 2627 4453 τοὺς
2658 4391 2796 4459 αὐτῇ
2840 4390 3195 4461 πειθομένους
3247 4392 3637 4463 φιλοτιμεῖσθαι
3674 4394 3766 4453 ταῖς

2226 4481 2456 4551 δωρεαῖς
2484 4480 2575 4532 ἐπὶ
2603 4482 2806 4550 μᾶλλόν
2834 4498 2893 4534 τε
2929 4485 3023 4535 καὶ
3074 4482 3487 4553 δαψιλέστερον·
3520 4485 3608 4537 καὶ
3633 4483 3764 4552 γέγοο

2230 4590 2317 4625 νεν
2343 4573 2525 4635 αὐτοῖς
2555 4574 2587 4641 ἡ
2618 4574 2716 4642 τῆς
2755 4573 2993 4637 διανοίας
3034 4574 3246 4644 ταραχὴ
3275 4575 3371 4628 καὶ
3408 4578 3656 4644 σᾷγχυσις
3689 4574 3764 4643 τὴν

2228 4662 2336 4717 τῶν
2371 4666 2712 4734 πραγμάτων
2746 4666 2907 4734 φύσιν
2940 4668 3034 4719 καὶ
3073 4666 3227 4732 τάξιν
3252 4670 3331 4730 είς
3371 4669 3670 4738 ἀνατροπὴν
3692 4663 3766 4718 καὶ

2229 4755 2444 4827 φυρμὸν
2495 4759 2927 4828 περιτρέπουσα,
2959 4758 3057 4811 καὶ
3093 4761 3126 4829 ὴ
3180 4759 3370 4830 πρώτη
3408 4760 3666 4829 καταϐολὴ
3691 4755 3763 4809 τοῦ

2227 4846 2637 4919 δυσσεϐήματος
2693 4849 2893 4920 μυρίας
2942 4851 3595 4918 αἱρέσειςσάποτίκτουσα.
3637 4849 3765 4904 Ἀλλά

2229 4940 2337 5012 γὰρ
2370 4942 2419 4993 εί
2467 4941 2563 4993 καὶ
2605 4942 2977 5013 ἀποχρώντως
3007 4941 3119 5013 ἔχει
3150 4941 3325 4995 ταῦτα
3356 4943 3560 4995 πείθειν
3584 4959 3635 4993 τε
3663 4942 3763 5000 τοὺς

2232 5036 2307 5104 μὴ
2348 5031 2628 5096 παντελῶς
2662 5035 2741 5097 εἰς
2782 5034 3037 5088 ἀσέῦειαν
3085 5034 3501 5105 άποόεϐηκότας
3549 5035 3637 5088 καὶ
3663 5031 3761 5093 τοὺς

2229 5122 2607 5193 ἀναισχυντεῖν
2655 5124 2946 5194 ἑλομένους
2995 5125 3291 5196 διελέγχειν
3348 5128 3442 5181 καὶ
3489 5129 3607 5191 τοὺς
3634 5126 3763 5179 δεισι-

2228 5212 2505 5284 δαιμονεῖν
2534 5216 2911 5279 ἐπικλιθέντας
2946 5217 3406 5285 ἐπανορθοῦσθαι,
3435 5218 3545 5273 ἀλλ’
3565 5217 3644 5271 οῦν
3665 5214 3759 5268 οὐδὲ

2228 5304 2297 5357 τὰ
2333 5305 2588 5358 λείποντα
2618 5306 3051 5375 παραλείψομεν.
3087 5305 3280 5369 ’Ἄλλος
3310 5310 3411 5375 μὲν
3447 5309 3547 5379 γάρ
3574 5306 3668 5359 τῶν
3694 5319 3760 5354 νο·

2232 5394 2469 5449 σούντων
2529 5396 2693 5466 ἑτέρᾳ
2748 5394 3036 5466 θεραπείᾳ,
3071 5395 3257 5466 ἕτερος
3308 5397 3366 5449 δὲ
3418 5397 3484 5449 δι’
3531 5390 3757 5466 ἐτέραςῆ

2231 5489 2639 5543 ἀπαλλάσσεται
2690 5489 2786 5541 τοῦ
2840 5491 3230 5561 νοσήματος,ῆ
3290 5491 3432 5542 ἑκὼν
3475 5490 3758 5555 διελέγχεται

2230 5581 2325 5635 καὶ
2358 5581 2445 5634 διὰ
2480 5580 2781 5651 μοχθηρίαν
2812 5583 3037 5651 γνώμης
3081 5579 3141 5635 τὸ
3170 5581 3387 5634 ἀνίατον
3420 5580 3756 5650 ὑφιστάμενος.

2308 5781 2384 5850 (⁸5)
2416 5779 2472 5834 In
2495 5780 2636 5836 Mon.
2680 5782 2800 5835 cod.
2838 5780 2989 5834 ι’..ιδι
3020 5781 3075 5837 b.
3109 5795 3229 5850 cap.
3268 5779 3372 5838 λε’.
3416 5780 3471 5834 In
3541 5778 3750 5832 Laurent.

2234 5853 2388 5905 uncis
2428 5851 2637 5906 inclusa
2668 5856 2868 5906 omissa
2910 5862 3059 5906 sunt.
