3944 6570
208 476 325 559 so:
690 544 693 547 .

775 586 1235 640 ΑΝΤΙΡΡΗΣΙΣ.

284 702 413 757 κε’.
450 702 512 757 Εἰ
546 703 645 771 μὲν
689 702 766 763 εἰς
813 699 944 765 μίαν
978 699 1072 752 καὶ
1113 699 1213 769 τὴν
1259 696 1430 766 αὐτὴν
1458 695 1794 765 λαμόάνεται

205 797 424 849 ἔννοιαν
452 794 513 847 τὸ
550 791 647 847 τοῦ
699 791 1016 862 Πνεύματος
1049 789 1242 859 ὄνομα,
1270 789 1367 842 καὶ
1409 790 1537 841 ὅταν
1573 786 1798 856 Πνεῦμα

205 886 345 940 Υἱοῦ
374 887 604 955 λέγηται
634 884 728 939 καὶ
756 884 884 937 ὅταν
914 880 1137 951 Πνεῦμα
1163 879 1430 943 συνέσεως
1454 880 1550 941 καὶ
1573 877 1798 948 Πνεῦμα

200 978 464 1047 γνώσεως
500 979 595 1031 καὶ
641 975 867 1046 Πνεῦμα
902 973 1128 1044 ἀγάπης
1163 972 1258 1027 καὶ
1289 972 1399 1026 τῶν
1434 970 1611 1026 ἄλλων
1642 988 1799 1043 χαρι-

202 1072 436 1139 σμάτων
486 1069 723 1139 καλῆται
768 1068 831 1122 τὸ
885 1068 1138 1137 Πνεῦμα,
1187 1063 1502 1132 συλλοτιζου
1532 1064 1630 1119 καὶ
1677 1064 1742 1118 σὺ
1766 1065 1799 1117 ὀ

199 1160 333 1214 νοῦν
377 1160 521 1232 ἔχειν
559 1161 797 1229 Χριστοῦ
833 1159 1230 1230 βρενθυόμενος
1262 1154 1339 1229 (Ι)
1378 1157 1627 1227 ἀνάγκην
1655 1150 1795 1211 εἶναι

196 1269 332 1327 τινα
386 1255 515 1316 τοὺς
568 1252 826 1320 λέγοντας
874 1252 937 1306 τδ
975 1253 1201 1323 Πνεῦμα
1248 1251 1646 1320 ἐκπορεύεσθαι
1695 1250 1794 1304 τοῦ

203 1347 367 1410 rio-3,
389 1346 522 1400 διότι
550 1345 645 1400 τοῦ
666 1346 797 1400 Υῑοῦ
827 1346 1065 1413 λέγεται,
1096 1346 1277 1415 λέγειν
1300 1347 1397 1399 καί¹
1426 1346 1492 1398 ἐκ
1509 1343 1610 1413 τῆς
1636 1344 1787 1398 συνέ-

202 1453 350 1499 σεως
381 1438 475 1491 καὶ
531 1439 631 1508 τῆς
679 1438 789 1491 τῶν
820 1438 1174 1509 χαρισμάτων
1230 1436 1493 1508 διανομῆς
1543 1437 1637 1490 καὶ
1686 1435 1793 1490 τῶν

202 1527 394 1580 ἄλλων
436 1528 731 1599 ἐνεργειῶν
756 1530 852 1583 καὶ
893 1528 1177 1599 δυνάμεων
1211 1528 1345 1584 αὐτὸ
1371 1526 1791 1598 ἐκπορεύεσθαι.

200 1616 266 1669 El
296 1618 408 1688 δή
451 1618 563 1672 τῶν
604 1620 886 1689 ὀνομάτων
929 1619 1163 1691 διαφορά
1208 1623 1300 1674 τὸν
1352 1618 1589 1674 τοιοῦτον
1624 1634 1794 1673 κατα-

201 1709 351 1763 σείει
390 1709 770 1781 συλλογισμὸν,
815 1713 1015 1783 μᾶλλον
1049 1714 1106 1765 δὲ
1151 1712 1585 1783 παραλογισμδν,
1617 1712 1707 1765 διὰ
1739 1712 1791 1766 τί

197 1803 320 1863 τοῖς
357 1801 521 1866 θείοις
550 1804 855 1871 ἀντιλέγεις
898 1805 1193 1875 Πατράσιν,
1223 1805 1381 1875 οἵπερ
1414 1805 1503 1858 διὰ
1532 1804 1629 1859 τοῦ
1659 1804 1790 1858 Υἰοῦ

197 1908 264 1944 τε
294 1892 397 1946 καὶ
444 1895 508 1946 ἐκ
540 1894 634 1947 τοῦ
678 1894 809 1948 Υἱοῦ
842 1891 981 1949 εἶναι
1017 1896 1077 1948 τὲ
1121 1897 1344 1967 Πνεῦμα
1397 1898 1677 1967 εἰρήκασι,
1703 1896 1790 1951 διά

198 1982 264 2036 τὸ
302 1985 462 2055 παρὰ
504 1985 579 2055 τῷ
633 1988 916 2057 ἀποστόλῳ
957 1989 1153 2060 Παύλῳ
1197 1989 1422 2059 Πνεῦμα
1473 1989 1604 2044 Υἱοῦ
1660 1989 1792 2044 αὐτὸ

197 2075 466 2142 λέγεσθαι
490 2095 505 2143 ;
537 2079 633 2131 καὶ
658 2079 747 2132 ἴνα
768 2080 906 2148 τάχα
931 2080 1007 2150 μὴ
1037 2080 1116 2144 εἰς
1145 2082 1355 2152 μακρὸν
1380 2082 1675 2153 άναρτήσω
1699 2083 1792 2137 τὸν

198 2164 436 2233 ἔλεγχον
484 2166 581 2218 τοῦ
632 2167 879 2221 ἐντεῦθεν
916 2171 1269 2238 σοφίσματος,
1314 2170 1472 2237 ὀλίγα
1523 2172 1646 2225 τινὰ
1681 2170 1791 2224 τῶν

197 2256 297 2309 τοῦ
330 2259 777 2329 χρυσορῤήμονος
797 2262 1062 2332 ῥημάτων
1087 2262 1455 2333 προθήσομαι,
1486 2262 1630 2334 άπερ
1654 2265 1792 2317 ἐκεῖ·

199 2357 292 2411 νος
320 2350 403 2411 εις
433 2349 671 2419 δήλωσιν
704 2352 928 2421 εἴρηκεν
952 2352 1053 2421 τῆς
1083 2353 1345 2423 διαςορᾶς
1372 2352 1481 2406 τῶν
1509 2354 1792 2424 ὀνομάτων

194 2439 296 2493 τοῦ
336 2441 679 2510 Πνεῦματος,
707 2442 901 2495 ὁπόθεν
929 2443 989 2496 τὸ
1015 2443 1259 2512 σόφισμα
1287 2444 1653 2499 διασέσεισται
1678 2447 1791 2509 τοῖς

198 2528 558 2601 βουλομένοις
606 2532 1018 2601 συλλογίζεσθαι
1067 2535 1177 2587 κάκ
1220 2534 1327 2586 τῶν
1368 2536 1589 2589 οἰκείων
1635 2554 1791 2607 χαρι-

197 2620 434 2687 σμάτων
485 2621 548 2674 τὸ
593 2622 817 2693 Πνεῦμα
873 2624 1236 2693 προάγεσθαι,
1286 2625 1335 2678 εἰ
1391 2626 1458 2679 ὲκ
1508 2626 1603 2680 τοῦ
1659 2628 1790 2682 Υἰοῦ

195 2710 483 2780 προῆκται
522 2712 654 2764 αὐτὸ
696 2712 771 2776 ὡς
800 2713 1024 2784 Πνεῦμα
1064 2714 1196 2767 Υἱοῦ
1222 2731 1237 2745 ’
1270 2717 1329 2768 ὲν
1370 2708 1416 2783 ᾧ
1442 2716 1551 2786 γὰρ
1584 2719 1792 2784 ἐκεῖνος

197 2801 338 2870 περὶ
378 2800 474 2853 τοῦ
537 2800 805 2870 παναγίου
852 2802 1168 2873 Πνεύματος
1194 2805 1599 2875 ’συνεγράψατο
1648 2807 1791 2876 λόγῳ

198 2889 380 2954 οὕτως
408 2890 504 2944 ἐπὶ
544 2891 742 2959 λέξεων
793 2893 933 2963 ἔφη’
972 2893 1047 2949 Τὸ
1081 2894 1325 2963 Πνεῦμα
1370 2896 1436 2948 τὸ
1471 2896 1646 2965 ἅγιον
1676 2898 1791 2965 τὴν

195 2982 316 3049 μὲν
347 2983 547 3053 φύσιν
581 2983 757 3037 ἐστὶν
783 2985 1144 3052 ἀδιαίρετον,
1172 2986 1277 3040 ἅτε
1300 2985 1371 3039 δὲ
1392 2987 1792 3055 τῆς-’ἁδίαιρέ-

198 3090 307 3126 του
339 3073 444 3125 καὶ
474 3073 801 3142 ἀμερίστου
821 3075 1062 3143 φύσεως
1105 3078 1423 3145 προελθόν.
1464 3080 1683 3147 Ὄνομα
1721 3078 1791 3132 δὲ

195 3166 391 3221 αὐτοῦ
430 3167 673 3236 Πνεῦμα
710 3168 903 3238 ἅγιον,
934 3169 1177 3238 Πνεῦμα
1202 3171 1511 3238 ἀληθείας,
1547 3173 1790 3242 Πνεῦμα

986 424 1430 559 ’ΒΕΕΗΤᾸΤΙΟ
1470 469 1843 533 PHOTIANI
1887 469 2102 530 LIBRI
2146 469 2240 529 DE
2288 469 2600 531 SPlRlTU
2640 469 2702 530 S.

1820 586 1873 643 A

3371 440 3483 534 sos

2464 575 2900 634 REFUTATIO.
3430 616 3441 627 .
3588 578 3599 586 ’

1970 690 2140 746 XXV.
2176 690 2231 748 Si
2263 693 2315 746 in
2352 708 2517 747 unum
2553 692 2918 762 eumdemque
2952 706 3175 747 sensum
3205 692 3476 763 accipitur
3530 763 3544 775 .

1897 796 2097 838 nomen
2127 782 2384 852 Spiritus.
2413 791 2527 837 tum
2556 783 2778 853 quando
2822 783 3060 853 Spiritus
3097 782 3223 838 Filii
3255 783 3480 853 dicitur,

1895 885 2013 931 tum
2052 876 2272 945 quando
2294 874 2533 946 Spiritus
2562 876 2932 947 intelligentiae
2962 886 3015 931 et
3035 875 3275 946 Spiritus
3306 879 3489 933 scien-

1897 969 2073 1024 tiae'et
2099 967 2337 1039 Spiritus
2366 969 2679 1025 dilectionis
2711 969 3053 1040 aliorumque
3078 971 3472 1026 charismatum

1895 1060 2207 1129 appellatur
2234 1101 2251 1127 ,
2296 1060 2629 1117 ratiocinare
2674 1070 2730 1116 et
2756 1071 2845 1127 tu,
2877 1063 2970 1131 qui
3014 1078 3236 1118 sensum
3270 1062 3486 1119 Christi

1900 1155 2103 1211 habere
2149 1154 2437 1225 gloriaris,
2468 1158 2696 1211 necesse
2729 1157 2966 1227 quodam
3017 1159 3182 1212 modo
3208 1173 3334 1214 esse
3357 1199 3372 1224 ,
3425 1166 3488 1212 ut

1894 1245 1989 1316 qui
2016 1246 2203 1301 dicunt
2227 1245 2491 1315 Spiritum
2515 1261 2579 1301 ex
2604 1243 2761 1311 Filio,
2780 1246 2909 1317 quia
2932 1246 3055 1302 Filii
3085 1248 3303 1316 dieitur,
3322 1249 3489 1304 etiam

1893 1353 1959 1392 ex
1997 1338 2351 1409 intelligentia
2395 1346 2451 1394 et
2508 1353 2576 1392 ex
2606 1337 2877 1394 donorum
2922 1339 3306 1399 distributione
3335 1352 3391 1398 et
3422 1359 3492 1399 ex

1893 1430 2107 1485 caeteris
2164 1430 2570 1500 operationibus
2617 1439 2675 1486 et
2716 1431 3005 1487 virtutibus
3044 1434 3300 1489 eumdem
3360 1449 3484 1491 esse

1893 1519 2188 1575 altirment.
2247 1520 2306 1577 Si
2338 1537 2472 1578 vero
2531 1524 2816 1578 nominum
2863 1523 3166 1579 differentia
3221 1525 3492 1596 ejusmodi

1892 1614 2236 1669 ratiocinium
2288 1616 2477 1671 evertit
2525 1657 2542 1681 ,
2606 1618 2717 1671 imo
2774 1617 2947 1684 magis
3013 1617 3438 1687 paralogismum
3475 1661 3489 1683 ,

1892 1719 2055 1775 quam
2111 1704 2181 1760 ob
2211 1720 2433 1762 causam
2486 1708 2624 1760 divis
2672 1708 3006 1763 contradicis
3061 1706 3361 1770 Patribus.
3395 1706 3489 1779 qui

1891 1809 1988 1864 per
2012 1793 2210 1849 Filium
2239 1806 2292 1851 et
2319 1812 2384 1852 ex
2412 1797 2553 1852 Filio
2586 1797 2850 1867 Spiritum
2883 1814 3005 1856 esse
3029 1800 3287 1856 dixerunt
3317 1840 3332 1863 ,
3360 1803 3491 1872 quia

1893 1886 2035 1954 apud
2085 1886 2313 1941 Paulum
2384 1890 2697 1959 apostolum
2744 1890 2988 1960 Spiritus
3040 1891 3165 1945 Filii
3222 1894 3492 1948 vocatur?

1903 1974 1972 2030 Et
2009 1991 2079 2032 ne
2131 1977 2338 2034 diutius
2380 1978 2435 2032 in
2485 1979 2782 2035 refellendo
2828 1982 3103 2051 ejusmodi
3155 1982 3494 2052 sepltisma.e

1901 2069 2181 2138 immorer,
2215 2086 2385 2141 pauca
2420 2072 2666 2141 quaedam
2698 2076 2970 2143 proferam
3020 2091 3084 2129 ex
3114 2075 3493 2147 Chrysostomi

1903 2160 2126 2227 verbis,
2162 2176 2286 2229 quze
2344 2162 2437 2218 ille
2494 2164 2722 2234 pratulit
2763 2164 2828 2218 ad
2882 2166 3277 2221 ostendendam
3312 2167 3491 2222 nomi-

1902 2268 2033 2305 num
2089 2252 2335 2322 Spiritus
2383 2254 2778 2326 diﬂerentiam,
2806 2258 2949 2311 unde
2999 2258 3280 2327 sophisma
3328 2261 3492 2329 plane

1901 2357 2161 2398 eversum
2191 2352 2246 2397 et
2268 2345 2543 2400 sublatum
2577 2356 2661 2401 est
2692 2348 2759 2402 iis
2789 2350 2882 2416 qui
2915 2350 3248 2405 concludere
3274 2352 3487 2417 volunt,

1903 2437 2069 2490 etiam
2110 2453 2174 2492 ex
2211 2440 2453 2509 propriis
2504 2440 2623 2495 suis
2650 2440 2812 2497 donis
2856 2441 3120 2510 Spititttm
3174 2448 3488 2515 procedere.

1900 2531 1947 2585 si
1983 2544 2014 2583 a
2053 2528 2195 2586 Filio
2219 2533 2294 2585 sit
2327 2533 2632 2602 productus
2656 2535 2968 2591 censendus
2999 2547 3056 2590 ut
3090 2548 3216 2608 pote
3247 2540 3491 2609 Spiritus-

1905 2616 2029 2671 Filii
2056 2636 2078 2672 ι
2112 2619 2209 2674 Ille
2239 2622 2385 2674 enim
2439 2622 2579 2675 libro
2602 2661 2617 2686 ,
2666 2638 2829 2690 quem
2876 2625 2943 2676 de
2973 2626 3328 2681 sanctissimo
3360 2629 3492 2699 Spi-

1896 2711 2006 2764 ritu
2056 2713 2431 2782 conscripsit.
2486 2714 2572 2769 his
2640 2715 2777 2784 ipsis
2826 2718 3009 2772 verbis
3064 2719 3134 2773 ita
3196 2720 3438 2790 loquitur
3472 2741 3491 2778 :

1897 2801 2129 2872 Spiritus
2187 2816 2404 2859 sanctus
2464 2791 2639 2875 quoad
2684 2819 2934 2862 naturam
2965 2822 3043 2864 est
3089 2813 3488 2882 inseparabilis,

1902 2901 2084 2960 utpote
2148 2910 2213 2947 ea:
2274 2895 2622 2963 inseparabili
2682 2907 2731 2950 et
2764 2898 3076 2954 indirisibtli
3132 2913 3328 2957 natura
3361 2921 3490 2974 pro-

1896 3000 2109 3054 gressus
2132 3000 2155 3050 ;
2185 3002 2374 3041 nomen
2410 3004 2531 3041 vero
2562 2988 2677 3055 eius
2711 2988 2785 3057 Sp
2799 2992 2950 3044 ’ritus
2980 3005 3218 3057 sanctus,
3252 2995 3488 3067 Spiritus

1897 3079 2134 3131 veritatis
2160 3122 2173 3143 ,
2206 3077 2439 3146 Spiritus
2478 3080 2610 3146 Dei,
2651 3078 2884 3150 Spiritus
2948 3084 3195 3151 Domini,
3249 3088 3490 3158 Spiritus

1898 3166 2109 3234 Patris,
2163 3167 2401 3239 Spiritus
2460 3170 2610 3237 Filii,
2652 3171 2884 3240 Spiritus
2924 3175 3145 3233 Christi.
3201 3177 3332 3234 Harc
3364 3189 3489 3235 sunt

195 3255 302 3308 τοῦ
346 3256 523 3322 Θεοῦ,
561 3257 805 3326 Πνεῦμα
832 3259 1074 3325 Κυρίου,
1119 3259 1361 3329 Πνεῦμα
1399 3260 1506 3314 τοῦ
1535 3263 1787 3330 Πατρὸς,

1899 3262 2117 3313 nomina
2158 3272 2358 3316 sancta:
2395 3270 2445 3314 et
2486 3265 2793 3332 purissima:
2832 3267 3043 3320 virtutis
3074 3272 3249 3323 sancti
3279 3281 3326 3324 ιιι
3357 3274 3488 3326 ado-

192 3349 449 3419 Πνεῦμα
504 3350 613 3403 τοῦ
674 3349 832 3415 Υὶοῦ,
892 3350 1136 3420 Πνεῦμα
1174 3352 1552 3424 Χριστοῦβ).
1592 3354 1781 3409 Ταῦτα

192 3441 266 3493 τὰ
313 3426 598 3509 ὀνόματα
630 3439 742 3509 τῆς
783 3441 959 3510 ἁγίας
998 3440 1098 3494 καὶ
1129 3440 1437 3510 ἁχράντου
1483 3442 1796 3512 δυνάμεως

193 3533 302 3586 τοῦ
340 3534 519 3601 ἁγίου
543 3532 675 3586 ἐστὶ
713 3533 811 3586 καὶ
841 3534 1272 3601 προσκυνητοῦ
1310 3535 1661 3604 Πνεύματος
1695 3536 1799 3607 (5).

197 3624 378 3678 Ἔστι
406 3624 474 3676 δὲ
512 3625 673 3678 ἄλλα
711 3626 999 3694 ὀνόματα,
1041 3623 1079 3679 d
1110 3627 1184 3678 οὐ
1227 3624 1674 3696 προσγράφεται
1717 3625 1800 3691 τῷ

193 3716 346 3785 ἁγίῳ
404 3717 725 3785 Πνεύματι,
778 3718 942 3771 ἀλλὰ
982 3715 1055 3784 τῇ
1102 3716 1352 3786 δυνάμει
1402 3718 1503 3772 καὶ
1532 3719 1802 3788 ἐνεργείᾳ

192 3808 411 3872 αὑτοῦ,
444 3804 575 3862 οἷον
596 3813 654 3863 αι
692 3809 902 3878 δωρεαὶ
936 3808 1158 3862 αὑτοῦ·
1188 3812 1342 3878 λέγω
1366 3810 1434 3863 δὲ
1460 3810 1557 3865 καὶ
1597 3825 1788 3878 προσ·-

190 3901 609 3971 διασσρηνίζω
634 3902 749 3967 τὴν
783 3903 1032 3956 ἔννοιαν
1059 3905 1157 3956 nal
1193 3903 1395 3970 ἐπάγω
1426 3903 1539 3969 τὴν
1565 3920 1791 3971 μαρτυ-

186 3996 339 4061 ρίαν
366 3996 444 4064 μ)
469 4009 483 4024 ·
518 3996 628 4048 ἐὰν
659 3993 741 4061 δῷ
771 3996 836 4049 τὸ
860 3995 1101 4064 Πνεῦμα
1127 3998 1193 4047 τό
1225 3994 1395 4065 ἅγιον
1421 3993 1649 4062 δωρεάν
1674 4013 1790 4049 τινι

189 4090 277 4157 μὴ
318 4090 529 4157 ἔχοντι
570 4089 817 4157 σοφίαν,
866 4088 951 4157 μὴ
995 4089 1199 4156 ἔχοντι
1235 4088 1486 4156 γνῶσιν,
1511 4087 1671 4142 ἀλλὰ
1706 4086 1789 4153 δῷ

194 4177 360 4243 αὐτῷ
387 4180 589 4247 μόνην
624 4183 835 4231 πίστιν
865 4178 968 4247 (5),
1005 4176 1274 4247 ualsitat
1310 4176 1499 4244 δωρεὰ
1537 4176 1665 4230 ἐκεῖ
1689 4177 1791 4230 καὶ

195 4269 446 4339 Πνεῦμα
494 4271 755 4334 πίστεως
781 4286 794 4300 ·
824 4267 934 4322 ἐάν
976 4287 1068 4334 τις
1111 4268 1267 4337 λάϐῃ
1305 4268 1526 4337 σοφίας
1571 4267 1785 4336 δῶρον,

194 4366 472 4419 καλεῖται
502 4366 535 4432 ἠ
573 4365 759 4432 δωρεὰ
799 4362 1041 4439 Πνεῦμα
1076 4364 1299 4432 σοφίας
1334 4364 1433 4434 (6).
1468 4362 1648 4416 Ὅταν
1694 4380 1786 4429 τις

196 4457 307 4527 ἔχῃ
344 4457 610 4526 χάρισμα
638 4459 895 4525 ἀγάπης,
923 4456 1181 4526 λέγεται,
1233 4457 1321 4509 ὅτι
1348 4455 1590 4525 Πνεῦμα
1634 4455 1783 4525 ἀγά·

195 4566 317 4617 πης
343 4550 472 4617 ἔχει
501 4548 601 4620 (7).
631 4549 739 4604 Καὶ
774 4547 972 4602 πάντα
993 4548 1064 4602 τὰ
1089 4550 1429 4619 χαρίσματα
1456 4549 1561 4604 τοῦ
1588 4552 1779 4603 Πνεύ·

1897 3352 2060 3405 randi
2128 3351 2384 3420 Spiritus.
2449 3352 2585 3408 Sunt
2638 3364 2686 3409 et
2737 3356 2851 3409 alia
2911 3352 3149 3422 nomina,
3198 3378 3316 3432 qua:
3380 3380 3486 3418 non

1896 3444 2241 3497 ascribuntur
2277 3442 2507 3511 Spiritui
2560 3458 2768 3510 sancto,
2799 3452 2890 3503 sed
2924 3451 3110 3505 virtuti
3149 3452 3294 3507 illius
3329 3464 3487 3525 atque

1896 3536 2209 3603 operationi,
2247 3546 2301 3588 ut
2331 3548 2453 3590 sunt
2488 3538 2626 3592 dona
2667 3539 2806 3608 ejus.
2847 3541 2976 3594 Dico
3020 3559 3138 3597 vero
3169 3554 3217 3597 et
3270 3546 3486 3616 insuper

1896 3628 2109 3680 dcc/aro
2160 3632 2516 3695 sententiam,
2581 3641 2764 3699 postra
2823 3636 3180 3690 testimonium
3224 3641 3483 3694 subindu-

1897 3728 2103 3773 cturus.
2164 3719 2226 3774 Si
2282 3724 2372 3777 dat
2438 3721 2672 3789 Spiritus
2721 3737 2940 3780 sanctus
3002 3731 3233 3797 cuipiam
3282 3732 3480 3786 donum

1900 3825 2001 3861 non
2032 3810 2245 3864 habenti
2281 3814 2626 3880 sapientiam,
2669 3831 2789 3870 tton.
2811 3818 3027 3872 [tabenti
3057 3820 3358 3887 scientiam,
3391 3827 3484 3879 sed

1896 3902 1989 3954 dat
2023 3901 2126 3968 ipsi
2161 3904 2331 3955 solam
2365 3903 2548 3971 fidem,
2580 3905 2717 3959 illud
2753 3910 2952 3962 donum
2992 3921 3216 3965 vocatur
3265 3924 3313 3967 et
3356 3914 3483 3985 Spi-

1898 3993 2034 4048 ritus
2063 3994 2209 4062 ﬁdei.
2241 3994 2303 4050 Si
2334 3997 2452 4065 quis
2486 3998 2680 4067 accipit
2722 4001 3001 4070 sapientia:
3032 4008 3251 4070 donum,
3287 4007 3483 4060 donum

1897 4086 2031 4139 illud
2095 4100 2319 4141 vocatur
2377 4087 2608 4155 Spiritus
2666 4093 2965 4161 sapientiae.
3036 4095 3097 4150 Si
3157 4102 3273 4168 quis
3329 4099 3485 4154 habet

1897 4174 2095 4228 donum
2136 4175 2437 4229 dilectionis
2466 4218 2480 4241 ,
2521 4177 2721 4231 dicitur
2779 4181 2972 4235 habere
3026 4181 3288 4252 Spiritum
3341 4188 3482 4242 dile-

1899 4270 2116 4322 ctionis.
2148 4271 2215 4323 Et
2251 4269 2429 4321 omnia
2463 4273 2603 4323 dona
2641 4269 2875 4338 Spiritus
2907 4276 3077 4329 sancti
3111 4290 3486 4345 nuttru,.atttur

1894 4360 2149 4430 Spiritus.
2194 4359 2459 4425 Quoniam
2499 4362 2553 4414 id
2607 4366 2746 4431 quod
2793 4365 3029 4419 donatur
3082 4367 3311 4437 Spiritus
3355 4389 3484 4426 sun-

1891 4466 2004 4509 ctus
2063 4463 2179 4517 est,
2237 4464 2455 4506 vocatur
2500 4464 2549 4506 et
2612 4456 2869 4510 donatunt
2925 4461 3163 4528 Spiritus
3235 4477 3477 4529 sanctus,

1888 4560 1937 4602 et
1968 4549 2161 4601 donum
2192 4548 2373 4600 eodem
2409 4549 2617 4602 nomine
2653 4562 2892 4618 vocatur,
2932 4570 3035 4621 quo
3074 4557 3321 4613 donator.

190 4660 387 4717 ματος
415 4643 683 4697 καλεῖται
733 4643 975 4711 Πνεῦμα
1009 4643 1084 4713 (8)
1112 4659 1126 4673 ⁸
1159 4642 1368 4712 ἐπειδὴ
1409 4644 1521 4713 γὰρ
1588 4646 1655 4698 τὸ
1701 4642 2086 4712 δωρούμενον
2113 4644 2177 4697 τὸ
2249 4642 2494 4710 Πνεῦμα
2558 4644 2626 4697 τὸ
2660 4644 2831 4716 ἅγιόν
2894 4649 3047 4716 ἐστι,
3088 4651 3479 4713 καλεῖτοικαὶ

195 4738 263 4789 τὸ
311 4736 700 4805 δωρούμενον
737 4736 981 4804 Πνεῦμα
1032 4734 1224 4805 ἅγιον,
1279 4737 1550 4791 καλεῖται
1587 4736 1685 4795 καὶ
1718 4738 1785 4790 τὸ
1826 4733 2018 4806 δῶρον
2044 4738 2368 4805 ὁμωνύμως
2392 4734 2472 4804 τῷ
2500 4737 2799 4805 χαρίζοντι
2830 4741 2930 4813 (9).

266 4830 431 4885 Οὕτω
461 4830 543 4882 σοὶ
566 4829 754 4899 σαφῶς
779 4828 951 4883 ταῦτα
976 4828 1070 4882 τοῦ
1102 4832 1547 4901 χρυσοῤῥὴμονος
1574 4832 1784 4903 Πατρός

1965 4836 2100 4889 Cum
2139 4835 2255 4890 haec
2282 4836 2465 4907 itaque
2522 4838 2613 4891 tali
2649 4846 2807 4906 pacto
2857 4853 3082 4898 sanctus
3115 4841 3275 4898 Pater
3303 4843 3480 4919 Chry-

195 4922 648 4993 διηυκρινηκότος
698 4923 793 4975 καὶ
854 4921 1321 4992 παραδεδωκότος,
1378 4922 1454 4993 πῆ
1487 4924 1584 4993 μὲν
1636 4924 1785 4977 ἔστιν

198 5016 432 5067 ἀκοῦσαι
462 5012 523 5065 τὸ
550 5012 642 5065 τοῦ
698 5011 1010 5081 Πνεύματος
1054 5013 1226 5081 ὄνομα
1257 5014 1350 5064 καὶ
1378 5013 1570 5082 νοῆσαι
1621 5015 1785 5068 αὑτὸν

198 5107 287 5159 τὸν
330 5104 690 5175 Παράκλητον
718 5104 810 5156 καὶ
842 5104 1087 5155 συνιέναι
1121 5105 1247 5174 περὶ
1274 5105 1445 5175 αὐτῆς
1485 5106 1581 5174 τῆς
1618 5104 1782 5160 αὐτοῦ

199 5199 417 5268 φύσεως
475 5196 726 5268 εἰρῆσθαι
774 5195 833 5249 τὸ
880 5196 1072 5265 ὄνομα,
1107 5196 1184 5265 πῆ
1240 5197 1299 5250 δὲ
1345 5196 1575 5251 ἀκοῦσαι
1624 5199 1786 5252 πάλιν

199 5289 375 5360 ὄνομα
406 5290 719 5359 Πνεοόματος
761 5288 855 5340 καὶ
885 5287 1076 5354 νοῆσαι
1108 5289 1267 5359 χάριν
1297 5290 1418 5341 τινὰ
1447 5287 1785 5359 δηλουμένην

272 5473 347 5539 (l,
384 5472 519 5525 Cod.
566 5470 990 5539 μρευθυόμενος.
1386 5526 1393 5529 _

271 5545 349 5610 t2)
393 5540 516 5595 llazc
556 5543 763 5612 radeni
818 5539 1025 5609 profert
1070 5539 1275 5612 Becrns
1306 5541 1490 5612 Epigr.
1533 5541 1645 5597 Vlll
1682 5542 1778 5598 Gr.

198 5619 341 5665 orllt.
374 5613 427 5681 ill
464 5630 516 5679 ι).
549 5611 761 5676 ὕ97,ιΙρ
786 5625 938 5681 proc.
972 5615 1065 5680 Sp.
1101 5611 1159 5665 S.
1195 5629 1244 5667 c.
1278 5615 1364 5678 ll,
1391 5632 1444 5666 n.
1477 5613 1531 5668 2.
1559 5612 1711 5668 6.0.
1740 5617 1779 5669 l.

197 5696 252 5750 p.
286 5680 393 5737 5:9
423 5682 549 5736 520.

269 5753 346 5819 (ὅ)
407 5750 549 5804 Πίου·
588 5754 775 5807 eadem
824 5765 1128 5822 sequuntur
1176 5752 1423 5822 pluribus
1488 5755 1787 5824 intcrjrctis

198 5817 240 5873 l.
269 5817 493 5893 c.'apud
522 5824 749 5880 Beccnm
777 5824 815 5877 ll
854 5817 915 5892 pf
936 5824 1059 5879 598.
1096 5826 1109 5876 Ι
1149 5817 1202 5893 [ἱ.
1239 5824 1363 5877 5'20.

276 5892 353 5956 H)
394 5894 596 5949 loidem
652 5904 774 5964 post
830 5898 931 5948 alia
980 5894 1018 5947 ll
1064 5910 1115 5964 p.
1152 5892 1283 5951 7599.
1338 5898 1356 5948 l
1408 5912 1456 5965 p.
1508 5896 1631 5950 520.
1662 5895 1788 5952 Post

1895 4935 2171 4981 sostomns
2218 4927 2314 4981 tibi
2359 4927 2675 4984 distinxerit
2719 4941 2774 4984 et
2816 4931 3143 5002 tradiderit,
3181 4937 3482 5007 aliquando

1897 5019 2122 5087 quidem
2158 5027 2242 5071 est
2294 5022 2489 5075 audire
2546 5020 2788 5090 Spiritus
2835 5038 3034 5078 nomen
3064 5038 3119 5081 et
3168 5028 3479 5100 intelligere

1896 5108 2074 5177 ipsum
2128 5107 2474 5164 Paracletum
2532 5121 2698 5183 atque
2728 5113 2970 5182 cogitare
2999 5155 3012 5179 ,
3068 5116 3137 5172 tle
3175 5118 3290 5187 ipsa
3332 5122 3476 5177 illius

1897 5213 2091 5255 natura
2152 5218 2347 5257 nomen
2407 5207 2713 5273 usurpari;
2767 5205 3064 5275 aliquando
3102 5222 3233 5262 vero
3289 5212 3481 5266 audire

1896 5311 2096 5349 ttttmrlt
2157 5295 2393 5366 Spiritus
2447 5306 2505 5352 et
2562 5297 2865 5367 intelligere
2899 5301 3130 5369 gratiam
3183 5303 3479 5372 quamdam

1890 5473 2005 5528 huic
2044 5469 2211 5524 verba
2238 5479 2418 5525 textus
2450 5477 2634 5539 tiosth
2666 5484 2883 5523 rursum
2922 5470 3078 5539 plura
3125 5474 3347 5529 omittit.

1962 5544 2036 5609 (5)
2068 5542 2269 5595 Desunt
2321 5541 2484 5593 verba
2545 5533 2658 5591 οἷόν
2717 5540 2825 5591 εισι
2877 5533 3065 5595 πολλοὶ
3110 5572 3175 5584 -
3228 5548 3320 5597 καὶ
3355 5547 3475 5611 ταῖς

1889 5614 2134 5684 Γραοαίς
2159 5613 2533 5684 πιστεύοντες.

1959 5689 2036 5755 (6)
2075 5688 2201 5755 item
2230 5682 2265 5737 Ι.
2303 5698 2352 5734 C.
2374 5692 2499 5755 post.
2530 5680 2659 5755 alia.

1965 5750 2041 5825 (7')
2078 5752 2137 5806 L.
2182 5766 2230 5807 c.
2266 5768 2320 5825 p_.
2345 5750 2489 5825 _(500.
2529 5750 2545 5825 l
2580 5767 2631 5820 ρ,
2656 5751 2783 5825 321,

1965 5820 2041 5897 (ὅ)
2076 5826 2149 5897 ιιι.
2185 5837 2236 5890 p.
2258 5822 2364 5897 59‘.)
2397 5825 2488 5875 litt.
2530 5820 2544 5872 Ι
2573 5837 2626 5891 p.
2654 5823 2778 5877 ast.

1908 5893 1915 5900 ’
1968 5893 2043 5967 t9)
2082 5896 2156 5949 lb.
2182 5909 2215 5962 p
2262 5895 2387 5947 (500.
