3798 6548
113 473 198 538 8M
858 479 1298 544 REFUTATIO
1338 478 1714 544 PHOTIANI
1754 477 1972 542 LIBRI
2012 479 2111 542 DE
2152 479 2468 542 SPlRlTU
2503 479 2566 542 S.

3258 467 3362 532 810

111 587 261 659 αὐτὴν
324 587 400 659 μὴ
459 589 842 663 συνδιαφέρειν
893 595 1067 668 αὐτῆς
1127 599 1222 654 καὶ
1263 598 1665 670 ⁴συνδιατὲμνε-

1821 597 1956 652 entia
1987 612 2286 655 causarum
2324 597 2444 669 ipsa
2477 607 2700 667 quoque
2747 606 2776 648 a
2828 604 2887 648 se
2916 586 3132 646 diﬂ‘erat
3182 602 3246 642 ac
3277 590 3364 640 di-

113 683 236 737 σθαι.

167 775 251 844 ξδ’.
291 776 414 832 Ἐπὶ
454 778 512 833 δέ
566 796 632 849 γε
673 782 788 845 τοῖς
834 782 1147 854 εἰρημένοις
1197 787 1249 840 ει
1281 787 1390 842 πᾶν
1436 787 1577 860 ὅπερ
1609 789 1670 844 ἓν

108 870 206 924 ἔστι
235 869 330 940 μὲν
357 869 436 939 τῷ
469 869 613 942 Θεῷ,
642 872 743 926 οὐκ
772 874 831 928 ιν
871 876 940 946 τῇ
971 875 1185 948 ἑνότητι
1217 877 1276 932 δὲ
1307 879 1401 934 καὶ
1429 881 1671 954 ὀμοφυΐᾳ

107 961 192 1032 τῆς
236 964 741 1036 παντοκρατορικῆς
789 966 988 1037 δρᾶται
1054 969 1324 1040 Τριάδος,
1370 973 1534 1026 τοῦτο
1579 972 1668 1044 δὴ,

107 1052 241 1107 τοῦτο
269 1051 480 1116 πάντως
513 1053 635 1117 ἑνός
663 1055 779 1108 ἐστι
819 1054 929 1109 τῶν
961 1057 1168 1127 τριῶνο
1195 1061 1229 1126 ἡ
1274 1059 1332 1114 δὲ
1367 1059 1462 1112 τοῦ
1497 1060 1665 1114 Πνεῦ-

109 1161 258 1214 ματος
298 1145 626 1213 ὲκπόρευσις
655 1146 758 1200 οὐκ
807 1145 928 1201 ἔστι
971 1148 1072 1220 τῆς
1105 1151 1164 1204 ὲν
1207 1152 1277 1222 τῇ
1311 1151 1503 1223 Τριάδι
1537 1151 1671 1206 Osto-

108 1238 351 1312 ῳυμένης
407 1238 728 1310 ὑπερφυοῦς
782 1241 986 1306 ἐνάδος,
1026 1243 1147 1307 ἑνὸς
1198 1244 1309 1314 ἄρα
1359 1245 1456 1299 καὶ
1505 1247 1670 1315 μόνου

105 1334 204 1387 ἐστὶ
230 1332 334 1385 τῶν
356 1332 548 1401 τριῶν.
578 1334 878 1406 Προσέχειν
908 1335 970 1390 δὲ
991 1337 1074 1390 δεῖ
1100 1338 1195 1392 καὶ
1225 1341 1294 1410 τῇ
1321 1337 1548 1412 τοιαύτῃ
1573 1339 1668 1394 τοῦ

101 1426 239 1494 λόγου
265 1424 551 1494 διασκέψει
571 1443 586 1456 ·
608 1428 658 1479 εί
694 1427 807 1498 γὰρ
836 1428 1200 1500 ἐκπορεύεται
1229 1433 1330 1502 μὲν
1353 1435 1415 1486 τὺ
1441 1429 1670 1503 Πνεῦμα

103 1519 187 1572 τοῦ
217 1517 364 1584 Υἱοῦ,
395 1519 495 1590 οὐχ
529 1519 760 1591 ὕστερον
789 1521 848 1576 δὲ
884 1522 1010 1577 οὐδὲ
1043 1524 1312 1595 πρότερον
1335 1525 1485 1597 ἤπερ
1509 1527 1671 1591 αὐτὸς

101 1611 332 1681 γεννᾶται
386 1613 452 1665 ἐκ
501 1610 599 1664 τοῦ
644 1613 860 1684 Harpe:
910 1613 1008 1686 (ὡς
1057 1615 1398 1687 πορρωτάτω
1445 1617 1558 1689 γὰρ
1601 1618 1671 1674 τὰ

103 1703 304 1774 χρονικὰ
342 1703 520 1757 ταῦτα
549 1707 922 1777 προσρήματα
964 1708 1064 1777 τῆς
1116 1709 1436 1780 ὐπεραῖδίου
1468 1711 1672 1782 Θεότη-

100 1811 194 1857 τος,
224 1795 280 1846 ιν
310 1792 388 1864 τῷ
427 1794 728 1861 γεννᾶσθαι
754 1795 848 1848 τὸν
900 1796 1030 1851 Υίὸν
1080 1798 1144 1852 ἐκ
1191 1799 1286 1852 τοῦ
1341 1800 1580 1870 Πατρδς,
1613 1803 1671 1855 εν

97 1883 252 1954 τούτῳ
293 1883 398 1954 ἄρα
427 1875 492 1938 τὸ
532 1884 760 1957 Πνεῦμα
810 1887 1176 1959 ἐκπορεύεται
1224 1887 1321 1944 τοῦ
1378 1891 1534 1960 Υίοῦ)
1558 1908 1575 1924 ο
1618 1892 1667 1946 εί

102 1975 180 2030 οῦν
201 1977 255 2028 ὲν
284 1968 329 2043 ᾧ
353 1976 445 2030 διὰ
487 1979 804 2048 γεννήσεως
848 1980 1102 2052 πρόεισιν
1133 1983 1162 2036 ὀ
1197 1981 1346 2047 Υιδς,
1382 1983 1443 2037 ἐν
1489 1983 1668 2054 τούτῳ

100 2069 157 2122 δι’
178 2068 552 2140 ἑκπορεύσεως
585 2071 819 2141 προάγει
850 2071 911 2126 τὺ
960 2073 1210 2145 Πνεῦμα,
1242 2075 1338 2129 καὶ
1372 2076 1668 2147 προάγοντι

96 2181 145 2218 τε
174 2165 260 2218 καὶ
314 2165 682 2236 προαγομένῳ
729 2168 1127 2237 συνυφίσταται
1175 2169 1356 2243 (τοῦτο
1407 2175 1518 2244 γὰρ
1563 2174 1666 2244 τῆς

101 2255 308 2335 ἀσεϐοῦς
343 2257 627 2330 ἑνσπορᾶς
659 2257 722 2313 τὸ
754 2258 1049 2331 γεώργιον)
1069 2278 1085 2295 ’
1126 2263 1184 2316 ἐν
1204 2257 1250 2332 ᾧ
1278 2263 1388 2334 ἄρα
1412 2268 1666 2335 γεννᾶται

95 2333 278 2412 ὸΥἱὸς,
313 2349 514 2418 ἐπίσης
546 2350 615 2404 ἂν
661 2351 749 2420 εῐη
789 2351 851 2405 τὸ
887 2352 1116 2422 Πνεῦμα
1146 2357 1244 2408 καὶ
1287 2333 1666 2431 συγγεννὼμε-

97 2455 172 2491 νον
195 2439 268 2508 τῷ
298 2438 414 2509 Υίῷ
448 2439 546 2492 καὶ
599 2439 1040 2511 ἐκπορευόμενον
1079 2443 1139 2511 ἐξ
1180 2443 1376 2499 αὐτοῦ’
1422 2445 1564 2501 ὥστε
1603 2448 1666 2502 τὸ

99 2529 303 2600 Πνεῦμα
328 2531 590 2602 γεννητόν
621 2550 682 2586 τε
718 2533 836 2605 ἅμα
861 2535 958 2589 καὶ
999 2537 1332 2608 ἑκπορευτόν
1356 2556 1372 2572 ο
1404 2541 1666 2613 γεννητὸν

102 2621 207 2690 μὲν,
233 2622 311 2675 ὅτι
339 2621 419 2693 τῷ
450 2621 568 2692 Υἱῷ
595 2625 924 2696 γεννωμένῳ
967 2628 1353 2699 συμπρόεισιν,
1395 2631 1664 2702 ἐκπορευ-

95 2713 175 2766 τὸν
213 2713 292 2779 δὲ,
320 2713 400 2767 ὅτι
445 2713 643 2786 διπλῆν
672 2714 937 2786 ὑπομένει
974 2719 1076 2789 τὴν
1101 2719 1464 2791 ὲκπόρευσινθ
1503 2717 1580 2778 ὧν
1610 2725 1664 2779 τί

93 2803 150 2855 ἂν
175 2803 450 2875 φωραθείη
483 2805 622 2876 πρὸς
652 2804 913 2862 άσέσειαν
940 2806 973 2879 ἢ
1013 2809 1150 2881 πρὸς
1183 2814 1384 2884 μανίαν
1413 2814 1666 2886 χαλεπώ-

89 2911 262 2966 τερον;

151 3082 245 3150 Ee'.
288 3085 454 3160 Ὁρᾷς
477 3105 573 3144 σου
617 3089 692 3146 τὰ
747 3092 1064 3164 σοφίσματα
1115 3095 1211 3150 καὶ
1267 3094 1377 3150 τῶν
1407 3097 1660 3169 χρήσεων

87 3176 175 3247 τὴν
197 3182 570 3254 παράχρησιν,
593 3185 674 3249 είς
698 3181 814 3240 οἷόν
839 3203 900 3239 σε
931 3185 1126 3257 βόθρον
1150 3186 1359 3259 πλάνης
1386 3188 1483 3242 καὶ
1504 3190 1660 3245 άπω·

1694 1943 1744 2004 Β

1769 691 2076 746 scindatur.

1850 782 1943 838 δι.
1991 781 2199 838 Practer
2244 789 2428 839 autem
2469 780 2582 853 jam
2632 779 2780 838 dicta
2809 817 2826 846 ,
2896 775 2942 833 si
2993 773 3363 846 quodcunque

1774 873 1926 930 inest
1956 873 2180 941 quidem
2230 873 2344 932 Deo
2367 915 2384 941 ,
2436 888 2545 930 non
2578 881 2762 928 autem
2801 870 2855 926 in
2887 868 3101 924 unitate
3134 875 3190 922 et
3223 879 3360 920 cono

1771 967 2251 1024 substantialitate
2299 965 2700 1037 omnipotentis
2753 961 3002 1019 cernitur
3044 957 3358 1023 Trinitatis,

1773 1059 2021 1132 idgplane
2057 1061 2224 1116 unius
2267 1071 2355 1117 est
2405 1058 2573 1114 trium
2618 1069 3022 1128 personarum;
3076 1049 3362 1124 processio

1770 1169 1906 1210 vero
1947 1154 2193 1225 Spiritus
2227 1167 2340 1208 non
2375 1151 2498 1222 ejus
2528 1161 2614 1207 est
2645 1149 2891 1205 miriﬁca
2928 1144 3157 1202 unitatis
3182 1184 3200 1210 ,
3240 1158 3364 1214 quas

1769 1246 1827 1302 in
1862 1243 2139 1302 Trinitate
2186 1243 2600 1310 consideratur;
2636 1255 2769 1310 ergo
2817 1239 2985 1294 unius
3013 1246 3098 1293 est
3147 1235 3363 1292 solum-

1772 1341 1938 1394 modo
1991 1339 2160 1394 trium
2235 1350 2621 1408 personarum.
2681 1330 3086 1389 Attendendum
3141 1342 3365 1401 quoque

1771 1430 2094 1500 huiusmodi
2131 1428 2562 1486 ratiocinationi.
2617 1427 2675 1483 Si
2712 1425 2952 1496 Spiritus
2988 1439 3021 1478 ιι
3067 1422 3207 1478 Filio
3235 1436 3363 1491 pro-

1773 1522 1954 1592 cedit,
1986 1539 2096 1580 non
2147 1532 2329 1580 autem
2378 1521 2538 1593 prius
2589 1535 2770 1593 neque
2823 1517 3143 1591 posterius,
3191 1531 3357 1587 quam

1772 1615 1892 1684 ipse
1921 1630 1952 1670 a
1987 1613 2155 1674 Patre
2182 1626 2482 1686 generetur
2509 1615 2661 1685 (nam
2693 1629 2866 1684 quam
2893 1611 3213 1682 longissime
3243 1611 3360 1666 inec

1772 1707 2038 1779 temporis
2067 1709 2329 1764 adverbia
2382 1709 2452 1763 ab
2483 1717 2686 1770 aeterna
2722 1706 2939 1764 Deitate
2969 1706 3216 1777 absunt),
3249 1720 3361 1775 quo

1783 1809 2068 1856 momento
2120 1811 2414 1873 generatur
2438 1798 2612 1858 Filius
2651 1816 2687 1857 a
2721 1799 2886 1857 Patre
2913 1838 2930 1866 ,
2976 1814 3043 1856 eo
3075 1814 3208 1856 sane
3237 1797 3360 1870 Spi-

1771 1893 1912 1948 ritus
1964 1909 1997 1949 a
2055 1895 2196 1951 Filio
2250 1897 2530 1966 procedet.
2583 1896 2643 1952 Si
2691 1911 2823 1969 ergo
2872 1896 3006 1952 dum
3052 1911 3149 1966 per
3195 1911 3360 1966 gene—

1772 1986 2044 2043 rationem
2117 1989 2298 2059 prodit
2353 1990 2567 2057 Filius,
2620 1999 2735 2047 tum
2793 2005 2890 2062 per
2947 1991 3378 2061 processionem.

1769 2081 2024 2149 producit
2083 2081 2388 2153 Spiritum,
2446 2095 2766 2155 sequeretur
2837 2085 2987 2140 hunc
3053 2100 3162 2140 una
3231 2101 3354 2139 cum

1773 2169 1917 2228 Filio
1964 2172 2302 2242 producente
2351 2189 2418 2232 ac
2467 2176 2737 2246 producto
2793 2177 3055 2233 constitui
3104 2187 3162 2234 et
3207 2177 3355 2237 exsi—

1768 2271 1917 2320 atere
1947 2264 2019 2336 (is
2048 2267 2194 2322 enim
2224 2267 2408 2339 impia:
2436 2268 2666 2325 sationis
2710 2268 2985 2338 fructus);
3020 2271 3150 2327 dum
3179 2272 3355 2342 igitur

1766 2366 2062 2427 generatur
2093 2357 2305 2427 Filius,
2356 2371 2684 2432 sequeretur
2725 2362 2921 2417 eodem
2957 2362 3186 2419 instanti
3234 2366 3358 2436 Spi-

1767 2447 1936 2504 ritum
1973 2465 2194 2522 quoque
2230 2467 2336 2507 una
2372 2468 2496 2509 cum
2531 2453 2671 2509 Filio
2703 2455 2955 2524 generari
2985 2464 3040 2512 et
3063 2457 3134 2512 ab
3163 2459 3355 2516 eodem

1765 2543 2105 2611 procedere;
2150 2558 2322 2614 quare
2372 2543 2614 2615 Spiritus
2660 2556 2955 2618 generatus
3005 2549 3170 2606 simul
3207 2552 3358 2608 exsi-

1767 2643 1938 2691 steret
1971 2645 2028 2692 et
2058 2637 2370 2707 procedens
2393 2677 2409 2701 ,
2455 2649 2748 2709 generatus
2775 2640 2995 2711 quidem
3019 2681 3035 2705 ,
3083 2642 3215 2713 quia
3243 2657 3354 2700 una

1764 2743 1893 2786 cum
1949 2728 2100 2786 Filio
2159 2742 2424 2801 generato
2493 2732 2780 2802 prodiret,
2833 2732 3141 2803 procedens
3196 2750 3354 2804 vero,

1763 2821 1892 2894 quia
1941 2821 2218 2894 duplicem
2272 2830 2558 2895 pateretur
2625 2827 3060 2896 processionem.
3135 2828 3350 2898 Quibus

1763 2911 1899 2982 quid
1933 2912 2083 2968 aliud
2134 2914 2362 2984 reperiri
2417 2924 2585 2987 queat
2633 2919 2950 2990 autmagis
2998 2919 3226 2992 impium
3257 2930 3356 2978 aut

1761 3005 1942 3075 magis
1990 3006 2247 3063 insanum
2273 3007 2298 3061 τ

1781 3139 1788 3147 .
1831 3097 1922 3154 65.
1964 3095 2154 3166 Vides,
2196 3100 2251 3155 in
2279 3100 2496 3172 qualem
2543 3101 2749 3160 erroris
2791 3103 3231 3179 perditionisque
3267 3106 3352 3164 fo—

1758 3205 1916 3248 veam
1962 3205 2056 3249 tua
2088 3201 2142 3250 te
2188 3195 2530 3265 sophismata
2575 3211 2976 3270 sacrorumque
3007 3203 3357 3260 testimonio.

85 3270 226 3338 λείας
259 3273 568 3343 συνιῖιθησε·
602 3279 696 3332 καὶ
723 3279 807 3333 ὅτι
843 3280 924 3343 τὺ,
963 3281 1067 3335 Ἐκ
1112 3279 1222 3335 τοῦ
1263 3281 1415 3351 ἐμοῦ
1460 3282 1657 3352 λήψε-

1821 3303 1889 3342 ιηι
1921 3287 2132 3344 abusus
2165 3289 2578 3357 protruderint;
2623 3291 2796 3358 vides,
2833 3293 2985 3366 quod
3020 3296 3188 3350 verba
3229 3297 3350 3364 illa,

86 3379 191 3430 tat,
215 3367 310 3420 καὶ
330 3367 392 3438 δὴ
415 3369 510 3423 καὶ
529 3372 614 3438 τὸ,
640 3369 1072 3436 Ἐξαπέο-τειλε
1091 3375 1125 3429 ὁ
1150 3374 1298 3441 Θεὸς
1323 3375 1392 3429 τὸ
1410 3375 1676 3446 Πνεῦμα

85 3455 182 3510 τοῦ
215 3457 350 3513 Υιοῦ
381 3460 594 3527 αὐτοῦ,
637 3462 698 3516 οὐ
727 3462 888 3534 μόνον
916 3464 1176 3536 οὐδεμίαν
1223 3469 1554 3540 συνηγορίαν
1587 3471 1656 3540 τῇ

89 3551 148 3617 σῇ
181 3547 394 3622 βλασφή
405 3569 490 3622 μῳ
515 3553 850 3625 παρέχονται
875 3554 1120 3628 γλώσσῃ,
1151 3557 1286 3613 ἀλλὰ
1312 3561 1407 3612 καὶ
1435 3560 1659 3617 πάντων

87 3638 274 3706 μᾶλλον
311 3639 412 3711 τὴν
436 3641 645 3712 τόλμαν
674 3645 845 3716 αὐτῆς
879 3645 1221 3719 διελέγχουσι
1253 3649 1349 3704 καὶ
1372 3649 1475 3723 τὴν
1501 3651 1658 3724 δίκην

84 3730 373 3799 ἐπάγουσιν
397 3733 663 3805 ἄφυκτον.

594 3832 1062 3891 ΑΝΤΙΡΡΗΣΙΣ.

141 3916 286 3985 KQ".
345 3918 490 3973 Πολύ
525 3936 610 3974 σοι
631 3922 697 3974 τὸ
727 3923 861 3994 περὶ
883 3925 984 3988 τὰς
1035 3926 1338 3998 προτάσεις
1365 3928 1442 4002 (i)
1496 3929 1652 3986 ιντε-

79 4023 195 4077 χνον
213 4011 310 4064 καὶ
339 4011 657 4083 περίεργον.
689 4013 826 4070 Ἰδοὺ
845 4016 960 4088 γὰρ
977 4017 1071 4073 τὸν
1093 4017 1222 4073 Υἰὺν
1241 4022 1306 4076 ὲκ
1327 4023 1423 4077 τοῦ
1442 4024 1656 4094 Πατρδς

79 4097 246 4167 λέγων
293 4103 396 4175 οὐχ
445 4104 563 4175 ἅμα
624 4105 744 4177 Υίῷ
794 4107 893 4162 καὶ
929 4109 1032 4182 τὴν
1087 4110 1157 4165 δι’
1215 4113 1383 4168 αὑτοῦ
1421 4115 1656 4180 πρόοδον

77 4189 136 4244 εκ
178 4191 397 4264 Πατρδς
429 4193 613 4264 λέγεις
661 4195 759 4250 τοῦ
799 4198 1121 4270 Πνεῦματος
1149 4243 1166 4268 ,
1213 4203 1342 4257 ἀλλ’
1369 4203 1464 4269 ’ὥς
1510 4223 1658 4272 τινος

77 4286 271 4355 χρόνου
323 4290 392 4361 τῇ
430 4289 668 4360 ὑπάρξει
695 4289 790 4345 τοῦ
817 4291 948 4347 Υἱοῦ
993 4296 1088 4348 καὶ
1137 4296 1466 4368 Πνεῦματος
1501 4315 1662 4368 μεσιιο

75 4378 325 4444 τεύοντος
355 4396 370 4413 ο
425 4381 517 4436 τὸν
546 4383 645 4454 μὲν
674 4383 805 4438 Υίὸν
833 4385 899 4439 ὲκ
922 4385 1017 4440 τοῦ
1048 4387 1269 4458 Πατρὸς
1319 4389 1503 4460 λέγεις
1563 4391 1660 4446 καὶ

75 4469 270 4536 στίζων
285 4472 522 4528 ενταῦθα
543 4475 828 4547 ὲπιφέρεις
845 4493 861 4509 ·
877 4477 938 4531 τὸ
956 4462 1012 4531 δὲ
1039 4479 1346 4551 Πνεῦμαὲκ
1373 4479 1468 4534 τοῦ
1498 4481 1656 4547 Υἰοῦ,

73 4563 144 4627 ὡς
206 4566 269 4633 ἐξ
305 4565 477 4638 ἄλλης
522 4569 667 4639 τάχα
722 4569 924 4642 ἀρχῆς,
965 4571 1055 4625 ἵνα
1101 4589 1185 4625 σοι
1247 4574 1275 4626 ό
1333 4575 1657 4648 πεπλασμέ-

73 4673 160 4721 νος
214 4635 522 4729 γεννηθείη
595 4635 865 4726 ’ῥιωνέξί
903 4635 1048 4717 aur
1105 4665 1228 4720 οὐδὲ
1280 4667 1310 4720 ὁ
1369 4667 1497 4733 rte;
1549 4635 1657 4743 ἰδίᾳ
1688 4635 1733 4691 θ

71 4752 223 4824 παρὰ
272 4752 336 4806 τὸ
380 4749 613 4822 Πνεῦμα
673 4754 739 4808 ὲκ
776 4753 873 4808 τοῦ
935 4755 1152 4828 Πατρός
1207 4757 1378 4822 ἐστιν,
1419 4759 1546 4814 οὔτε
1595 4763 1658 4816 τὸ

69 4843 300 4914 Πνεῦμα
328 4847 394 4899 ἐκ
430 4844 526 4899 τοῦ
553 4845 687 4900 Υἱοῦ
719 4846 795 4910 ὡς
826 4847 887 4913 ἐξ
907 4846 1094 4920 ιάλλης
1130 4851 1286 4922 παρὰ
1313 4850 1408 4905 τὸν
1433 4853 1660 4927 Πατέρα

70 4938 244 5009 ἀρχῆς
273 4940 416 5005 εστι,
459 4940 554 4992 καὶ
586 4938 675 4993 διὰ
702 4939 863 4994 τοῦτο
893 4940 1016 4994 οὐδὲ
1053 4943 1083 4996 ὁ
1141 4943 1534 5016 πεπλασμένος
1574 4964 1658 5003 σοι

66 5033 402 5102 γεγέννηται
433 5031 652 5096 υἱωνός.
676 5032 836 5096 Ἰδοις
865 5032 911 5087 δ’
941 5033 1008 5088 ἂν
1037 5035 1340 5091 κάντεῦθεν
1366 5041 1468 5109 τὴν
1491 5040 1658 5113 ὑπερο

68 5121 230 5195 ϐολὴν
268 5124 373 5195 της
409 5122 687 5194 διαϐολῆς.
735 5125 808 5180 Σὺ
837 5125 941 5197 μὲν
973 5129 1243 5198 προσεχὲς
1270 5129 1366 5184 τοῦ
1398 5132 1660 5204 Πνεῦμα-

64 5231 152 5278 τος
187 5217 375 5270 αἴτιον
401 5214 597 5287 ὥσπερ
620 5216 716 5271 καὶ
741 5217 838 5270 τοῦ
893 5217 1024 5274 Υἰοῦ
1058 5221 1154 5275 τὸν
1208 5222 1432 5295 Πατέρα
1477 5225 1658 5295 λέγων

64 5309 156 5359 καὶ
184 5308 422 5380 άμέσως
453 5309 522 5361 ἐκ
551 5309 648 5362 τοῦ
709 5310 930 5379 Πατρδς
951 5314 1052 5385 τὴν
1077 5312 1174 5367 τοῦ
1212 5315 1538 5386 Πνεύματος
1568 5319 1658 5374 60-

62 5400 244 5466 ξάζων
280 5401 637 5473 ἑκπόρευσιν,
664 5403 925 5459 ἀσέϐειάν
958 5422 1019 5458 τε
1045 5406 1155 5459 τῶν
1199 5407 1496 5480 Ῥωμαίων
1525 5429 1660 5467 κατ-

61 5496 297 5565 ηγορεῖς
346 5497 460 5548 κάκ
523 5494 621 5548 τοῦ
657 5495 791 5550 Υίοῦ
820 5497 1094 5566 λεγόντων
1151 5497 1212 5554 τδ
1248 5501 1498 5574 Πνεῦμα,
1561 5507 1658 5560 καὶ

59 5587 254 5658 πόρρω
286 5589 388 5640 καὶ
417 5588 684 5660 προσεχὲς
714 5589 888 5643 αἴτιον
922 5586 1067 5645 εἶναι
1087 5591 1182 5646 τοῦ
1211 5594 1381 5648 αὑτοῦ
1417 5599 1510 5651 τὸν
1541 5601 1658 5652 Παι-

56 5681 193 5752 τέρα
260 5682 416 5735 κατὰ
471 5682 674 5754 πολλὴν
737 5684 1060 5754 συλλογίζου
1107 5690 1207 5760 τὴν
1233 5689 1441 5746 ἀδείαν.
1503 5691 1562 5746 '0
1599 5692 1657 5746 δὲ

55 5773 289 5847 Nicen;
319 5774 629 5845 Γρηγόριος
673 5777 846 5849 ψευδῆ
876 5781 976 5851 τὴν
1012 5780 1111 5853 σὴν
1143 5782 1495 5839 ἀποδείκνυσι
1523 5786 1658 5856 πρό-

119 5961 200 6035 (I)
238 5963 418 6018 Laur.
454 5964 763 6032 προτέσεις.

314 6059 590 6160 Partica.
621 6062 738 6124 Gn.
778 6061 977 6161 CXLI.

1761 3379 1840 3436 De
1867 3396 1980 3436 meo
2023 3382 2268 3452 accipiet,
2293 3391 2347 3439 et
2377 3399 2392 3437 :
2425 3382 2577 3438 Misit
2605 3383 2745 3438 Deut
2790 3384 3051 3456 Spiritum
3069 3387 3206 3444 Filii
3241 3393 3350 3456 tui,

1760 3485 1873 3527 non
1936 3472 2117 3528 solum
2182 3473 2395 3528 nullum
2456 3477 2827 3546 patrocinium
2901 3479 3166 3534 exhibent
3205 3479 3353 3536 blas-

1756 3561 1970 3633 pltemze
2003 3571 2108 3620 tuae
2135 3564 2360 3636 linguas,
2403 3567 2496 3623 sed
2564 3571 2750 3639 potius
2785 3572 3150 3628 temeritatem
3199 3574 3350 3631 illius

1760 3655 2102 3724 redarguunt
2129 3656 2340 3728 tibique
2383 3659 2661 3729 judicium
2694 3677 2761 3719 ac
2805 3665 3139 3736 supplicium
3171 3666 3350 3723 inevi-

1760 3747 1927 3804 tabile
1963 3762 2276 3808 accersunt.

2321 3842 2617 3902 REFUTA
2630 3847 2776 3908 T10.

1833 3930 2026 3990 XXVI.
2065 3933 2237 3993 Multa
2271 3939 2572 3997 artiﬁciose
2612 3951 2668 3997 et
2714 3943 2936 4001 curiose
2966 3944 3116 4002 circa
3147 3946 3352 4017 princi-

1758 4026 1845 4093 pia
1880 4029 2108 4086 astruis.
2142 4030 2284 4087 Ecce
2328 4032 2476 4088 enim
2507 4034 2639 4090 dum
2665 4035 2866 4092 Filium
2908 4053 2973 4094 ex
3001 4039 3161 4094 Patre
3184 4041 3349 4106 dicis.

1758 4133 1869 4173 non
1897 4120 2062 4176 simul
2098 4137 2222 4178 cum
2257 4123 2400 4180 Filio
2428 4127 2594 4182 etiam
2630 4132 3075 4201 progressionem
3111 4133 3353 4204 Spiritus
3443 4140 3454 4150 ’

1759 4215 1934 4269 sancti
1963 4229 2029 4270 ex
2065 4216 2228 4272 Patre
2260 4233 2356 4290 per
2384 4218 2588 4276 Filium
2620 4223 2852 4288 asseris.
2881 4225 2977 4281 sed
3011 4228 3172 4298 quasi
3213 4237 3354 4283 tem—

1757 4321 1863 4378 pus
1902 4309 2178 4377 quoddam
2220 4301 2366 4368 inter
2398 4311 2787 4373 ex’sistentiam
2831 4317 2956 4374 Filii
2991 4335 3059 4376 ac
3108 4320 3351 4392 Spiritus

1759 4401 1833 4458 sit
1861 4402 2274 4470 intermedium,
2303 4403 2502 4461 Filium
2543 4403 2762 4478 quidem
2796 4423 2864 4465 ex
2909 4409 3075 4467 Patre
3110 4426 3355 4482 pronuna

1759 4495 1866 4552 tias
1889 4505 1943 4551 et
1971 4496 2138 4552 veluti
2171 4507 2435 4570 punctum
2474 4499 2564 4556 hic
2599 4516 2810 4572 ponens
2853 4502 3048 4570 infers,
3081 4503 3348 4575 Spiritum

1761 4602 1890 4645 vero
1934 4605 2000 4645 ex
2055 4589 2198 4647 Filio
2242 4601 2299 4648 ut
2345 4608 2412 4649 ex
2469 4593 2581 4650 alio
2631 4597 2886 4667 pretinus
2933 4597 3228 4670 principio,
3291 4611 3352 4657 ut

1763 4681 1892 4738 inde
1928 4683 2196 4741 conﬁctus
2227 4685 2315 4742 ille
2344 4697 2639 4745 enascatur
2676 4704 2872 4761 nepos.
2927 4687 3128 4748 Verum
3166 4709 3351 4765 neque

1761 4774 1934 4832 Filius
1971 4777 2206 4832 seorsim
2243 4792 2273 4832 a
2304 4778 2510 4852 Spiritu
2534 4797 2600 4838 ex
2628 4777 2792 4838 Patre
2814 4791 2920 4850 est,
2954 4798 3136 4855 neque
3173 4785 3352 4859 Spiri-

1762 4877 1852 4924 tus
1881 4885 1944 4924 ex
1969 4869 2132 4937 Filio,
2151 4879 2212 4928 ut
2229 4887 2294 4928 ex
2323 4872 2432 4930 alio
2463 4882 2661 4945 praeter
2689 4873 2910 4933 Patrem
2944 4878 3255 4951 principio;
3288 4898 3355 4939 ac

1760 4973 2049 5034 propterea
2098 4980 2277 5036 neque
2322 4969 2596 5024 contictus
2645 4985 2676 5025 a
2720 4978 2773 5025 te
2823 4973 3106 5029 enascitur
3155 4989 3349 5046 nepos.

1761 5055 1865 5125 (Ad
1893 5071 1943 5112 c.
1980 5054 2071 5127 62)
2109 5054 2311 5114 Videas
2357 5060 2553 5116 exinde
2579 5077 2802 5134 quoque
2835 5064 3128 5122 calumniae
3158 5082 3351 5124 exces-

1761 5163 1904 5204 sum.
1937 5147 2152 5206 Patrem
2185 5152 2407 5224 quidem
2441 5155 2646 5211 asseris
2669 5171 2795 5212 esse
2830 5159 3136 5228 proximam
3172 5159 3347 5230 Spiri-

1761 5251 1852 5298 tus
1881 5259 2130 5311 causam,
2168 5245 2312 5301 sicut
2357 5255 2414 5303 et
2454 5246 2600 5317 Filii,
2647 5261 2702 5306 et
2748 5251 3062 5309 immediate
3086 5268 3150 5309 ex
3187 5251 3352 5310 Patre

1762 5335 2172 5405 processionem
2233 5335 2474 5405 Spiritus
2531 5342 2708 5396 sancti
2775 5344 2995 5410 statuis,
3047 5343 3350 5415 impietatis

1762 5437 1944 5481 autem
1985 5426 2268 5486 Romanos
2302 5445 2533 5488 accusas
2571 5435 2740 5488 etiam
2793 5448 2858 5506 ex
2891 5431 3032 5489 Filio
3077 5434 3346 5505 Spiritum

1761 5522 2206 5590 pronuntiantes,
2250 5532 2306 5580 et
2347 5533 2616 5580 remotam
2663 5535 2718 5580 et
2746 5527 3054 5596 proximam
3098 5527 3345 5598 ejusdem

1759 5627 1880 5668 esse
1913 5629 2138 5671 causam
2193 5633 2392 5688 magna
2442 5633 2568 5674 cum
2603 5619 2936 5676 conﬁdentia
2976 5620 3348 5680 ratiocinaris.

1759 5707 1828 5762 At
1858 5706 2159 5779 Gregorius
2203 5708 2490 5781 Nyssenus
2527 5711 2727 5768 falsum
2784 5720 2938 5768 tuum
2987 5713 3345 5786 principium,
3375 5727 3407 5762 ς

1761 5801 1909 5872 quod
1947 5803 2082 5859 dicit
2123 5803 2339 5862 Patrem
2372 5805 2680 5878 proximam
2726 5805 2966 5880 Spiritus
2994 5809 3171 5866 sancti
3209 5825 3344 5867 cau-

2896 6084 2972 6147 26
