3798 6602
440 497 501 560 ει
518 497 543 560 1

1463 495 1678 560 JOAN.
1719 494 1939 559 περι
1978 496 2088 562 cp.
2128 497 2638 561 PATRIARGH/E
3559 511 3637 582 312

445 628 588 674 Sum,
617 611 877 677 ostendit,
914 611 1055 667 lihro
1077 610 1256 682 primo
1286 611 1555 668 adversus
1593 610 1926 668 Eunomium
1953 613 2028 668 ita

2137 630 2292 669 τασιν
2356 613 2456 688 τὴν
2527 614 2800 684 λέγουσαν
2846 613 2940 670 τὸν
3001 615 3222 684 Πατέρα
3291 622 3530 693 προσεχὲς
3570 629 3638 682 τοῦ

445 705 703 776 inquiens
735 724 748 759 :
782 704 944 759 Pater
980 705 1192 775 quidem
1221 704 1332 758 sine
1374 704 1635 774 principio
1678 715 1726 760 et
1758 706 2024 776 ingenitus

445 790 803 870 intelligitur;
834 813 898 851 επ
924 813 983 851 eo
1009 799 1131 851 vero
1165 796 1474 853 immediate
1512 807 1561 852 ’et
1597 799 1822 854 indivise
1846 799 2029 870 unige-

425 891 586 946 nitus
635 888 678 943 F
682 891 808 944 ilius
838 903 954 943 cunt
987 889 1150 944 Patre
1176 889 1338 944 simul
1376 891 1734 962 intelligitur;
1775 908 1868 961 per
1889 893 2027 947 hunc

445 992 620 1036 autem
661 992 708 1035 et
743 997 860 1034 cum
909 981 1044 1050 ipso,
1078 991 1368 1053 antequam
1416 983 1597 1038 inanis
1631 993 1680 1038 et
1717 999 1821 1038 non
1851 984 2027 1038 subsi-

443 1083 584 1129 stens
637 1073 692 1128 in
745 1073 920 1128 medio
963 1075 1227 1144 perceptio
1279 1075 1508 1142 incidat,
1553 1076 1741 1131 statim
1791 1073 2026 1146 Spiritus

444 1174 659 1223 sanctus
698 1166 930 1236 jnnctim
963 1167 1282 1237 concipitur.

514 1447 650 1504 Cum
698 1444 866 1516 igitur
912 1445 1218 1516 propositio
1269 1453 1518 1502 statuens
1564 1444 1786 1503 Patrem
1841 1447 2029 1518 proxi-

441 1554 594 1593 mum
657 1536 895 1608 Spiritus
950 1536 1280 1608 principium
1338 1544 1400 1592 ut
1455 1537 1592 1592 falsa
1647 1537 1885 1594 refutata
1933 1539 2026 1604 sit,

445 1631 702 1687 Patribus
775 1632 983 1686 nostris
1057 1631 1328 1703 theoIOgis
1407 1633 1783 1700 contradicts,
1865 1644 2028 1705 quot-

446 1733 582 1792 quot
635 1726 728 1792 pei-
771 1722 975 1777 Filium
1018 1721 1280 1792 Spiritum
1321 1723 1618 1794 procedere
1659 1725 2027 1784 tradiderunt.

440 1813 553 1871 Nec
583 1815 708 1885 quia
762 1815 904 1869 haud
936 1814 1275 1884 proximum,
1319 1817 1431 1883 jam
1465 1826 1740 1872 remotum
1787 1818 2028 1888 Spiritus

442 1907 774 1979 principium
798 1904 1094 1973 e’stPater;
1127 1907 1254 1961 nam
1281 1918 1575 1972 remotum,
1603 1909 1749 1978 quod
1775 1909 2030 1980 proximo

445 2002 763 2070 opponitur,
800 1999 865 2054 a'd
909 2011 975 2054 ea
1027 2008 1265 2070 spectat,
1295 2014 1420 2070 quae
1471 2001 1822 2056 intervallum
1860 2001 2029 2057 deno-

446 2099 564 2146 tant
593 2103 649 2146 et
695 2101 944 2161 tempore
975 2090 1060 2146 vel
1106 2091 1226 2146 loco
1261 2092 1346 2146 vel
1373 2092 1484 2147 alia
1518 2093 1774 2164 quapiam
1822 2095 2032 2149 distan-

443 2186 536 2240 tiae
565 2184 780 2238 ratione
805 2182 870 2237 ad
902 2183 1136 2238 invicem
1166 2182 1542 2239 habitudinem
1577 2189 1661 2240 vel
1691 2187 2025 2255 positionem

444 2278 530 2332 vel
565 2273 1015 2346 coniunctionem
1050 2281 1106 2330 et
1135 2275 1393 2331 unionem
1421 2277 1731 2332 secundum
1759 2279 1936 2349 magis
1967 2293 2032 2336 ac

442 2371 632 2426 minus
666 2370 906 2436 habent;
935 2368 989 2422 in
1021 2377 1215 2422 sancta
1243 2381 1372 2422 vero
1406 2367 1694 2434 Trinitate,
1731 2383 1856 2424 cum
1895 2371 2032 2426 nihil

445 2465 674 2533 cogitari
703 2469 870 2531 queat
915 2459 1154 2515 medium
1199 2458 1344 2513 inter
1375 2457 1590 2514 Patrem
1633 2471 1690 2516 et
1721 2459 1921 2516 Filium
1948 2463 2032 2518 vel

449 2557 688 2609 medium
721 2553 865 2607 inter
903 2550 1100 2606 Filium
1133 2561 1190 2606 et
1235 2550 1522 2621 Spiritum,
1558 2553 1866 2621 proximum
1902 2554 2030 2626 qui-

449 2649 572 2702 detn
623 2646 864 2716 Spiritus
899 2644 1231 2715 principium
1280 2661 1391 2699 non
1440 2645 1646 2700 dicitur
1676 2646 1855 2710 Pater,
1899 2649 2030 2718 quia

453 2755 562 2795 non
609 2739 951 2804 immediate,
985 2740 1078 2794 sed
1130 2754 1226 2807 per
1275 2738 1472 2793 Filium
1520 2755 1587 2792 ex
1630 2739 1748 2808 ipso
1794 2739 2032 2810 Spiritus

447 2833 728 2904 procedit:
776 2847 997 2886 rursum
1047 2847 1178 2886 vero
1227 2840 1499 2886 remotum
1553 2829 1792 2901 Spiritus
1829 2831 2032 2902 princi-

447 2925 598 2996 pium
635 2925 742 2979 di‘ci
775 2926 984 2994 nequit,
1021 2923 1151 2992 quia
1188 2924 1339 2978 nullo
1367 2923 1436 2978 ab
1465 2939 1533 2978 eo
1558 2924 1845 2979 intervallo
1878 2939 2034 2980 arce-

449 3032 542 3074 tur
593 3027 648 3073 et
683 3027 968 3088 separatur
1001 3017 1093 3086 qui
1145 3032 1242 3087 per
1266 3015 1466 3071 Filium
1498 3033 1562 3071 ex
1613 3018 1734 3088 ipso
1763 3018 2030 3088 procedit.

522 3105 759 3165 Videsne
813 3123 1098 3165 excessum
1146 3109 1476 3164 calumniae?
1536 3107 1674 3166 Vide
1721 3120 1777 3166 et
1813 3111 2031 3166 exinde.

2129 705 2451 776 Πνεῦματος
2484 705 2685 773 αἴτιον,
2735 707 2796 761 ὲν
2824 705 2906 778 τῷ
2935 708 3142 779 πρώτῳ
3180 709 3292 762 τῶν
3357 712 3476 781 πρὸς
3517 716 3639 772 BM

2131 813 2254 869 μιον
2299 797 2707 870 ἀντιρρητικῶν
2736 797 2878 853 οὕτω
2907 799 3086 868 λέγων
3117 814 3149 848 ·.
3170 801 3490 870 Πατὴρμὲν
3507 805 3644 879 amp.

2128 908 2240 960 χος
2269 889 2374 946 καὶ
2411 889 2753 962 ἀγέννητοι-
2791 892 3051 951 νοεῐταιο
3088 893 3158 958 ἐξ
3210 896 3396 950 αὑτοῦ
3422 897 3481 950 δὲ
3528 907 3641 957 κατὰ

2128 983 2198 1039 τὸ
2241 985 2545 1055 προσεχὲς
2575 985 2960 1053 ἀδιαστάτως
2991 989 3025 1041 ὁ
3057 986 3397 1058 μονογενὴς
3437 992 3550 1059 Υἱὸς
3589 998 3646 1064 τῷ

2128 1076 2312 1145 Harp!
2341 1076 2793 1133 συνεπινοεῖται
2820 1094 2836 1110 ⁶
2869 1078 2945 1133 δι’
2967 1080 3155 1135 αὑτοῦ
3184 1086 3283 1136 καὶ
3327 1083 3448 1150 μετ’
3501 1088 3643 1144 αὐτοῦ

2127 1169 2272 1236 πρίν
2327 1185 2383 1224 τι
2411 1171 2597 1224 κενόν
2641 1187 2707 1224 τε
2747 1171 2849 1224 καὶ
2894 1172 3327 1229 ἀνυπόστατον
3371 1174 3459 1231 διὰ
3498 1180 3648 1247 μέσον

2129 1261 2540 1331 παρεμπεσεῖν
2584 1263 2805 1334 νόημα.
2839 1264 3043 1332 εὐθὺς.
3071 1266 3174 1320 καὶ
3240 1267 3306 1321 τὸ
3361 1269 3572 1342 Πνεῦμα
3604 1277 3652 1330 τὸ

2128 1351 2303 1423 ἅγιον
2351 1355 2755 1426 συνημμένως
2784 1357 3310 1428 καταλαμϐάνεται
3335 1359 3382 1432 (l
3395 1371 3434 1429 ).

2214 1441 2499 1498 Ἐντεῦθεν
2522 1443 2656 1514 γοῦν
2684 1445 3061 1518 ἑληλεγμένης
3085 1447 3323 1516 ψεύδους
3350 1448 3445 1517 τῆς
3491 1454 3651 1522 προτά-

2131 1551 2273 1599 σεως
2323 1537 2424 1607 τῆς
2489 1535 2759 1608 λεγούσης
2842 1536 2936 1590 τὸν
3009 1539 3234 1608 Πατέρα
3289 1538 3540 1609 προσεχὲς
3583 1543 3654 1596 τοῦ

2130 1627 2452 1698 Πνεὺματος
2477 1629 2675 1694 αἴτιον,
2699 1627 2812 1694 τοῖς
2869 1629 3153 1698 θεολόγοις
3218 1629 3384 1700 ἡμῶν
3427 1631 3655 1696 αὑτὸςάνο

2130 1718 2368 1789 τιλέγεις
2424 1719 2724 1791 Πατράσιν,
2747 1721 2865 1776 ὅσοι
2900 1721 3334 1792 τεθεολογήκασι
3383 1724 3550 1778 esse
3587 1724 3657 1778 τοῦ

2132 1811 2426 1885 Υἱοῦ.οὑχ
2458 1816 2542 1869 ὅτι
2593 1814 2651 1869 δὲ
2693 1814 2770 1887 μὴ
2830 1814 3123 1887 προσεχὲς,
3157 1816 3263 1888 ἤδη
3319 1815 3500 1888 πόρρω
3547 1819 3660 1872 ἐστὶν

2132 1903 2308 1959 αἴτιον
2346 1905 2442 1960 τοῦ
2495 1905 2812 1977 Πνεῦματος
2839 1908 2868 1960 ὁ
2927 1907 3141 1979 Πατήρο
3199 1908 3263 1962 τὸ
3299 1907 3413 1980 γὰρ
3472 1910 3658 1964 distiu-

2133 1996 2488 2068 στελλόμενον
2507 1998 2586 2069 τῷ
2601 1999 2888 2070 προσεχῶς
2911 2001 3105 2072 πόρρω
3126 1999 3235 2055 τῶν
3269 1998 3662 2071 διαστηματικῶν

2131 2089 2373 2145 ἐστικαὶ
2407 2091 2586 2164 χρόνῳ
2628 2093 2661 2164 ἢ
2711 2093 2864 2164 τόπῳ
2918 2094 2952 2166 ἢ
3009 2095 3157 2162 ἄλλῳ
3197 2095 3312 2148 τινὶ
3338 2092 3661 2167 διαστήματος

2129 2181 2274 2252 λόγῳ
2303 2183 2404 2252 τὴν
2461 2185 2599 2255 πρὸς
2635 2183 2846 2256 ἄλληλα
2868 2185 3056 2255 σχέσιν
3082 2185 3114 2256 ἢ
3147 2185 3300 2241 θέσιν
3331 2189 3367 2258 ἢ
3419 2193 3664 2259 συναφεὶαν

2131 2272 2230 2328 καὶ
2287 2274 2487 2330 ἕνωσιν
2547 2278 2696 2333 κατὰ
2731 2277 2794 2332 τὸ
2855 2278 3062 2348 μᾶλλον
3121 2279 3219 2333 καὶ⁵
3252 2274 3421 2350 ἦττον
3447 2281 3656 2352 ἑχόντων·

2131 2365 2226 2420 ἐπὶ
2257 2366 2314 2421 δὲ
2349 2367 2452 2439 τῆς
2493 2370 2659 2438 ἁγίας
2685 2370 2943 2442 Τριάδος,
2965 2370 3089 2424 ἐπεὶ
3124 2371 3278 2426 οὐδὲν
3297 2371 3450 2425 ἐστιν
3495 2375 3668 2442 ἐπινοῆ-

2135 2475 2227 2514 σαι
2265 2463 2433 2532 μέσον
2463 2462 2679 2532 Πατρὺς
2721 2463 2818 2517 καὶ
2861 2461 2989 2516 Υιοῦ
3044 2463 3076 2534 ἢ
3117 2465 3293 2534 μέσον
3343 2465 3471 2518 Υῐοῦ
3504 2482 3556 2519 τι
3599 2470 3666 2521 καὶ

2135 2550 2480 2621 Πνεὺματος,
2527 2551 2798 2621 προσεχὲς
2859 2551 2960 2622 μὲν
2991 2551 3164 2605 αἴτιον
3227 2552 3294 2605 οὑ
3356 2551 3562 2621 λέγεται
3601 2555 3671 2607 τοῦ

2131 2640 2454 2711 Πνεὺματος
2488 2642 2518 2696 ὁ
2557 2643 2748 2714 Πατὴρ
2785 2641 2875 2696 διὰ
2926 2643 2986 2696 τὸ
3022 2644 3101 2714 μὴ
3145 2644 3396 2714 ἀμέσως.
3436 2644 3563 2699 ἀλλὰ
3605 2646 3671 2699 διὰ

2131 2733 2225 2789 τοῦ
2258 2733 2392 2787 Υἰοῦ
2423 2735 2484 2787 τὸ
2510 2734 2740 2804 Πνεῦμα
2771 2734 2830 2802 ἐξ
2862 2735 3028 2789 αὑτοῦ
3057 2737 3489 2807 ἑκπορεύεσθαι’
3519 2738 3670 2808 φεύγει

2131 2826 2189 2879 δὲ
2225 2827 2392 2882 πάλιν
2436 2827 2498 2880 τὸ
2537 2827 2797 2896 λέγεσθαι
2849 2827 3043 2899 πᾶρρω
3107 2829 3205 2882 τοῦ
3263 2829 3576 2901 Πνεῦματος
3613 2833 3675 2884 ai-

2131 2935 2250 2972 τιον
2271 2919 2360 2973 διὰ
2389 2919 2452 2972 τὸ
2503 2919 2701 2991 μηδενὶ
2745 2920 3089 2990 διείργεσθαι
3143 2921 3317 2974 αὑτοῦ
3384 2923 3678 2993 διαστήματι

2137 3009 2198 3064 τὸ
2227 3009 2316 3064 διὰ
2349 3009 2445 3064 τοῦ
2477 3010 2612 3064 Υἱοῦ
2652 3012 3091 3082 ἐκπορευόμενον
3117 3013 3175 3080 ἐξ
3210 3015 3409 3070 αυτοῦ.

2215 3103 2384 3173 Ὁρᾷς
2399 3102 2500 3170 τῆς
2521 3100 2777 3172 διαϐολῆς
2806 3103 2907 3173 τὴν
2934 3105 3281 3175 ὑπερϐολήνς
3321 3109 3464 3178 Ὅρα
3492 3108 3683 3162 κάντεῦο

449 3204 530 3258 Tu
569 3204 793 3274 quidem
827 3203 1136 3258 divinarum
1193 3217 1486 3282 causarum
1521 3202 1857 3259 dim-renuas
1888 3203 2032 3259 emn-

2138 3195 2230 3249 θεν
2250 3235 2264 3250 .
2297 3195 2371 3248 Σὺ
2405 3194 2508 3264 μὲν
2537 3194 2804 3266 διαφορὰς
2834 3195 3176 3267 θεουργικῶν
3245 3201 3448 3255 αἰτίων
3495 3203 3684 3255 «tam

449 3314 586 3368 gens
650 3297 961 3354 ditferentes
1021 3296 1185 3351 etiam
1261 3294 1585 3366 hypostases
1639 3295 1895 3352 constitui
1952 3294 2032 3351 ai-

2140 3301 2300 3355 μενος
2341 3285 2639 3356 διαφόρους
2665 3287 2891 3350 καὶτὰς
2927 3289 3262 3356 ὑποστάσεις
3324 3295 3692 3364 συναπαρτιζεο

443 3393 636 3448 ﬁrmas
691 3400 740 3446 et
801 3391 1097 3447 seissioues
1181 3389 1481 3445 individua:
1533 3397 1586 3444 et
1651 3389 1917 3460 simplicis
1974 3398 2032 3446 et

2137 3377 2260 3430 σθαι
2287 3375 2470 3445 λέγεις
2506 3380 2602 3431 καὶ
2635 3379 2811 3448 τομὰς
2833 3380 2932 3450 τῆς
2986 3382 3238 3452 ἀτμήτου
3286 3386 3389 3438 καὶ
3422 3384 3589 3455 ἁπλῆς
3615 3386 3685 3436 καὶ

440 3483 748 3555 singularis
797 3484 1034 3553 Spiritus
1073 3491 1280 3536 naturze
1316 3482 1582 3552 consequi
1613 3492 1667 3538 et
1712 3483 1766 3537 iu
1810 3483 2028 3539 diversa

441 3575 696 3628 eamdem
731 3572 1047 3643 hypostasin
1100 3571 1290 3626 referri
1339 3572 1639 3641 principia;
1688 3572 1889 3628 veritas
1933 3588 2034 3626 au-

449 3678 558 3720 tem
597 3667 671 3721 ita
719 3681 778 3720 se
823 3665 1025 3718 habet:
1062 3663 1120 3718 Si
1155 3661 1336 3718 Patris
1377 3663 1520 3717 foret
1555 3663 1796 3733 Spiritus
1833 3679 2034 3718 secun-

443 3760 580 3813 dum
635 3757 978 3827 personalem
1033 3755 1423 3825 proprietatem
1477 3753 1680 3822 Patris,
1727 3756 2032 3811 secundum

452 3867 624 3923 quam
658 3866 686 3903 a
723 3848 860 3902 Filio
891 3859 977 3902 est
1004 3849 1321 3911 distinetus,
1358 3861 1466 3902 non
1495 3857 1639 3903 esset
1667 3847 1904 3918 Spiritus
1940 3847 2032 3903 Fi-

450 3946 546 4011 lii;
581 3955 636 3998 et
669 3944 713 3998 si
738 3941 860 3996 Filii
891 3941 1031 3996 {oret
1063 3939 1301 4011 Spiritus
1345 3940 1648 3995 secundum
1684 3941 2032 4007 personalent

453 4034 840 4105 proprietatem
893 4031 1040 4096 Filii,
1076 4028 1379 4086 secundum
1421 4045 1584 4097 quam
1623 4027 1797 4084 Filius
1835 4029 2034 4084 distin-

451 4133 575 4178 ctus
600 4130 683 4177 est
716 4137 746 4175 a
777 4120 958 4184 Patre,
993 4135 1101 4173 non
1132 4128 1281 4173 esset
1316 4117 1558 4188 Spiritus
1593 4115 1791 4173 Patris.
1827 4116 2032 4174 Verum

451 4226 540 4270 est
576 4215 818 4285 Spiritus
858 4211 1040 4267 Patris
1081 4221 1134 4266 et
1182 4209 1419 4279 Spiritus
1465 4208 1586 4264 Filii
1620 4218 1680 4264 ut
1737 4210 1900 4264 unius
1941 4208 2034 4266 Dei

443 4309 725 4378 Spiritus;
776 4315 830 4362 et
883 4306 1145 4375 quoniam
1199 4302 1440 4372 Spiritus
1475 4310 1560 4356 cst
1610 4302 1924 4366 amborum,
1978 4309 2038 4357 ut

454 4401 620 4455 unius
654 4399 748 4453 Dei
785 4397 1046 4467 Spiritus,
1075 4405 1129 4450 et
1161 4409 1228 4449 ex
1263 4394 1531 4449 ambobus
1561 4393 1840 4448 exsistens
1877 4401 1937 4447 ut
1967 4407 2034 4448 ex

447 4509 565 4547 uno
611 4494 721 4546 Deo
756 4491 1012 4556 exsistit;
1063 4498 1117 4543 et
1157 4488 1435 4558 quomodo
1481 4493 1742 4540 caeterum
1798 4483 2035 4553 Spiritus

449 4580 783 4658 sanctusin
841 4579 952 4633 duo
1007 4577 1225 4632 diversa
1273 4575 1544 4646 principia
1596 4573 1827 4628 relatam
1877 4575 2034 4629 habet

2134 3467 2346 3534 ὲνιαίας
2376 3466 2474 3522 τοῦ
2501 3468 2845 3536 Πνεύματος,
2883 3471 3102 3541 φύσεως
3134 3474 3466 3529 ἀκολουθεῖν
3501 3479 3585 3530 καὶ
3627 3479 3687 3538 tl;

2132 3561 2368 3633 διάφορα
2397 3562 2498 3632 τὴν
2529 3563 2702 3625 αὑτὴν
2729 3563 3037 3620 ὑπόστασιν
3100 3567 3482 3639 ἀναφέρεσθαι
3531 3572 3688 3624 αἴτια·

2131 3654 2195 3709 τὸ
2218 3654 2275 3708 δ’
2305 3655 2506 3726 ἀληθὲς
2538 3654 2712 3720 οὕτως
2743 3655 2868 3727 ἔχον
2913 3659 3064 3711 ἐστίν
3084 3675 3098 3689 ’
3133 3660 3195 3714 Et
3253 3661 3351 3714 τοῦ
3382 3663 3594 3731 lla-cpe;

2135 3748 2198 3801 τδ
2232 3748 2463 3816 Πνεῦμα
2500 3749 2644 3803 κατὰ
2682 3748 3056 3820 ὑποστατικὴν
3085 3751 3334 3822 ἰδιότητα
3363 3754 3460 3808 τοῦ
3492 3756 3692 3824 Πατρὸς,

2135 3837 2280 3902 καθ’,
2309 3837 2378 3908 ἢν
2407 3838 2436 3890 δ
2490 3838 2684 3909 Πατὴρ
2728 3837 3048 3894 διέσταλται
3097 3842 3193 3896 τοῦ
3225 3844 3388 3912 Υἱοῦ,
3438 3848 3537 3900 οὑκ
3561 3848 3618 3902 ἂν

2135 3927 2366 4001 Πνεῦμα
2400 3930 2558 3984 Υἰοῦο
2591 3933 2687 3984 καὶ
2718 3934 2766 3986 εἰ
2802 3933 2898 3987 τοῦ
2947 3933 3081 3988 Υἰοῦ
3129 3931 3197 4007 ἦν
3235 3938 3300 3990 τὸ
3321 3939 3557 4008 ’Πνεῦμα
3583 3944 3694 3992 κατὰ

2137 4020 2516 4092 ύποστατικὴν
2563 4022 2802 4094 ἰδιότητα
2851 4025 2946 4078 τοῦ
3011 4026 3162 4094 Υξοῦ,
3219 4028 3346 4082 καθ’
3383 4030 3456 4100 ἣν
3515 4032 3543 4084 ὁ
3595 4030 3696 4093 Τις

2135 4111 2450 4168 διέσταλται
2481 4113 2576 4167 τοῦ
2611 4116 2846 4186 Πατρὸς,
2875 4117 2976 4170 οὑκ
3009 4117 3079 4172 ἂν
3113 4114 3184 4190 ἦν
3213 4121 3450 4191 Πνεῦμα
3477 4123 3685 4193 Πατρός

2135 4202 2254 4256 ἀλλ’
2320 4202 2438 4257 ἐστι
2490 4204 2718 4276 Πνεῦμα
2780 4207 2995 4278 Πατρὸς
3037 4215 3134 4262 καὶ
3188 4211 3425 4283 Πνεῦμα
3457 4214 3605 4282 Υἰοῦ,
3643 4215 3701 4276 ὡς

2137 4293 2256 4359 ὲνδς
2282 4295 2422 4350 Θεοῦ
2442 4296 2670 4367 Πνεῦμα
2695 4315 2711 4330 ο
2751 4300 2849 4352 καὶ
2876 4302 3001 4354 ἐπεὶ
3053 4303 3286 4375 Πνεῦμά
3311 4309 3471 4360 ἐστιν
3504 4308 3698 4375 ἀμφοῖν.

2134 4386 2211 4452 ὡς
2243 4387 2361 4452 ἑνὸς
2395 4387 2530 4443 Θεοῦ
2566 4389 2812 4461 Πνεῦμα,
2842 4393 2938 4446 καὶ
2963 4393 3023 4460 ἐξ
3052 4396 3258 4466 ἀμφοῖν
3285 4397 3546 4469 ὑπάρχον
3572 4399 3638 4462 ὥς
3657 4397 3703 4462 ἐξ,

2137 4481 2258 4560 ἐνὸς
2295 4480 2539 4553 ὑπάρχει
2570 4483 2730 4538 Θεοῦ.
2765 4485 2876 4539 Καὶ
2904 4487 3024 4551 πῶς
3075 4487 3269 4542 λοιπὸν
3318 4492 3407 4554 εὶς
3440 4491 3536 4546 δύο
3579 4493 3702 4545 αἴτια

2138 4574 2472 4645 διαφέροντα
2522 4577 2945 4650 ἀναφερομένην
2995 4582 3112 4652 ἔχει
3149 4583 3251 4653 τὴν
3313 4585 3531 4640 ἑαυτοῦ
3593 4585 3701 4656 μίαν

443 4691 619 4730 unam
663 4674 746 4743 sui
782 4673 954 4742 ipsius
1001 4668 1363 4742 hypostasiu?
1392 4667 1448 4723 Si
1503 4682 1632 4724 vero
1667 4668 1783 4737 ipse
1826 4683 1936 4722 non
1971 4683 2032 4722 ex

2143 4665 2452 4720 ὑπόστασιν
2510 4666 2572 4721 τὸ
2631 4666 2859 4739 Πνεῦμα
2915 4669 2975 4722 τὸ
3018 4671 3214 4739 ἆγιονς
3250 4674 3442 4728 Αὑτοῦ
3473 4675 3531 4728 δὲ
3561 4675 3630 4744 μὴ
3659 4676 3706 4725 ἐκ

455 4769 672 4823 duobus
686 4766 900 4820 exsistit
923 4761 1226 4833 principiis,
1250 4775 1429 4832 neque
1457 4758 1688 4814 diversae
1711 4759 2033 4830 hypostases

441 4873 556 4928 .pro
587 4856 738 4912 inani
771 4867 862 4910 tua
896 4871 963 4910 ac
996 4854 1136 4909 futili
1173 4854 1434 4922 opinione
1467 4849 1901 4917 constituentur,
1938 4867 2032 4908 ne-

457 4966 561 5019 que
593 4950 764 5004 sectio
792 4947 1042 5018 quaedam
1088 4945 1379 5000 inducetur
1412 4944 1467 4998 iu
1515 4942 1832 4998 iudivisibili
1864 4945 2034 5012 ipsius

451 5057 710 5113 persona.
750 5040 806 5094 Si
841 5054 970 5094 vero
1017 5047 1073 5092 tu
1113 5036 1340 5090 omnino
1372 5049 1604 5089 necesse
1639 5048 1762 5089 esse
1809 5037 2035 5089 con‘ten-

441 5137 562 5200 .dis,
591 5147 666 5192 .ut
698 5135 808 5190 duo
836 5133 1049 5189 diversa
1101 5128 1337 5199 Spiritus
1387 5134 1716 5182 censeantur
1766 5127 2033 5197 principia

441 5231 614 5284 .Pater
660 5238 715 5282 et
761 5225 962 5289 Filius,
1003 5222 1133 5292 quia
1186 5218 1488 5274 secundum
1549 5203 1862 5288 personales
1912 5233 2037 5287 pro-

446 5324 714 5394 prietates
768 5319 868 5388 ipsi
922 5317 991 5368 ab
1041 5313 1278 5368 invicem
1327 5307 1610 5373 differunt,
1653 5303 1783 5363 eave
1833 5323 1900 5361 ne
1942 5317 2033 5361 tua

452 5411 777 5487 imprudens
828 5407 1123 5463 curiositas
1170 5413 1334 5472 atque
1386 5411 1715 5488 prmpostera
1766 5399 2035 5455 industria

456 5518 507 5564 te
543 5505 808 5576 impellat,
841 5511 899 5554 ut
930 5501 1071 5553 duos
1113 5497 1264 5550 dicas
1300 5495 1434 5549 deos
1470 5493 1686 5547 Patrem
1719 5500 1771 5546 et
1805 5489 2032 5556 Filium,

453 5601 585 5672 quia
612 5596 919 5654 secundum
950 5591 1198 5646 eamdem
1232 5586 1605 5657 personalium
1643 5584 2034 5655 proprietatum

449 5690 821 5752 diﬁcrentiam
871 5686 976 5759 ipsi
1021 5685 1091 5740 ab
1143 5682 1378 5738 invicem
1429 5679 1711 5735 uiderunt.
1763 5678 2036 5735 Atenim-

523 5900 599 5968 (et)
625 5897 704 5952 Ita
745 5894 812 5950 ad
850 5891 1074 5968 ve_rb_um
1110 5887 1389 5968 eunmdcm_
1415 5883 1660 5968 (ἔνθεοι-ξὶί
1699 5893 1909 5943 textum
1943 5887 2038 5944 dat

449 5955 659 6029 Boeotis
693 5972 856 6026 etiam
889 5962 1074 6035 Epigr.
1109 5961 1139 6048 ι⁵
1163 5958 1256 6017 Gr.
1286 5975 1338 6049 ιη
1354 5957 1431 6014 th.
1460 5955 1683 6053 psse.

2143 4751 2237 4810 δύο
2267 4759 2463 4813 αἰτίων
2523 4759 2890 4831 ὑπάρχοντος,
2923 4760 3055 4814 οὔτε
3087 4762 3344 4835 διάφοροι
3395 4767 3705 4827 ὑποστάσεις

2141 4853 2210 4922 τῇ
2249 4850 2395 4904 κατὰ
2421 4849 2483 4903 σὲ
2514 4852 2820 4924 κενοφωνίᾳ
2849 4856 3378 4926 συναπαρτίζονται,
3416 4861 3548 4913 οὔτε
3595 4865 3710 4928 τομή

2129 4958 2225 5016 ¹’τις
2258 4942 2401 4996 κατὰ
2429 4942 2530 5012 τῆς
2549 4941 2801 5014 ἀτμήτου
2826 4945 3187 5013 ὑποστάσεως
3208 4951 3387 5005 αὑτοῦ
3418 4953 3710 5023 tractatus

2141 5035 2204 5088 Ei
2238 5033 2294 5087 δὲ
2319 5035 2383 5088 σὺ
2411 5037 2592 5090 πᾶσαν
2613 5035 2792 5106 λέγεις
2814 5033 2956 5093 εἶναι
2979 5040 3250 5114 ἀνάγκην,
3279 5043 3386 5098 δὺο
3407 5047 3717 5115 διαφέροντα

2143 5127 2294 5182 αἴτια
2345 5127 2442 5180 τοῦ
2516 5129 2839 5201 Πνεῦματος
2903 5132 3218 5202 λογίζεσθαι
3266 5139 3364 5191 τὸν
3393 5139 3616 5211 Πατέρα
3639 5139 3717 5192 καὶ

2143 5220 2234 5273 τὸν
2265 5220 2393 5275 Υῐὸν
2425 5219 2515 5275 διὰ
2554 5221 2619 5276 τὸ
2665 5224 2809 5278 κατὰ
2863 5226 2964 5290 τὰς
3015 5229 3402 5297 ὑποστατικὰς
3469 5234 3718 5303 ἰδιότητας

2127 5313 2388 5384 ,ἀλλήλων
2425 5314 2715 5386 διαφέρειν
2752 5318 2976 5384 αὑτοὺς,
3007 5320 3130 5390 δρα,
3168 5324 3394 5392 μήποτε
3430 5325 3496 5378 τὸ
3519 5326 3614 5396 τῆς
3636 5342 3713 5376 πο-

2141 5405 2607 5478 λυπραγμοσύνης
2667 5424 2762 5461 σου
2838 5409 3032 5480 ἄλογον
3076 5413 3352 5487 συνελάσῃ
3392 5417 3482 5490 (2)
3535 5436 3592 5471 σε
3648 5419 3721 5469 δύο

2122 5496 2303 5572 ’θεοὺς
2354 5497 2533 5567 λέγειν
2564 5498 2657 5551 τὸν
2692 5501 2918 5572 Πατέρα
2960 5505 3056 5557 καὶ
3084 5505 3180 5559 τὸν
3210 5505 3341 5560 Υἱὺν
3361 5509 3466 5562 διὰ
3518 5511 3579 5562 τὸ
3601 5510 3722 5562 κατὰ

2141 5590 2242 5661 τὴν
2266 5590 2436 5662 αὐτὴν
2490 5591 2756 5665 διαφορὰν
2817 5596 2927 5648 τῶν
2984 5597 3379 5656 ὑποστατικῶν
3456 5603 3722 5675 istm;st

2145 5683 2395 5755 ἀλλήλων
2425 5683 2710 5756 διαφέρειν
2744 5687 2946 5754 αὐτούς
2974 5707 2987 5719 ·
3031 5691 3172 5747 ἀλλὰ
3197 5693 3300 5766 μὴν
3349 5697 3488 5768 οὐχὶ
3520 5697 3614 5751 δύο
3633 5697 3736 5752 θεοὶ,

2217 5893 2294 5964 (2)
2316 5891 2451 5949 Cod.
2476 5887 2794 5946 συνε).άσει.,
