3944 6580
274 504 380 569 813

1036 499 1473 562 REFU'I‘ATIO
1513 500 1877 562 PHOTlA-NI
1919 503 2136 562 LIBRI
2179 502 2275 563 DE
2315 500 2632 564 SPIRITU
2670 502 2729 563 S.

3414 494 3518 559 8ίὶ

271 625 300 678 ὁ
347 622 535 693 Πατὴρ
562 623 672 676 εισι
700 620 795 674 καὶ
823 621 851 675 ὁ
873 619 1022 685 Υίδς,
1057 623 1108 674 εί
1141 619 1234 676 καὶ
1266 618 1516 690 ἀλλήλων
1555 621 1677 684 ταῖς
1703 620 1838 674 ὑπο-

1959 635 2073 676 tero
2101 636 2208 677 non
2239 622 2350 678 duo
2381 623 2452 677 dii
2495 629 2624 678 sunt
2658 618 2818 675 Pater
2849 624 2903 673 et
2948 614 3138 681 Filius,
3183 611 3308 668 licet
3338 612 3408 668 ab
3437 614 3520 668 in-

272 715 562 777 στατικαῖς
620 713 910 782 διαφοραῖς
953 711 1344 784 διαφέρουσινο
1409 710 1538 764 οὐδὲ
1589 710 1684 764 δύο
1732 711 1841 778 ἄρα

268 805 422 859 αῐτιά
435 806 598 870 εἰσιν,
621 807 671 858 ει
688 806 786 859 καὶ
807 804 1057 875 ἀλλήλων
1089 805 1212 868 ταῖς
1237 805 1632 867 ὑποπατικαῖς
1653 802 1842 872 διαφοο

269 898 391 968 ραῖς
407 897 784 968 διαφέρουσιν.

350 988 478 1042 Ἐπὶ
525 989 717 1051 δὲτοῖς
760 986 1079 1059 εἰρημένοις
1100 985 1222 1040 οὐδ’
1264 984 1469 1056 ἀληθές
1514 986 1635 1039 ἐστι
1662 986 1756 1040 καὶ
1785 985 1845 1038 τὸ

265 1079 448 1147 λέγειν
477 1098 536 1134 σε
564 1081 654 1134 διὰ
683 1079 758 1134 τὸ
793 1081 869 1152 μὴ
908 1075 1050 1134 εἶναι
1082 1078 1175 1133 τοῦ
1210 1078 1535 1149 Πνεῦματος
1591 1075 1692 1149 τὴν
1745 1077 1838 1131 ἐκ·

265 1174 528 1242 πόρευσιν
564 1173 662 1244 τῆς
688 1173 747 1226 ἐν
787 1171 1078 1243 τῇ-Τριάδι
1129 1170 1521 1241 θεωρουμένης
1583 1169 1836 1240 ὑπερφυ-

263 1265 362 1328 οῦς
409 1264 619 1328 ὲνάδος,
646 1264 768 1327 ἑνὸς
805 1264 970 1334 μόνου
991 1261 1108 1316 τῶν
1135 1262 1304 1331 τριῶν
1341 1262 1647 1332 ἐνέργειαν]
1687 1257 1830 1316 εἶναι

265 1359 360 1412 καὶ
410 1356 707 1429 προδολήν.
734 1356 822 1409 Τδί
841 1356 950 1426 γὰρ
981 1354 1208 1422 Πνεῦμα
1234 1353 1295 1406 τὸ
1318 1353 1501 1422 ἅγιον,
1536 1351 1727 1420 ὥσπερ
1747 1349 1843 1406 τοῦ

265 1451 505 1521 Πατρδς,
553 1449 700 1504 οῦτω
723 1449 823 1503 καὶ
849 1447 944 1501 τοῦ
976 1445 1110 1500 Υἱοῦ
1144 1443 1298 1509 ζῶσά
1325 1460 1387 1498 τε
1431 1443 1528 1498 καὶ
1575 1443 1846 1510 οὑσιώδης

265 1539 626 1608 ῖερολογεῖται
649 1538 904 1607 ὶνέργεια
925 1552 940 1568 ·
972 1536 1068 1590 καὶ
1085 1537 1134 1588 εί
1157 1532 1317 1605 μόνον
1347 1528 1414 1605 ἦν
1439 1531 1572 1586 αὐτὸ
1597 1531 1694 1586 τοῦ
1729 1532 1848 1588 Πα-

261 1631 393 1700 τρὸς
436 1629 701 1700 προϐολὴ,
729 1629 829 1682 οὐκ
870 1627 938 1686 ἂν
994 1626 1159 1682 αὐτοῦ
1232 1623 1572 1693 προϐολεὺς
1622 1623 1720 1679 διὰ
1739 1626 1850 1679 Λό-

262 1740 373 1791 του
406 1721 482 1792 (1)
506 1722 534 1774 ὁ
574 1720 765 1791 Πατὴρ
802 1718 1157 1789 ὲθεολογεῖτο.
1189 1718 1487 1788 Προσέχειν
1530 1717 1589 1772 δὲ
1636 1717 1719 1772 δεῖ
1752 1717 1849 1771 καὶ

259 1811 330 1878 τῇ
361 1807 586 1879 τοιαύτῃ
607 1806 700 1861 τοῦ
744 1807 903 1877 λόγου
931 1805 1240 1875 διασκέψει.
1267 1806 1383 1860 Νῦν
1401 1806 1500 1877 μὲν
1534 1805 1725 1877 πόρῤω
1748 1805 1850 1876 τῆς

260 1901 582 1970 ὑπερσῖδίου
645 1899 894 1968 θεότητος
926 1900 992 1954 τὰ
1022 1897 1248 1970 χρονικὰ
1304 1899 1672 1970 προσρηματα
1705 1893 1844 1954 εἶναι

1943 716 2118 771 vicem
2170 714 2526 785 bypostaticis
2561 712 2816 770 diﬁ‘erant
2868 708 3340 782 proprietatibus,
3388 722 3520 778 ergo

1946 822 2120 878 neque
2145 807 2258 863 duo
2298 816 2426 864 sunt
2454 806 2749 878 principia,
2783 805 2912 859 licet
2960 803 3029 858 ab
3068 802 3308 857 invicem
3357 799 3517 855 dill'e-

1947 909 2069 953 rant
2098 897 2520 968 proprietatibus
2549 894 2954 968 ltypostaticis.~

2018 988 2220 1044 Praeter
2282 988 2393 1057 jam
2459 987 2603 1044 dicta
2672 1001 2848 1056 neque
2897 985 2950 1040 id
2997 998 3187 1041 verum
3253 991 3338 1039 est
3375 983 3523 1051 quod

1949 1081 2032 1137 ais
2073 1098 2088 1136 :
2135 1090 2424 1150 propterea
2481 1078 2631 1149 quod
2677 1078 2914 1148 Spiritus
2967 1073 3249 1146 processio
3289 1089 3400 1130 non
3450 1075 3525 1130 sit

1950 1172 2178 1228 unitatis
2223 1171 2687 1242 snpernaturalis,
2720 1186 2842 1241 qua:
2871 1171 2925 1225 in
2957 1169 3224 1225 Trinitate
3253 1168 3522 1231 cernitur,
3569 1219 3583 1233 ,

1947 1281 2066 1322 eam
2101 1264 2268 1322 unius
2297 1264 2571 1324 duntaxat
2604 1264 2769 1320 trium
2801 1262 3175 1334 operationem
3209 1275 3329 1318 esse
3352 1270 3519 1335 atque

1947 1357 2329 1416 emissionem.
2365 1356 2580 1412 Etenim
2637 1354 2873 1424 Spiritus
2916 1363 3174 1418 sanctus,
3217 1353 3381 1414 sicuti
3426 1353 3529 1407 Pa-

1949 1448 2072 1512 tris.
2119 1449 2194 1506 ita
2235 1464 2455 1519 quoque
2501 1447 2623 1503 Filii
2661 1448 2781 1503 viva
2827 1456 2882 1510 et
2926 1446 3236 1504 essentialis
3280 1447 3526 1512 operatio

1947 1527 2312 1612 pradicant";
2341 1551 2397 1595 et
2432 1541 2479 1598 si
2513 1541 2753 1612 Spiritus
2783 1540 2930 1598 foret
2971 1541 3142 1596 solius
3185 1539 3368 1596 Patris
3399 1554 3526 1610 pro-

1947 1634 2158 1698 ductio,
2191 1633 2334 1689 hand
2385 1633 2548 1692 Pater
2589 1647 2620 1689 a
2663 1633 2931 1704 theol0gis
2969 1632 3137 1701 ipsius
3169 1647 3268 1701 per
3303 1629 3528 1685 Verbum

1948 1727 2239 1794 productor
2268 1725 2563 1782 diceretur.
2597 1724 3008 1781 Attendendum
3041 1737 3261 1794 quoque
3303 1730 3386 1779 est
3421 1721 3526 1776 ltu-

1945 1815 2191 1887 jusmodi
2252 1815 2690 1872 ratiocinationi.
2755 1814 2919 1870 Μοιιο
2974 1814 3197 1884 quidem
3262 1813 3530 1882 temporis

1953 1907 2212 1964 adverbia
2259 1907 2422 1978 longe
2470 1921 2501 1963 a
2557 1906 2897 1978 sempiterna
2942 1905 3154 1962 Deitate
3199 1905 3378 1960 aliena
3411 1919 3534 1960 esse

259 1993 572 2061 ὁμολογεῖς,
604 1991 701 2046 νῦν
734 1991 791 2045 δὲ
817 1992 993 2062 λέγων
1024 1990 1475 2062 συλλογιστικῶς.
1499 1991 1575 2055 ὡς
1602 1994 1663 2045 ὲν
1693 1985 1738 2060 ᾧ
1762 1992 1849 2050 διὰ

1959 1999 2268 2065 conﬁteris;
2293 1999 2488 2055 .modo
2523 2008 2706 2053 autem
2743 1999 2874 2054 dum
2924 1997 3302 2053 ratiocinando
3351 1995 3529 2052 dicis:

256 2087 572 2153 γεννήσεως
597 2085 840 2157 πρόεισιν
859 2084 888 2140 ὁ
920 2083 1068 2151 Υίὸς,
1104 2083 1162 2140 ιν
1182 2083 1358 2154 τούτῳ
1386 2083 1451 2139 δι’
1470 2084 1852 2156 έκπορεύσεως

255 2179 322 2229 τὸ
347 2177 572 2248 Πνεῦμα
599 2176 834 2248 προάγει
880 2177 976 2233 καὶ
1002 2175 1299 2248 προάγοντι
1345 2193 1406 2232 τε
1436 2177 1538 2231 καὶ
1597 2193 1844 2248 προαγο-

262 2264 416 2333 μένῳ
452 2265 868 2334 συνυφίσταται,
899 2264 1127 2336 χρονικὰ
1151 2265 1499 2337 διαστήματα
1533 2265 1610 2336 τῷ
1663 2268 1852 2320 συλλο-

257 2355 450 2425 γισμῷ
477 2355 990 2430 τούτῳ,έπισοφίξῃ.
1035 2357 1127 2411 ἶνα
1145 2356 1244 2430 τὴν
1286 2357 1601 2430 Ῥωμαῖκὴν
1657 2358 1852 2414 διαὸιο

258 2449 359 2518 λῇς
407 2446 732 2520 Ἐκκλησίαν
777 2447 854 2513 ὡς
897 2449 957 2514 ἐξ
990 2441 1066 2502 ὧν
1102 2448 1252 2518 λέγει
1281 2449 1542 2523 γεννητὸν
1573 2449 1692 2524 ἅμα
1749 2452 1848 2506 καὶ

260 2543 596 2613 ἐκπορευτδν
624 2537 848 2596 εἶναιτὸ
902 2543 1152 2616 Πνεῦμα.
1210 2543 1609 2614 ἐμφαίνουσαν,
1659 2560 1853 2615 γεννη-

260 2637 354 2689 τὸν
386 2634 490 2706 μὲν
521 2635 592 2698 ὡς
614 2634 692 2705 τῷ
729 2633 839 2706 Υίῷ
883 2635 1209 2708 γεννωμένῳ
1239 2635 1560 2708 συμπροῖὸν,
1587 2637 1854 2706 ἐκπορευ-

262 2731 356 2781 τὺν
380 2728 458 2794 δὲ,
487 2729 570 2781 ὃτι
599 2728 796 2800 διπλῆν
819 2729 1081 2800 ὑπομένει
1118 2730 1218 2801 τὴν
1239 2730 1587 2802 ὲκπόρευσιν.
1631 2729 1776 2783 Ἀλλ’
1807 2730 1837 2783 ὸ

262 2818 423 2884 εἰδὼς
445 2823 544 2891 τὴν
574 2821 884 2894 Ῥωμαϊκὴν
920 2822 1244 2892 Ἐκκλησίαν
1267 2823 1494 2893 ἄχρονον
1526 2824 1622 2876 καὶ
1677 2823 1852 2879 ἀΐδιον

266 2912 330 2964 τὸ
357 2912 513 2966 Θεῖον
538 2911 887 2979 δοξάζουσαν,
930 2914 1230 2984 σατανικῆς
1285 2914 1708 2982 καταγνώσεται
1779 2930 1842 2966 σε

263 3005 464 3068 κακίας
493 3005 719 3060 τοιαῦτα
766 3007 890 3059 κατ’
937 3007 1113 3077 αὐτῆς
1154 3005 1686 3076 συμπλαττόμενον.
1742 3005 1850 3061 Οὑ-

261 3095 376 3160 δεὶς
404 3097 513 3168 γάρ
541 3099 692 3152 ἐστιν
713 3098 972 3170 εὐσεΰὴς,
1009 3098 1069 3162 ὃς
1094 3099 1193 3169 οὐχ
1237 3089 1364 3170 ’ἅμα
1393 3097 1510 3170 Υίῷ
1534 3100 1627 3152 καὶ
1653 3097 1752 3152 σὺν
1775 3097 1853 3169 τῷ

263 3187 381 3259 Υἱῷ
433 3189 760 3260 ὑφίστασθαι
779 3191 992 3258 δοξάζει
1019 3191 1080 3246 τὸ
1119 3191 1344 3263 Πνεῦμα
1373 3193 1440 3246 ὲκ
1461 3191 1556 3246 τοῦ
1610 3192 1851 3262 Πατρδς,

262 3282 395 3336 ἀλλ’
422 3285 544 3354 οὐχ).
573 3285 665 3338 καὶ
694 3285 957 3352 γεννητὸν
989 3285 1080 3339 διὰ
1111 3285 1269 3339 τοῦτο
1289 3285 1348 3338 τὸ
1378 3283 1603 3356 Πνεῦμα
1639 3285 1792 3338 ἐστιν
1832 3300 1846 3316 ο

261 3372 344 3425 ὅτι
376 3372 476 3443 τὴν
525 3372 752 3443 πρόοδον
777 3374 900 3443 ἅμα
931 3373 1032 3444 μὲν
1067 3373 1183 3444 Υἱῷ
1206 3374 1303 3427 καὶ⁵
1322 3374 1420 3427 σὺν
1445 3372 1524 3442 τῷ
1545 3371 1684 3442 Υίῷ,
1711 3370 1852 3443 πλὴν

263 3465 404 3520 ἀλλὰ
453 3468 548 3521 καὶ
581 3467 672 3524 διὰ
716 3467 810 3522 τοῦ
856 3468 903 3522 Υ
912 3468 992 3523 ἰοῦ
1022 3467 1365 3538 συναχρόνως
1389 3466 1491 3520 καὶ
1515 3466 1856 3534 ἀδιαστάτως

262 3559 322 3627 ἦ,
353 3559 415 3611 τὸ
456 3559 789 3631 κυριώτερον
835 3561 1032 3624 εἰπεῖν,
1074 3561 1329 3629 ἀρρήτως
1374 3558 1488 3629 ἔχει
1532 3559 1598 3612 ἐκ
1626 3556 1720 3610 τοῦ
1748 3558 1856 3610 Πα-

261 3665 290 3702 τ
300 3650 414 3720 ρδς,
438 3651 496 3717 ἐξ
512 3654 714 3722 ἀμφοῖν
735 3652 954 3720 λέγεται
974 3649 1114 3705 εἶναι
1135 3653 1470 3723 ὲκπορευτὸν
1492 3652 1599 3714 ἀεὶ,
1618 3648 1852 3721 Πνεῦμα

265 3742 516 3813 ὑπάρχον
531 3747 625 3798 καὶ
647 3745 901 3799 οὐδέποτε
937 3745 1220 3814 γεννητόν.

266 3839 530 3895 inen‘abili
564 3839 728 3896 modo
758 3839 924 3894 habet
952 3852 1016 3893 ex
1053 3837 1240 3902 Patre,
1271 3852 1337 3892 ex
1376 3845 1613 3906 utroque
1647 3836 1852 3893 dicitur

264 3948 546 4004 quaquam
580 3942 895 4002 generatus.

885 4024 1276 4082 KEiMENON.

350 4117 511 4172 Ἀλλὰ
554 4117 649 4172 καὶ
700 4116 865 4187 μέχρι
911 4117 1059 4181 τίνος
1104 4119 1187 4171 δεῖ
1219 4120 1508 4190 σχολάζειν
1531 4125 1646 4186 τοῖς
1678 4123 1833 4192 ἀκρι.

265 4211 376 4274 σῶς
409 4211 514 4282 ἠδη
542 4211 638 4264 καὶ
655 4209 982 4280 πολυμερῶς
1033 4209 1540 4283 ἀποδεδειγμένοις,
1583 4215 1705 4269 δέον
1752 4213 1851 4268 καὶ

263 4305 320 4356 εἴ
365 4321 419 4357 τι
475 4304 688 4376 ἕτερον)
717 4304 900 4368 αὐτοῖς
948 4304 1356 4376 προκομίξεται
1388 4307 1488 4378 τῆς
1511 4308 1851 4378 κακοσχόλου

265 4395 498 4467 γνώμης
531 4396 924 4468 διασκορπίσαι
955 4415 972 4466 ;

343 4489 455 4557 Eg’.
500 4489 824 4560 Ἀμὸρόσιον
853 4492 950 4546 καὶ
983 4491 1355 4560 ,Αὑγουστῖνον
1389 4493 1483 4547 καὶ
1523 4491 1852 4567 Ἱερώνυμον

266 4583 362 4635 καί
385 4599 538 4646 τινας
561 4581 786 4648 ἑτέρους
799 4581 876 4652 τῷ
894 4581 1126 4652 δόγματι
1143 4584 1243 4652 τῆς
1278 4583 1604 4656 Ἑκκλησίας
1656 4586 1853 4638 ἀνταν-

1957 2092 2080 2162 Otto
2119 2101 2404 2148 momento
2444 2090 2618 2146 Filius
2657 2105 2753 2162 per
2802 2090 3213 2160 generationem
3264 2087 3536 2159 procedit,

1953 2185 2146 2242 eodem
2195 2199 2294 2255 per
2347 2183 2760 2252 processionem
2814 2181 3073 2252 producit
3123 2178 3417 2251 Spiritum,
3472 2189 3536 2233 .et

1955 2277 2284 2348 producenti
2309 2285 2476 2346 atque
2510 2276 2777 2346 producto
2805 2274 2966 2331 simul
2995 2273 3211 2330 exsistit
3246 2281 3300 2326 et
3326 2272 3536 2328 consti-

1954 2370 2158 2436 tuitur,
2219 2368 2486 2438 temporis
2551 2367 2840 2423 intervalla
2887 2365 3156 2437 ejusmodi
3213 2365 3536 2436 syllogismo

1952 2459 2150 2518 callide
2195 2457 2403 2527 eliingis
2436 2466 2492 2515 et
2537 2456 2790 2513 obtrudis
2832 2456 2898 2512 ad
2945 2455 3389 2512 calumniandam
3429 2453 3538 2509 Ro-

1952 2564 2244 2608 manorum
2282 2549 2610 2614 Ecclesiam,
2651 2549 2809 2620 quasi
2839 2564 2906 2604 ex
2939 2549 3006 2604 iis
3035 2563 3157 2619 quae
3184 2547 3384 2603 asserit
3413 2545 3538 2616 Spi-

1954 2642 2121 2700 ritum
2153 2651 2478 2712 generatum
2533 2643 2698 2698 simul
2741 2649 2798 2697 et
2853 2642 3240 2712 procedentem
3303 2649 3534 2704 astruat,

1952 2745 2273 2803 generatum
2326 2736 2547 2805 quidem
2587 2743 2772 2805 utpote
2806 2750 2932 2790 cum
2986 2733 3125 2790 Filio
3161 2742 3420 2806 generato
3461 2734 3540 2789 si-

1954 2825 2069 2880 mul
2121 2825 2508 2896 prodeuntem,
2561 2826 2948 2896 procedentem
3000 2841 3131 2881 vero
3175 2836 3364 2898 utpote
3410 2826 3540 2882 sub-

1952 2925 2173 2969 euntem
2213 2915 2487 2984 duplicem
2531 2918 2964 2986 processionem.
3001 2917 3202 2973 Verum
3244 2917 3338 2988 qui
3389 2919 3541 2972 novit

1953 3003 2258 3062 Romanam
2300 3004 2608 3061 Ecclesiam
2659 3007 2924 3064 Deitatem
2958 3009 3225 3079 temporis
3255 3019 3537 3078 expertem

1953 3108 2008 3154 et
2033 3098 2424 3168 sempiternam
2459 3099 2796 3170 gloriﬁcare,
2833 3101 3093 3156 satanica:
3126 3111 3178 3157 te
3200 3102 3536 3158 condemna-

1953 3190 2036 3248 bit
2059 3189 2279 3246 malitite
2308 3191 2440 3245 talia
2468 3200 2662 3247 contra
2697 3192 2870 3263 ipsam
2893 3193 3320 3264 contingentem.
3366 3192 3541 3249 Nemo

1955 3284 2101 3338 enim
2127 3282 2340 3353 piorum
2384 3299 2449 3338 ac
2483 3284 2728 3339 ﬁdelium
2775 3294 2881 3350 est,
2917 3286 3009 3355 qui
3044 3301 3150 3340 non
3200 3287 3367 3342 simul
3402 3285 3540 3340 Filio

1959 3384 2126 3446 atque
2173 3389 2279 3427 una
2309 3387 2434 3428 cum
2483 3372 2624 3429 Filio
2655 3373 2921 3444 Spiritum
2973 3377 3275 3432 subsistere
3321 3388 3544 3432 censeat

1965 3481 2033 3522 ex
2063 3467 2262 3533 Patre;
2293 3481 2468 3538 neque
2497 3475 2678 3520 tamen
2720 3467 2931 3523 idcirco
2969 3468 3210 3539 Spiritus
3251 3479 3543 3539 generatus

1957 3567 2069 3624 est,
2111 3559 2239 3630 quia
2287 3558 2728 3629 progressionem
2777 3559 2943 3614 simul
2990 3559 3132 3616 Filio
3180 3569 3234 3616 et
3267 3576 3374 3616 una
3417 3575 3542 3616 cum

1965 3649 2126 3716 Filio,
2181 3649 2295 3704 imo
2337 3649 2522 3721 potius
2556 3652 2723 3705 etiam
2757 3667 2853 3722 per
2898 3650 3099 3707 Filium
3157 3652 3366 3723 absque
3407 3659 3545 3706 tem-

1962 3758 2093 3814 pore
2125 3749 2180 3797 et
2228 3742 2514 3798 intervallo
2558 3743 2678 3807 vel,
2729 3752 2792 3798 ut
2833 3746 3007 3815 magis
3043 3745 3266 3818 proprie
3319 3743 3498 3798 dicant
3525 3782 3542 3808 ,

1927 3851 2048 3892 esse
2104 3836 2406 3908 procedens
2479 3850 2718 3906 semper,
2757 3836 3002 3909 Spiritus
3049 3840 3324 3896 exsistens
3353 3848 3406 3894 et
3445 3852 3544 3893 ne-

2596 4022 2902 4082 TEXTUS.

2034 4117 2236 4173 Verum
2282 4131 2570 4186 quousque
2628 4118 2846 4172 tandem
2900 4119 3066 4174 rebus
3109 4119 3224 4189 jam
3280 4119 3438 4191 plene
3477 4138 3542 4178 ac

1961 4211 2321 4268 multifariam
2352 4211 2746 4267 demonstratis
2778 4212 3187 4268 immorandum
3240 4215 3381 4281 erit,
3415 4230 3539 4270 cum

1961 4303 2147 4375 potius
2195 4309 2450 4372 oporteat
2491 4301 2680 4364 etiam,
2720 4300 2765 4355 si
2800 4300 2932 4370 quid
2991 4301 3142 4355 aliud
3188 4316 3288 4370 pro
3329 4303 3547 4368 nequis-

1961 4399 2101 4454 sima
2133 4411 2232 4453 sua
2288 4395 2559 4451 sententia
2593 4393 2899 4465 proferunt,
2951 4393 3262 4464 dissipare?

2027 4489 2115 4546 66.
2153 4484 2500 4546 Ambrosium
2547 4497 2601 4543 et
2647 4488 3016 4557 Augustinum
3064 4495 3118 4541 et
3154 4485 3544 4555 Hieronymum

1959 4593 2013 4639 et
2067 4582 2360 4638 nonnullos
2425 4581 2564 4637 alios
2621 4580 2863 4650 dogmati
2923 4578 3182 4634 Ecclesiae
3239 4578 3544 4650 objiciunt;

271 4671 484 4726 ιστᾶσιο
509 4669 738 4740 καὶγὰρ
768 4687 931 4739 φασιν
952 4671 1147 4734 αὐτοὺς
1169 4671 1231 4724 τὸ
1257 4672 1484 4742 Πνεῦμα
1506 4672 1849 4742 δογματίζειν

1962 4675 2213 4746 inquiunt
2273 4673 2419 4729 enim
2474 4673 2544 4728 ab
2607 4671 2739 4742 ipsis
2789 4671 2996 4737 doceri,
3032 4670 3296 4742 Spiritum
3347 4685 3546 4742 proce-

270 4762 678 4832 ἐκπορεύεσθαι
705 4762 805 4816 τοῦ
833 4762 987 4818 Υίοῦ.
1021 4763 1137 4818 Καὶ
1166 4762 1248 4817 δεῖ
1279 4765 1459 4835 ίεροῦς
1491 4765 1741 4835 Πατέρας
1777 4765 1854 4835 μὴ

269 4854 593 4922 δυσσεϐείας
621 4855 856 4923 ὑπάγειν
888 4854 1223 4925 ἐγκλήματι.
1255 4856 1324 4909 Ἦ
1347 4859 1454 4926 γὰρ
1471 4855 1712 4918 εὐσεϐῶς
1745 4855 1856 4907 ἐδο-

270 4950 572 5020 γμάτισαν,
591 4950 688 5004 καὶ
709 4950 816 5021 χρὴ
837 4950 965 5013 τοὺς
999 4951 1114 5004 ὅσοι
1139 4950 1386 5018 Πατέρας
1409 4949 1606 5012 αὐτοὺς
1629 4950 1857 5019 ἐπιγρά-

269 5059 486 5112 φονται,
504 5047 834 5114 συμφρονεῖν
848 5044 1027 5099 αὐτῶν
1059 5043 1138 5114 τῷ
1169 5047 1499 5114 φρονήματι,
1531 5043 1565 5113 ἢ
1597 5043 1708 5096 τῶν
1727 5041 1856 5096 δυσ·

269 5135 451 5190 σεὸὠν
463 5136 762 5208 εἰσηγητὰς
787 5136 1073 5206 δογμάτων
1095 5140 1385 5206 γεγονότας
1410 5136 1696 5191 κάκείνους
1717 5133 1858 5204 μετὰ

266 5226 366 5279 τοῦ
431 5228 783 5298 φρονήματος
817 5228 892 5290 ὡς
924 5230 1143 5292 ἀσεὸεῖς
1189 5228 1639 5299 ἀποπέμπεσθαι.
1669 5227 1856 5281 Ταῦτα

266 5319 448 5384 eis“;
485 5320 550 5373 Oi
573 5321 847 5376 νεανίσκοι
883 5323 986 5392 μὲν
1010 5323 1109 5392 τὴν
1124 5322 1406 5386 ἀπόνοιαν,
1435 5320 1669 5384 δεδιότες
1703 5319 1849 5394 [μοι.

270 5412 643 5467 νεανίσκοι....
665 5411 948 5486 δεδειότες]
977 5414 1031 5467 δὲ
1075 5415 1150 5486 μή
1175 5415 1276 5466 πού
1318 5431 1372 5468 τι
1399 5414 1506 5469 τῶν
1534 5415 1856 5486 ἀτολμήτων

269 5503 540 5574 διαφυγὸν
574 5507 758 5560 αὐτῶν
790 5505 891 5577 τὴν
938 5507 1143 5576 τόλμαν
1189 5508 1496 5578 ἄπρακτον,
1541 5510 1644 5562 ὅσα
1674 5525 1738 5577 γε
1787 5511 1854 5578 τῇ

271 5597 427 5665 σφῶν
453 5599 649 5670 γνώμῃ
713 5602 808 5651 καὶ
854 5601 1058 5671 σπουδῇ
1098 5601 1332 5668 γένοιτο.
1385 5601 1523 5655 Οὐδὲ
1590 5603 1702 5672 γὰρ
1733 5602 1859 5655 οὐδ’

269 5691 508 5762 ἤρκεσεν
546 5691 730 5754 αὐτοῖς
766 5690 890 5746 οὕτε
926 5693 1022 5762 τῆς
1045 5693 1386 5762 Δεσποτικῆς
1443 5694 1629 5764 φωνῆς
1678 5697 1710 5765 ἡ
1740 5695 1856 5748 δια-

277 5780 493 5851 στροφὴ
521 5779 647 5834 οὔτε
675 5783 770 5835 τοῦ
809 5787 1051 5854 κήρυκος
1090 5785 1165 5854 (2)
1187 5784 1286 5855 τῆς
1315 5785 1599 5849 εὐσεϐείας
1644 5788 1678 5858 ἡ
1719 5787 1856 5858 πρὸς

335 5969 414 6037 (1)
449 5966 674 6026 Phrasis
725 5968 952 6028 Joannis
1007 5931 1330 6028 Damascent
1389 5990 1533 6045 smpe
1593 5975 1850 6045 allegata.

1963 4767 2092 4824 dere
2119 4783 2186 4823 ex
2222 4766 2382 4822 Filio.
2415 4764 2644 4836 Oportet
2670 4774 2850 4819 autem
2876 4763 3075 4835 (aiunt)
3113 4771 3336 4818 sanctos
3351 4763 3546 4819 Patres

1961 4861 2264 4933 impietatis
2313 4861 2530 4918 crimini
2579 4875 2687 4914 non
2737 4856 3032 4927 subjicere.
3064 4856 3159 4912 Vel
3185 4856 3333 4912 enim
3364 4856 3450 4926 pie
3481 4871 3545 4912 ac

1963 4965 2112 5012 recte
2141 4953 2307 5010 locuti
2328 4961 2483 5018 sunt,
2503 4962 2558 5006 et
2583 4953 2784 5008 debent
2805 4949 3118 5021 quicunque
3139 4964 3236 5005 eos
3261 4959 3319 5005 ut
3356 4947 3547 5006 Patres

1963 5056 2289 5117 agnoscunt,
2319 5046 2564 5115 ipsorum
2587 5044 2871 5099 sententiae
2889 5043 3200 5099 consentire
3227 5058 3242 5108 ;
3273 5041 3357 5096 vel
3378 5041 3542 5112 impia

1957 5138 2198 5195 docuere
2231 5135 2514 5206 dogmata,
2542 5143 2597 5190 et
2632 5145 2763 5190 tunc
2795 5144 3008 5206 oportet
3035 5134 3160 5190 illos
3191 5147 3408 5205 quoque
3437 5148 3544 5188 una

1962 5247 2086 5286 cum
2166 5231 2407 5300 ipsorum
2485 5229 2735 5284 doctrina
2802 5227 2950 5284 velut
3011 5227 3208 5298 impios
3295 5227 3542 5296 rejiccre.

1963 5323 2090 5377 Ηιεε
2119 5337 2252 5380 vero
2286 5323 2510 5390 quinam
2543 5321 2769 5377 dicunt?
2794 5319 2838 5375 li
2872 5320 3154 5385 nimirum,
3192 5317 3541 5388 quijuvenili

1965 5415 2094 5469 elati
2124 5415 2434 5486 arrogantia
2471 5424 2642 5484 atque
2671 5415 2975 5468 temeritate
3001 5420 3280 5475 verentur,
3308 5423 3374 5464 ne
3406 5407 3545 5462 forte

1961 5508 2258 5579 quidquam
2290 5507 2748 5578 gravissimorum
2799 5505 3107 5560 facinorum
3161 5503 3426 5557 infectum
3472 5500 3548 5556 ir-

1957 5603 2243 5671 ritnmque
2277 5601 2616 5670 relinquant,
2646 5606 2913 5669 quantum
2962 5597 3017 5651 in
3059 5595 3193 5666 ipsis
3221 5604 3327 5651 est.
3359 5594 3547 5664 Neque

1961 5693 2108 5745 enim
2161 5693 2296 5746 satis
2342 5693 2466 5748 istis
2518 5690 2643 5756 fuit,
2692 5690 3034 5745 Dominicam
3080 5688 3411 5759 pervertisse
3451 5703 3552 5740 vo-

1962 5799 2102 5852 cem,
2132 5780 2309 5854 neqne
2331 5783 2549 5854 pietatis
2567 5786 2804 5852 prteconi
2832 5781 3125 5851 impietatis
3152 5779 3422 5839 inussisse
3446 5793 3549 5838 no-

2034 5957 2108 6028 (2)
2138 5955 2300 6012 Laur.
2326 5957 2449 6014 cod.
2477 5957 2640 6014 habet
2677 5956 3062 6030 κηρύγματος.
