  <div class='ocr_page' id='page_1' title='image "/cluster/home/n/w/nwhite01/storage/ocr_20150623/141/hvd.32044019208313/415.png"; bbox 0 0 3944 6574; ppageno 0'>
   <div class='ocr_carea' id='block_1_1' title="bbox 406 429 2023 548">
    <p class='ocr_par' dir='ltr' id='par_1_1' title="bbox 406 476 2023 548">
     <span class='ocr_line' id='line_1_1' title="bbox 406 476 2023 548; baseline -0.008 0"><span class='ocrx_word' id='word_1_1' title='bbox 406 486 467 548; x_wconf 66' lang='grc' dir='ltr'>Η</span> <span class='ocrx_word' id='word_1_2' title='bbox 482 489 513 548; x_wconf 86' lang='grc'>5</span> <span class='ocrx_word' id='word_1_3' title='bbox 1429 477 1638 541; x_wconf 78' lang='lat' dir='ltr'><strong>JOAN.</strong></span> <span class='ocrx_word' id='word_1_4' title='bbox 1679 477 1898 542; x_wconf 85' lang='lat' dir='ltr'><strong>VECCl</strong></span> <span class='ocrx_word' id='word_1_5' title='bbox 1941 476 2023 536; x_wconf 82' lang='lat' dir='ltr'><strong>CP</strong></span> 
     </span>
    </p>
   </div>
   <div class='ocr_carea' id='block_1_2' title="bbox 2125 429 3645 548">
    <p class='ocr_par' dir='ltr' id='par_1_2' title="bbox 2125 429 3645 537">
     <span class='ocr_line' id='line_1_2' title="bbox 2125 429 3645 537; baseline -0.004 0"><span class='ocrx_word' id='word_1_6' title='bbox 2125 429 2610 537; x_wconf 47' lang='lat' dir='ltr'><strong>utrumnam</strong></span> <span class='ocrx_word' id='word_1_7' title='bbox 3553 466 3645 531; x_wconf 80' lang='lat'><strong>816</strong></span> 
     </span>
    </p>
   </div>
   <div class='ocr_carea' id='block_1_3' title="bbox 414 587 2023 672">
    <p class='ocr_par' dir='ltr' id='par_1_3' title="bbox 414 595 2023 672">
     <span class='ocr_line' id='line_1_3' title="bbox 414 595 2023 672; baseline -0.007 -12"><span class='ocrx_word' id='word_1_8' title='bbox 414 617 559 670; x_wconf 81' lang='lat' dir='ltr'><strong>tam;</strong></span> <span class='ocrx_word' id='word_1_9' title='bbox 604 605 698 657; x_wconf 86' lang='lat' dir='ltr'><strong>sed</strong></span> <span class='ocrx_word' id='word_1_10' title='bbox 750 601 954 672; x_wconf 84' lang='lat' dir='ltr'><strong>aliquid</strong></span> <span class='ocrx_word' id='word_1_11' title='bbox 1011 598 1193 655; x_wconf 88' lang='lat' dir='ltr'><strong>studio</strong></span> <span class='ocrx_word' id='word_1_12' title='bbox 1237 610 1338 654; x_wconf 88' lang='lat' dir='ltr'><strong>suo</strong></span> <span class='ocrx_word' id='word_1_13' title='bbox 1383 595 1575 652; x_wconf 89' lang='lat' dir='ltr'><strong>deesse</strong></span> <span class='ocrx_word' id='word_1_14' title='bbox 1620 597 2023 661; x_wconf 57' lang='lat' dir='ltr'><strong>arbitrantur“</strong></span> 
     </span>
    </p>
   </div>
   <div class='ocr_carea' id='block_1_4' title="bbox 2125 587 3653 672">
    <p class='ocr_par' dir='ltr' id='par_1_4' title="bbox 2128 587 3653 661">
     <span class='ocr_line' id='line_1_4' title="bbox 2128 587 3653 661; baseline -0.004 -13"><span class='ocrx_word' id='word_1_15' title='bbox 2128 594 2344 650; x_wconf 71' lang='grc' dir='ltr'>σέϐειαν</span> <span class='ocrx_word' id='word_1_16' title='bbox 2367 593 2588 661; x_wconf 74' lang='grc' dir='ltr'>διαϐολή</span> <span class='ocrx_word' id='word_1_17' title='bbox 2617 607 2632 624; x_wconf 80' lang='grc' dir='ltr'><strong><em>ο</em></strong></span> <span class='ocrx_word' id='word_1_18' title='bbox 2663 591 2791 646; x_wconf 83' lang='grc' dir='ltr'>ἀλλ’</span> <span class='ocrx_word' id='word_1_19' title='bbox 2833 592 3024 657; x_wconf 72' lang='grc' dir='ltr'>ἀτελὲς</span> <span class='ocrx_word' id='word_1_20' title='bbox 3068 589 3247 646; x_wconf 77' lang='grc' dir='ltr'>αὐτῶν</span> <span class='ocrx_word' id='word_1_21' title='bbox 3304 587 3564 660; x_wconf 71' lang='grc' dir='ltr'>ἡγοῦνται</span> <span class='ocrx_word' id='word_1_22' title='bbox 3600 591 3653 643; x_wconf 81' lang='grc' dir='ltr'><strong>τδ</strong></span> 
     </span>
    </p>
   </div>
   <div class='ocr_carea' id='block_1_5' title="bbox 413 681 2023 764">
    <p class='ocr_par' dir='ltr' id='par_1_5' title="bbox 413 691 1987 764">
     <span class='ocr_line' id='line_1_5' title="bbox 413 691 1987 764; baseline -0.007 -11"><span class='ocrx_word' id='word_1_23' title='bbox 413 699 520 753; x_wconf 84' lang='lat' dir='ltr'><strong>nisi</strong></span> <span class='ocrx_word' id='word_1_24' title='bbox 560 705 615 752; x_wconf 93' lang='lat' dir='ltr'><strong>et</strong></span> <span class='ocrx_word' id='word_1_25' title='bbox 654 698 894 750; x_wconf 78' lang='lat' dir='ltr'><strong>rationes</strong></span> <span class='ocrx_word' id='word_1_26' title='bbox 934 693 1274 764; x_wconf 85' lang='lat' dir='ltr'><strong>perquirant,</strong></span> <span class='ocrx_word' id='word_1_27' title='bbox 1309 691 1515 762; x_wconf 87' lang='lat' dir='ltr'><strong>quibus</strong></span> <span class='ocrx_word' id='word_1_28' title='bbox 1539 704 1658 755; x_wconf 89' lang='lat' dir='ltr'><strong>eos,</strong></span> <span class='ocrx_word' id='word_1_29' title='bbox 1693 704 1835 760; x_wconf 89' lang='lat' dir='ltr'><strong>quos</strong></span> <span class='ocrx_word' id='word_1_30' title='bbox 1862 697 1987 743; x_wconf 83' lang='lat' dir='ltr'><strong>tan-</strong></span> 
     </span>
    </p>
   </div>
   <div class='ocr_carea' id='block_1_6' title="bbox 2125 681 3650 764">
    <p class='ocr_par' dir='ltr' id='par_1_6' title="bbox 2130 681 3650 756">
     <span class='ocr_line' id='line_1_6' title="bbox 2130 681 3650 756; baseline -0.005 -15"><span class='ocrx_word' id='word_1_31' title='bbox 2130 687 2443 756; x_wconf 88' lang='grc' dir='ltr'>πούδασμα,</span> <span class='ocrx_word' id='word_1_32' title='bbox 2476 689 2525 740; x_wconf 90' lang='grc' dir='ltr'><strong>εί</strong></span> <span class='ocrx_word' id='word_1_33' title='bbox 2581 687 2656 756; x_wconf 79' lang='grc' dir='ltr'>μὴ</span> <span class='ocrx_word' id='word_1_34' title='bbox 2690 686 2788 738; x_wconf 81' lang='grc' dir='ltr'>καὶ</span> <span class='ocrx_word' id='word_1_35' title='bbox 2811 683 2906 746; x_wconf 80' lang='grc' dir='ltr'>οὓς</span> <span class='ocrx_word' id='word_1_36' title='bbox 2937 682 3192 754; x_wconf 85' lang='grc' dir='ltr'>Πατέρας</span> <span class='ocrx_word' id='word_1_37' title='bbox 3233 681 3467 753; x_wconf 80' lang='grc' dir='ltr'>ὑμνοῦσι</span> <span class='ocrx_word' id='word_1_38' title='bbox 3498 681 3650 753; x_wconf 77' lang='grc' dir='ltr'>ζητήο</span> 
     </span>
    </p>
   </div>
   <div class='ocr_carea' id='block_1_7' title="bbox 414 772 2023 856">
    <p class='ocr_par' dir='ltr' id='par_1_7' title="bbox 414 773 1990 856">
     <span class='ocr_line' id='line_1_7' title="bbox 414 773 1990 856; baseline -0.01 -14"><span class='ocrx_word' id='word_1_39' title='bbox 414 803 578 856; x_wconf 85' lang='lat' dir='ltr'><strong>qnam</strong></span> <span class='ocrx_word' id='word_1_40' title='bbox 632 785 824 840; x_wconf 77' lang='lat' dir='ltr'><strong>Patres</strong></span> <span class='ocrx_word' id='word_1_41' title='bbox 875 783 1177 844; x_wconf 77' lang='lat' dir='ltr'><strong>celebrant,</strong></span> <span class='ocrx_word' id='word_1_42' title='bbox 1237 779 1566 835; x_wconf 77' lang='lat' dir='ltr'><strong>contumelia</strong></span> <span class='ocrx_word' id='word_1_43' title='bbox 1617 776 1872 830; x_wconf 78' lang='lat' dir='ltr'><strong>alliciant.</strong></span> <span class='ocrx_word' id='word_1_44' title='bbox 1920 773 1990 827; x_wconf 82' lang='lat' dir='ltr'><strong>At</strong></span> 
     </span>
    </p>
   </div>
   <div class='ocr_carea' id='block_1_8' title="bbox 2125 772 3656 856">
    <p class='ocr_par' dir='ltr' id='par_1_8' title="bbox 2130 772 3656 848">
     <span class='ocr_line' id='line_1_8' title="bbox 2130 772 3656 848; baseline -0.005 -13"><span class='ocrx_word' id='word_1_45' title='bbox 2130 797 2251 835; x_wconf 90' lang='grc' dir='ltr'>ουσι</span> <span class='ocrx_word' id='word_1_46' title='bbox 2279 778 2351 833; x_wconf 85' lang='grc' dir='ltr'><strong>δι’</strong></span> <span class='ocrx_word' id='word_1_47' title='bbox 2385 772 2462 833; x_wconf 83' lang='grc' dir='ltr'>ὧν</span> <span class='ocrx_word' id='word_1_48' title='bbox 2501 777 2902 848; x_wconf 71' lang='grc' dir='ltr'>ἐξυϐρίζουσιν.</span> <span class='ocrx_word' id='word_1_49' title='bbox 2945 773 3176 838; x_wconf 79' lang='grc' dir='ltr'>Ἀπλοῦς</span> <span class='ocrx_word' id='word_1_50' title='bbox 3211 773 3269 827; x_wconf 75' lang='grc' dir='ltr'>δὲ</span> <span class='ocrx_word' id='word_1_51' title='bbox 3290 773 3392 842; x_wconf 84' lang='grc' dir='ltr'>τῆς</span> <span class='ocrx_word' id='word_1_52' title='bbox 3418 772 3656 842; x_wconf 73' lang='grc' dir='ltr'><strong>ἀληθείας</strong></span> 
     </span>
    </p>
   </div>
   <div class='ocr_carea' id='block_1_9' title="bbox 413 864 2023 950">
    <p class='ocr_par' dir='ltr' id='par_1_9' title="bbox 413 866 1990 950">
     <span class='ocr_line' id='line_1_9' title="bbox 413 866 1990 950; baseline -0.009 -15"><span class='ocrx_word' id='word_1_53' title='bbox 413 880 648 950; x_wconf 79' lang='lat' dir='ltr'><strong>simplex</strong></span> <span class='ocrx_word' id='word_1_54' title='bbox 682 878 774 932; x_wconf 82' lang='lat' dir='ltr'><strong>hic</strong></span> <span class='ocrx_word' id='word_1_55' title='bbox 803 891 1022 947; x_wconf 86' lang='lat' dir='ltr'><strong>quoque</strong></span> <span class='ocrx_word' id='word_1_56' title='bbox 1050 886 1135 931; x_wconf 85' lang='lat' dir='ltr'><strong>est</strong></span> <span class='ocrx_word' id='word_1_57' title='bbox 1169 872 1416 930; x_wconf 88' lang='lat' dir='ltr'><strong>veritatis</strong></span> <span class='ocrx_word' id='word_1_58' title='bbox 1457 883 1662 932; x_wconf 83' lang='lat' dir='ltr'><strong>sermo,</strong></span> <span class='ocrx_word' id='word_1_59' title='bbox 1699 868 1851 937; x_wconf 84' lang='lat' dir='ltr'><strong>ipsos</strong></span> <span class='ocrx_word' id='word_1_60' title='bbox 1902 866 1990 921; x_wconf 87' lang='lat' dir='ltr'><strong>his</strong></span> 
     </span>
    </p>
   </div>
   <div class='ocr_carea' id='block_1_10' title="bbox 2125 864 3648 950">
    <p class='ocr_par' dir='ltr' id='par_1_10' title="bbox 2139 864 3648 942">
     <span class='ocr_line' id='line_1_10' title="bbox 2139 864 3648 942; baseline -0.006 -16"><span class='ocrx_word' id='word_1_61' title='bbox 2139 870 2525 942; x_wconf 80' lang='grc' dir='ltr'><strong>καταισχύνων</strong></span> <span class='ocrx_word' id='word_1_62' title='bbox 2554 871 2755 932; x_wconf 73' lang='grc' dir='ltr'>αὐτοὺς</span> <span class='ocrx_word' id='word_1_63' title='bbox 2782 867 3063 922; x_wconf 79' lang='grc' dir='ltr'>κάνταῦθα</span> <span class='ocrx_word' id='word_1_64' title='bbox 3089 867 3275 936; x_wconf 86' lang='grc' dir='ltr'>λόγος,</span> <span class='ocrx_word' id='word_1_65' title='bbox 3307 866 3529 930; x_wconf 86' lang='grc' dir='ltr'>Σύνετε,</span> <span class='ocrx_word' id='word_1_66' title='bbox 3569 864 3648 918; x_wconf 77' lang='grc' dir='ltr'>λι.</span> 
     </span>
    </p>
   </div>
   <div class='ocr_carea' id='block_1_11' title="bbox 413 957 2023 1035">
    <p class='ocr_par' dir='ltr' id='par_1_11' title="bbox 413 960 1989 1031">
     <span class='ocr_line' id='line_1_11' title="bbox 413 960 1989 1031; baseline -0.01 -3"><span class='ocrx_word' id='word_1_67' title='bbox 413 975 527 1028; x_wconf 76' lang='lat' dir='ltr'><strong>fere</strong></span> <span class='ocrx_word' id='word_1_68' title='bbox 555 971 734 1026; x_wconf 84' lang='lat' dir='ltr'><strong>verbis</strong></span> <span class='ocrx_word' id='word_1_69' title='bbox 767 969 1114 1024; x_wconf 81' lang='lat' dir='ltr'><strong>confundens</strong></span> <span class='ocrx_word' id='word_1_70' title='bbox 1139 985 1152 1021; x_wconf 92' lang='lat'>:</span> <span class='ocrx_word' id='word_1_71' title='bbox 1183 965 1398 1028; x_wconf 79' lang='lat' dir='ltr'><strong>Videte,</strong></span> <span class='ocrx_word' id='word_1_72' title='bbox 1432 978 1543 1031; x_wconf 91' lang='lat' dir='ltr'><strong>quo</strong></span> <span class='ocrx_word' id='word_1_73' title='bbox 1569 960 1752 1026; x_wconf 83' lang='lat' dir='ltr'><strong>ruitis,</strong></span> <span class='ocrx_word' id='word_1_74' title='bbox 1780 972 1989 1029; x_wconf 87' lang='lat' dir='ltr'><strong>quous-</strong></span> 
     </span>
    </p>
   </div>
   <div class='ocr_carea' id='block_1_12' title="bbox 2125 957 3656 1035">
    <p class='ocr_par' dir='ltr' id='par_1_12' title="bbox 2125 957 3656 1035">
     <span class='ocr_line' id='line_1_12' title="bbox 2125 957 3656 1035; baseline -0.004 -16"><span class='ocrx_word' id='word_1_75' title='bbox 2125 983 2206 1032; x_wconf 76' lang='grc' dir='ltr'><strong>τι,</strong></span> <span class='ocrx_word' id='word_1_76' title='bbox 2229 967 2353 1018; x_wconf 81' lang='grc' dir='ltr'>ὅποι</span> <span class='ocrx_word' id='word_1_77' title='bbox 2375 963 2631 1035; x_wconf 80' lang='grc' dir='ltr'><strong>φέρεσθε,</strong></span> <span class='ocrx_word' id='word_1_78' title='bbox 2663 962 2827 1032; x_wconf 85' lang='grc' dir='ltr'>μέχρι</span> <span class='ocrx_word' id='word_1_79' title='bbox 2859 960 3005 1025; x_wconf 85' lang='grc' dir='ltr'>τίνος</span> <span class='ocrx_word' id='word_1_80' title='bbox 3035 960 3192 1031; x_wconf 81' lang='grc' dir='ltr'>ὑμῶν</span> <span class='ocrx_word' id='word_1_81' title='bbox 3218 959 3312 1014; x_wconf 76' lang='grc' dir='ltr'><strong>τὸν</strong></span> <span class='ocrx_word' id='word_1_82' title='bbox 3340 957 3561 1030; x_wconf 72' lang='grc' dir='ltr'>ὀλεθρον</span> <span class='ocrx_word' id='word_1_83' title='bbox 3587 961 3656 1024; x_wconf 84' lang='grc' dir='ltr'><strong>είς</strong></span> 
     </span>
    </p>
   </div>
   <div class='ocr_carea' id='block_1_13' title="bbox 413 1051 2023 1132">
    <p class='ocr_par' dir='ltr' id='par_1_13' title="bbox 413 1053 1992 1132">
     <span class='ocr_line' id='line_1_13' title="bbox 413 1053 1992 1132; baseline -0.008 -14"><span class='ocrx_word' id='word_1_84' title='bbox 413 1079 519 1132; x_wconf 86' lang='lat' dir='ltr'><strong>que</strong></span> <span class='ocrx_word' id='word_1_85' title='bbox 551 1073 786 1117; x_wconf 86' lang='lat' dir='ltr'><strong>vestram</strong></span> <span class='ocrx_word' id='word_1_86' title='bbox 828 1061 1126 1130; x_wconf 86' lang='lat' dir='ltr'><strong>perniciem</strong></span> <span class='ocrx_word' id='word_1_87' title='bbox 1179 1058 1237 1114; x_wconf 91' lang='lat' dir='ltr'><strong>in</strong></span> <span class='ocrx_word' id='word_1_88' title='bbox 1279 1056 1544 1112; x_wconf 88' lang='lat' dir='ltr'><strong>interiora</strong></span> <span class='ocrx_word' id='word_1_89' title='bbox 1584 1053 1780 1108; x_wconf 71' lang='lat' dir='ltr'><strong>animae</strong></span> <span class='ocrx_word' id='word_1_90' title='bbox 1826 1064 1992 1122; x_wconf 87' lang='lat' dir='ltr'><strong>pene-</strong></span> 
     </span>
    </p>
   </div>
   <div class='ocr_carea' id='block_1_14' title="bbox 2125 1051 3252 1132">
    <p class='ocr_par' dir='ltr' id='par_1_14' title="bbox 2125 1051 3252 1127">
     <span class='ocr_line' id='line_1_14' title="bbox 2125 1051 3252 1127; baseline -0.001 -18"><span class='ocrx_word' id='word_1_91' title='bbox 2125 1058 2232 1112; x_wconf 75' lang='grc' dir='ltr'>,ύτα</span> <span class='ocrx_word' id='word_1_92' title='bbox 2259 1058 2329 1111; x_wconf 85' lang='grc' dir='ltr'>τὰ</span> <span class='ocrx_word' id='word_1_93' title='bbox 2351 1057 2455 1127; x_wconf 81' lang='grc' dir='ltr'>τῆς</span> <span class='ocrx_word' id='word_1_94' title='bbox 2474 1054 2655 1127; x_wconf 75' lang='grc' dir='ltr'>ψυχῆς</span> <span class='ocrx_word' id='word_1_95' title='bbox 2681 1052 3017 1127; x_wconf 74' lang='grc' dir='ltr'>ὲμὸαθῦνετε</span> <span class='ocrx_word' id='word_1_96' title='bbox 3043 1051 3252 1123; x_wconf 73' lang='grc' dir='ltr'>καίρια.</span> 
     </span>
    </p>
   </div>
   <div class='ocr_carea' id='block_1_15' title="bbox 418 1153 964 1224">
    <p class='ocr_par' dir='ltr' id='par_1_15' title="bbox 418 1153 964 1224">
     <span class='ocr_line' id='line_1_15' title="bbox 418 1153 964 1224; baseline 0 -16"><span class='ocrx_word' id='word_1_97' title='bbox 418 1155 579 1208; x_wconf 72' lang='lat' dir='ltr'><strong>tralia</strong></span> <span class='ocrx_word' id='word_1_98' title='bbox 610 1153 964 1224; x_wconf 88' lang='lat' dir='ltr'><strong>protruditis.</strong></span> 
     </span>
    </p>
   </div>
   <div class='ocr_carea' id='block_1_16' title="bbox 485 1255 2023 1338">
    <p class='ocr_par' dir='ltr' id='par_1_16' title="bbox 485 1263 1982 1338">
     <span class='ocr_line' id='line_1_16' title="bbox 485 1263 1982 1338; baseline -0.007 -13"><span class='ocrx_word' id='word_1_99' title='bbox 485 1271 574 1325; x_wconf 86' lang='lat'><strong>67.</strong></span> <span class='ocrx_word' id='word_1_100' title='bbox 618 1269 852 1336; x_wconf 82' lang='lat' dir='ltr'><strong>Quinam</strong></span> <span class='ocrx_word' id='word_1_101' title='bbox 891 1277 1039 1334; x_wconf 89' lang='lat' dir='ltr'><strong>sunt,</strong></span> <span class='ocrx_word' id='word_1_102' title='bbox 1075 1267 1170 1338; x_wconf 85' lang='lat' dir='ltr'><strong>qui</strong></span> <span class='ocrx_word' id='word_1_103' title='bbox 1208 1280 1400 1322; x_wconf 89' lang='lat' dir='ltr'><strong>sacros</strong></span> <span class='ocrx_word' id='word_1_104' title='bbox 1437 1264 1558 1320; x_wconf 75' lang='lat' dir='ltr'><strong>illos</strong></span> <span class='ocrx_word' id='word_1_105' title='bbox 1597 1263 1747 1319; x_wconf 89' lang='lat' dir='ltr'><strong>viros</strong></span> <span class='ocrx_word' id='word_1_106' title='bbox 1790 1273 1982 1316; x_wconf 83' lang='lat' dir='ltr'><strong>revera</strong></span> 
     </span>
    </p>
   </div>
   <div class='ocr_carea' id='block_1_17' title="bbox 2125 1255 3661 1338">
    <p class='ocr_par' dir='ltr' id='par_1_17' title="bbox 2173 1255 3661 1332">
     <span class='ocr_line' id='line_1_17' title="bbox 2173 1255 3661 1332; baseline -0.013 -10"><span class='ocrx_word' id='word_1_107' title='bbox 2173 1263 2272 1330; x_wconf 69' lang='grc' dir='ltr'><strong>ξεν.</strong></span> <span class='ocrx_word' id='word_1_108' title='bbox 2321 1262 2479 1327; x_wconf 82' lang='grc' dir='ltr'>Τίνες</span> <span class='ocrx_word' id='word_1_109' title='bbox 2509 1260 2764 1332; x_wconf 80' lang='grc' dir='ltr'>Πατέρας</span> <span class='ocrx_word' id='word_1_110' title='bbox 2795 1261 2922 1324; x_wconf 75' lang='grc' dir='ltr'>τοὺς</span> <span class='ocrx_word' id='word_1_111' title='bbox 2966 1258 3151 1329; x_wconf 70' lang='grc' dir='ltr'>ἱεροὺς</span> <span class='ocrx_word' id='word_1_112' title='bbox 3173 1256 3376 1328; x_wconf 72' lang='grc' dir='ltr'>ἄνδρας</span> <span class='ocrx_word' id='word_1_113' title='bbox 3426 1255 3502 1319; x_wconf 82' lang='grc' dir='ltr'><strong>ὡς</strong></span> <span class='ocrx_word' id='word_1_114' title='bbox 3540 1255 3661 1328; x_wconf 78' lang='grc' dir='ltr'>ἀλη.</span> 
     </span>
    </p>
   </div>
   <div class='ocr_carea' id='block_1_18' title="bbox 419 1349 2023 1430">
    <p class='ocr_par' dir='ltr' id='par_1_18' title="bbox 419 1352 1992 1430">
     <span class='ocr_line' id='line_1_18' title="bbox 419 1352 1992 1430; baseline -0.007 -12"><span class='ocrx_word' id='word_1_115' title='bbox 419 1366 636 1418; x_wconf 80' lang='lat' dir='ltr'><strong>Patrum</strong></span> <span class='ocrx_word' id='word_1_116' title='bbox 669 1363 791 1417; x_wconf 91' lang='lat' dir='ltr'><strong>loco</strong></span> <span class='ocrx_word' id='word_1_117' title='bbox 818 1362 1046 1423; x_wconf 84' lang='lat' dir='ltr'><strong>habent,</strong></span> <span class='ocrx_word' id='word_1_118' title='bbox 1077 1375 1217 1430; x_wconf 91' lang='lat' dir='ltr'><strong>quos</strong></span> <span class='ocrx_word' id='word_1_119' title='bbox 1251 1360 1390 1413; x_wconf 87' lang='lat' dir='ltr'><strong>male</strong></span> <span class='ocrx_word' id='word_1_120' title='bbox 1418 1357 1632 1412; x_wconf 81' lang='lat' dir='ltr'><strong>faustus</strong></span> <span class='ocrx_word' id='word_1_121' title='bbox 1668 1352 1992 1410; x_wconf 75' lang='lat' dir='ltr'><strong>defectionis</strong></span> 
     </span>
    </p>
   </div>
   <div class='ocr_carea' id='block_1_19' title="bbox 2125 1349 3660 1430">
    <p class='ocr_par' dir='ltr' id='par_1_19' title="bbox 2130 1349 3660 1426">
     <span class='ocr_line' id='line_1_19' title="bbox 2130 1349 3660 1426; baseline -0.007 -16"><span class='ocrx_word' id='word_1_122' title='bbox 2130 1358 2206 1422; x_wconf 87' lang='grc' dir='ltr'>ῶς</span> <span class='ocrx_word' id='word_1_123' title='bbox 2231 1354 2573 1426; x_wconf 77' lang='grc' dir='ltr'><strong>νομίζουσιν,</strong></span> <span class='ocrx_word' id='word_1_124' title='bbox 2595 1353 2742 1416; x_wconf 77' lang='grc' dir='ltr'>οἴους</span> <span class='ocrx_word' id='word_1_125' title='bbox 2767 1352 2846 1423; x_wconf 75' lang='grc'><strong>(1)</strong></span> <span class='ocrx_word' id='word_1_126' title='bbox 2876 1351 3190 1420; x_wconf 77' lang='grc' dir='ltr'>ἠνάγκασεν</span> <span class='ocrx_word' id='word_1_127' title='bbox 3214 1351 3368 1420; x_wconf 79' lang='grc' dir='ltr'>ἡμᾶς</span> <span class='ocrx_word' id='word_1_128' title='bbox 3391 1349 3660 1420; x_wconf 83' lang='grc' dir='ltr'>δδύσερως</span> 
     </span>
    </p>
   </div>
   <div class='ocr_carea' id='block_1_20' title="bbox 418 1441 2023 1521">
    <p class='ocr_par' dir='ltr' id='par_1_20' title="bbox 418 1445 1991 1521">
     <span class='ocr_line' id='line_1_20' title="bbox 418 1445 1991 1521; baseline -0.008 -12"><span class='ocrx_word' id='word_1_129' title='bbox 418 1470 574 1510; x_wconf 86' lang='lat' dir='ltr'><strong>amor</strong></span> <span class='ocrx_word' id='word_1_130' title='bbox 605 1469 702 1509; x_wconf 92' lang='lat' dir='ltr'><strong>vos</strong></span> <span class='ocrx_word' id='word_1_131' title='bbox 740 1453 910 1507; x_wconf 89' lang='lat' dir='ltr'><strong>veluti</strong></span> <span class='ocrx_word' id='word_1_132' title='bbox 943 1449 1245 1521; x_wconf 84' lang='lat' dir='ltr'><strong>impietatis</strong></span> <span class='ocrx_word' id='word_1_133' title='bbox 1277 1459 1615 1519; x_wconf 79' lang='lat' dir='ltr'><strong>protectores</strong></span> <span class='ocrx_word' id='word_1_134' title='bbox 1657 1446 1714 1502; x_wconf 88' lang='lat' dir='ltr'><strong>in</strong></span> <span class='ocrx_word' id='word_1_135' title='bbox 1754 1445 1991 1512; x_wconf 80' lang='lat' dir='ltr'><strong>medium</strong></span> 
     </span>
    </p>
   </div>
   <div class='ocr_carea' id='block_1_21' title="bbox 2125 1441 3662 1521">
    <p class='ocr_par' dir='ltr' id='par_1_21' title="bbox 2125 1441 3662 1520">
     <span class='ocr_line' id='line_1_21' title="bbox 2125 1441 3662 1520; baseline -0.005 -16"><span class='ocrx_word' id='word_1_136' title='bbox 2125 1451 2196 1520; x_wconf 79' lang='grc' dir='ltr'>ἧς</span> <span class='ocrx_word' id='word_1_137' title='bbox 2262 1447 2609 1509; x_wconf 82' lang='grc' dir='ltr'>ἀποστασίας</span> <span class='ocrx_word' id='word_1_138' title='bbox 2661 1446 2802 1517; x_wconf 73' lang='grc' dir='ltr'>ἔρως</span> <span class='ocrx_word' id='word_1_139' title='bbox 2867 1442 3293 1515; x_wconf 81' lang='grc' dir='ltr'>ὑπερασπιστάς</span> <span class='ocrx_word' id='word_1_140' title='bbox 3339 1441 3662 1514; x_wconf 81' lang='grc' dir='ltr'>προκομίζεν</span> 
     </span>
    </p>
   </div>
   <div class='ocr_carea' id='block_1_22' title="bbox 420 1533 2023 1616">
    <p class='ocr_par' dir='ltr' id='par_1_22' title="bbox 420 1536 1994 1616">
     <span class='ocr_line' id='line_1_22' title="bbox 420 1536 1994 1616; baseline -0.007 -13"><span class='ocrx_word' id='word_1_141' title='bbox 420 1547 666 1616; x_wconf 80' lang='lat' dir='ltr'><strong>proferre</strong></span> <span class='ocrx_word' id='word_1_142' title='bbox 688 1545 905 1616; x_wconf 78' lang='lat' dir='ltr'><strong>coegit?</strong></span> <span class='ocrx_word' id='word_1_143' title='bbox 955 1543 1192 1612; x_wconf 78' lang='lat' dir='ltr'><strong>Quinam</strong></span> <span class='ocrx_word' id='word_1_144' title='bbox 1246 1541 1564 1610; x_wconf 78' lang='lat' dir='ltr'><strong>religiosius</strong></span> <span class='ocrx_word' id='word_1_145' title='bbox 1616 1537 1724 1593; x_wconf 89' lang='lat' dir='ltr'><strong>illis</strong></span> <span class='ocrx_word' id='word_1_146' title='bbox 1770 1536 1994 1592; x_wconf 86' lang='lat' dir='ltr'><strong>Patrum</strong></span> 
     </span>
    </p>
   </div>
   <div class='ocr_carea' id='block_1_23' title="bbox 2125 1533 3662 1616">
    <p class='ocr_par' dir='ltr' id='par_1_23' title="bbox 2125 1533 3662 1610">
     <span class='ocr_line' id='line_1_23' title="bbox 2125 1533 3662 1610; baseline -0.006 -16"><span class='ocrx_word' id='word_1_147' title='bbox 2125 1543 2194 1596; x_wconf 71' lang='grc' dir='ltr'><strong>τοῦ</strong></span> <span class='ocrx_word' id='word_1_148' title='bbox 2241 1540 2664 1610; x_wconf 76' lang='grc' dir='ltr'>δυσσεὸήματος</span> <span class='ocrx_word' id='word_1_149' title='bbox 2689 1554 2705 1604; x_wconf 90' lang='lat'><strong>;</strong></span> <span class='ocrx_word' id='word_1_150' title='bbox 2747 1537 2909 1599; x_wconf 87' lang='grc' dir='ltr'>Τίνες</span> <span class='ocrx_word' id='word_1_151' title='bbox 2936 1535 3124 1598; x_wconf 76' lang='grc' dir='ltr'>αὐτοῖς</span> <span class='ocrx_word' id='word_1_152' title='bbox 3155 1534 3360 1603; x_wconf 78' lang='grc' dir='ltr'>μᾶλλον</span> <span class='ocrx_word' id='word_1_153' title='bbox 3389 1533 3452 1586; x_wconf 78' lang='grc' dir='ltr'><strong>τὺ</strong></span> <span class='ocrx_word' id='word_1_154' title='bbox 3482 1549 3662 1604; x_wconf 87' lang='grc' dir='ltr'>πατρι-</span> 
     </span>
    </p>
   </div>
   <div class='ocr_carea' id='block_1_24' title="bbox 417 1625 2023 1710">
    <p class='ocr_par' dir='ltr' id='par_1_24' title="bbox 417 1631 1997 1710">
     <span class='ocr_line' id='line_1_24' title="bbox 417 1631 1997 1710; baseline -0.009 -14"><span class='ocrx_word' id='word_1_155' title='bbox 417 1641 541 1710; x_wconf 87' lang='lat' dir='ltr'><strong>jura</strong></span> <span class='ocrx_word' id='word_1_156' title='bbox 573 1639 838 1694; x_wconf 86' lang='lat' dir='ltr'><strong>servant?</strong></span> <span class='ocrx_word' id='word_1_157' title='bbox 865 1638 947 1692; x_wconf 83' lang='lat' dir='ltr'><strong>An</strong></span> <span class='ocrx_word' id='word_1_158' title='bbox 973 1637 1067 1708; x_wconf 88' lang='lat' dir='ltr'><strong>qui</strong></span> <span class='ocrx_word' id='word_1_159' title='bbox 1107 1643 1310 1707; x_wconf 81' lang='lat' dir='ltr'><strong>negant</strong></span> <span class='ocrx_word' id='word_1_160' title='bbox 1357 1634 1477 1688; x_wconf 92' lang='lat' dir='ltr'><strong>illos</strong></span> <span class='ocrx_word' id='word_1_161' title='bbox 1515 1631 1793 1687; x_wconf 81' lang='lat' dir='ltr'><strong>ullatenus</strong></span> <span class='ocrx_word' id='word_1_162' title='bbox 1839 1643 1997 1683; x_wconf 80' lang='lat' dir='ltr'><strong>com-</strong></span> 
     </span>
    </p>
   </div>
   <div class='ocr_carea' id='block_1_25' title="bbox 2125 1625 3660 1710">
    <p class='ocr_par' dir='ltr' id='par_1_25' title="bbox 2125 1625 3660 1698">
     <span class='ocr_line' id='line_1_25' title="bbox 2125 1625 3660 1698; baseline -0.008 -8"><span class='ocrx_word' id='word_1_163' title='bbox 2125 1636 2196 1690; x_wconf 75' lang='grc' dir='ltr'>εδν</span> <span class='ocrx_word' id='word_1_164' title='bbox 2220 1633 2546 1698; x_wconf 74' lang='grc' dir='ltr'><strong>διασώζουσι</strong></span> <span class='ocrx_word' id='word_1_165' title='bbox 2581 1631 2834 1694; x_wconf 84' lang='grc' dir='ltr'>δίκαιον;</span> <span class='ocrx_word' id='word_1_166' title='bbox 2869 1630 2932 1682; x_wconf 86' lang='grc' dir='ltr'>Οί</span> <span class='ocrx_word' id='word_1_167' title='bbox 2959 1627 3127 1698; x_wconf 82' lang='grc' dir='ltr'>μηδὲν</span> <span class='ocrx_word' id='word_1_168' title='bbox 3155 1626 3356 1687; x_wconf 72' lang='grc' dir='ltr'>αὐτοὺς</span> <span class='ocrx_word' id='word_1_169' title='bbox 3389 1625 3660 1694; x_wconf 77' lang='grc' dir='ltr'>ἀντιφθέγ-</span> 
     </span>
    </p>
   </div>
   <div class='ocr_carea' id='block_1_26' title="bbox 422 1715 2023 1796">
    <p class='ocr_par' dir='ltr' id='par_1_26' title="bbox 422 1717 1995 1796">
     <span class='ocr_line' id='line_1_26' title="bbox 422 1717 1995 1796; baseline -0.01 -6"><span class='ocrx_word' id='word_1_170' title='bbox 422 1736 572 1790; x_wconf 87' lang='lat' dir='ltr'><strong>muni</strong></span> <span class='ocrx_word' id='word_1_171' title='bbox 608 1732 826 1788; x_wconf 88' lang='lat' dir='ltr'><strong>Domini</strong></span> <span class='ocrx_word' id='word_1_172' title='bbox 877 1731 1271 1793; x_wconf 83' lang='lat' dir='ltr'><strong>contradicere,</strong></span> <span class='ocrx_word' id='word_1_173' title='bbox 1303 1744 1370 1780; x_wconf 88' lang='lat' dir='ltr'><strong>an</strong></span> <span class='ocrx_word' id='word_1_174' title='bbox 1401 1726 1493 1796; x_wconf 90' lang='lat' dir='ltr'><strong>qui</strong></span> <span class='ocrx_word' id='word_1_175' title='bbox 1538 1726 1643 1779; x_wconf 87' lang='lat' dir='ltr'><strong>hos</strong></span> <span class='ocrx_word' id='word_1_176' title='bbox 1678 1723 1902 1792; x_wconf 85' lang='lat' dir='ltr'><strong>adigunt</strong></span> <span class='ocrx_word' id='word_1_177' title='bbox 1926 1717 1995 1775; x_wconf 86' lang='lat' dir='ltr'><strong>ad</strong></span> 
     </span>
    </p>
   </div>
   <div class='ocr_carea' id='block_1_27' title="bbox 2125 1715 3659 1796">
    <p class='ocr_par' dir='ltr' id='par_1_27' title="bbox 2125 1715 3659 1792">
     <span class='ocr_line' id='line_1_27' title="bbox 2125 1715 3659 1792; baseline -0.007 -16"><span class='ocrx_word' id='word_1_178' title='bbox 2125 1724 2296 1777; x_wconf 80' lang='grc' dir='ltr'>ἐσθαι</span> <span class='ocrx_word' id='word_1_179' title='bbox 2315 1722 2390 1792; x_wconf 85' lang='grc' dir='ltr'>τῷ</span> <span class='ocrx_word' id='word_1_180' title='bbox 2418 1719 2586 1791; x_wconf 80' lang='grc' dir='ltr'>κοινῷ</span> <span class='ocrx_word' id='word_1_181' title='bbox 2641 1720 2891 1792; x_wconf 82' lang='grc' dir='ltr'>Δεσπότῃ</span> <span class='ocrx_word' id='word_1_182' title='bbox 2943 1716 3191 1788; x_wconf 81' lang='grc' dir='ltr'>μηδό).ως</span> <span class='ocrx_word' id='word_1_183' title='bbox 3219 1715 3659 1785; x_wconf 47' lang='grc' dir='ltr'>παραδεχόμενοκ</span> 
     </span>
    </p>
   </div>
   <div class='ocr_carea' id='block_1_28' title="bbox 422 1808 2023 1889">
    <p class='ocr_par' dir='ltr' id='par_1_28' title="bbox 422 1816 1998 1889">
     <span class='ocr_line' id='line_1_28' title="bbox 422 1816 1998 1889; baseline -0.01 -6"><span class='ocrx_word' id='word_1_184' title='bbox 422 1827 798 1883; x_wconf 88' lang='lat' dir='ltr'><strong>testimonium</strong></span> <span class='ocrx_word' id='word_1_185' title='bbox 853 1825 970 1879; x_wconf 86' lang='lat' dir='ltr'><strong>voci</strong></span> <span class='ocrx_word' id='word_1_186' title='bbox 1027 1821 1321 1878; x_wconf 85' lang='lat' dir='ltr'><strong>Dominicae</strong></span> <span class='ocrx_word' id='word_1_187' title='bbox 1365 1818 1672 1889; x_wconf 87' lang='lat' dir='ltr'><strong>oppositum</strong></span> <span class='ocrx_word' id='word_1_188' title='bbox 1737 1816 1998 1872; x_wconf 77' lang='lat' dir='ltr'><strong>exhiben-</strong></span> 
     </span>
    </p>
   </div>
   <div class='ocr_carea' id='block_1_29' title="bbox 2125 1808 3662 1889">
    <p class='ocr_par' dir='ltr' id='par_1_29' title="bbox 2125 1808 3662 1888">
     <span class='ocr_line' id='line_1_29' title="bbox 2125 1808 3662 1888; baseline -0.006 -17"><span class='ocrx_word' id='word_1_189' title='bbox 2125 1823 2132 1888; x_wconf 58' lang='grc' dir='ltr'>ἱ</span> <span class='ocrx_word' id='word_1_190' title='bbox 2161 1817 2211 1871; x_wconf 82' lang='grc' dir='ltr'>οι</span> <span class='ocrx_word' id='word_1_191' title='bbox 2243 1814 2468 1879; x_wconf 83' lang='grc' dir='ltr'>τούτους</span> <span class='ocrx_word' id='word_1_192' title='bbox 2506 1814 2822 1885; x_wconf 80' lang='grc' dir='ltr'>βιαζόμενοι</span> <span class='ocrx_word' id='word_1_193' title='bbox 2855 1812 2990 1883; x_wconf 79' lang='grc' dir='ltr'>πρὸς</span> <span class='ocrx_word' id='word_1_194' title='bbox 3023 1810 3321 1866; x_wconf 79' lang='grc' dir='ltr'>ἀντίπαλον</span> <span class='ocrx_word' id='word_1_195' title='bbox 3339 1808 3662 1878; x_wconf 72' lang='grc' dir='ltr'>καταστῆναι</span> 
     </span>
    </p>
   </div>
   <div class='ocr_carea' id='block_1_30' title="bbox 424 1906 1999 1979">
    <p class='ocr_par' dir='ltr' id='par_1_30' title="bbox 424 1906 1999 1979">
     <span class='ocr_line' id='line_1_30' title="bbox 424 1906 1999 1979; baseline -0.007 -9"><span class='ocrx_word' id='word_1_196' title='bbox 424 1917 554 1970; x_wconf 85' lang='lat' dir='ltr'><strong>dum</strong></span> <span class='ocrx_word' id='word_1_197' title='bbox 586 1926 639 1969; x_wconf 88' lang='lat' dir='ltr'><strong>et</strong></span> <span class='ocrx_word' id='word_1_198' title='bbox 671 1914 736 1969; x_wconf 87' lang='lat' dir='ltr'><strong>ad</strong></span> <span class='ocrx_word' id='word_1_199' title='bbox 777 1913 1085 1969; x_wconf 82' lang='lat' dir='ltr'><strong>mirabilem</strong></span> <span class='ocrx_word' id='word_1_200' title='bbox 1121 1912 1270 1966; x_wconf 87' lang='lat' dir='ltr'><strong>illam</strong></span> <span class='ocrx_word' id='word_1_201' title='bbox 1303 1909 1659 1979; x_wconf 81' lang='lat' dir='ltr'><strong>theologiam,</strong></span> <span class='ocrx_word' id='word_1_202' title='bbox 1689 1922 1800 1978; x_wconf 90' lang='lat' dir='ltr'><strong>qua</strong></span> <span class='ocrx_word' id='word_1_203' title='bbox 1836 1906 1999 1962; x_wconf 89' lang='lat' dir='ltr'><strong>iusti-</strong></span> 
     </span>
    </p>
   </div>
   <div class='ocr_carea' id='block_1_31' title="bbox 425 1979 2023 2073">
    <p class='ocr_par' dir='ltr' id='par_1_31' title="bbox 425 2002 2002 2073">
     <span class='ocr_line' id='line_1_31' title="bbox 425 2002 2002 2073; baseline -0.005 -11"><span class='ocrx_word' id='word_1_204' title='bbox 425 2013 524 2062; x_wconf 90' lang='lat' dir='ltr'><strong>tuti</strong></span> <span class='ocrx_word' id='word_1_205' title='bbox 576 2007 852 2062; x_wconf 87' lang='lat' dir='ltr'><strong>credimus</strong></span> <span class='ocrx_word' id='word_1_206' title='bbox 885 2005 1146 2073; x_wconf 85' lang='lat' dir='ltr'><strong>Spiritum</strong></span> <span class='ocrx_word' id='word_1_207' title='bbox 1183 2019 1213 2057; x_wconf 89' lang='lat' dir='ltr'><strong>a</strong></span> <span class='ocrx_word' id='word_1_208' title='bbox 1269 2004 1429 2058; x_wconf 83' lang='lat' dir='ltr'><strong>Patre</strong></span> <span class='ocrx_word' id='word_1_209' title='bbox 1477 2002 1792 2071; x_wconf 84' lang='lat' dir='ltr'><strong>procedere,</strong></span> <span class='ocrx_word' id='word_1_210' title='bbox 1848 2015 2002 2056; x_wconf 87' lang='lat' dir='ltr'><strong>com-</strong></span> 
     </span>
    </p>
   </div>
   <div class='ocr_carea' id='block_1_32' title="bbox 2125 1979 3664 2073">
    <p class='ocr_par' dir='ltr' id='par_1_32' title="bbox 2125 1990 3664 2069">
     <span class='ocr_line' id='line_1_32' title="bbox 2125 1990 3664 2069; baseline -0.007 -17"><span class='ocrx_word' id='word_1_211' title='bbox 2125 1999 2321 2069; x_wconf 81' lang='grc' dir='ltr'>ιαστὴν</span> <span class='ocrx_word' id='word_1_212' title='bbox 2356 2000 2573 2068; x_wconf 73' lang='grc' dir='ltr'>ἐκείνην</span> <span class='ocrx_word' id='word_1_213' title='bbox 2609 1998 3026 2068; x_wconf 76' lang='grc' dir='ltr'><strong>μυσταγωγίαν,</strong></span> <span class='ocrx_word' id='word_1_214' title='bbox 3053 1995 3121 2048; x_wconf 82' lang='grc' dir='ltr'><strong>δι’</strong></span> <span class='ocrx_word' id='word_1_215' title='bbox 3151 1990 3220 2066; x_wconf 82' lang='grc' dir='ltr'>ἧς</span> <span class='ocrx_word' id='word_1_216' title='bbox 3239 1992 3592 2062; x_wconf 76' lang='grc' dir='ltr'>θεοὶογοῦμεν</span> <span class='ocrx_word' id='word_1_217' title='bbox 3611 1991 3664 2043; x_wconf 70' lang='grc' dir='ltr'><strong>τὸ</strong></span> 
     </span>
    </p>
   </div>
   <div class='ocr_carea' id='block_1_33' title="bbox 426 2084 2023 2166">
    <p class='ocr_par' dir='ltr' id='par_1_33' title="bbox 426 2092 1999 2166">
     <span class='ocr_line' id='line_1_33' title="bbox 426 2092 1999 2166; baseline -0.004 -13"><span class='ocrx_word' id='word_1_218' title='bbox 426 2097 627 2153; x_wconf 85' lang='lat' dir='ltr'><strong>mentis</strong></span> <span class='ocrx_word' id='word_1_219' title='bbox 660 2097 896 2166; x_wconf 84' lang='lat' dir='ltr'><strong>propriis</strong></span> <span class='ocrx_word' id='word_1_220' title='bbox 925 2095 1314 2150; x_wconf 87' lang='lat' dir='ltr'><strong>evertendam?</strong></span> <span class='ocrx_word' id='word_1_221' title='bbox 1348 2093 1558 2149; x_wconf 87' lang='lat' dir='ltr'><strong>Etenim</strong></span> <span class='ocrx_word' id='word_1_222' title='bbox 1584 2092 1860 2162; x_wconf 87' lang='lat' dir='ltr'><strong>quomodo</strong></span> <span class='ocrx_word' id='word_1_223' title='bbox 1892 2106 1999 2147; x_wconf 91' lang='lat' dir='ltr'><strong>non</strong></span> 
     </span>
    </p>
   </div>
   <div class='ocr_carea' id='block_1_34' title="bbox 2125 2084 3666 2166">
    <p class='ocr_par' dir='ltr' id='par_1_34' title="bbox 2125 2084 3666 2161">
     <span class='ocr_line' id='line_1_34' title="bbox 2125 2084 3666 2161; baseline -0.007 -16"><span class='ocrx_word' id='word_1_224' title='bbox 2125 2089 2335 2161; x_wconf 74' lang='grc' dir='ltr'>Ῑνεῦμα</span> <span class='ocrx_word' id='word_1_225' title='bbox 2361 2090 2454 2144; x_wconf 79' lang='grc' dir='ltr'><strong>τοῦ</strong></span> <span class='ocrx_word' id='word_1_226' title='bbox 2484 2090 2695 2160; x_wconf 80' lang='grc' dir='ltr'>Πατρὸς</span> <span class='ocrx_word' id='word_1_227' title='bbox 2712 2085 3133 2159; x_wconf 72' lang='grc' dir='ltr'>ἐκπορεύεσθαι,</span> <span class='ocrx_word' id='word_1_228' title='bbox 3155 2085 3504 2156; x_wconf 80' lang='grc' dir='ltr'>διαστρέφειν</span> <span class='ocrx_word' id='word_1_229' title='bbox 3524 2084 3666 2146; x_wconf 82' lang='grc' dir='ltr'>ἰδίαις</span> 
     </span>
    </p>
   </div>
   <div class='ocr_carea' id='block_1_35' title="bbox 424 2174 2023 2254">
    <p class='ocr_par' dir='ltr' id='par_1_35' title="bbox 424 2184 2001 2254">
     <span class='ocr_line' id='line_1_35' title="bbox 424 2184 2001 2254; baseline -0.004 -10"><span class='ocrx_word' id='word_1_230' title='bbox 424 2201 510 2246; x_wconf 89' lang='lat' dir='ltr'><strong>est</strong></span> <span class='ocrx_word' id='word_1_231' title='bbox 551 2189 930 2253; x_wconf 81' lang='lat' dir='ltr'><strong>manifestum,</strong></span> <span class='ocrx_word' id='word_1_232' title='bbox 966 2187 1217 2242; x_wconf 70' lang='lat' dir='ltr'><strong>haeresim</strong></span> <span class='ocrx_word' id='word_1_233' title='bbox 1255 2187 1422 2241; x_wconf 88' lang='lat' dir='ltr'><strong>verbo</strong></span> <span class='ocrx_word' id='word_1_234' title='bbox 1458 2184 1678 2254; x_wconf 88' lang='lat' dir='ltr'><strong>quidem</strong></span> <span class='ocrx_word' id='word_1_235' title='bbox 1725 2199 2001 2239; x_wconf 83' lang='lat' dir='ltr'><strong>memora-</strong></span> 
     </span>
    </p>
   </div>
   <div class='ocr_carea' id='block_1_36' title="bbox 2125 2174 3665 2254">
    <p class='ocr_par' dir='ltr' id='par_1_36' title="bbox 2125 2174 3665 2254">
     <span class='ocr_line' id='line_1_36' title="bbox 2125 2174 3665 2254; baseline -0.005 -21"><span class='ocrx_word' id='word_1_236' title='bbox 2125 2181 2541 2254; x_wconf 68' lang='grc' dir='ltr'>ιύρεσιλογίαιςζ</span> <span class='ocrx_word' id='word_1_237' title='bbox 2567 2182 2681 2235; x_wconf 71' lang='grc' dir='ltr'><strong>Καὶ</strong></span> <span class='ocrx_word' id='word_1_238' title='bbox 2731 2179 2842 2252; x_wconf 83' lang='grc' dir='ltr'><strong>γὰρ</strong></span> <span class='ocrx_word' id='word_1_239' title='bbox 2881 2181 3001 2242; x_wconf 85' lang='grc' dir='ltr'>πῶς</span> <span class='ocrx_word' id='word_1_240' title='bbox 3035 2179 3135 2232; x_wconf 82' lang='grc' dir='ltr'>οὐκ</span> <span class='ocrx_word' id='word_1_241' title='bbox 3197 2179 3312 2231; x_wconf 75' lang='grc' dir='ltr'>ἐστι</span> <span class='ocrx_word' id='word_1_242' title='bbox 3361 2174 3665 2245; x_wconf 78' lang='grc' dir='ltr'>κατάδηλον,</span> 
     </span>
    </p>
   </div>
   <div class='ocr_carea' id='block_1_37' title="bbox 426 2265 2023 2346">
    <p class='ocr_par' dir='ltr' id='par_1_37' title="bbox 426 2276 2002 2346">
     <span class='ocr_line' id='line_1_37' title="bbox 426 2276 2002 2346; baseline -0.003 -10"><span class='ocrx_word' id='word_1_243' title='bbox 426 2284 500 2338; x_wconf 90' lang='lat' dir='ltr'><strong>tis</strong></span> <span class='ocrx_word' id='word_1_244' title='bbox 550 2283 688 2338; x_wconf 90' lang='lat' dir='ltr'><strong>viris</strong></span> <span class='ocrx_word' id='word_1_245' title='bbox 737 2296 933 2336; x_wconf 87' lang='lat' dir='ltr'><strong>nomen</strong></span> <span class='ocrx_word' id='word_1_246' title='bbox 989 2279 1214 2334; x_wconf 90' lang='lat' dir='ltr'><strong>Patrum</strong></span> <span class='ocrx_word' id='word_1_247' title='bbox 1269 2277 1511 2332; x_wconf 85' lang='lat' dir='ltr'><strong>tribuere</strong></span> <span class='ocrx_word' id='word_1_248' title='bbox 1565 2276 1716 2332; x_wconf 89' lang='lat' dir='ltr'><strong>omni</strong></span> <span class='ocrx_word' id='word_1_249' title='bbox 1772 2291 2002 2346; x_wconf 87' lang='lat' dir='ltr'><strong>prorsus</strong></span> 
     </span>
    </p>
   </div>
   <div class='ocr_carea' id='block_1_38' title="bbox 2125 2265 3668 2346">
    <p class='ocr_par' dir='ltr' id='par_1_38' title="bbox 2125 2265 3668 2344">
     <span class='ocr_line' id='line_1_38' title="bbox 2125 2265 3668 2344; baseline -0.007 -17"><span class='ocrx_word' id='word_1_250' title='bbox 2125 2274 2181 2338; x_wconf 76' lang='grc' dir='ltr'>ὓς</span> <span class='ocrx_word' id='word_1_251' title='bbox 2210 2275 2244 2344; x_wconf 84' lang='grc' dir='ltr'>ὴ</span> <span class='ocrx_word' id='word_1_252' title='bbox 2307 2274 2526 2344; x_wconf 72' lang='grc' dir='ltr'>αἵρεσις</span> <span class='ocrx_word' id='word_1_253' title='bbox 2572 2272 2780 2343; x_wconf 84' lang='grc' dir='ltr'>ῥήματι</span> <span class='ocrx_word' id='word_1_254' title='bbox 2834 2271 2936 2341; x_wconf 76' lang='grc' dir='ltr'>μὲν</span> <span class='ocrx_word' id='word_1_255' title='bbox 2967 2271 3094 2332; x_wconf 78' lang='grc' dir='ltr'>τοὺς</span> <span class='ocrx_word' id='word_1_256' title='bbox 3126 2267 3461 2339; x_wconf 82' lang='grc' dir='ltr'><strong>εἰρημένους</strong></span> <span class='ocrx_word' id='word_1_257' title='bbox 3489 2265 3668 2334; x_wconf 76' lang='grc' dir='ltr'>ἄνδρας</span> 
     </span>
    </p>
   </div>
   <div class='ocr_carea' id='block_1_39' title="bbox 429 2354 2023 2442">
    <p class='ocr_par' dir='ltr' id='par_1_39' title="bbox 429 2369 2002 2442">
     <span class='ocr_line' id='line_1_39' title="bbox 429 2369 2002 2442; baseline -0.005 -13"><span class='ocrx_word' id='word_1_258' title='bbox 429 2377 637 2429; x_wconf 83' lang='lat' dir='ltr'><strong>honore</strong></span> <span class='ocrx_word' id='word_1_259' title='bbox 667 2374 866 2428; x_wconf 90' lang='lat' dir='ltr'><strong>nudum</strong></span> <span class='ocrx_word' id='word_1_260' title='bbox 895 2372 998 2442; x_wconf 86' lang='lat' dir='ltr'><strong>(l),</strong></span> <span class='ocrx_word' id='word_1_261' title='bbox 1038 2371 1196 2426; x_wconf 78' lang='lat' dir='ltr'><strong>factis</strong></span> <span class='ocrx_word' id='word_1_262' title='bbox 1232 2380 1439 2433; x_wconf 89' lang='lat' dir='ltr'><strong>autem,</strong></span> <span class='ocrx_word' id='word_1_263' title='bbox 1473 2369 1676 2440; x_wconf 86' lang='lat' dir='ltr'><strong>quibus</strong></span> <span class='ocrx_word' id='word_1_264' title='bbox 1722 2369 2002 2439; x_wconf 90' lang='lat' dir='ltr'><strong>proprium</strong></span> 
     </span>
    </p>
   </div>
   <div class='ocr_carea' id='block_1_40' title="bbox 2125 2354 3666 2442">
    <p class='ocr_par' dir='ltr' id='par_1_40' title="bbox 2125 2354 3666 2434">
     <span class='ocr_line' id='line_1_40' title="bbox 2125 2354 3666 2434; baseline -0.007 -17"><span class='ocrx_word' id='word_1_265' title='bbox 2125 2362 2362 2433; x_wconf 74' lang='grc' dir='ltr'>Πατέρας</span> <span class='ocrx_word' id='word_1_266' title='bbox 2386 2363 2546 2416; x_wconf 85' lang='grc' dir='ltr'><strong>καλεῖ</strong></span> <span class='ocrx_word' id='word_1_267' title='bbox 2571 2363 2674 2432; x_wconf 77' lang='lat'><strong>(5),</strong></span> <span class='ocrx_word' id='word_1_268' title='bbox 2706 2361 2900 2432; x_wconf 85' lang='grc' dir='ltr'>γυμνῷ</span> <span class='ocrx_word' id='word_1_269' title='bbox 2929 2363 3039 2434; x_wconf 82' lang='grc' dir='ltr'>γὰρ</span> <span class='ocrx_word' id='word_1_270' title='bbox 3062 2359 3337 2430; x_wconf 79' lang='grc' dir='ltr'>καὶτιμῆς</span> <span class='ocrx_word' id='word_1_271' title='bbox 3368 2355 3586 2424; x_wconf 76' lang='grc' dir='ltr'>ἁπάσης</span> <span class='ocrx_word' id='word_1_272' title='bbox 3613 2354 3666 2407; x_wconf 81' lang='grc' dir='ltr'>οὐ</span> 
     </span>
    </p>
   </div>
   <div class='ocr_carea' id='block_1_41' title="bbox 428 2446 2023 2532">
    <p class='ocr_par' dir='ltr' id='par_1_41' title="bbox 428 2461 2006 2532">
     <span class='ocr_line' id='line_1_41' title="bbox 428 2461 2006 2532; baseline -0.003 -12"><span class='ocrx_word' id='word_1_273' title='bbox 428 2467 683 2532; x_wconf 83' lang='lat' dir='ltr'><strong>placitum</strong></span> <span class='ocrx_word' id='word_1_274' title='bbox 752 2475 997 2520; x_wconf 89' lang='lat' dir='ltr'><strong>astruere</strong></span> <span class='ocrx_word' id='word_1_275' title='bbox 1055 2463 1459 2528; x_wconf 85' lang='lat' dir='ltr'><strong>maehinantur,</strong></span> <span class='ocrx_word' id='word_1_276' title='bbox 1497 2463 1548 2515; x_wconf 94' lang='lat' dir='ltr'><strong>in</strong></span> <span class='ocrx_word' id='word_1_277' title='bbox 1591 2473 1773 2530; x_wconf 86' lang='lat' dir='ltr'><strong>partes</strong></span> <span class='ocrx_word' id='word_1_278' title='bbox 1809 2461 2006 2529; x_wconf 88' lang='lat' dir='ltr'><strong>impio-</strong></span> 
     </span>
    </p>
   </div>
   <div class='ocr_carea' id='block_1_42' title="bbox 2125 2446 3668 2532">
    <p class='ocr_par' dir='ltr' id='par_1_42' title="bbox 2125 2446 3668 2526">
     <span class='ocr_line' id='line_1_42' title="bbox 2125 2446 3668 2526; baseline -0.007 -17"><span class='ocrx_word' id='word_1_279' title='bbox 2125 2454 2298 2526; x_wconf 81' lang='grc' dir='ltr'>ρθονετ</span> <span class='ocrx_word' id='word_1_280' title='bbox 2351 2453 2696 2525; x_wconf 80' lang='grc' dir='ltr'><strong>μεταδιδόναι</strong></span> <span class='ocrx_word' id='word_1_281' title='bbox 2743 2453 2822 2523; x_wconf 83' lang='grc' dir='ltr'><strong>τῷ</strong></span> <span class='ocrx_word' id='word_1_282' title='bbox 2868 2453 3096 2522; x_wconf 82' lang='grc' dir='ltr'>ὀνόματι</span> <span class='ocrx_word' id='word_1_283' title='bbox 3129 2451 3202 2522; x_wconf 66' lang='grc'><strong>(4)</strong></span> <span class='ocrx_word' id='word_1_284' title='bbox 3236 2489 3252 2515; x_wconf 92' lang='grc'><strong>,</strong></span> <span class='ocrx_word' id='word_1_285' title='bbox 3290 2450 3440 2521; x_wconf 73' lang='grc' dir='ltr'>ἔργῳ</span> <span class='ocrx_word' id='word_1_286' title='bbox 3476 2448 3530 2502; x_wconf 72' lang='grc' dir='ltr'>δὲ</span> <span class='ocrx_word' id='word_1_287' title='bbox 3584 2446 3668 2500; x_wconf 79' lang='grc' dir='ltr'>καὶ</span> 
     </span>
    </p>
   </div>
   <div class='ocr_carea' id='block_1_43' title="bbox 432 2533 2023 2628">
    <p class='ocr_par' dir='ltr' id='par_1_43' title="bbox 432 2552 2004 2628">
     <span class='ocr_line' id='line_1_43' title="bbox 432 2552 2004 2628; baseline -0.004 -15"><span class='ocrx_word' id='word_1_288' title='bbox 432 2576 554 2615; x_wconf 85' lang='lat' dir='ltr'><strong>runt</strong></span> <span class='ocrx_word' id='word_1_289' title='bbox 596 2569 650 2612; x_wconf 91' lang='lat' dir='ltr'><strong>et</strong></span> <span class='ocrx_word' id='word_1_290' title='bbox 682 2558 1126 2628; x_wconf 86' lang='lat' dir='ltr'><strong>perniciosorum</strong></span> <span class='ocrx_word' id='word_1_291' title='bbox 1178 2556 1330 2624; x_wconf 90' lang='lat' dir='ltr'><strong>ipsos</strong></span> <span class='ocrx_word' id='word_1_292' title='bbox 1378 2553 1679 2623; x_wconf 90' lang='lat' dir='ltr'><strong>impellere,</strong></span> <span class='ocrx_word' id='word_1_293' title='bbox 1730 2552 1833 2607; x_wconf 88' lang='lat' dir='ltr'><strong>nisi</strong></span> <span class='ocrx_word' id='word_1_294' title='bbox 1865 2552 2004 2607; x_wconf 77' lang='lat' dir='ltr'><strong>forte</strong></span> 
     </span>
    </p>
   </div>
   <div class='ocr_carea' id='block_1_44' title="bbox 2125 2533 3669 2628">
    <p class='ocr_par' dir='ltr' id='par_1_44' title="bbox 2125 2533 3669 2618">
     <span class='ocr_line' id='line_1_44' title="bbox 2125 2533 3669 2618; baseline -0.008 -20"><span class='ocrx_word' id='word_1_295' title='bbox 2125 2547 2176 2618; x_wconf 70' lang='grc' dir='ltr'>τῇ</span> <span class='ocrx_word' id='word_1_296' title='bbox 2209 2541 2704 2614; x_wconf 81' lang='grc' dir='ltr'>κατασκευαζούσῃ</span> <span class='ocrx_word' id='word_1_297' title='bbox 2742 2543 2965 2612; x_wconf 78' lang='grc' dir='ltr'>μηχανῇ</span> <span class='ocrx_word' id='word_1_298' title='bbox 3002 2541 3063 2592; x_wconf 88' lang='grc' dir='ltr'><strong>τδ</strong></span> <span class='ocrx_word' id='word_1_299' title='bbox 3095 2540 3295 2592; x_wconf 80' lang='grc' dir='ltr'>οίκεῐον</span> <span class='ocrx_word' id='word_1_300' title='bbox 3326 2537 3571 2608; x_wconf 80' lang='grc' dir='ltr'>βούλημα</span> <span class='ocrx_word' id='word_1_301' title='bbox 3600 2533 3669 2594; x_wconf 86' lang='grc' dir='ltr'><strong>είς</strong></span> 
     </span>
    </p>
   </div>
   <div class='ocr_carea' id='block_1_45' title="bbox 2100 1893 3782 1976">
    <p class='ocr_par' dir='ltr' id='par_1_45' title="bbox 2100 1893 3782 1976">
     <span class='ocr_line' id='line_1_45' title="bbox 2100 1893 3782 1976; baseline -0.006 -15"><span class='ocrx_word' id='word_1_302' title='bbox 2100 1908 2203 1971; x_wconf 60' lang='grc' dir='ltr'>ἐἰς</span> <span class='ocrx_word' id='word_1_303' title='bbox 2230 1907 2569 1976; x_wconf 76' lang='grc' dir='ltr'>Δεσποτικῆς</span> <span class='ocrx_word' id='word_1_304' title='bbox 2595 1906 2780 1976; x_wconf 77' lang='grc' dir='ltr'>φωνῆς</span> <span class='ocrx_word' id='word_1_305' title='bbox 2820 1903 3132 1974; x_wconf 80' lang='grc' dir='ltr'>μαρτυρίαν</span> <span class='ocrx_word' id='word_1_306' title='bbox 3171 1901 3249 1972; x_wconf 73' lang='lat'><strong>(2)</strong></span> <span class='ocrx_word' id='word_1_307' title='bbox 3298 1902 3396 1955; x_wconf 74' lang='grc' dir='ltr'>καὶ</span> <span class='ocrx_word' id='word_1_308' title='bbox 3428 1901 3527 1969; x_wconf 74' lang='grc' dir='ltr'>τὴν</span> <span class='ocrx_word' id='word_1_309' title='bbox 3551 1899 3666 1952; x_wconf 82' lang='grc' dir='ltr'>θαυ-</span> <span class='ocrx_word' id='word_1_310' title='bbox 3779 1893 3782 1896; x_wconf 66' lang='grc'><strong>’</strong></span> 
     </span>
    </p>
   </div>
   <div class='ocr_carea' id='block_1_46' title="bbox 432 2644 2006 2714">
    <p class='ocr_par' dir='ltr' id='par_1_46' title="bbox 432 2644 2006 2714">
     <span class='ocr_line' id='line_1_46' title="bbox 432 2644 2006 2714; baseline -0.004 -9"><span class='ocrx_word' id='word_1_311' title='bbox 432 2651 534 2705; x_wconf 83' lang='lat' dir='ltr'><strong>viri</strong></span> <span class='ocrx_word' id='word_1_312' title='bbox 579 2650 645 2705; x_wconf 88' lang='lat' dir='ltr'><strong>ad</strong></span> <span class='ocrx_word' id='word_1_313' title='bbox 676 2649 860 2704; x_wconf 86' lang='lat' dir='ltr'><strong>omnia</strong></span> <span class='ocrx_word' id='word_1_314' title='bbox 905 2647 1141 2702; x_wconf 86' lang='lat' dir='ltr'><strong>audaces</strong></span> <span class='ocrx_word' id='word_1_315' title='bbox 1175 2645 1378 2700; x_wconf 82' lang='lat' dir='ltr'><strong>talibus</strong></span> <span class='ocrx_word' id='word_1_316' title='bbox 1415 2644 1604 2700; x_wconf 86' lang='lat' dir='ltr'><strong>Patres</strong></span> <span class='ocrx_word' id='word_1_317' title='bbox 1629 2659 1761 2701; x_wconf 90' lang='lat' dir='ltr'><strong>suos</strong></span> <span class='ocrx_word' id='word_1_318' title='bbox 1799 2658 2006 2714; x_wconf 65' lang='grc' dir='ltr'>ιιι-ετο-</span> 
     </span>
    </p>
   </div>
   <div class='ocr_carea' id='block_1_47' title="bbox 434 2737 1553 2812">
    <p class='ocr_par' dir='ltr' id='par_1_47' title="bbox 434 2737 1553 2812">
     <span class='ocr_line' id='line_1_47' title="bbox 434 2737 1553 2812; baseline -0.007 -14"><span class='ocrx_word' id='word_1_319' title='bbox 434 2742 628 2812; x_wconf 63' lang='lat' dir='ltr'><strong>stativis</strong></span> <span class='ocrx_word' id='word_1_320' title='bbox 662 2741 919 2802; x_wconf 80' lang='lat' dir='ltr'><strong>obiectari</strong></span> <span class='ocrx_word' id='word_1_321' title='bbox 949 2749 1002 2795; x_wconf 85' lang='lat' dir='ltr'><strong>et</strong></span> <span class='ocrx_word' id='word_1_322' title='bbox 1034 2738 1258 2810; x_wconf 82' lang='lat' dir='ltr'><strong>gloriari</strong></span> <span class='ocrx_word' id='word_1_323' title='bbox 1289 2737 1553 2794; x_wconf 83' lang='lat' dir='ltr'><strong>credunt?</strong></span> 
     </span>
    </p>
   </div>
   <div class='ocr_carea' id='block_1_48' title="bbox 509 3010 2016 3088">
    <p class='ocr_par' dir='ltr' id='par_1_48' title="bbox 509 3010 2016 3088">
     <span class='ocr_line' id='line_1_48' title="bbox 509 3010 2016 3088; baseline -0.007 -12"><span class='ocrx_word' id='word_1_324' title='bbox 509 3022 600 3076; x_wconf 82' lang='lat'><strong>68.</strong></span> <span class='ocrx_word' id='word_1_325' title='bbox 643 3019 929 3076; x_wconf 76' lang='lat' dir='ltr'><strong>Aﬁirmant</strong></span> <span class='ocrx_word' id='word_1_326' title='bbox 952 3018 1280 3074; x_wconf 83' lang='lat' dir='ltr'><strong>Ambrosius</strong></span> <span class='ocrx_word' id='word_1_327' title='bbox 1308 3017 1394 3073; x_wconf 88' lang='lat' dir='ltr'><strong>vel</strong></span> <span class='ocrx_word' id='word_1_328' title='bbox 1423 3016 1760 3088; x_wconf 74' lang='lat' dir='ltr'><strong>Augustinus</strong></span> <span class='ocrx_word' id='word_1_329' title='bbox 1789 3013 1869 3068; x_wconf 85' lang='lat' dir='ltr'><strong>vel</strong></span> <span class='ocrx_word' id='word_1_330' title='bbox 1899 3010 2016 3084; x_wconf 82' lang='lat' dir='ltr'><strong>qui-</strong></span> 
     </span>
    </p>
   </div>
   <div class='ocr_carea' id='block_1_49' title="bbox 438 3106 2020 3185">
    <p class='ocr_par' dir='ltr' id='par_1_49' title="bbox 438 3106 2020 3185">
     <span class='ocr_line' id='line_1_49' title="bbox 438 3106 2020 3185; baseline -0.004 -19"><span class='ocrx_word' id='word_1_331' title='bbox 438 3129 658 3185; x_wconf 78' lang='lat' dir='ltr'><strong>cunque</strong></span> <span class='ocrx_word' id='word_1_332' title='bbox 684 3115 821 3169; x_wconf 88' lang='lat' dir='ltr'><strong>alius</strong></span> <span class='ocrx_word' id='word_1_333' title='bbox 839 3112 1140 3167; x_wconf 74' lang='lat' dir='ltr'><strong>Dominicze</strong></span> <span class='ocrx_word' id='word_1_334' title='bbox 1162 3112 1282 3166; x_wconf 89' lang='lat' dir='ltr'><strong>voci</strong></span> <span class='ocrx_word' id='word_1_335' title='bbox 1305 3111 1603 3166; x_wconf 88' lang='lat' dir='ltr'><strong>contraria.</strong></span> <span class='ocrx_word' id='word_1_336' title='bbox 1625 3110 1760 3176; x_wconf 89' lang='lat' dir='ltr'><strong>Quis</strong></span> <span class='ocrx_word' id='word_1_337' title='bbox 1787 3109 1890 3163; x_wconf 85' lang='lat' dir='ltr'><strong>hoc</strong></span> <span class='ocrx_word' id='word_1_338' title='bbox 1908 3106 2020 3161; x_wconf 86' lang='lat' dir='ltr'><strong>ait?</strong></span> 
     </span>
    </p>
   </div>
   <div class='ocr_carea' id='block_1_50' title="bbox 438 3202 2020 3278">
    <p class='ocr_par' dir='ltr' id='par_1_50' title="bbox 438 3202 2020 3278">
     <span class='ocr_line' id='line_1_50' title="bbox 438 3202 2020 3278; baseline -0.004 -16"><span class='ocrx_word' id='word_1_339' title='bbox 438 3205 496 3262; x_wconf 90' lang='lat' dir='ltr'><strong>Si</strong></span> <span class='ocrx_word' id='word_1_340' title='bbox 521 3223 644 3278; x_wconf 82' lang='lat' dir='ltr'><strong>ego,</strong></span> <span class='ocrx_word' id='word_1_341' title='bbox 660 3208 849 3276; x_wconf 88' lang='lat' dir='ltr'><strong>utique</strong></span> <span class='ocrx_word' id='word_1_342' title='bbox 873 3207 980 3260; x_wconf 87' lang='lat' dir='ltr'><strong>tuis</strong></span> <span class='ocrx_word' id='word_1_343' title='bbox 1001 3221 1116 3260; x_wconf 90' lang='lat' dir='ltr'><strong>sum</strong></span> <span class='ocrx_word' id='word_1_344' title='bbox 1137 3202 1391 3259; x_wconf 82' lang='lat' dir='ltr'><strong>Patribus</strong></span> <span class='ocrx_word' id='word_1_345' title='bbox 1411 3202 1682 3274; x_wconf 86' lang='lat' dir='ltr'><strong>injurius;</strong></span> <span class='ocrx_word' id='word_1_346' title='bbox 1711 3203 1797 3257; x_wconf 88' lang='lat' dir='ltr'><strong>sin</strong></span> <span class='ocrx_word' id='word_1_347' title='bbox 1815 3216 1943 3256; x_wconf 91' lang='lat' dir='ltr'><strong>vero</strong></span> <span class='ocrx_word' id='word_1_348' title='bbox 1964 3210 2020 3255; x_wconf 92' lang='lat' dir='ltr'><strong>tu</strong></span> 
     </span>
    </p>
   </div>
   <div class='ocr_carea' id='block_1_51' title="bbox 439 3290 2023 3370">
    <p class='ocr_par' dir='ltr' id='par_1_51' title="bbox 439 3290 2023 3370">
     <span class='ocr_line' id='line_1_51' title="bbox 439 3290 2023 3370; baseline -0.006 -16"><span class='ocrx_word' id='word_1_349' title='bbox 439 3301 660 3370; x_wconf 88' lang='lat' dir='ltr'><strong>quidem</strong></span> <span class='ocrx_word' id='word_1_350' title='bbox 685 3301 905 3362; x_wconf 86' lang='lat' dir='ltr'><strong>asseris,</strong></span> <span class='ocrx_word' id='word_1_351' title='bbox 931 3311 1031 3366; x_wconf 88' lang='lat' dir='ltr'><strong>ego</strong></span> <span class='ocrx_word' id='word_1_352' title='bbox 1054 3305 1238 3350; x_wconf 89' lang='lat' dir='ltr'><strong>autem</strong></span> <span class='ocrx_word' id='word_1_353' title='bbox 1262 3305 1404 3358; x_wconf 86' lang='lat' dir='ltr'><strong>vett),</strong></span> <span class='ocrx_word' id='word_1_354' title='bbox 1428 3296 1616 3363; x_wconf 85' lang='lat' dir='ltr'><strong>utique</strong></span> <span class='ocrx_word' id='word_1_355' title='bbox 1637 3303 1692 3348; x_wconf 92' lang='lat' dir='ltr'><strong>tu</strong></span> <span class='ocrx_word' id='word_1_356' title='bbox 1718 3293 1839 3347; x_wconf 88' lang='lat' dir='ltr'><strong>illos</strong></span> <span class='ocrx_word' id='word_1_357' title='bbox 1856 3290 2023 3346; x_wconf 80' lang='lat' dir='ltr'><strong>aﬂicis</strong></span> 
     </span>
    </p>
   </div>
   <div class='ocr_carea' id='block_1_52' title="bbox 439 3383 2019 3462">
    <p class='ocr_par' dir='ltr' id='par_1_52' title="bbox 439 3383 2019 3462">
     <span class='ocr_line' id='line_1_52' title="bbox 439 3383 2019 3462; baseline -0.006 -15"><span class='ocrx_word' id='word_1_358' title='bbox 439 3392 665 3462; x_wconf 78' lang='lat' dir='ltr'><strong>injuria,</strong></span> <span class='ocrx_word' id='word_1_359' title='bbox 691 3399 745 3444; x_wconf 88' lang='lat' dir='ltr'><strong>et</strong></span> <span class='ocrx_word' id='word_1_360' title='bbox 778 3406 879 3461; x_wconf 83' lang='lat' dir='ltr'><strong>ego</strong></span> <span class='ocrx_word' id='word_1_361' title='bbox 914 3399 966 3444; x_wconf 90' lang='lat' dir='ltr'><strong>te</strong></span> <span class='ocrx_word' id='word_1_362' title='bbox 993 3388 1247 3444; x_wconf 69' lang='lat' dir='ltr'><strong>Pati-ibus</strong></span> <span class='ocrx_word' id='word_1_363' title='bbox 1276 3387 1541 3457; x_wconf 87' lang='lat' dir='ltr'><strong>injurium</strong></span> <span class='ocrx_word' id='word_1_364' title='bbox 1566 3385 1894 3441; x_wconf 90' lang='lat' dir='ltr'><strong>condemno.</strong></span> <span class='ocrx_word' id='word_1_365' title='bbox 1925 3383 2019 3448; x_wconf 80' lang='lat' dir='ltr'><strong>At,</strong></span> 
     </span>
    </p>
   </div>
   <div class='ocr_carea' id='block_1_53' title="bbox 437 3476 2022 3553">
    <p class='ocr_par' dir='ltr' id='par_1_53' title="bbox 437 3476 2022 3553">
     <span class='ocr_line' id='line_1_53' title="bbox 437 3476 2022 3553; baseline -0.005 -17"><span class='ocrx_word' id='word_1_366' title='bbox 437 3483 641 3553; x_wconf 85' lang='lat' dir='ltr'><strong>inquis,</strong></span> <span class='ocrx_word' id='word_1_367' title='bbox 668 3483 742 3537; x_wconf 83' lang='lat' dir='ltr'><strong>illi</strong></span> <span class='ocrx_word' id='word_1_368' title='bbox 777 3482 892 3536; x_wconf 74' lang='lat' dir='ltr'><strong>haec</strong></span> <span class='ocrx_word' id='word_1_369' title='bbox 917 3482 1278 3549; x_wconf 85' lang='lat' dir='ltr'><strong>scripserunt,</strong></span> <span class='ocrx_word' id='word_1_370' title='bbox 1299 3479 1430 3533; x_wconf 90' lang='lat' dir='ltr'><strong>etin</strong></span> <span class='ocrx_word' id='word_1_371' title='bbox 1459 3479 1676 3532; x_wconf 91' lang='lat' dir='ltr'><strong>illorum</strong></span> <span class='ocrx_word' id='word_1_372' title='bbox 1713 3476 1868 3530; x_wconf 90' lang='lat' dir='ltr'><strong>libris</strong></span> <span class='ocrx_word' id='word_1_373' title='bbox 1893 3489 2022 3530; x_wconf 75' lang='lat' dir='ltr'><strong>eon-</strong></span> 
     </span>
    </p>
   </div>
   <div class='ocr_carea' id='block_1_54' title="bbox 351 3563 2022 3645">
    <p class='ocr_par' dir='ltr' id='par_1_54' title="bbox 351 3563 2022 3645">
     <span class='ocr_line' id='line_1_54' title="bbox 351 3563 2022 3645; baseline -0.008 -14"><span class='ocrx_word' id='word_1_374' title='bbox 351 3581 354 3584; x_wconf 76' lang='grc'><strong>’</strong></span> <span class='ocrx_word' id='word_1_375' title='bbox 436 3578 660 3640; x_wconf 85' lang='lat' dir='ltr'><strong>tinetur,</strong></span> <span class='ocrx_word' id='word_1_376' title='bbox 683 3575 946 3645; x_wconf 84' lang='lat' dir='ltr'><strong>Spiritum</strong></span> <span class='ocrx_word' id='word_1_377' title='bbox 968 3587 996 3625; x_wconf 86' lang='lat' dir='ltr'><strong>a</strong></span> <span class='ocrx_word' id='word_1_378' title='bbox 1015 3571 1150 3626; x_wconf 84' lang='lat' dir='ltr'><strong>Filio</strong></span> <span class='ocrx_word' id='word_1_379' title='bbox 1171 3571 1483 3640; x_wconf 86' lang='lat' dir='ltr'><strong>procedere.</strong></span> <span class='ocrx_word' id='word_1_380' title='bbox 1507 3569 1704 3623; x_wconf 80' lang='lat' dir='ltr'><strong>Verum</strong></span> <span class='ocrx_word' id='word_1_381' title='bbox 1724 3567 1852 3636; x_wconf 89' lang='lat' dir='ltr'><strong>quid</strong></span> <span class='ocrx_word' id='word_1_382' title='bbox 1875 3563 2022 3620; x_wconf 87' lang='lat' dir='ltr'><strong>hoc?</strong></span> 
     </span>
    </p>
   </div>
   <div class='ocr_carea' id='block_1_55' title="bbox 438 3661 2019 3722">
    <p class='ocr_par' dir='ltr' id='par_1_55' title="bbox 438 3661 2019 3722">
     <span class='ocr_line' id='line_1_55' title="bbox 438 3661 2019 3722; baseline -0.009 0"><span class='ocrx_word' id='word_1_383' title='bbox 438 3666 496 3722; x_wconf 86' lang='lat' dir='ltr'><strong>Si</strong></span> <span class='ocrx_word' id='word_1_384' title='bbox 537 3669 682 3721; x_wconf 89' lang='lat' dir='ltr'><strong>enim</strong></span> <span class='ocrx_word' id='word_1_385' title='bbox 733 3665 928 3719; x_wconf 88' lang='lat' dir='ltr'><strong>melius</strong></span> <span class='ocrx_word' id='word_1_386' title='bbox 973 3663 1153 3718; x_wconf 87' lang='lat' dir='ltr'><strong>edocti</strong></span> <span class='ocrx_word' id='word_1_387' title='bbox 1202 3661 1531 3715; x_wconf 87' lang='lat' dir='ltr'><strong>sententiam</strong></span> <span class='ocrx_word' id='word_1_388' title='bbox 1567 3673 1676 3711; x_wconf 88' lang='lat' dir='ltr'><strong>non</strong></span> <span class='ocrx_word' id='word_1_389' title='bbox 1702 3662 2019 3719; x_wconf 81' lang='lat' dir='ltr'><strong>mutarunt,</strong></span> 
     </span>
    </p>
   </div>
   <div class='ocr_carea' id='block_1_56' title="bbox 443 3753 2022 3828">
    <p class='ocr_par' dir='ltr' id='par_1_56' title="bbox 443 3753 2022 3828">
     <span class='ocr_line' id='line_1_56' title="bbox 443 3753 2022 3828; baseline -0.006 -16"><span class='ocrx_word' id='word_1_390' title='bbox 443 3760 489 3813; x_wconf 82' lang='lat' dir='ltr'><strong>si</strong></span> <span class='ocrx_word' id='word_1_391' title='bbox 515 3759 683 3828; x_wconf 85' lang='lat' dir='ltr'><strong>justis</strong></span> <span class='ocrx_word' id='word_1_392' title='bbox 713 3757 875 3812; x_wconf 84' lang='lat' dir='ltr'><strong>evicti</strong></span> <span class='ocrx_word' id='word_1_393' title='bbox 921 3755 1264 3825; x_wconf 75' lang='lat' dir='ltr'><strong>argumentis</strong></span> <span class='ocrx_word' id='word_1_394' title='bbox 1295 3753 1364 3806; x_wconf 84' lang='lat' dir='ltr'><strong>ab</strong></span> <span class='ocrx_word' id='word_1_395' title='bbox 1393 3765 1583 3806; x_wconf 90' lang='lat' dir='ltr'><strong>errore</strong></span> <span class='ocrx_word' id='word_1_396' title='bbox 1630 3765 1740 3804; x_wconf 92' lang='lat' dir='ltr'><strong>non</strong></span> <span class='ocrx_word' id='word_1_397' title='bbox 1775 3763 2022 3803; x_wconf 80' lang='lat' dir='ltr'><strong>recesse-</strong></span> 
     </span>
    </p>
   </div>
   <div class='ocr_carea' id='block_1_57' title="bbox 438 3840 2015 3917">
    <p class='ocr_par' dir='ltr' id='par_1_57' title="bbox 438 3840 2015 3917">
     <span class='ocr_line' id='line_1_57' title="bbox 438 3840 2015 3917; baseline -0.008 -12"><span class='ocrx_word' id='word_1_398' title='bbox 438 3861 590 3912; x_wconf 86' lang='lat' dir='ltr'><strong>runt,</strong></span> <span class='ocrx_word' id='word_1_399' title='bbox 654 3859 806 3903; x_wconf 89' lang='lat' dir='ltr'><strong>tuum</strong></span> <span class='ocrx_word' id='word_1_400' title='bbox 861 3862 1003 3917; x_wconf 80' lang='lat' dir='ltr'><strong>Opus</strong></span> <span class='ocrx_word' id='word_1_401' title='bbox 1045 3846 1182 3900; x_wconf 86' lang='lat' dir='ltr'><strong>dicis</strong></span> <span class='ocrx_word' id='word_1_402' title='bbox 1236 3854 1500 3912; x_wconf 89' lang='lat' dir='ltr'><strong>tuumque</strong></span> <span class='ocrx_word' id='word_1_403' title='bbox 1561 3840 2015 3896; x_wconf 76' lang='lat' dir='ltr'><strong>inemendabilem</strong></span> 
     </span>
    </p>
   </div>
   <div class='ocr_carea' id='block_1_58' title="bbox 443 3936 2020 4015">
    <p class='ocr_par' dir='ltr' id='par_1_58' title="bbox 443 3936 2020 4015">
     <span class='ocr_line' id='line_1_58' title="bbox 443 3936 2020 4015; baseline -0.006 -15"><span class='ocrx_word' id='word_1_404' title='bbox 443 3947 693 4000; x_wconf 87' lang='lat' dir='ltr'><strong>animum</strong></span> <span class='ocrx_word' id='word_1_405' title='bbox 729 3944 857 4015; x_wconf 87' lang='lat' dir='ltr'><strong>(alia</strong></span> <span class='ocrx_word' id='word_1_406' title='bbox 892 3957 1082 3998; x_wconf 84' lang='lat' dir='ltr'><strong>rursus</strong></span> <span class='ocrx_word' id='word_1_407' title='bbox 1114 3944 1232 3995; x_wconf 67' lang='lat' dir='ltr'><strong>hanc</strong></span> <span class='ocrx_word' id='word_1_408' title='bbox 1275 3949 1360 3994; x_wconf 86' lang='lat' dir='ltr'><strong>est</strong></span> <span class='ocrx_word' id='word_1_409' title='bbox 1387 3936 1864 3993; x_wconf 83' lang='lat' dir='ltr'><strong>adversus&#39;Patres</strong></span> <span class='ocrx_word' id='word_1_410' title='bbox 1897 3947 2020 3992; x_wconf 88' lang='lat' dir='ltr'><strong>tuos</strong></span> 
     </span>
    </p>
   </div>
   <div class='ocr_carea' id='block_1_59' title="bbox 439 4030 2001 4106">
    <p class='ocr_par' dir='ltr' id='par_1_59' title="bbox 439 4030 2001 4106">
     <span class='ocr_line' id='line_1_59' title="bbox 439 4030 2001 4106; baseline -0.006 -11"><span class='ocrx_word' id='word_1_411' title='bbox 439 4038 737 4106; x_wconf 87' lang='lat' dir='ltr'><strong>calumnia)</strong></span> <span class='ocrx_word' id='word_1_412' title='bbox 796 4038 1014 4091; x_wconf 89' lang='lat' dir='ltr'><strong>illorum</strong></span> <span class='ocrx_word' id='word_1_413' title='bbox 1069 4035 1334 4090; x_wconf 74' lang='lat' dir='ltr'><strong>doctrinae</strong></span> <span class='ocrx_word' id='word_1_414' title='bbox 1382 4044 1664 4105; x_wconf 87' lang='lat' dir='ltr'><strong>acceptum</strong></span> <span class='ocrx_word' id='word_1_415' title='bbox 1712 4031 1904 4087; x_wconf 72' lang='lat' dir='ltr'><strong>refers.</strong></span> <span class='ocrx_word' id='word_1_416' title='bbox 1945 4030 2001 4086; x_wconf 90' lang='lat' dir='ltr'><strong>Si</strong></span> 
     </span>
    </p>
   </div>
   <div class='ocr_carea' id='block_1_60' title="bbox 441 4123 2022 4199">
    <p class='ocr_par' dir='ltr' id='par_1_60' title="bbox 441 4123 2022 4199">
     <span class='ocr_line' id='line_1_60' title="bbox 441 4123 2022 4199; baseline -0.005 -14"><span class='ocrx_word' id='word_1_417' title='bbox 441 4145 597 4196; x_wconf 89' lang='lat' dir='ltr'><strong>vero,</strong></span> <span class='ocrx_word' id='word_1_418' title='bbox 631 4145 754 4199; x_wconf 77' lang='lat' dir='ltr'><strong>qua:</strong></span> <span class='ocrx_word' id='word_1_419' title='bbox 807 4138 891 4182; x_wconf 90' lang='lat' dir='ltr'><strong>est</strong></span> <span class='ocrx_word' id='word_1_420' title='bbox 943 4142 1124 4182; x_wconf 89' lang='lat' dir='ltr'><strong>rerum</strong></span> <span class='ocrx_word' id='word_1_421' title='bbox 1177 4125 1545 4182; x_wconf 82' lang='lat' dir='ltr'><strong>humanarum</strong></span> <span class='ocrx_word' id='word_1_422' title='bbox 1578 4124 1860 4188; x_wconf 87' lang='lat' dir='ltr'><strong>conditio,</strong></span> <span class='ocrx_word' id='word_1_423' title='bbox 1892 4123 2022 4178; x_wconf 86' lang='lat' dir='ltr'><strong>licet</strong></span> 
     </span>
    </p>
   </div>
   <div class='ocr_carea' id='block_1_61' title="bbox 443 4214 2018 4290">
    <p class='ocr_par' dir='ltr' id='par_1_61' title="bbox 443 4214 2018 4290">
     <span class='ocr_line' id='line_1_61' title="bbox 443 4214 2018 4290; baseline -0.006 -15"><span class='ocrx_word' id='word_1_424' title='bbox 443 4221 779 4290; x_wconf 65' lang='lat' dir='ltr'><strong>cmteroquin</strong></span> <span class='ocrx_word' id='word_1_425' title='bbox 834 4219 1057 4290; x_wconf 88' lang='lat' dir='ltr'><strong>optimis</strong></span> <span class='ocrx_word' id='word_1_426' title='bbox 1115 4217 1430 4287; x_wconf 89' lang='lat' dir='ltr'><strong>quibusque</strong></span> <span class='ocrx_word' id='word_1_427' title='bbox 1479 4217 1773 4270; x_wconf 81' lang='lat' dir='ltr'><strong>virtutibus</strong></span> <span class='ocrx_word' id='word_1_428' title='bbox 1819 4214 2018 4280; x_wconf 85' lang='lat' dir='ltr'><strong>ornati,</strong></span> 
     </span>
    </p>
   </div>
   <div class='ocr_carea' id='block_1_62' title="bbox 441 4309 2020 4385">
    <p class='ocr_par' dir='ltr' id='par_1_62' title="bbox 441 4309 2020 4385">
     <span class='ocr_line' id='line_1_62' title="bbox 441 4309 2020 4385; baseline -0.005 -17"><span class='ocrx_word' id='word_1_429' title='bbox 441 4314 526 4369; x_wconf 87' lang='lat' dir='ltr'><strong>vcl</strong></span> <span class='ocrx_word' id='word_1_430' title='bbox 576 4330 641 4369; x_wconf 81' lang='lat' dir='ltr'><strong>ex</strong></span> <span class='ocrx_word' id='word_1_431' title='bbox 694 4312 1006 4385; x_wconf 79' lang='lat' dir='ltr'><strong>ignorantia</strong></span> <span class='ocrx_word' id='word_1_432' title='bbox 1059 4311 1309 4381; x_wconf 82' lang='lat' dir='ltr'><strong>quadam</strong></span> <span class='ocrx_word' id='word_1_433' title='bbox 1356 4309 1497 4380; x_wconf 81' lang='lat' dir='ltr'><strong>lapsi</strong></span> <span class='ocrx_word' id='word_1_434' title='bbox 1559 4309 1642 4364; x_wconf 88' lang='lat' dir='ltr'><strong>vel</strong></span> <span class='ocrx_word' id='word_1_435' title='bbox 1690 4309 2020 4378; x_wconf 73' lang='lat' dir='ltr'><strong>negligentia</strong></span> 
     </span>
    </p>
   </div>
   <div class='ocr_carea' id='block_1_63' title="bbox 441 4403 2023 4477">
    <p class='ocr_par' dir='ltr' id='par_1_63' title="bbox 441 4403 2023 4477">
     <span class='ocr_line' id='line_1_63' title="bbox 441 4403 2023 4477; baseline -0.006 -15"><span class='ocrx_word' id='word_1_436' title='bbox 441 4407 651 4477; x_wconf 88' lang='lat' dir='ltr'><strong>abrepti</strong></span> <span class='ocrx_word' id='word_1_437' title='bbox 683 4416 836 4474; x_wconf 87' lang='lat' dir='ltr'><strong>sunt,</strong></span> <span class='ocrx_word' id='word_1_438' title='bbox 891 4422 1000 4460; x_wconf 92' lang='lat' dir='ltr'><strong>non</strong></span> <span class='ocrx_word' id='word_1_439' title='bbox 1035 4414 1219 4460; x_wconf 89' lang='lat' dir='ltr'><strong>tamen</strong></span> <span class='ocrx_word' id='word_1_440' title='bbox 1253 4403 1520 4457; x_wconf 88' lang='lat' dir='ltr'><strong>admoniti</strong></span> <span class='ocrx_word' id='word_1_441' title='bbox 1572 4403 1893 4458; x_wconf 89' lang='lat' dir='ltr'><strong>restiterunt</strong></span> <span class='ocrx_word' id='word_1_442' title='bbox 1929 4409 2023 4454; x_wconf 90' lang='lat' dir='ltr'><strong>aut</strong></span> 
     </span>
    </p>
   </div>
   <div class='ocr_carea' id='block_1_64' title="bbox 441 4479 2017 4565">
    <p class='ocr_par' dir='ltr' id='par_1_64' title="bbox 441 4479 2017 4565">
     <span class='ocr_line' id='line_1_64' title="bbox 441 4479 2017 4565; baseline -0.006 -9"><span class='ocrx_word' id='word_1_443' title='bbox 441 4504 507 4556; x_wconf 87' lang='lat' dir='ltr'><strong>ad</strong></span> <span class='ocrx_word' id='word_1_444' title='bbox 551 4501 927 4554; x_wconf 79' lang='lat' dir='ltr'><strong>correCtiones</strong></span> <span class='ocrx_word' id='word_1_445' title='bbox 975 4479 1220 4552; x_wconf 63' lang='lat' dir='ltr'><strong>anim&#39;um</strong></span> <span class='ocrx_word' id='word_1_446' title='bbox 1253 4496 1608 4565; x_wconf 86' lang='lat' dir='ltr'><strong>pertinaciter</strong></span> <span class='ocrx_word' id='word_1_447' title='bbox 1653 4493 2017 4555; x_wconf 87' lang='lat' dir='ltr'><strong>obdurabant,</strong></span> 
     </span>
    </p>
   </div>
   <div class='ocr_carea' id='block_1_65' title="bbox 438 4584 2021 4662">
    <p class='ocr_par' dir='ltr' id='par_1_65' title="bbox 438 4584 2021 4662">
     <span class='ocr_line' id='line_1_65' title="bbox 438 4584 2021 4662; baseline -0.005 -16"><span class='ocrx_word' id='word_1_448' title='bbox 438 4593 573 4662; x_wconf 89' lang='lat' dir='ltr'><strong>qttid</strong></span> <span class='ocrx_word' id='word_1_449' title='bbox 627 4593 730 4646; x_wconf 83' lang='lat' dir='ltr'><strong>hoc</strong></span> <span class='ocrx_word' id='word_1_450' title='bbox 761 4593 827 4645; x_wconf 87' lang='lat' dir='ltr'><strong>ad</strong></span> <span class='ocrx_word' id='word_1_451' title='bbox 876 4591 969 4646; x_wconf 85' lang='lat' dir='ltr'><strong>te?</strong></span> <span class='ocrx_word' id='word_1_452' title='bbox 1014 4588 1306 4655; x_wconf 83' lang='lat' dir='ltr'><strong>Quomodo</strong></span> <span class='ocrx_word' id='word_1_453' title='bbox 1334 4601 1466 4642; x_wconf 89' lang='lat' dir='ltr'><strong>vero</strong></span> <span class='ocrx_word' id='word_1_454' title='bbox 1517 4588 1571 4640; x_wconf 87' lang='lat' dir='ltr'><strong>iti</strong></span> <span class='ocrx_word' id='word_1_455' title='bbox 1612 4587 1700 4651; x_wconf 90' lang='lat' dir='ltr'><strong>iis,</strong></span> <span class='ocrx_word' id='word_1_456' title='bbox 1737 4585 1832 4656; x_wconf 84' lang='lat' dir='ltr'><strong>qui</strong></span> <span class='ocrx_word' id='word_1_457' title='bbox 1885 4584 2021 4639; x_wconf 88' lang='lat' dir='ltr'><strong>nilril</strong></span> 
     </span>
    </p>
   </div>
   <div class='ocr_carea' id='block_1_66' title="bbox 2111 2625 3669 2708">
    <p class='ocr_par' dir='ltr' id='par_1_66' title="bbox 2111 2625 3669 2708">
     <span class='ocr_line' id='line_1_66' title="bbox 2111 2625 3669 2708; baseline -0.009 -16"><span class='ocrx_word' id='word_1_458' title='bbox 2111 2637 2212 2708; x_wconf 82' lang='grc' dir='ltr'>τὴν</span> <span class='ocrx_word' id='word_1_459' title='bbox 2241 2635 2353 2690; x_wconf 84' lang='grc' dir='ltr'><strong>τῶν</strong></span> <span class='ocrx_word' id='word_1_460' title='bbox 2375 2634 2666 2704; x_wconf 81' lang='grc' dir='ltr'>θεομάχων</span> <span class='ocrx_word' id='word_1_461' title='bbox 2695 2631 2794 2687; x_wconf 81' lang='grc' dir='ltr'>καὶ</span> <span class='ocrx_word' id='word_1_462' title='bbox 2851 2631 3197 2703; x_wconf 83' lang='grc' dir='ltr'>φθοροποιῶν</span> <span class='ocrx_word' id='word_1_463' title='bbox 3242 2631 3440 2701; x_wconf 80' lang='grc' dir='ltr'>μοῖραν</span> <span class='ocrx_word' id='word_1_464' title='bbox 3493 2625 3669 2686; x_wconf 70' lang='grc' dir='ltr'>αὐτοὺς</span> 
     </span>
    </p>
   </div>
   <div class='ocr_carea' id='block_1_67' title="bbox 2114 2717 3668 2796">
    <p class='ocr_par' dir='ltr' id='par_1_67' title="bbox 2114 2717 3668 2796">
     <span class='ocr_line' id='line_1_67' title="bbox 2114 2717 3668 2796; baseline -0.01 -13"><span class='ocrx_word' id='word_1_465' title='bbox 2114 2728 2536 2793; x_wconf 79' lang='grc' dir='ltr'>ἀπελαύνουσιν,</span> <span class='ocrx_word' id='word_1_466' title='bbox 2568 2727 2616 2778; x_wconf 85' lang='grc' dir='ltr'><strong>εί</strong></span> <span class='ocrx_word' id='word_1_467' title='bbox 2646 2726 2816 2795; x_wconf 82' lang='grc' dir='ltr'>μήπω</span> <span class='ocrx_word' id='word_1_468' title='bbox 2837 2723 2946 2796; x_wconf 77' lang='grc' dir='ltr'>ἄρα</span> <span class='ocrx_word' id='word_1_469' title='bbox 2972 2723 3023 2778; x_wconf 93' lang='grc' dir='ltr'><strong>οί</strong></span> <span class='ocrx_word' id='word_1_470' title='bbox 3059 2721 3235 2775; x_wconf 84' lang='grc' dir='ltr'>πάντα</span> <span class='ocrx_word' id='word_1_471' title='bbox 3263 2717 3541 2789; x_wconf 81' lang='grc' dir='ltr'>τολμηταὶ</span> <span class='ocrx_word' id='word_1_472' title='bbox 3569 2732 3668 2768; x_wconf 85' lang='grc' dir='ltr'>τοι-</span> 
     </span>
    </p>
   </div>
   <div class='ocr_carea' id='block_1_68' title="bbox 2116 2811 3667 2888">
    <p class='ocr_par' dir='ltr' id='par_1_68' title="bbox 2116 2811 3667 2888">
     <span class='ocr_line' id='line_1_68' title="bbox 2116 2811 3667 2888; baseline -0.008 -14"><span class='ocrx_word' id='word_1_473' title='bbox 2116 2819 2298 2884; x_wconf 84' lang='grc' dir='ltr'>ούτοις</span> <span class='ocrx_word' id='word_1_474' title='bbox 2341 2820 2524 2874; x_wconf 78' lang='grc' dir='ltr'>αὐτῶν</span> <span class='ocrx_word' id='word_1_475' title='bbox 2575 2817 2702 2881; x_wconf 78' lang='grc' dir='ltr'>τοὺς</span> <span class='ocrx_word' id='word_1_476' title='bbox 2764 2816 3084 2888; x_wconf 77' lang='grc' dir='ltr'>προνομίοις</span> <span class='ocrx_word' id='word_1_477' title='bbox 3136 2812 3456 2884; x_wconf 77' lang='grc' dir='ltr'>νομίζουσιν</span> <span class='ocrx_word' id='word_1_478' title='bbox 3510 2811 3667 2876; x_wconf 60' lang='lat' dir='ltr'><strong>istar-</strong></span> 
     </span>
    </p>
   </div>
   <div class='ocr_carea' id='block_1_69' title="bbox 2117 2910 2430 2978">
    <p class='ocr_par' dir='ltr' id='par_1_69' title="bbox 2117 2910 2430 2978">
     <span class='ocr_line' id='line_1_69' title="bbox 2117 2910 2430 2978; baseline 0 -12"><span class='ocrx_word' id='word_1_479' title='bbox 2117 2910 2430 2978; x_wconf 71' lang='grc' dir='ltr'>λαῒζεσθαις</span> 
     </span>
    </p>
   </div>
   <div class='ocr_carea' id='block_1_70' title="bbox 2194 2992 3667 3076">
    <p class='ocr_par' dir='ltr' id='par_1_70' title="bbox 2194 2992 3667 3076">
     <span class='ocr_line' id='line_1_70' title="bbox 2194 2992 3667 3076; baseline -0.017 -6"><span class='ocrx_word' id='word_1_480' title='bbox 2194 3003 2304 3076; x_wconf 80' lang='grc' dir='ltr'><strong>ξη⁸.</strong></span> <span class='ocrx_word' id='word_1_481' title='bbox 2361 3005 2608 3058; x_wconf 82' lang='grc' dir='ltr'>Ἀνεῖπεν</span> <span class='ocrx_word' id='word_1_482' title='bbox 2636 3001 3088 3073; x_wconf 43' lang='grc' dir='ltr'>(5))Αμ6ρόσιος</span> <span class='ocrx_word' id='word_1_483' title='bbox 3150 2998 3184 3070; x_wconf 80' lang='grc' dir='ltr'>ἢ</span> <span class='ocrx_word' id='word_1_484' title='bbox 3239 2995 3598 3063; x_wconf 81' lang='grc' dir='ltr'>Αὐγουστῖνος</span> <span class='ocrx_word' id='word_1_485' title='bbox 3638 2992 3667 3059; x_wconf 78' lang='grc' dir='ltr'>ἢ</span> 
     </span>
    </p>
   </div>
   <div class='ocr_carea' id='block_1_71' title="bbox 2121 3085 3673 3170">
    <p class='ocr_par' dir='ltr' id='par_1_71' title="bbox 2121 3085 3673 3170">
     <span class='ocr_line' id='line_1_71' title="bbox 2121 3085 3673 3170; baseline -0.012 -16"><span class='ocrx_word' id='word_1_486' title='bbox 2121 3101 2274 3164; x_wconf 81' lang='grc' dir='ltr'>ὅστις</span> <span class='ocrx_word' id='word_1_487' title='bbox 2312 3099 2502 3170; x_wconf 72' lang='grc' dir='ltr'>ἕτερος</span> <span class='ocrx_word' id='word_1_488' title='bbox 2549 3099 2648 3168; x_wconf 83' lang='grc' dir='ltr'>τῆς</span> <span class='ocrx_word' id='word_1_489' title='bbox 2700 3095 3046 3164; x_wconf 81' lang='grc' dir='ltr'>Δεσποτικῆς</span> <span class='ocrx_word' id='word_1_490' title='bbox 3086 3091 3272 3163; x_wconf 81' lang='grc' dir='ltr'>φωνῆς</span> <span class='ocrx_word' id='word_1_491' title='bbox 3309 3090 3550 3143; x_wconf 70' lang='grc' dir='ltr'>ιναντία.</span> <span class='ocrx_word' id='word_1_492' title='bbox 3589 3085 3673 3146; x_wconf 88' lang='grc' dir='ltr'>Τίς</span> 
     </span>
    </p>
   </div>
   <div class='ocr_carea' id='block_1_72' title="bbox 2121 3178 3672 3259">
    <p class='ocr_par' dir='ltr' id='par_1_72' title="bbox 2121 3178 3672 3259">
     <span class='ocr_line' id='line_1_72' title="bbox 2121 3178 3672 3259; baseline -0.009 -14"><span class='ocrx_word' id='word_1_493' title='bbox 2121 3190 2283 3246; x_wconf 82' lang='grc' dir='ltr'>τοῦτό</span> <span class='ocrx_word' id='word_1_494' title='bbox 2319 3206 2522 3259; x_wconf 82' lang='grc' dir='ltr'>φησιν;</span> <span class='ocrx_word' id='word_1_495' title='bbox 2565 3188 2626 3240; x_wconf 83' lang='lat' dir='ltr'><strong>Ei</strong></span> <span class='ocrx_word' id='word_1_496' title='bbox 2661 3189 2760 3257; x_wconf 82' lang='grc' dir='ltr'>μὲν</span> <span class='ocrx_word' id='word_1_497' title='bbox 2799 3185 2932 3254; x_wconf 77' lang='grc' dir='ltr'>ἐγὼ,</span> <span class='ocrx_word' id='word_1_498' title='bbox 2965 3186 3075 3237; x_wconf 87' lang='grc' dir='ltr'><strong>τῶν</strong></span> <span class='ocrx_word' id='word_1_499' title='bbox 3115 3184 3224 3237; x_wconf 85' lang='grc' dir='ltr'><strong>σῶν</strong></span> <span class='ocrx_word' id='word_1_500' title='bbox 3251 3183 3512 3253; x_wconf 83' lang='grc' dir='ltr'>Πατέρων</span> <span class='ocrx_word' id='word_1_501' title='bbox 3537 3178 3672 3248; x_wconf 73' lang='grc' dir='ltr'>ὑϐρι-</span> 
     </span>
    </p>
   </div>
   <div class='ocr_carea' id='block_1_73' title="bbox 2128 3272 3670 3354">
    <p class='ocr_par' dir='ltr' id='par_1_73' title="bbox 2128 3272 3670 3354">
     <span class='ocr_line' id='line_1_73' title="bbox 2128 3272 3670 3354; baseline -0.008 -18"><span class='ocrx_word' id='word_1_502' title='bbox 2128 3284 2260 3354; x_wconf 86' lang='grc' dir='ltr'>στής</span> <span class='ocrx_word' id='word_1_503' title='bbox 2291 3283 2443 3349; x_wconf 84' lang='grc' dir='ltr'>είμι·</span> <span class='ocrx_word' id='word_1_504' title='bbox 2483 3281 2532 3333; x_wconf 86' lang='grc' dir='ltr'><strong>εί</strong></span> <span class='ocrx_word' id='word_1_505' title='bbox 2560 3279 2616 3332; x_wconf 81' lang='grc' dir='ltr'>δὲ</span> <span class='ocrx_word' id='word_1_506' title='bbox 2645 3280 2706 3331; x_wconf 74' lang='grc' dir='ltr'>σὺ</span> <span class='ocrx_word' id='word_1_507' title='bbox 2738 3280 2836 3348; x_wconf 74' lang='grc' dir='ltr'>μὲν</span> <span class='ocrx_word' id='word_1_508' title='bbox 2865 3278 3069 3346; x_wconf 81' lang='grc' dir='ltr'>λέγεις,</span> <span class='ocrx_word' id='word_1_509' title='bbox 3092 3276 3206 3343; x_wconf 72' lang='grc' dir='ltr'><strong>ἐγὼ</strong></span> <span class='ocrx_word' id='word_1_510' title='bbox 3262 3275 3320 3328; x_wconf 80' lang='grc' dir='ltr'>δὲ</span> <span class='ocrx_word' id='word_1_511' title='bbox 3350 3273 3562 3337; x_wconf 79' lang='grc' dir='ltr'>κωλύω,</span> <span class='ocrx_word' id='word_1_512' title='bbox 3616 3272 3670 3323; x_wconf 71' lang='grc' dir='ltr'>σὺ</span> 
     </span>
    </p>
   </div>
   <div class='ocr_carea' id='block_1_74' title="bbox 2127 3362 3678 3446">
    <p class='ocr_par' dir='ltr' id='par_1_74' title="bbox 2127 3362 3678 3446">
     <span class='ocr_line' id='line_1_74' title="bbox 2127 3362 3678 3446; baseline -0.01 -19"><span class='ocrx_word' id='word_1_513' title='bbox 2127 3374 2228 3446; x_wconf 79' lang='grc' dir='ltr'>μὲν</span> <span class='ocrx_word' id='word_1_514' title='bbox 2247 3371 2516 3442; x_wconf 75' lang='grc' dir='ltr'>ὑϐρίζεις,</span> <span class='ocrx_word' id='word_1_515' title='bbox 2549 3368 2661 3437; x_wconf 76' lang='grc' dir='ltr'>ἐγὼ</span> <span class='ocrx_word' id='word_1_516' title='bbox 2687 3368 2747 3421; x_wconf 76' lang='grc' dir='ltr'>δὲ</span> <span class='ocrx_word' id='word_1_517' title='bbox 2782 3368 2844 3421; x_wconf 61' lang='lat' dir='ltr'><strong>at</strong></span> <span class='ocrx_word' id='word_1_518' title='bbox 2877 3368 2984 3421; x_wconf 86' lang='grc' dir='ltr'>τῶν</span> <span class='ocrx_word' id='word_1_519' title='bbox 3020 3367 3282 3435; x_wconf 83' lang='grc' dir='ltr'>Πατέ-ρων</span> <span class='ocrx_word' id='word_1_520' title='bbox 3311 3362 3569 3434; x_wconf 69' lang='grc' dir='ltr'>ὑϐριστὴν</span> <span class='ocrx_word' id='word_1_521' title='bbox 3592 3376 3678 3412; x_wconf 84' lang='grc' dir='ltr'>κα-</span> 
     </span>
    </p>
   </div>
   <div class='ocr_carea' id='block_1_75' title="bbox 2123 3448 3679 3534">
    <p class='ocr_par' dir='ltr' id='par_1_75' title="bbox 2123 3448 3679 3534">
     <span class='ocr_line' id='line_1_75' title="bbox 2123 3448 3679 3534; baseline -0.012 -15"><span class='ocrx_word' id='word_1_522' title='bbox 2123 3463 2525 3534; x_wconf 79' lang='grc' dir='ltr'>ταψηφίζομαι.</span> <span class='ocrx_word' id='word_1_523' title='bbox 2570 3459 2760 3523; x_wconf 81' lang='grc' dir='ltr'>Ἀλλὰ,</span> <span class='ocrx_word' id='word_1_524' title='bbox 2811 3458 2968 3528; x_wconf 75' lang='grc' dir='ltr'>φησὶ,</span> <span class='ocrx_word' id='word_1_525' title='bbox 3026 3455 3339 3526; x_wconf 74' lang='grc' dir='ltr'>γεγράφασι</span> <span class='ocrx_word' id='word_1_526' title='bbox 3390 3452 3560 3506; x_wconf 81' lang='grc' dir='ltr'>ταῦτα</span> <span class='ocrx_word' id='word_1_527' title='bbox 3594 3448 3679 3501; x_wconf 70' lang='grc' dir='ltr'>καὶ</span> 
     </span>
    </p>
   </div>
   <div class='ocr_carea' id='block_1_76' title="bbox 2121 3539 3678 3621">
    <p class='ocr_par' dir='ltr' id='par_1_76' title="bbox 2121 3539 3678 3621">
     <span class='ocr_line' id='line_1_76' title="bbox 2121 3539 3678 3621; baseline -0.01 -11"><span class='ocrx_word' id='word_1_528' title='bbox 2121 3559 2232 3621; x_wconf 83' lang='grc' dir='ltr'>τοῖς</span> <span class='ocrx_word' id='word_1_529' title='bbox 2271 3556 2500 3608; x_wconf 75' lang='grc' dir='ltr'>ἐκείνων</span> <span class='ocrx_word' id='word_1_530' title='bbox 2528 3552 2714 3621; x_wconf 86' lang='grc' dir='ltr'>λόγοις</span> <span class='ocrx_word' id='word_1_531' title='bbox 2766 3549 3187 3621; x_wconf 77' lang='grc' dir='ltr'>ἐμπεριέχεται,</span> <span class='ocrx_word' id='word_1_532' title='bbox 3234 3549 3296 3601; x_wconf 78' lang='grc' dir='ltr'>τὸ</span> <span class='ocrx_word' id='word_1_533' title='bbox 3357 3543 3576 3615; x_wconf 78' lang='grc' dir='ltr'>Πνεῦμα</span> <span class='ocrx_word' id='word_1_534' title='bbox 3597 3539 3678 3595; x_wconf 83' lang='grc' dir='ltr'>τοῦ</span> 
     </span>
    </p>
   </div>
   <div class='ocr_carea' id='block_1_77' title="bbox 2124 3634 3680 3716">
    <p class='ocr_par' dir='ltr' id='par_1_77' title="bbox 2124 3634 3680 3716">
     <span class='ocr_line' id='line_1_77' title="bbox 2124 3634 3680 3716; baseline -0.012 -13"><span class='ocrx_word' id='word_1_535' title='bbox 2124 3649 2256 3704; x_wconf 87' lang='grc' dir='ltr'>Υίοῦ</span> <span class='ocrx_word' id='word_1_536' title='bbox 2289 3647 2714 3716; x_wconf 75' lang='grc' dir='ltr'>ἐκπορεύεσθαι.</span> <span class='ocrx_word' id='word_1_537' title='bbox 2769 3644 2880 3698; x_wconf 84' lang='grc' dir='ltr'><strong>Καὶ</strong></span> <span class='ocrx_word' id='word_1_538' title='bbox 2914 3643 2966 3696; x_wconf 93' lang='grc' dir='ltr'><strong>τί</strong></span> <span class='ocrx_word' id='word_1_539' title='bbox 3013 3643 3208 3709; x_wconf 81' lang='grc' dir='ltr'>τοῦτο;</span> <span class='ocrx_word' id='word_1_540' title='bbox 3270 3641 3334 3693; x_wconf 77' lang='lat' dir='ltr'><strong>El</strong></span> <span class='ocrx_word' id='word_1_541' title='bbox 3402 3634 3680 3708; x_wconf 69' lang='grc' dir='ltr'>μὲνιδιδαο</span> 
     </span>
    </p>
   </div>
   <div class='ocr_carea' id='block_1_78' title="bbox 2124 3725 3678 3814">
    <p class='ocr_par' dir='ltr' id='par_1_78' title="bbox 2124 3725 3678 3814">
     <span class='ocr_line' id='line_1_78' title="bbox 2124 3725 3678 3814; baseline -0.012 -17"><span class='ocrx_word' id='word_1_542' title='bbox 2124 3743 2347 3814; x_wconf 83' lang='grc' dir='ltr'>χθέντες</span> <span class='ocrx_word' id='word_1_543' title='bbox 2381 3742 2442 3794; x_wconf 84' lang='grc' dir='ltr'>οὐ</span> <span class='ocrx_word' id='word_1_544' title='bbox 2483 3739 2796 3811; x_wconf 79' lang='grc' dir='ltr'>μετέθεντο,</span> <span class='ocrx_word' id='word_1_545' title='bbox 2829 3737 3016 3799; x_wconf 84' lang='grc' dir='ltr'>είτοῖς</span> <span class='ocrx_word' id='word_1_546' title='bbox 3053 3733 3289 3795; x_wconf 87' lang='grc' dir='ltr'>δικαίοις</span> <span class='ocrx_word' id='word_1_547' title='bbox 3336 3731 3581 3800; x_wconf 73' lang='grc' dir='ltr'><strong>ἐλέγχοις</strong></span> <span class='ocrx_word' id='word_1_548' title='bbox 3623 3725 3678 3779; x_wconf 73' lang='grc' dir='ltr'>οὐ</span> 
     </span>
    </p>
   </div>
   <div class='ocr_carea' id='block_1_79' title="bbox 2127 3826 3678 3908">
    <p class='ocr_par' dir='ltr' id='par_1_79' title="bbox 2127 3826 3678 3908">
     <span class='ocr_line' id='line_1_79' title="bbox 2127 3826 3678 3908; baseline -0.008 -20"><span class='ocrx_word' id='word_1_549' title='bbox 2127 3836 2505 3908; x_wconf 70' lang='grc' dir='ltr'>μετεϐάλοντο,</span> <span class='ocrx_word' id='word_1_550' title='bbox 2555 3834 2617 3887; x_wconf 81' lang='grc' dir='ltr'>τὸ</span> <span class='ocrx_word' id='word_1_551' title='bbox 2641 3834 2732 3886; x_wconf 74' lang='grc' dir='ltr'>σὸν</span> <span class='ocrx_word' id='word_1_552' title='bbox 2759 3831 2924 3902; x_wconf 73' lang='grc' dir='ltr'>ἔργον</span> <span class='ocrx_word' id='word_1_553' title='bbox 2951 3831 3133 3899; x_wconf 82' lang='grc' dir='ltr'>λέγεις</span> <span class='ocrx_word' id='word_1_554' title='bbox 3171 3830 3266 3882; x_wconf 69' lang='grc' dir='ltr'><strong>κκὶ</strong></span> <span class='ocrx_word' id='word_1_555' title='bbox 3289 3827 3392 3897; x_wconf 75' lang='grc' dir='ltr'>τὴν</span> <span class='ocrx_word' id='word_1_556' title='bbox 3419 3826 3518 3894; x_wconf 78' lang='grc' dir='ltr'>σὴν</span> <span class='ocrx_word' id='word_1_557' title='bbox 3537 3826 3678 3877; x_wconf 80' lang='grc' dir='ltr'>ἀνουο</span> 
     </span>
    </p>
   </div>
   <div class='ocr_carea' id='block_1_80' title="bbox 2125 3915 3682 3997">
    <p class='ocr_par' dir='ltr' id='par_1_80' title="bbox 2125 3915 3682 3997">
     <span class='ocr_line' id='line_1_80' title="bbox 2125 3915 3682 3997; baseline -0.01 -14"><span class='ocrx_word' id='word_1_558' title='bbox 2125 3929 2352 3996; x_wconf 80' lang='grc' dir='ltr'>θέτητον</span> <span class='ocrx_word' id='word_1_559' title='bbox 2385 3927 2616 3997; x_wconf 81' lang='grc' dir='ltr'>γνώμην</span> <span class='ocrx_word' id='word_1_560' title='bbox 2647 3927 2667 3994; x_wconf 91' lang='grc'>(</span> <span class='ocrx_word' id='word_1_561' title='bbox 2697 3925 2835 3994; x_wconf 74' lang='grc' dir='ltr'>ἄλλη</span> <span class='ocrx_word' id='word_1_562' title='bbox 2866 3923 3032 3977; x_wconf 78' lang='grc' dir='ltr'>πάλιν</span> <span class='ocrx_word' id='word_1_563' title='bbox 3062 3921 3204 3991; x_wconf 81' lang='grc' dir='ltr'>αὕτη</span> <span class='ocrx_word' id='word_1_564' title='bbox 3237 3921 3379 3973; x_wconf 73' lang='grc' dir='ltr'>κατὰ</span> <span class='ocrx_word' id='word_1_565' title='bbox 3447 3917 3553 3970; x_wconf 83' lang='grc' dir='ltr'><strong>τῶν</strong></span> <span class='ocrx_word' id='word_1_566' title='bbox 3585 3915 3682 3968; x_wconf 81' lang='grc' dir='ltr'><strong>σῶν</strong></span> 
     </span>
    </p>
   </div>
   <div class='ocr_carea' id='block_1_81' title="bbox 2123 4009 3680 4092">
    <p class='ocr_par' dir='ltr' id='par_1_81' title="bbox 2123 4009 3680 4092">
     <span class='ocr_line' id='line_1_81' title="bbox 2123 4009 3680 4092; baseline -0.012 -16"><span class='ocrx_word' id='word_1_567' title='bbox 2123 4022 2386 4092; x_wconf 83' lang='grc' dir='ltr'>Πατέρων</span> <span class='ocrx_word' id='word_1_568' title='bbox 2427 4017 2818 4088; x_wconf 79' lang='grc' dir='ltr'>συκοφαντία)</span> <span class='ocrx_word' id='word_1_569' title='bbox 2857 4018 2936 4078; x_wconf 84' lang='grc' dir='ltr'><strong>είς</strong></span> <span class='ocrx_word' id='word_1_570' title='bbox 2969 4016 3069 4084; x_wconf 80' lang='grc' dir='ltr'>τὴν</span> <span class='ocrx_word' id='word_1_571' title='bbox 3118 4012 3348 4064; x_wconf 77' lang='grc' dir='ltr'>ἐκείνων</span> <span class='ocrx_word' id='word_1_572' title='bbox 3404 4009 3680 4077; x_wconf 75' lang='grc' dir='ltr'>ἀναφέρεις</span> 
     </span>
    </p>
   </div>
   <div class='ocr_carea' id='block_1_82' title="bbox 2122 4094 3686 4175">
    <p class='ocr_par' dir='ltr' id='par_1_82' title="bbox 2122 4094 3686 4175">
     <span class='ocr_line' id='line_1_82' title="bbox 2122 4094 3686 4175; baseline -0.013 -8"><span class='ocrx_word' id='word_1_573' title='bbox 2122 4111 2494 4168; x_wconf 67' lang='grc' dir='ltr'>διδασκαλίαν.</span> <span class='ocrx_word' id='word_1_574' title='bbox 2510 4111 2580 4163; x_wconf 79' lang='lat' dir='ltr'><strong>El</strong></span> <span class='ocrx_word' id='word_1_575' title='bbox 2596 4109 2684 4175; x_wconf 72' lang='grc' dir='ltr'>δὲ,</span> <span class='ocrx_word' id='word_1_576' title='bbox 2707 4101 2794 4160; x_wconf 68' lang='grc' dir='ltr'>οἷα</span> <span class='ocrx_word' id='word_1_577' title='bbox 2823 4108 2890 4159; x_wconf 81' lang='grc' dir='ltr'>τὰ</span> <span class='ocrx_word' id='word_1_578' title='bbox 2912 4102 3249 4172; x_wconf 83' lang='grc' dir='ltr'>ἀνθρώπινα,</span> <span class='ocrx_word' id='word_1_579' title='bbox 3277 4099 3458 4153; x_wconf 88' lang='grc' dir='ltr'>καίτοι</span> <span class='ocrx_word' id='word_1_580' title='bbox 3481 4101 3544 4150; x_wconf 75' lang='grc' dir='ltr'>τὰ</span> <span class='ocrx_word' id='word_1_581' title='bbox 3568 4094 3686 4150; x_wconf 69' lang='grc' dir='ltr'>ἄλλα</span> 
     </span>
    </p>
   </div>
   <div class='ocr_carea' id='block_1_83' title="bbox 2121 4191 3688 4275">
    <p class='ocr_par' dir='ltr' id='par_1_83' title="bbox 2121 4191 3688 4275">
     <span class='ocr_line' id='line_1_83' title="bbox 2121 4191 3688 4275; baseline -0.013 -17"><span class='ocrx_word' id='word_1_582' title='bbox 2121 4207 2234 4267; x_wconf 79' lang='grc' dir='ltr'>τοῖς</span> <span class='ocrx_word' id='word_1_583' title='bbox 2265 4205 2508 4275; x_wconf 85' lang='grc' dir='ltr'>ἀρίστοις</span> <span class='ocrx_word' id='word_1_584' title='bbox 2555 4197 2983 4270; x_wconf 73' lang='grc' dir='ltr'>ὲνευθυμοῦντες</span> <span class='ocrx_word' id='word_1_585' title='bbox 3027 4195 3062 4266; x_wconf 73' lang='grc' dir='ltr'>ἢ</span> <span class='ocrx_word' id='word_1_586' title='bbox 3135 4191 3329 4262; x_wconf 70' lang='grc' dir='ltr'>ἀγνοίᾳ</span> <span class='ocrx_word' id='word_1_587' title='bbox 3386 4192 3495 4244; x_wconf 79' lang='grc' dir='ltr'>τινὶ</span> <span class='ocrx_word' id='word_1_588' title='bbox 3546 4203 3688 4256; x_wconf 84' lang='grc' dir='ltr'>περι-</span> 
     </span>
    </p>
   </div>
   <div class='ocr_carea' id='block_1_84' title="bbox 2125 4285 3687 4366">
    <p class='ocr_par' dir='ltr' id='par_1_84' title="bbox 2125 4285 3687 4366">
     <span class='ocr_line' id='line_1_84' title="bbox 2125 4285 3687 4366; baseline -0.012 -17"><span class='ocrx_word' id='word_1_589' title='bbox 2125 4295 2380 4366; x_wconf 80' lang='grc' dir='ltr'>έπεσονῆ</span> <span class='ocrx_word' id='word_1_590' title='bbox 2413 4295 2772 4364; x_wconf 80' lang='grc' dir='ltr'>παροράματι</span> <span class='ocrx_word' id='word_1_591' title='bbox 2807 4289 3219 4360; x_wconf 79' lang='grc' dir='ltr'>ὑπηνέχθησαν,</span> <span class='ocrx_word' id='word_1_592' title='bbox 3286 4285 3389 4339; x_wconf 73' lang='grc' dir='ltr'>οὐκ</span> <span class='ocrx_word' id='word_1_593' title='bbox 3450 4285 3687 4337; x_wconf 80' lang='grc' dir='ltr'>ἀντεῖπον</span> 
     </span>
    </p>
   </div>
   <div class='ocr_carea' id='block_1_85' title="bbox 2122 4373 3684 4457">
    <p class='ocr_par' dir='ltr' id='par_1_85' title="bbox 2122 4373 3684 4457">
     <span class='ocr_line' id='line_1_85' title="bbox 2122 4373 3684 4457; baseline -0.012 -13"><span class='ocrx_word' id='word_1_594' title='bbox 2122 4390 2179 4444; x_wconf 76' lang='grc' dir='ltr'>δὲ</span> <span class='ocrx_word' id='word_1_595' title='bbox 2221 4388 2618 4457; x_wconf 80' lang='grc' dir='ltr'>διδασκόμενοι,</span> <span class='ocrx_word' id='word_1_596' title='bbox 2653 4385 2772 4439; x_wconf 69' lang='grc' dir='ltr'>οὐδὲ</span> <span class='ocrx_word' id='word_1_597' title='bbox 2814 4383 2951 4455; x_wconf 83' lang='grc' dir='ltr'>πρὸς</span> <span class='ocrx_word' id='word_1_598' title='bbox 3003 4383 3063 4434; x_wconf 80' lang='grc' dir='ltr'>τὸ</span> <span class='ocrx_word' id='word_1_599' title='bbox 3107 4378 3397 4433; x_wconf 83' lang='grc' dir='ltr'>νουθετοῦν</span> <span class='ocrx_word' id='word_1_600' title='bbox 3449 4373 3684 4445; x_wconf 81' lang='grc' dir='ltr'>ἁπηυθα-</span> 
     </span>
    </p>
   </div>
   <div class='ocr_carea' id='block_1_86' title="bbox 2123 4468 3683 4547">
    <p class='ocr_par' dir='ltr' id='par_1_86' title="bbox 2123 4468 3683 4547">
     <span class='ocr_line' id='line_1_86' title="bbox 2123 4468 3683 4547; baseline -0.012 -14"><span class='ocrx_word' id='word_1_601' title='bbox 2123 4481 2432 4543; x_wconf 80' lang='grc' dir='ltr'>δειάσαντο,</span> <span class='ocrx_word' id='word_1_602' title='bbox 2462 4477 2516 4530; x_wconf 89' lang='grc' dir='ltr'><strong>τί</strong></span> <span class='ocrx_word' id='word_1_603' title='bbox 2545 4477 2704 4531; x_wconf 83' lang='grc' dir='ltr'>τοῦτο</span> <span class='ocrx_word' id='word_1_604' title='bbox 2735 4477 2871 4547; x_wconf 72' lang='grc' dir='ltr'>πρὸς</span> <span class='ocrx_word' id='word_1_605' title='bbox 2900 4475 2960 4527; x_wconf 88' lang='grc' dir='ltr'><strong>σέ</strong></span> <span class='ocrx_word' id='word_1_606' title='bbox 2991 4488 3006 4539; x_wconf 85' lang='grc'>;</span> <span class='ocrx_word' id='word_1_607' title='bbox 3039 4472 3164 4534; x_wconf 83' lang='grc' dir='ltr'><strong>Πῶς</strong></span> <span class='ocrx_word' id='word_1_608' title='bbox 3188 4471 3244 4523; x_wconf 81' lang='grc' dir='ltr'>δὲ</span> <span class='ocrx_word' id='word_1_609' title='bbox 3275 4470 3532 4538; x_wconf 82' lang='grc' dir='ltr'>εὑρήσεις</span> <span class='ocrx_word' id='word_1_610' title='bbox 3555 4468 3683 4516; x_wconf 65' lang='grc' dir='ltr'>εκεί-</span> 
     </span>
    </p>
   </div>
   <div class='ocr_carea' id='block_1_87' title="bbox 2123 4555 3687 4642">
    <p class='ocr_par' dir='ltr' id='par_1_87' title="bbox 2123 4555 3687 4642">
     <span class='ocr_line' id='line_1_87' title="bbox 2123 4555 3687 4642; baseline -0.014 -15"><span class='ocrx_word' id='word_1_611' title='bbox 2123 4591 2250 4638; x_wconf 92' lang='grc' dir='ltr'>νους</span> <span class='ocrx_word' id='word_1_612' title='bbox 2301 4571 2634 4642; x_wconf 82' lang='grc' dir='ltr'>καταφυγὴν</span> <span class='ocrx_word' id='word_1_613' title='bbox 2671 4564 2746 4623; x_wconf 80' lang='grc' dir='ltr'>ὧν</span> <span class='ocrx_word' id='word_1_614' title='bbox 2771 4568 2924 4622; x_wconf 81' lang='grc' dir='ltr'>οὐδὲν</span> <span class='ocrx_word' id='word_1_615' title='bbox 2967 4567 3157 4636; x_wconf 79' lang='grc' dir='ltr'>ὅμοιον</span> <span class='ocrx_word' id='word_1_616' title='bbox 3193 4561 3328 4632; x_wconf 84' lang='grc' dir='ltr'>πρὸς</span> <span class='ocrx_word' id='word_1_617' title='bbox 3354 4560 3426 4613; x_wconf 76' lang='grc' dir='ltr'>τὰ</span> <span class='ocrx_word' id='word_1_618' title='bbox 3478 4558 3566 4621; x_wconf 77' lang='grc' dir='ltr'>σὰ,</span> <span class='ocrx_word' id='word_1_619' title='bbox 3605 4555 3687 4622; x_wconf 80' lang='grc' dir='ltr'>τὴν</span> 
     </span>
    </p>
   </div>
   <div class='ocr_carea' id='block_1_88' title="bbox 444 4646 2023 4750">
    <p class='ocr_par' dir='ltr' id='par_1_88' title="bbox 444 4677 2023 4750">
     <span class='ocr_line' id='line_1_88' title="bbox 444 4677 2023 4750; baseline -0.005 -9"><span class='ocrx_word' id='word_1_620' title='bbox 444 4686 625 4741; x_wconf 83' lang='lat' dir='ltr'><strong>simile</strong></span> <span class='ocrx_word' id='word_1_621' title='bbox 676 4685 784 4739; x_wconf 88' lang='lat' dir='ltr'><strong>tuis</strong></span> <span class='ocrx_word' id='word_1_622' title='bbox 841 4682 1088 4737; x_wconf 89' lang='lat' dir='ltr'><strong>moribus</strong></span> <span class='ocrx_word' id='word_1_623' title='bbox 1135 4682 1466 4744; x_wconf 83' lang='lat' dir='ltr'><strong>habuerunt,</strong></span> <span class='ocrx_word' id='word_1_624' title='bbox 1514 4678 1826 4750; x_wconf 76' lang='lat' dir='ltr'><strong>perfugium</strong></span> <span class='ocrx_word' id='word_1_625' title='bbox 1877 4677 2023 4733; x_wconf 89' lang='lat' dir='ltr'><strong>inve-</strong></span> 
     </span>
    </p>
   </div>
   <div class='ocr_carea' id='block_1_89' title="bbox 2125 4646 3687 4750">
    <p class='ocr_par' dir='ltr' id='par_1_89' title="bbox 2129 4646 3687 4750">
     <span class='ocr_line' id='line_1_89' title="bbox 2129 4646 3687 4750; baseline -0.028 -13"><span class='ocrx_word' id='word_1_626' title='bbox 2129 4666 2371 4734; x_wconf 62' lang='grc' dir='ltr'><strong>ἄφυκτον</strong></span> <span class='ocrx_word' id='word_1_627' title='bbox 2409 4663 2568 4733; x_wconf 74' lang='grc' dir='ltr'>δίκην</span> <span class='ocrx_word' id='word_1_628' title='bbox 2601 4661 2942 4731; x_wconf 70' lang='grc' dir='ltr'><strong>ἀποφυγεῖνξ</strong></span> <span class='ocrx_word' id='word_1_629' title='bbox 2979 4657 3044 4709; x_wconf 67' lang='grc' dir='ltr'><strong>Εἰ</strong></span> <span class='ocrx_word' id='word_1_630' title='bbox 3070 4655 3180 4724; x_wconf 73' lang='grc' dir='ltr'><strong>γὰρ</strong></span> <span class='ocrx_word' id='word_1_631' title='bbox 3227 4646 3302 4706; x_wconf 80' lang='grc' dir='ltr'>ὧν</span> <span class='ocrx_word' id='word_1_632' title='bbox 3335 4651 3401 4704; x_wconf 74' lang='grc' dir='ltr'>σὺ</span> <span class='ocrx_word' id='word_1_633' title='bbox 3431 4647 3687 4750; x_wconf 36' lang='grc' dir='ltr'>μὲνηάπιζ</span> 
     </span>
    </p>
   </div>
   <div class='ocr_carea' id='block_1_90' title="bbox 443 4771 2024 4846">
    <p class='ocr_par' dir='ltr' id='par_1_90' title="bbox 443 4771 2024 4846">
     <span class='ocr_line' id='line_1_90' title="bbox 443 4771 2024 4846; baseline -0.006 -15"><span class='ocrx_word' id='word_1_634' title='bbox 443 4779 572 4831; x_wconf 85' lang='lat' dir='ltr'><strong>nics</strong></span> <span class='ocrx_word' id='word_1_635' title='bbox 604 4791 778 4846; x_wconf 74' lang='lat' dir='ltr'><strong>poena:</strong></span> <span class='ocrx_word' id='word_1_636' title='bbox 813 4774 1150 4830; x_wconf 85' lang='lat' dir='ltr'><strong>inevitabilis</strong></span> <span class='ocrx_word' id='word_1_637' title='bbox 1189 4772 1497 4828; x_wconf 81' lang='lat' dir='ltr'><strong>evitandae?</strong></span> <span class='ocrx_word' id='word_1_638' title='bbox 1533 4771 1591 4824; x_wconf 90' lang='lat' dir='ltr'><strong>Si</strong></span> <span class='ocrx_word' id='word_1_639' title='bbox 1633 4773 1781 4827; x_wconf 90' lang='lat' dir='ltr'><strong>enim</strong></span> <span class='ocrx_word' id='word_1_640' title='bbox 1811 4785 2024 4835; x_wconf 85' lang='lat' dir='ltr'><strong>eorum,</strong></span> 
     </span>
    </p>
   </div>
   <div class='ocr_carea' id='block_1_91' title="bbox 451 4863 2030 4938">
    <p class='ocr_par' dir='ltr' id='par_1_91' title="bbox 451 4863 2030 4938">
     <span class='ocr_line' id='line_1_91' title="bbox 451 4863 2030 4938; baseline -0.004 -16"><span class='ocrx_word' id='word_1_641' title='bbox 451 4870 656 4938; x_wconf 86' lang='lat' dir='ltr'><strong>quibus</strong></span> <span class='ocrx_word' id='word_1_642' title='bbox 689 4879 745 4923; x_wconf 92' lang='lat' dir='ltr'><strong>tu</strong></span> <span class='ocrx_word' id='word_1_643' title='bbox 799 4869 1066 4934; x_wconf 80' lang='lat' dir='ltr'><strong>abundas,</strong></span> <span class='ocrx_word' id='word_1_644' title='bbox 1099 4867 1176 4922; x_wconf 91' lang='lat' dir='ltr'><strong>illi</strong></span> <span class='ocrx_word' id='word_1_645' title='bbox 1219 4882 1286 4920; x_wconf 92' lang='lat' dir='ltr'><strong>ne</strong></span> <span class='ocrx_word' id='word_1_646' title='bbox 1316 4867 1508 4921; x_wconf 90' lang='lat' dir='ltr'><strong>leviter</strong></span> <span class='ocrx_word' id='word_1_647' title='bbox 1547 4864 1766 4934; x_wconf 91' lang='lat' dir='ltr'><strong>quidem</strong></span> <span class='ocrx_word' id='word_1_648' title='bbox 1807 4863 2030 4933; x_wconf 84' lang='lat' dir='ltr'><strong>partici-</strong></span> 
     </span>
    </p>
   </div>
   <div class='ocr_carea' id='block_1_92' title="bbox 451 4953 2032 5032">
    <p class='ocr_par' dir='ltr' id='par_1_92' title="bbox 451 4953 2032 5032">
     <span class='ocr_line' id='line_1_92' title="bbox 451 4953 2032 5032; baseline -0.003 -19"><span class='ocrx_word' id='word_1_649' title='bbox 451 4960 708 5032; x_wconf 77' lang='lat' dir='ltr'><strong>pes‘facti</strong></span> <span class='ocrx_word' id='word_1_650' title='bbox 740 4970 889 5025; x_wconf 88' lang='lat' dir='ltr'><strong>sunt,</strong></span> <span class='ocrx_word' id='word_1_651' title='bbox 919 4961 1012 5014; x_wconf 90' lang='lat' dir='ltr'><strong>sed</strong></span> <span class='ocrx_word' id='word_1_652' title='bbox 1048 4961 1231 5029; x_wconf 86' lang='lat' dir='ltr'><strong>potius</strong></span> <span class='ocrx_word' id='word_1_653' title='bbox 1256 4957 1509 5028; x_wconf 78' lang='lat' dir='ltr'><strong>plurimis</strong></span> <span class='ocrx_word' id='word_1_654' title='bbox 1539 4956 1665 5011; x_wconf 88' lang='lat' dir='ltr'><strong>aliis</strong></span> <span class='ocrx_word' id='word_1_655' title='bbox 1693 4953 2032 5009; x_wconf 67' lang='lat' dir='ltr'><strong>admiranda:</strong></span> 
     </span>
    </p>
   </div>
   <div class='ocr_carea' id='block_1_93' title="bbox 445 5047 2030 5122">
    <p class='ocr_par' dir='ltr' id='par_1_93' title="bbox 445 5047 2030 5122">
     <span class='ocr_line' id='line_1_93' title="bbox 445 5047 2030 5122; baseline -0.003 -17"><span class='ocrx_word' id='word_1_656' title='bbox 445 5053 672 5108; x_wconf 83' lang='lat' dir='ltr'><strong>virtutis</strong></span> <span class='ocrx_word' id='word_1_657' title='bbox 729 5053 1060 5122; x_wconf 83' lang='lat' dir='ltr'><strong>pietatisque</strong></span> <span class='ocrx_word' id='word_1_658' title='bbox 1123 5050 1517 5114; x_wconf 83' lang='lat' dir='ltr'><strong>speciminibus</strong></span> <span class='ocrx_word' id='word_1_659' title='bbox 1569 5051 1746 5102; x_wconf 86' lang='lat' dir='ltr'><strong>ornati</strong></span> <span class='ocrx_word' id='word_1_660' title='bbox 1804 5047 2030 5116; x_wconf 90' lang='lat' dir='ltr'><strong>impium</strong></span> 
     </span>
    </p>
   </div>
   <div class='ocr_carea' id='block_1_94' title="bbox 449 5138 2031 5213">
    <p class='ocr_par' dir='ltr' id='par_1_94' title="bbox 449 5138 2031 5213">
     <span class='ocr_line' id='line_1_94' title="bbox 449 5138 2031 5213; baseline -0.004 -16"><span class='ocrx_word' id='word_1_661' title='bbox 449 5155 604 5197; x_wconf 90' lang='lat' dir='ltr'><strong>tuum</strong></span> <span class='ocrx_word' id='word_1_662' title='bbox 638 5143 931 5213; x_wconf 71' lang='lat' dir='ltr'><strong>dogma-ex</strong></span> <span class='ocrx_word' id='word_1_663' title='bbox 969 5143 1274 5212; x_wconf 86' lang='lat' dir='ltr'><strong>ignorantia</strong></span> <span class='ocrx_word' id='word_1_664' title='bbox 1309 5149 1401 5194; x_wconf 89' lang='lat' dir='ltr'><strong>aut</strong></span> <span class='ocrx_word' id='word_1_665' title='bbox 1431 5138 1754 5210; x_wconf 83' lang='lat' dir='ltr'><strong>negligentia</strong></span> <span class='ocrx_word' id='word_1_666' title='bbox 1787 5153 2031 5208; x_wconf 86' lang='lat' dir='ltr'><strong>pronun-</strong></span> 
     </span>
    </p>
   </div>
   <div class='ocr_carea' id='block_1_95' title="bbox 445 5232 2034 5306">
    <p class='ocr_par' dir='ltr' id='par_1_95' title="bbox 445 5232 2034 5306">
     <span class='ocr_line' id='line_1_95' title="bbox 445 5232 2034 5306; baseline -0.004 -16"><span class='ocrx_word' id='word_1_667' title='bbox 445 5239 680 5299; x_wconf 85' lang='lat' dir='ltr'><strong>tiarunt,</strong></span> <span class='ocrx_word' id='word_1_668' title='bbox 724 5237 852 5306; x_wconf 90' lang='lat' dir='ltr'><strong>quid</strong></span> <span class='ocrx_word' id='word_1_669' title='bbox 887 5246 940 5290; x_wconf 90' lang='lat' dir='ltr'><strong>tu</strong></span> <span class='ocrx_word' id='word_1_670' title='bbox 983 5237 1282 5290; x_wconf 85' lang='lat' dir='ltr'><strong>humanum</strong></span> <span class='ocrx_word' id='word_1_671' title='bbox 1325 5234 1540 5288; x_wconf 90' lang='lat' dir='ltr'><strong>illorum</strong></span> <span class='ocrx_word' id='word_1_672' title='bbox 1585 5232 1862 5286; x_wconf 83' lang='lat' dir='ltr'><strong>defectum</strong></span> <span class='ocrx_word' id='word_1_673' title='bbox 1911 5239 2034 5284; x_wconf 82' lang='lat' dir='ltr'><strong>tan-</strong></span> 
     </span>
    </p>
   </div>
   <div class='ocr_carea' id='block_1_96' title="bbox 456 5321 2037 5397">
    <p class='ocr_par' dir='ltr' id='par_1_96' title="bbox 456 5321 2037 5397">
     <span class='ocr_line' id='line_1_96' title="bbox 456 5321 2037 5397; baseline -0.003 -16"><span class='ocrx_word' id='word_1_674' title='bbox 456 5341 622 5397; x_wconf 77' lang='lat' dir='ltr'><strong>quam</strong></span> <span class='ocrx_word' id='word_1_675' title='bbox 655 5327 827 5396; x_wconf 81' lang='lat' dir='ltr'><strong>legem</strong></span> <span class='ocrx_word' id='word_1_676' title='bbox 877 5326 1042 5395; x_wconf 81' lang='lat' dir='ltr'><strong>impie</strong></span> <span class='ocrx_word' id='word_1_677' title='bbox 1088 5324 1347 5380; x_wconf 86' lang='lat' dir='ltr'><strong>credendi</strong></span> <span class='ocrx_word' id='word_1_678' title='bbox 1389 5323 1487 5378; x_wconf 82' lang='lat' dir='ltr'><strong>tibi</strong></span> <span class='ocrx_word' id='word_1_679' title='bbox 1523 5321 1820 5378; x_wconf 85' lang='lat' dir='ltr'><strong>constituis</strong></span> <span class='ocrx_word' id='word_1_680' title='bbox 1861 5335 2037 5392; x_wconf 83' lang='lat' dir='ltr'><strong>exque</strong></span> 
     </span>
    </p>
   </div>
   <div class='ocr_carea' id='block_1_97' title="bbox 522 5516 2037 5592">
    <p class='ocr_par' dir='ltr' id='par_1_97' title="bbox 522 5516 2037 5592">
     <span class='ocr_line' id='line_1_97' title="bbox 522 5516 2037 5592; baseline -0.002 -18"><span class='ocrx_word' id='word_1_681' title='bbox 522 5523 597 5592; x_wconf 83' lang='grc' dir='ltr'>(α)</span> <span class='ocrx_word' id='word_1_682' title='bbox 621 5521 698 5578; x_wconf 87' lang='lat' dir='ltr'><strong>Ita</strong></span> <span class='ocrx_word' id='word_1_683' title='bbox 757 5521 1056 5577; x_wconf 77' lang='lat' dir='ltr'><strong>Catiforus.</strong></span> <span class='ocrx_word' id='word_1_684' title='bbox 1087 5521 1263 5578; x_wconf 82' lang='lat' dir='ltr'><strong>Juxta</strong></span> <span class='ocrx_word' id='word_1_685' title='bbox 1300 5519 1545 5575; x_wconf 83' lang='lat' dir='ltr'><strong>diversas</strong></span> <span class='ocrx_word' id='word_1_686' title='bbox 1593 5518 1859 5592; x_wconf 81' lang='lat' dir='ltr'><strong>lectiones</strong></span> <span class='ocrx_word' id='word_1_687' title='bbox 1885 5516 2037 5571; x_wconf 88' lang='lat' dir='ltr'><strong>reddi</strong></span> 
     </span>
    </p>
   </div>
   <div class='ocr_carea' id='block_1_98' title="bbox 454 5591 2038 5662">
    <p class='ocr_par' dir='ltr' id='par_1_98' title="bbox 454 5591 2038 5662">
     <span class='ocr_line' id='line_1_98' title="bbox 454 5591 2038 5662; baseline -0.003 -16"><span class='ocrx_word' id='word_1_688' title='bbox 454 5601 637 5662; x_wconf 89' lang='lat' dir='ltr'><strong>potest</strong></span> <span class='ocrx_word' id='word_1_689' title='bbox 691 5594 770 5648; x_wconf 78' lang='lat' dir='ltr'><strong>vel</strong></span> <span class='ocrx_word' id='word_1_690' title='bbox 801 5611 814 5647; x_wconf 92' lang='lat'><strong>:</strong></span> <span class='ocrx_word' id='word_1_691' title='bbox 850 5596 1078 5650; x_wconf 69' lang='lat' dir='ltr'><strong>liaaresin</strong></span> <span class='ocrx_word' id='word_1_692' title='bbox 1135 5593 1300 5646; x_wconf 88' lang='lat' dir='ltr'><strong>verbo</strong></span> <span class='ocrx_word' id='word_1_693' title='bbox 1348 5593 1568 5661; x_wconf 89' lang='lat' dir='ltr'><strong>quidem</strong></span> <span class='ocrx_word' id='word_1_694' title='bbox 1604 5592 1746 5662; x_wconf 80' lang='lat' dir='ltr'><strong>istos</strong></span> <span class='ocrx_word' id='word_1_695' title='bbox 1778 5591 1924 5662; x_wconf 79' lang='lat' dir='ltr'><strong>viros</strong></span> <span class='ocrx_word' id='word_1_696' title='bbox 1947 5601 2038 5641; x_wconf 89' lang='lat' dir='ltr'><strong>vo-</strong></span> 
     </span>
    </p>
   </div>
   <div class='ocr_carea' id='block_1_99' title="bbox 453 5663 820 5718">
    <p class='ocr_par' dir='ltr' id='par_1_99' title="bbox 453 5663 820 5718">
     <span class='ocr_line' id='line_1_99' title="bbox 453 5663 820 5718; baseline 0.003 -1"><span class='ocrx_word' id='word_1_697' title='bbox 453 5679 514 5717; x_wconf 73' lang='lat' dir='ltr'><strong>Ca</strong></span> <span class='ocrx_word' id='word_1_698' title='bbox 526 5680 583 5715; x_wconf 83' lang='lat' dir='ltr'><strong>re</strong></span> <span class='ocrx_word' id='word_1_699' title='bbox 634 5663 820 5718; x_wconf 81' lang='lat' dir='ltr'><strong>Patres</strong></span> 
     </span>
    </p>
   </div>
   <div class='ocr_carea' id='block_1_100' title="bbox 455 5730 2040 5801">
    <p class='ocr_par' dir='ltr' id='par_1_100' title="bbox 455 5730 2040 5801">
     <span class='ocr_line' id='line_1_100' title="bbox 455 5730 2040 5801; baseline -0.003 -14"><span class='ocrx_word' id='word_1_700' title='bbox 455 5735 656 5787; x_wconf 82' lang='lat' dir='ltr'><strong>invidia</strong></span> <span class='ocrx_word' id='word_1_701' title='bbox 692 5730 908 5788; x_wconf 86' lang='lat' dir='ltr'><strong>omnem</strong></span> <span class='ocrx_word' id='word_1_702' title='bbox 932 5738 1010 5790; x_wconf 88' lang='lat' dir='ltr'><strong>eis</strong></span> <span class='ocrx_word' id='word_1_703' title='bbox 1040 5736 1301 5789; x_wconf 77' lang='lat' dir='ltr'><strong>exhibere</strong></span> <span class='ocrx_word' id='word_1_704' title='bbox 1324 5730 1642 5801; x_wconf 70' lang='lat' dir='ltr'><strong>herrorem),</strong></span> <span class='ocrx_word' id='word_1_705' title='bbox 1685 5733 1861 5801; x_wconf 76' lang='lat' dir='ltr'><strong>reipsa</strong></span> <span class='ocrx_word' id='word_1_706' title='bbox 1887 5743 2040 5793; x_wconf 86' lang='lat' dir='ltr'><strong>vero,</strong></span> 
     </span>
    </p>
   </div>
   <div class='ocr_carea' id='block_1_101' title="bbox 871 5659 2041 5734">
    <p class='ocr_par' dir='ltr' id='par_1_101' title="bbox 871 5659 2041 5734">
     <span class='ocr_line' id='line_1_101' title="bbox 871 5659 2041 5734; baseline -0.007 -16"><span class='ocrx_word' id='word_1_707' title='bbox 871 5666 1041 5734; x_wconf 85' lang='lat' dir='ltr'><strong>(nudo</strong></span> <span class='ocrx_word' id='word_1_708' title='bbox 1062 5664 1206 5717; x_wconf 88' lang='lat' dir='ltr'><strong>enim</strong></span> <span class='ocrx_word' id='word_1_709' title='bbox 1249 5659 1470 5716; x_wconf 83' lang='lat' dir='ltr'><strong>nomine</strong></span> <span class='ocrx_word' id='word_1_710' title='bbox 1503 5661 1649 5734; x_wconf 82' lang='lat' dir='ltr'><strong>nulla</strong></span> <span class='ocrx_word' id='word_1_711' title='bbox 1682 5659 2041 5734; x_wconf 85' lang='lat' dir='ltr'><strong>prohibentur</strong></span> 
     </span>
    </p>
   </div>
   <div class='ocr_carea' id='block_1_102' title="bbox 2131 4731 3683 4820">
    <p class='ocr_par' dir='ltr' id='par_1_102' title="bbox 2131 4731 3683 4820">
     <span class='ocr_line' id='line_1_102' title="bbox 2131 4731 3683 4820; baseline -0.015 -10"><span class='ocrx_word' id='word_1_712' title='bbox 2131 4731 2316 4818; x_wconf 81' lang='grc' dir='ltr'>λαύεις</span> <span class='ocrx_word' id='word_1_713' title='bbox 2348 4731 2580 4816; x_wconf 75' lang='grc' dir='ltr'>ἐκείνοις</span> <span class='ocrx_word' id='word_1_714' title='bbox 2609 4751 2731 4805; x_wconf 79' lang='grc' dir='ltr'>οὐδὲ</span> <span class='ocrx_word' id='word_1_715' title='bbox 2776 4750 2968 4820; x_wconf 84' lang='grc' dir='ltr'>γέγονε</span> <span class='ocrx_word' id='word_1_716' title='bbox 3021 4744 3338 4817; x_wconf 82' lang='grc' dir='ltr'>μετασχεῖν,</span> <span class='ocrx_word' id='word_1_717' title='bbox 3392 4736 3595 4793; x_wconf 82' lang='grc' dir='ltr'>πολλῶν</span> <span class='ocrx_word' id='word_1_718' title='bbox 3646 4731 3683 4783; x_wconf 84' lang='grc' dir='ltr'>δ’</span> 
     </span>
    </p>
   </div>
   <div class='ocr_carea' id='block_1_103' title="bbox 2133 4821 3684 4916">
    <p class='ocr_par' dir='ltr' id='par_1_103' title="bbox 2133 4821 3684 4916">
     <span class='ocr_line' id='line_1_103' title="bbox 2133 4821 3684 4916; baseline -0.017 -11"><span class='ocrx_word' id='word_1_719' title='bbox 2133 4849 2312 4905; x_wconf 76' lang='grc' dir='ltr'>ἄλλων</span> <span class='ocrx_word' id='word_1_720' title='bbox 2359 4847 2674 4916; x_wconf 82' lang='grc' dir='ltr'>προσόντων</span> <span class='ocrx_word' id='word_1_721' title='bbox 2725 4845 2908 4906; x_wconf 81' lang='grc' dir='ltr'>αὐτοῖς</span> <span class='ocrx_word' id='word_1_722' title='bbox 2948 4841 3231 4911; x_wconf 85' lang='grc' dir='ltr'>θαύματος</span> <span class='ocrx_word' id='word_1_723' title='bbox 3284 4835 3474 4901; x_wconf 81' lang='grc' dir='ltr'>ἀξίων,</span> <span class='ocrx_word' id='word_1_724' title='bbox 3518 4831 3582 4884; x_wconf 84' lang='grc' dir='ltr'><strong>δι’</strong></span> <span class='ocrx_word' id='word_1_725' title='bbox 3623 4821 3684 4881; x_wconf 81' lang='grc' dir='ltr'>ὧν</span> 
     </span>
    </p>
   </div>
   <div class='ocr_carea' id='block_1_104' title="bbox 2132 4921 3682 5014">
    <p class='ocr_par' dir='ltr' id='par_1_104' title="bbox 2132 4921 3682 5014">
     <span class='ocr_line' id='line_1_104' title="bbox 2132 4921 3682 5014; baseline -0.008 -18"><span class='ocrx_word' id='word_1_726' title='bbox 2132 4943 2301 5014; x_wconf 81' lang='grc' dir='ltr'>ἀρετὴ</span> <span class='ocrx_word' id='word_1_727' title='bbox 2322 4940 2618 5010; x_wconf 85' lang='grc' dir='ltr'>διαλάμπει</span> <span class='ocrx_word' id='word_1_728' title='bbox 2643 4940 2740 4992; x_wconf 78' lang='grc' dir='ltr'><strong>καὶ</strong></span> <span class='ocrx_word' id='word_1_729' title='bbox 2767 4936 3044 4997; x_wconf 78' lang='grc' dir='ltr'>εύσέὁεια,</span> <span class='ocrx_word' id='word_1_730' title='bbox 3102 4934 3165 4987; x_wconf 81' lang='grc' dir='ltr'>τὸ</span> <span class='ocrx_word' id='word_1_731' title='bbox 3195 4932 3286 4986; x_wconf 87' lang='grc' dir='ltr'><strong>σὺν</strong></span> <span class='ocrx_word' id='word_1_732' title='bbox 3319 4929 3380 4994; x_wconf 71' lang='grc' dir='ltr'><strong>ἐξ</strong></span> <span class='ocrx_word' id='word_1_733' title='bbox 3429 4921 3682 4997; x_wconf 76' lang='grc' dir='ltr'>ἀγνοίαξῆ</span> 
     </span>
    </p>
   </div>
   <div class='ocr_carea' id='block_1_105' title="bbox 2134 5017 3682 5103">
    <p class='ocr_par' dir='ltr' id='par_1_105' title="bbox 2134 5017 3682 5103">
     <span class='ocr_line' id='line_1_105' title="bbox 2134 5017 3682 5103; baseline -0.016 -14"><span class='ocrx_word' id='word_1_734' title='bbox 2134 5035 2278 5089; x_wconf 84' lang='grc' dir='ltr'>κατὰ</span> <span class='ocrx_word' id='word_1_735' title='bbox 2317 5032 2627 5103; x_wconf 83' lang='grc' dir='ltr'>παρόρασιν</span> <span class='ocrx_word' id='word_1_736' title='bbox 2647 5029 2858 5101; x_wconf 62' lang='grc' dir='ltr'><strong>ὲρῤήθή</strong></span> <span class='ocrx_word' id='word_1_737' title='bbox 2894 5025 3236 5096; x_wconf 74' lang='grc' dir='ltr'>δυσσέὸημα,</span> <span class='ocrx_word' id='word_1_738' title='bbox 3260 5022 3315 5075; x_wconf 88' lang='grc' dir='ltr'><strong>τί</strong></span> <span class='ocrx_word' id='word_1_739' title='bbox 3375 5022 3438 5074; x_wconf 80' lang='grc' dir='ltr'>τὸ</span> <span class='ocrx_word' id='word_1_740' title='bbox 3487 5017 3682 5072; x_wconf 76' lang='grc' dir='ltr'>ἐκείνων</span> 
     </span>
    </p>
   </div>
   <div class='ocr_carea' id='block_1_106' title="bbox 2135 5105 3683 5198">
    <p class='ocr_par' dir='ltr' id='par_1_106' title="bbox 2135 5105 3683 5198">
     <span class='ocr_line' id='line_1_106' title="bbox 2135 5105 3683 5198; baseline -0.019 -17"><span class='ocrx_word' id='word_1_741' title='bbox 2135 5125 2487 5198; x_wconf 82' lang='grc' dir='ltr'>ἀνθρώπινον</span> <span class='ocrx_word' id='word_1_742' title='bbox 2569 5123 2796 5192; x_wconf 80' lang='grc' dir='ltr'>ἥττημα</span> <span class='ocrx_word' id='word_1_743' title='bbox 2865 5119 3030 5189; x_wconf 84' lang='grc' dir='ltr'>νόμον</span> <span class='ocrx_word' id='word_1_744' title='bbox 3084 5115 3183 5184; x_wconf 80' lang='grc' dir='ltr'>μὲν</span> <span class='ocrx_word' id='word_1_745' title='bbox 3245 5113 3388 5166; x_wconf 81' lang='grc' dir='ltr'>ὥστε</span> <span class='ocrx_word' id='word_1_746' title='bbox 3436 5105 3683 5163; x_wconf 78' lang='grc' dir='ltr'>δυσσεὸεῐν</span> 
     </span>
    </p>
   </div>
   <div class='ocr_carea' id='block_1_107' title="bbox 2144 5200 3682 5286">
    <p class='ocr_par' dir='ltr' id='par_1_107' title="bbox 2144 5200 3682 5286">
     <span class='ocr_line' id='line_1_107' title="bbox 2144 5200 3682 5286; baseline -0.012 -15"><span class='ocrx_word' id='word_1_747' title='bbox 2144 5216 2326 5286; x_wconf 76' lang='grc' dir='ltr'>ἑαυτῷ</span> <span class='ocrx_word' id='word_1_748' title='bbox 2354 5215 2753 5284; x_wconf 81' lang='grc' dir='ltr'>συνεισφέρεις,</span> <span class='ocrx_word' id='word_1_749' title='bbox 2781 5215 2846 5265; x_wconf 83' lang='grc' dir='ltr'>ὲκ</span> <span class='ocrx_word' id='word_1_750' title='bbox 2876 5209 2935 5263; x_wconf 77' lang='grc' dir='ltr'>δὲ</span> <span class='ocrx_word' id='word_1_751' title='bbox 2966 5208 3064 5262; x_wconf 83' lang='grc' dir='ltr'>τοῦ</span> <span class='ocrx_word' id='word_1_752' title='bbox 3107 5206 3200 5260; x_wconf 80' lang='grc' dir='ltr'>σοῦ</span> <span class='ocrx_word' id='word_1_753' title='bbox 3226 5204 3395 5274; x_wconf 85' lang='grc' dir='ltr'>νόμου</span> <span class='ocrx_word' id='word_1_754' title='bbox 3424 5200 3544 5262; x_wconf 74' lang='grc' dir='ltr'>τοὺς</span> <span class='ocrx_word' id='word_1_755' title='bbox 3598 5211 3682 5264; x_wconf 75' lang='grc' dir='ltr'>μη·</span> 
     </span>
    </p>
   </div>
   <div class='ocr_carea' id='block_1_108' title="bbox 2136 5289 3680 5378">
    <p class='ocr_par' dir='ltr' id='par_1_108' title="bbox 2136 5289 3680 5378">
     <span class='ocr_line' id='line_1_108' title="bbox 2136 5289 3680 5378; baseline -0.019 -12"><span class='ocrx_word' id='word_1_756' title='bbox 2136 5312 2223 5366; x_wconf 74' lang='grc' dir='ltr'>δὶν</span> <span class='ocrx_word' id='word_1_757' title='bbox 2244 5308 2456 5362; x_wconf 83' lang='grc' dir='ltr'>τοιοῦτο</span> <span class='ocrx_word' id='word_1_758' title='bbox 2475 5305 2790 5378; x_wconf 84' lang='grc' dir='ltr'>νομοθετεῖν</span> <span class='ocrx_word' id='word_1_759' title='bbox 2817 5300 3176 5374; x_wconf 80' lang='grc' dir='ltr'>φωραθέντας</span> <span class='ocrx_word' id='word_1_760' title='bbox 3206 5296 3550 5364; x_wconf 76' lang='grc' dir='ltr'>παρανόμους</span> <span class='ocrx_word' id='word_1_761' title='bbox 3569 5289 3680 5341; x_wconf 71' lang='grc' dir='ltr'>ἀπο·</span> 
     </span>
    </p>
   </div>
   <div class='ocr_carea' id='block_1_109' title="bbox 2209 5509 2968 5591">
    <p class='ocr_par' dir='ltr' id='par_1_109' title="bbox 2209 5509 2968 5591">
     <span class='ocr_line' id='line_1_109' title="bbox 2209 5509 2968 5591; baseline -0.014 -18"><span class='ocrx_word' id='word_1_762' title='bbox 2209 5519 2287 5591; x_wconf 83' lang='lat' dir='ltr'><strong>(l)</strong></span> <span class='ocrx_word' id='word_1_763' title='bbox 2321 5517 2520 5591; x_wconf 84' lang='lat' dir='ltr'><strong>_Laur.,</strong></span> <span class='ocrx_word' id='word_1_764' title='bbox 2541 5513 2658 5581; x_wconf 78' lang='grc' dir='ltr'>οὓς,</span> <span class='ocrx_word' id='word_1_765' title='bbox 2679 5522 2741 5591; x_wconf 75' lang='lat' dir='ltr'><strong>ut</strong></span> <span class='ocrx_word' id='word_1_766' title='bbox 2760 5509 2968 5565; x_wconf 81' lang='lat' dir='ltr'><strong>Monac.</strong></span> 
     </span>
    </p>
   </div>
   <div class='ocr_carea' id='block_1_110' title="bbox 2211 5586 2839 5660">
    <p class='ocr_par' dir='ltr' id='par_1_110' title="bbox 2211 5586 2839 5660">
     <span class='ocr_line' id='line_1_110' title="bbox 2211 5586 2839 5660; baseline -0.013 -18"><span class='ocrx_word' id='word_1_767' title='bbox 2211 5586 2287 5660; x_wconf 68' lang='grc'><strong>(2)</strong></span> <span class='ocrx_word' id='word_1_768' title='bbox 2307 5588 2484 5644; x_wconf 77' lang='lat' dir='ltr'><strong>Laur.</strong></span> <span class='ocrx_word' id='word_1_769' title='bbox 2516 5586 2839 5660; x_wconf 75' lang='grc' dir='ltr'>μαρτύριον.</span> 
     </span>
    </p>
   </div>
   <div class='ocr_carea' id='block_1_111' title="bbox 2214 5654 2925 5732">
    <p class='ocr_par' dir='ltr' id='par_1_111' title="bbox 2214 5654 2925 5732">
     <span class='ocr_line' id='line_1_111' title="bbox 2214 5654 2925 5732; baseline -0.015 -16"><span class='ocrx_word' id='word_1_770' title='bbox 2214 5654 2290 5732; x_wconf 76' lang='grc'><strong>(5)</strong></span> <span class='ocrx_word' id='word_1_771' title='bbox 2329 5661 2489 5732; x_wconf 60' lang='lat' dir='ltr'><strong>baur.</strong></span> <span class='ocrx_word' id='word_1_772' title='bbox 2518 5654 2690 5711; x_wconf 77' lang='lat' dir='ltr'><strong>liabet</strong></span> <span class='ocrx_word' id='word_1_773' title='bbox 2715 5654 2925 5732; x_wconf 77' lang='grc' dir='ltr'>καλεῖν.</span> 
     </span>
    </p>
   </div>
   <div class='ocr_carea' id='block_1_112' title="bbox 2218 5705 3676 5798">
    <p class='ocr_par' dir='ltr' id='par_1_112' title="bbox 2218 5705 3676 5798">
     <span class='ocr_line' id='line_1_112' title="bbox 2218 5705 3676 5798; baseline -0.023 0"><span class='ocrx_word' id='word_1_774' title='bbox 2882 5722 3084 5798; x_wconf 64' lang='grc' dir='ltr'><strong>καλεῖνΔ</strong></span> <span class='ocrx_word' id='word_1_775' title='bbox 3123 5718 3218 5774; x_wconf 76' lang='grc' dir='ltr'>καὶ</span> <span class='ocrx_word' id='word_1_776' title='bbox 3268 5716 3434 5790; x_wconf 80' lang='grc' dir='ltr'>τιμῆς</span> <span class='ocrx_word' id='word_1_777' title='bbox 3489 5705 3676 5769; x_wconf 67' lang='grc' dir='ltr'><strong>ἀπάσης</strong></span> 
     </span>
    </p>
   </div>
   <div class='ocr_carea' id='block_1_113' title="bbox 455 5792 2023 5876">
    <p class='ocr_par' dir='ltr' id='par_1_113' title="bbox 455 5792 2018 5876">
     <span class='ocr_line' id='line_1_113' title="bbox 455 5792 2018 5876; baseline -0.003 -20"><span class='ocrx_word' id='word_1_778' title='bbox 455 5813 560 5876; x_wconf 88' lang='lat' dir='ltr'><strong>etc.</strong></span> <span class='ocrx_word' id='word_1_779' title='bbox 620 5804 754 5858; x_wconf 79' lang='lat' dir='ltr'><strong>Vel:</strong></span> <span class='ocrx_word' id='word_1_780' title='bbox 792 5809 950 5860; x_wconf 83' lang='lat' dir='ltr'><strong>verbo</strong></span> <span class='ocrx_word' id='word_1_781' title='bbox 1014 5807 1235 5876; x_wconf 86' lang='lat' dir='ltr'><strong>quidem</strong></span> <span class='ocrx_word' id='word_1_782' title='bbox 1305 5805 1455 5876; x_wconf 84' lang='lat' dir='ltr'><strong>nudo</strong></span> <span class='ocrx_word' id='word_1_783' title='bbox 1507 5792 1704 5856; x_wconf 75' lang='lat' dir='ltr'><strong>vocare</strong></span> <span class='ocrx_word' id='word_1_784' title='bbox 1742 5792 2018 5876; x_wconf 44' lang='lat' dir='ltr'><strong>_&#39;P_atres_e‘</strong></span> 
     </span>
    </p>
   </div>
   <div class='ocr_carea' id='block_1_114' title="bbox 2125 5792 3282 5876">
    <p class='ocr_par' dir='ltr' id='par_1_114' title="bbox 2144 5792 3282 5876">
     <span class='ocr_line' id='line_1_114' title="bbox 2144 5792 3282 5876; baseline -0.007 -24"><span class='ocrx_word' id='word_1_785' title='bbox 2144 5804 2206 5858; x_wconf 74' lang='grc' dir='ltr'>οὐ</span> <span class='ocrx_word' id='word_1_786' title='bbox 2226 5792 2461 5876; x_wconf 48' lang='grc' dir='ltr'>’φθονεῖν</span> <span class='ocrx_word' id='word_1_787' title='bbox 2499 5792 2842 5876; x_wconf 66' lang='grc' dir='ltr'>μεταδιδόναι</span> <span class='ocrx_word' id='word_1_788' title='bbox 2869 5793 2965 5847; x_wconf 83' lang='grc' dir='ltr'>τοῦ</span> <span class='ocrx_word' id='word_1_789' title='bbox 2997 5792 3282 5865; x_wconf 75' lang='grc' dir='ltr'>ὀνόματος.</span> 
     </span>
    </p>
   </div>
   <div class='ocr_carea' id='block_1_115' title="bbox 454 5868 2039 5943">
    <p class='ocr_par' dir='ltr' id='par_1_115' title="bbox 454 5868 2039 5943">
     <span class='ocr_line' id='line_1_115' title="bbox 454 5868 2039 5943; baseline -0.003 -15"><span class='ocrx_word' id='word_1_790' title='bbox 454 5875 664 5943; x_wconf 86' lang='lat' dir='ltr'><strong>absque</strong></span> <span class='ocrx_word' id='word_1_791' title='bbox 709 5876 911 5929; x_wconf 85' lang='lat' dir='ltr'><strong>invidia</strong></span> <span class='ocrx_word' id='word_1_792' title='bbox 976 5868 1157 5933; x_wconf 77' lang='lat' dir='ltr'><strong>omnis</strong></span> <span class='ocrx_word' id='word_1_793' title='bbox 1215 5875 1442 5932; x_wconf 86' lang='lat' dir='ltr'><strong>honoris</strong></span> <span class='ocrx_word' id='word_1_794' title='bbox 1470 5887 1566 5930; x_wconf 86' lang='lat' dir='ltr'><strong>eos</strong></span> <span class='ocrx_word' id='word_1_795' title='bbox 1612 5871 1906 5943; x_wconf 80' lang='lat' dir='ltr'><strong>participes</strong></span> <span class='ocrx_word' id='word_1_796' title='bbox 1925 5868 2039 5925; x_wconf 79' lang='lat' dir='ltr'><strong>eiii-</strong></span> 
     </span>
    </p>
   </div>
   <div class='ocr_carea' id='block_1_116' title="bbox 455 5945 1694 6004">
    <p class='ocr_par' dir='ltr' id='par_1_116' title="bbox 455 5945 1694 6004">
     <span class='ocr_line' id='line_1_116' title="bbox 455 5945 1694 6004; baseline 0.005 -6"><span class='ocrx_word' id='word_1_797' title='bbox 455 5959 583 6000; x_wconf 83' lang='lat' dir='ltr'><strong>cere</strong></span> <span class='ocrx_word' id='word_1_798' title='bbox 606 5945 724 6001; x_wconf 80' lang='lat' dir='ltr'><strong>solo</strong></span> <span class='ocrx_word' id='word_1_799' title='bbox 750 5949 991 6004; x_wconf 75' lang='lat' dir='ltr'><strong>nuntius.</strong></span> <span class='ocrx_word' id='word_1_800' title='bbox 1653 5966 1694 5992; x_wconf 60' lang='grc' dir='ltr'>ι.</span> 
     </span>
    </p>
   </div>
   <div class='ocr_carea' id='block_1_117' title="bbox 2219 5860 2857 5944">
    <p class='ocr_par' dir='ltr' id='par_1_117' title="bbox 2219 5860 2857 5944">
     <span class='ocr_line' id='line_1_117' title="bbox 2219 5860 2857 5944; baseline -0.009 -18"><span class='ocrx_word' id='word_1_801' title='bbox 2219 5860 2294 5944; x_wconf 68' lang='lat'><strong>(5)</strong></span> <span class='ocrx_word' id='word_1_802' title='bbox 2319 5860 2514 5936; x_wconf 71' lang='lat' dir='ltr'><strong>Laur.,</strong></span> <span class='ocrx_word' id='word_1_803' title='bbox 2548 5869 2648 5922; x_wconf 73' lang='lat' dir='ltr'><strong>&quot;Av</strong></span> <span class='ocrx_word' id='word_1_804' title='bbox 2677 5860 2857 5920; x_wconf 76' lang='grc' dir='ltr'>εἶπεν.</span> 
     </span>
    </p>
   </div>
  </div>
