3798 6570
211 424 298 490 817

923 415 1027 474 RE
1040 413 1389 475 FUTATIO'
1411 414 1747 475 PHO'I‘I-AN

1890 413 2054 474 [ΒΜ.
2083 413 2182 474 DE
2222 410 2541 473 srmrru
2580 411 2644 488 ε,

3313 404 3414 471 818

210 531 409 604 φαίνεις,
435 522 524 579 καὶ
562 521 820 588 ἀσεϐείας
850 524 1086 594 ἐσχάτης
1117 524 1175 576 ἐν
1206 525 1542 594 προσωπείῳ
1580 540 1737 594 στορ-

1890 540 1944 580 ac
1977 535 2069 580 tua
2116 525 2231 594 lege
2283 522 2429 590 illos,
2474 521 2566 592 qui
2621 517 2696 574 nil
2727 517 2995 588 ejusmodi
3036 517 3284 574 sanxisse
3326 519 3423 571 de-

207 625 292 694 γῆς
307 620 390 675 καὶ
412 616 618 678 εὐνοίας
633 614 791 686 δίκην
814 615 1066 678 ἀπαιτεῖς
1090 633 1106 682 ;
1131 615 1194 668 οὐ
1222 615 1332 686 γὰρ
1355 615 1496 669 καλά
1524 633 1606 670 σοι
1630 616 1739 670 τῶν

208 709 566 783 ἀγωνισμάτων
579 706 647 760 τὰ
666 707 922 778 ἐπίχειρα
946 707 1045 777 (1).
1079 707 1220 761 Ἀλλ’
1235 708 1339 777 ὅρα
1360 710 1458 778 τῆς
1483 708 1742 773 ἀσεϐείας

205 807 286 874 τήν
310 796 596 870 ὑπερϐολὴν
625 797 718 850 καὶ
748 800 850 867 τῆς
879 798 1210 869 κακοσχόλου
1229 800 1454 870 γνώμης
1489 799 1550 852 τὸ
1575 799 1743 854 άσύν.

206 909 326 948 ετον.
351 891 441 953 Ei;
475 888 806 961 συνηγορίαν
834 888 1032 957 ἄγουσι
1066 889 1160 942 τὸν
1197 891 1507 960 Δεσπότην,
1546 891 1743 958 πεφώ-

205 1003 374 1057 ρανται
403 980 879 1050 συκοφαντοῦντες
897 997 910 1010 ⁸
939 982 1208 1037 ἐκάλεσαν
1242 983 1587 1054 συνηγόρους
1612 986 1742 1049 τοὺς

205 1078 446 1150 μαθητὰς,
489 1074 740 1130 ἑάλωσαν
763 1074 1056 1138 κάκείνους
1082 1076 1176 1129 τὸν
1203 1076 1367 1130 αὑτὸν
1397 1077 1596 1149 τρόπον
1649 1094 1748 1132 πε·

202 1167 515 1240 ριϐἁλλοντες
583 1167 977 1235 συκοφαντίαις
1007 1181 1020 1196 ·
1077 1168 1395 1237 κατέφυγον
1439 1169 1602 1224 πάλιν
1661 1171 1744 1234 εἰς

202 1259 323 1312 Πατέ
333 1274 445 1328 ρας,
473 1255 567 1310 καὶ
587 1257 708 1311 ἀντὶ
724 1257 892 1328 τιμῆς
924 1257 1169 1330 μεγάλην
1186 1259 1369 1313 αὐτῶν
1402 1262 1733 1332 κατ)χέουσι

200 1349 537 1421 βλασφημίανι

257 1630 344 1696 ἔθ’.
390 1631 498 1686 Καὶ
524 1630 785 1703 Πατέρας
845 1631 945 1703 μὶν
1000 1634 1228 1690 καλοῦσι
1280 1635 1539 1707 (καλοῦσι
1570 1637 1748 1712 γ’ἀργ,

194 1724 292 1780 ἀλλ’
317 1723 408 1794 οὐχ
456 1723 541 1777 ἵνα
560 1723 622 1777 τὸ
647 1724 756 1778 τῶν
826 1725 1092 1796 Πατιρων
1154 1727 1501 1799 άπονείμωσι
1555 1733 1748 1803 γέρας,

192 1817 291 1871 ἀλλ’
345 1816 408 1870 ἵν’
459 1816 739 1887 εὑρήσωσι
771 1817 853 1871 δι’
879 1810 955 1873 ὧν
1015 1817 1083 1873 ἂν
1111 1820 1365 1886 γένοιντο
1396 1824 1744 1894 πατραλοῖαι.

1843 617 2099 686 prehensi
2137 626 2286 682 sunt,
2339 615 2556 685 iniquos
2602 612 2846 684 legisque
2897 610 3192 665 violatores
3235 608 3426 664 decla-

1844 725 1935 764 ras
1962 720 2331 779 extremaeque
2366 707 2664 776 impietatis
2704 705 2807 760 sub
2840 705 3044 759 amoris
3094 703 3424 758 benevolen-

1844 805 2041 874 tiaeque
2068 805 2216 858 larva
2247 817 2370 858 reos
2397 801 2654 873 iudicas?
2678 799 2797 855 Non
2846 798 2986 852 bona
3032 806 3249 851 tuorum
3298 802 3428 850 sunt

1845 899 2154 954 studiorum
2182 910 2588 967 conatuumque
2612 895 2856 966 praemia.
2898 891 3004 948 Sed
3031 891 3152 946 vide
3182 890 3431 958 impieta-

1845 992 1916 1046 tis
1977 1006 2263 1046 excessum
2319 988 2664 1059 improhique
2706 983 3076 1054 insipientiam
3131 980 3322 1036 animi.
3371 979 3426 1032 ln
3481 989 3488 1010 ι

1849 1098 2011 1138 suum
2061 1082 2428 1153 patrocinium
2484 1088 2683 1135 vocant
2731 1078 3067 1131 Dominum:
3101 1073 3428 1144 deprehensi

1849 1175 2078 1232 fuerunt
2134 1175 2427 1230 mendaces
2482 1182 2537 1228 et
2582 1171 3046 1236 calumniatores;
3091 1169 3430 1223 advocarunt

1847 1281 2112 1342 patronos
2165 1267 2449 1338 apostolos
2488 1285 2502 1321 :
2539 1265 2776 1321 convicti
2837 1273 2967 1318 sunt
3023 1262 3158 1317 istos
3213 1276 3433 1330 quoque

1848 1362 2042 1417 eodem
2110 1361 2273 1415 modo
2326 1357 2622 1414 calumniis
2681 1355 3010 1422 allicientes;
3067 1351 3435 1421 confugerunt

1848 1470 2047 1511 rursus
2099 1454 2166 1509 ad
2199 1455 2386 1509 Patres
2418 1469 2432 1506 :
2471 1461 2524 1507 et
2555 1451 2678 1506 loco
2712 1449 2938 1506 honoris
2993 1447 3264 1518 ingentem
3300 1447 3434 1515 ipsis

1848 1547 2244 1617 blasphemiam
2279 1543 2592 1601 oll'undunt.

1920 1638 2009 1695 69.
2054 1638 2118 1694 Et
2147 1638 2340 1694 Patres
2381 1639 2600 1708 quidem
2653 1644 2874 1702 vocant,
2908 1635 2984 1691 ita
3026 1644 3129 1698 est,
3171 1635 3265 1689 sed
3313 1649 3420 1687 non

1851 1739 1914 1787 ut
1959 1731 2181 1787 Patrum
2219 1729 2324 1784 illis
2354 1729 2620 1785 honorem
2656 1728 2922 1790 tribuant,
2961 1741 3152 1780 verum
3187 1733 3248 1779 ut
3280 1724 3431 1778 inve-

1856 1823 2030 1886 niant,
2065 1837 2175 1892 qua
2229 1823 2443 1892 possint
2481 1819 2695 1877 ratione
2741 1820 2860 1875 ﬁeri
2910 1817 3216 1888 parricidae.
3251 1814 3437 1886 Neque

192 1908 286 1963 Καὶ
300 1908 412 1962 οὐδὲ
431 1909 528 1980 τὴν
553 1908 649 1963 τοῦ
669 1911 962 1964 θεσπεσίου
984 1911 1199 1967 Παύλου
1223 1887 1742 1989 φρίττουσι-φωνὴν,

1891 1915 1962 1970 ivi
2010 1915 2162 1971 Pauli
2211 1917 2642 1986 perhorrescunt
2695 1928 2908 1979 vocem,
2955 1926 3118 1984 quam
3155 1920 3340 1965 tamen
3383 1921 3438 1965 et

190 2004 246 2072 ἢν
267 2001 410 2055 αὐτοὶ
445 2002 592 2056 κατά
638 2003 748 2056 τῶν
807 2006 1069 2076 Πατὲρων
1117 2007 1302 2062 αὐτῶν
1363 2011 1502 2079 μετά
1545 2011 1747 2082 πολλῆς

190 2095 569 2168 ἀπορρίπτουσι
600 2098 698 2169 τῆς
719 2101 1078 2171 κακουργίας.
1103 2101 1212 2154 Καὶ
1235 2103 1342 2172 γάρ
1373 2099 1530 2170 οὕτος
1582 2105 1611 2158 ό
1647 2107 1748 2179 τὴν

188 2188 413 2255 ἐξουσίαν
444 2189 634 2244 λαϐὼν
665 2191 890 2263 δεσμεῖν
923 2194 1019 2247 καὶ
1071 2193 1245 2258 λύειν,
1283 2196 1382 2249 καὶ
1418 2197 1478 2250 τὸ
1536 2197 1628 2251 τοῦ
1664 2198 1751 2252 δε-

189 2284 311 2356 σμοῦ
340 2285 574 2357 φοϐερὸν
612 2287 733 2351 ἅμα
762 2291 855 2340 καὶ
882 2283 1149 2360 κραταιὸν
1177 2288 1365 2360 (μέχρι
1406 2291 1520 2358 γὰρ
1573 2293 1747 2361 αὐτῆς

188 2375 496 2446 ἀναφέρεται
521 2378 626 2449 τῆς
651 2379 935 2448 βασιλείας
971 2379 1082 2433 τῶν
1127 2381 1424 2451 οὐρανῶν),
1460 2375 1619 2448 οὗτος
1673 2384 1740 2456 δὴ

189 2470 378 2543 μεγάλῃ
402 2472 496 2524 καὶ
532 2473 846 2543 διαπρυσίῳ
864 2474 1107 2544 κέκραγε
1128 2474 1193 2545 τῆ
1219 2478 1372 2547 φωνῇ
1393 2494 1405 2507 ο
1430 2478 1555 2543 Κᾶν
1578 2479 1752 2546 ἡμεῖς

185 2562 218 2630 ἢ
242 2561 481 2632 ἄγγελος
537 2563 616 2628 ἐξ
637 2563 906 2634 οὐρανοῦ
933 2567 1387 2636 εὐαγγελίζηται
1437 2569 1580 2638 ὑμῖν
1609 2571 1750 2639 παρ’

184 2653 214 2709 ὃ
258 2655 750 2726 εὐηγγελιζόμεθα
818 2660 985 2730 ὑμῖν,
1049 2661 1320 2730 ἀνάθεμα
1359 2665 1538 2719 ἐστω.
1598 2666 1753 2718 Παῦ-

183 2748 310 2818 λοςή
354 2750 621 2821 ἀσίγητος
647 2753 748 2822 τῆς
789 2752 1120 2822 Ἐκκλησίας
1155 2753 1391 2821 σάλπγξ,
1429 2756 1456 2808 ό
1497 2754 1754 2820 τοσοῦτος

189 2844 268 2898 καὶ
304 2842 626 2914 τηλικοῦτος
672 2845 801 2907 τοὺς
851 2845 1005 2916 παρὰ
1038 2845 1100 2898 τὸ
1163 2846 1503 2916 Εὑαγγέλιον
1555 2848 1751 2919 ἔτερόν

185 2953 231 2989 τι
292 2937 615 3007 τολμῶντας
671 2939 935 3007 φρόνημα
997 2938 1186 2993 λαϐεῖν
1226 2938 1326 2995 καὶ
1378 2942 1746 3010 παρεισάγειν

185 3029 249 3100 τῷ
293 3028 598 3100 ἀναθέματι
648 3031 1060 3102 παραπέμπειο
1094 3032 1194 3088 κα)⁵
1241 3034 1302 3088 οὐ
1367 3036 1495 3098 sub;
1553 3034 1753 3099 ἄλλους

189 3122 346 3192 μόνον,
365 3124 576 3188 οἵτινες
599 3124 761 3178 τοῦτο
783 3127 1146 3196 τολμήσειαν,
1179 3129 1342 3198 ἀραῖς
1399 3129 1753 3199 ἀνυπερϐλή-

1852 2009 1953 2077 ipsi
1994 2017 2185 2064 contra
2219 2007 2410 2063 Patres
2463 2021 2595 2062 suos
2651 2022 2758 2061 non
2816 2007 2935 2061 sine
2970 2003 3177 2074 ingenti
3227 2002 3434 2056 tristitia

1851 2106 2238 2169 contorquent.
2272 2097 2414 2163 :llic
2473 2100 2622 2154 enim
2684 2101 2778 2169 qui
2838 2107 3165 2168 potestatem
3228 2097 3443 2166 accepit

1855 2191 2058 2259 ligandi
2121 2208 2186 2248 ac
2236 2193 2505 2258 solvendi,
2564 2202 2619 2248 et
2677 2208 2810 2248 sane
2879 2190 3097 2246 vinculo
3154 2189 3444 2246 tremendo

1852 2284 2014 2340 siznul
2045 2293 2102 2339 et
2133 2285 2314 2340 valido
2363 2287 2659 2356 (pertinget
2701 2285 2846 2338 enim
2888 2285 2955 2338 ad
2990 2285 3167 2351 ipsum
3205 2297 3440 2350 regnum

1852 2374 2168 2440 caelorum),
2197 2376 2311 2442 hic,
2345 2377 2592 2445 inquam,
2619 2375 2820 2443 ingenti
2866 2374 3126 2441 claraque
3171 2370 3457 2427 exclamat.

1854 2484 1992 2525 voce
2035 2488 2047 2524 :
2090 2467 2236 2524 Licet
2278 2485 2373 2523 nos
2419 2476 2515 2522 aut
2557 2465 2776 2537 angelus
2820 2464 2885 2520 de
2940 2464 3068 2518 caelo
3121 2464 3447 2533 evangelise!“

1853 2564 1998 2618 vobis
2029 2574 2385 2633 prwtcrquam
2419 2560 2560 2632 quod
2609 2561 3082 2628 euangelizavimm
3113 2559 3274 2621 vobis,
3308 2575 3442 2612 ana-

1856 2657 2030 2709 thema
2063 2654 2150 2708 sit.
2188 2653 2390 2708 Paulus
2421 2667 2621 2706 sonora
2669 2661 2725 2705 et
2779 2665 3058 2719 nunquam
3115 2659 3302 2704 tacens
3343 2648 3443 2702 Ec-

1854 2749 2035 2805 clesiae
2094 2749 2243 2813 tuba,
2302 2748 2384 2801 vir
2431 2754 2616 2801 tantus
2662 2759 2726 2799 ac
2781 2745 2904 2798 talis
2952 2757 3047 2798 eos
3099 2744 3192 2812 qui
3246 2751 3446 2812 praeter

1854 2841 2214 2912 Evangelium
2263 2840 2409 2894 aliud
2459 2839 2764 2909 quidquam
2825 2837 3030 2892 audent
3088 2845 3183 2890 aut
3241 2836 3447 2891 sentire

1857 2945 1951 2992 aut
1985 2922 2183 2991 docére
2230 2933 2563 2989 anathemati
2618 2931 2816 2987 tradit:
2885 2944 3063 2998 neque
3124 2930 3260 2983 alios
3301 2929 3444 2982 dun-

1857 3028 2138 3098 taxat,qui
2164 3028 2266 3082 hoc
2287 3025 2653 3090 fueriutausi,
2703 3023 2841 3078 diris
2886 3021 3173 3076 immensis
3201 3020 3446 3090 subjicit.

1858 3123 1955 3179 sed
1989 3131 2043 3178 et
2075 3122 2178 3178 sibi
2213 3120 2342 3192 ipsi,
2385 3120 2434 3175 si
2480 3134 2611 3174 reus
2656 3117 2922 3178 exsistat,
2961 3114 3209 3170 eamdem
3245 3115 3440 3170 indicit

182 3214 279 3275 τοῖς
302 3212 519 3283 ὑπάγει,
538 3214 800 3278 ἀλλὰκαὶ
818 3216 1035 3282 ἐαυτδν,
1074 3217 1260 3289 ἔνοχος
1280 3220 1326 3272 εί
1360 3219 1577 3290 όφθείη,
1603 3221 1747 3292 πρδς

1890 3232 2099 3272 tenam.
2131 3213 2256 3283 ,Nec
2313 3229 2380 3269 eo
2420 3228 2598 3283 usque
2637 3220 2900 3267 terrorem
2945 3211 3113 3280 hujus
3160 3212 3446 3264 sententiae

180 3306 267 3375 τὴν
286 3307 404 3378 ίσην
445 3309 696 3363 συνωθεῖ
720 3309 903 3383 δίκην.
950 3311 1062 3365 Καὶ
1087 3311 1209 3366 οὐδὲ
1243 3311 1410 3383 μέχρι
1443 3312 1640 3366 τούτου
1689 3315 1750 3368 τὸ

183 3397 393 3469 φοϐερὸν
413 3401 512 3471 τῆς
547 3400 889 3470 ἀποφάσεως
920 3403 1286 3474 περιγράφει,
1323 3403 1460 3457 ἀλλά
1514 3404 1609 3458 καὶ
1659 3405 1752 3458 τὸν

180 3491 388 3561 οὒρανὸν
426 3492 606 3548 αὐτὸν
637 3494 836 3565 ἐρευνᾷ
862 3509 876 3524 ο
908 3494 1014 3548 κᾶν
1038 3493 1272 3562 ἄγγελον
1305 3494 1444 3566 εὕρῃ
1477 3497 1586 3559 τοῖς
1625 3497 1746 3550 οέπὶ

182 3583 268 3654 γῆς
287 3585 491 3639 ἐκεῖθεν
533 3587 846 3640 ἐπιστάντα
870 3586 968 3641 καὶ
988 3585 1180 3657 ἕτερόν
1215 3604 1267 3641 τι
1332 3589 1486 3660 παρὰ
1545 3589 1607 3643 τὸ
1662 3590 1756 3643 εὑ-

180 3678 451 3746 αγγελικδν
515 3677 1023 3749 εὐαγγελιζόμενον
1069 3681 1357 3751 κήρυγμα,
1404 3683 1520 3745 τοῖς
1544 3680 1755 3752 ὁμοίοις

180 3769 375 3837 δεσμοῖς
400 3771 547 3825 ὐποϐ
561 3770 712 3825 άλλει
741 3773 837 3825 καὶ
856 3771 936 3842 τῷ
957 3771 1192 3844 διαϐόλῳ
1221 3775 1613 3844 παραπέμπει.
1646 3775 1756 3828 Καὶ

181 3863 236 3914 σὺ
265 3864 512 3936 Πατέρας
540 3864 860 3932 ἀνακαλῶν,
898 3863 986 3934 ἐφ’
1021 3863 1180 3935 ὕϐρει
1235 3865 1336 3936 μὲν
1400 3867 1511 3920 τῶν
1549 3868 1758 3921 Δεσπο-

178 3957 330 4010 τικῶν
357 3958 682 4029 δογμάτων,
721 3959 822 4028 ἐφ’
846 3957 1087 4030 ὕϐρειδέ
1118 3957 1212 4012 τοῦ
1249 3958 1634 4029 κηρύγματος,
1695 3955 1758 4013 οὕ

178 4051 418 4118 γεγόνασι
481 4053 740 4122 κήρυκες
774 4052 826 4104 οί
854 4049 1094 4121 μαθηταὶ
1117 4049 1221 4120 (2),
1260 4051 1347 4120 ἐφ’
1385 4050 1541 4122 ὕϐρει
1564 4052 1760 4106 πασῶν

177 4141 272 4194 τῶν
309 4143 724 4214 οἱκουμενικῶν
774 4139 1032 4206 συνόδων,
1085 4143 1174 4212 ἐφ’
1223 4141 1378 4214 ὕϐρει
1424 4144 1480 4197 δὲ
1530 4145 1629 4214 τῆς
1658 4145 1762 4200 ἀνά

179 4237 343 4292 πᾶσαν
373 4240 476 4309 τὴν
513 4238 856 4310 οἰκουμένην
889 4236 1307 4309 κηρυττομένης
1344 4236 1672 4307 εὕσεϐείας,1
1697 4238 1760 4292 οὐ

179 4328 408 4399 φρίττεις
441 4330 571 4384 οὐδὲ
599 4330 825 4399 τρέμεις
864 4328 985 4382 οὐδὲ
1024 4327 1446 4399 καταπτήσσεις
1471 4327 1580 4398 τὴν
1597 4328 1760 4382 ἀπει-

177 4419 268 4492 λήν
293 4437 309 4488 ;
339 4421 482 4475 ἀλλὰ
511 4423 614 4476 καὶ
646 4421 773 4485 τοὺς
805 4421 933 4484 σοὺς
965 4421 1216 4491 Πατέρας
1245 4419 1292 4472 εί
1324 4419 1399 4492 μὴ
1420 4419 1625 4491 ταύτης
1649 4437 1766 4475 κοι-

179 4517 372 4580 νωνοὺς
433 4516 718 4587 ποιήσεις,
757 4513 996 4568 ἀϐίωτόν
1047 4530 1131 4568 σοι
1178 4513 1270 4567 τὸν
1303 4513 1418 4585 βίον
1459 4515 1610 4586 ἡγῇ’
1667 4517 1764 4570 καὶ

1856 3312 2002 3368 sistit
2053 3325 2117 3366 ac
2167 3309 2412 3373 limitat;
2463 3307 2559 3364 sed
2615 3316 2669 3362 et
2719 3308 2890 3363 caelos
2945 3306 3094 3376 ipsos
3143 3314 3442 3367 scrutatur,

1857 3403 2042 3472 ibique
2088 3402 2133 3456 si
2174 3401 2258 3456 vel
2301 3400 2556 3470 angelum
2593 3398 2839 3454 inveniat
2884 3398 3200 3452 hominibus
3254 3413 3283 3452 a
3337 3398 3446 3451 Deo

1857 3492 2174 3563 praefectum
2217 3503 2271 3548 et
2315 3492 2465 3548 aliud
2504 3491 2788 3562 quidpiam
2834 3501 3030 3561 praeter
3064 3490 3439 3560 evangelieam

1857 3587 2302 3660 praedicationem
2380 3585 2871 3656 evangelizantem,
2929 3585 3156 3654 paribus
3211 3583 3437 3651 subiicit

1859 3680 2093 3737 vinculis
2138 3689 2195 3736 et
2249 3680 2318 3736 ad
2383 3679 2664 3736 diabolum
2729 3677 3013 3734 amandat.
3048 3677 3114 3731 Et
3146 3686 3204 3732 tu
3258 3677 3449 3730 Patres

1861 3773 2102 3840 allegans
2135 3774 2188 3826 in
2225 3772 2620 3827 contumeliam
2652 3771 3064 3825 Dominicorum
3098 3769 3443 3838 dogmatum.

1862 3865 1914 3920 in
1970 3864 2363 3919 contumeliam
2422 3862 2873 3934 praedicationis,
2949 3862 3108 3932 cujus
3167 3875 3449 3930 praecones

1861 3957 2194 4012 exstiterunt
2270 3955 2552 4026 apostoli,
2620 3955 2674 4010 in
2733 3956 3124 4010 contumeliam
3183 3957 3431 4008 omnium

1863 4049 2334 4105 mcumenicarum
2367 4049 2730 4120 synodorum,
2764 4048 2818 4102 in
2850 4048 3235 4104 contumeliam
3269 4049 3447 4117 picta-

1863 4143 1954 4207 tis,
1985 4159 2108 4214 quae
2144 4152 2256 4198 toto
2287 4143 2620 4211 praedicatur
2645 4143 2799 4202 orbe,
2826 4156 2951 4196 nonI
2970 4143 3165 4195 horres
3191 4156 3292 4196 nec
3318 4156 3451 4195 con-

1865 4237 2142 4292 tremiscis
2176 4251 2277 4292 nec
2300 4235 2622 4306 expavescis
2654 4235 2832 4290 minas
2851 4233 3002 4289 Y'Sed
3030 4242 3082 4288 et
3113 4245 3237 4287 tuos
3259 4235 3448 4288 Patres

1864 4330 1973 4385 nisi
1999 4329 2118 4399 eius
2142 4328 2393 4384 criminis
2425 4326 2722 4398 participes
2759 4327 3002 4392 efﬁcias,
3033 4326 3441 4381 intolerabilem

1866 4424 1963 4479 tibi
1994 4423 2162 4478 vitam
2205 4421 2517 4478 arbitraris.
2570 4421 2639 4476 Et
2695 4418 2897 4516 gaulus
2952 4434 3022 4474 ne
3065 4420 3450 4489 incorpoream

1869 4515 2088 4584 quidem
2133 4525 2356 4570 veretur
2390 4521 2642 4568 naturam
2689 4512 2787 4568 nec
2828 4512 3046 4582 penitus
3087 4520 3270 4578 curat,
3301 4515 3448 4584 quod

175 4607 200 4658 ὀ
233 4605 328 4676 μὲν
376 4605 505 4660 οὐδὲ
537 4605 644 4675 τὴν
689 4604 985 4675 ἀσώματον
1049 4602 1362 4658 εὐλαϐεῖται
1428 4603 1594 4674 φύσιν
1641 4605 1747 4658 οὐδὲ

1890 4606 2048 4673 mgeli
2081 4615 2140 4659 ut
2171 4613 2378 4660 mentes
2409 4619 2558 4674 pura:
2592 4619 2726 4674 pure
2764 4613 2929 4673 atque
2951 4603 3267 4660 immediate
3297 4621 3454 4660 com-

178 4696 251 4748 ὅτι
277 4696 352 4759 ὡς
377 4697 506 4760 νόες
535 4695 777 4766 καθαροὶ
802 4695 1064 4766 καθαρῶς
1098 4697 1194 4750 καὶ
1227 4695 1448 4764 άμὲσως
1474 4696 1553 4767 τῷ
1581 4696 1756 4768 κοινῷ

175 4790 577 4860 παριστάμενοι
637 4786 906 4861 Δέσπότῃ,
957 4789 1109 4842 οὐδὲν
1141 4789 1346 4841 τούτων
1390 4791 1765 4858 δυσωπήσεως

174 4881 424 4952 ἀφορμὴν
441 4883 710 4948 ποιεῖται,
739 4880 876 4935 ἀλλά
901 4883 1016 4944 τοῖς
1045 4880 1309 4949 ἐπιγείοις
1332 4883 1388 4934 ἐν
1413 4883 1514 4953 ῐσῳ
1540 4883 1680 4955 πρὸς
1705 4884 1766 4937 τὸ

171 4972 418 5044 ἀνάθεμα
448 4973 742 5044 κατασπᾷ.
774 4973 846 5026 Σὺ
874 4973 930 5028 δὲ
969 4971 1300 5046 Ἀμϐρόσιον
1327 4974 1421 5029 καὶ
1461 4976 1765 5044 Αὔγουστῖ-

171 5080 254 5116 νον
277 5067 536 5130 καὶτοὺς
557 5065 752 5129 ἄλλους
783 5063 910 5136 (φεῦ
942 5064 1112 5136 τιμῆς
1134 5067 1386 5136 ὀλεθρίας
1421 5067 1436 5120 l
1473 5067 1766 5138 )Πατέρας

171 5154 348 5212 καλῶν
377 5157 535 5212 κατὰ
561 5157 663 5230 τῆς
687 5157 1030 5227 Δεσποτικῆς
1059 5157 1407 5223 ἀνθοπλίζων
1462 5176 1762 5229 μυσταγω-

169 5249 287 5314 γίας
312 5250 688 5320 ἀνεκτότερον
714 5249 815 5302 οῐει
841 5249 902 5303 τὸ
929 5248 1256 5321 κατάκριμα
1296 5250 1330 5321 ἢ
1361 5251 1501 5303 κατὰ
1529 5250 1760 5303 σεαυτοῦ

167 5339 346 5408 ῆκατ⁹
373 5341 617 5395 ἐκείνων
650 5340 1023 5407 ἐπισπᾶσθαις
1058 5341 1132 5393 Οὐ
1172 5340 1283 5410 γὰρ
1325 5339 1505 5410 καλήν
1547 5357 1610 5408 γε
1667 5339 1767 5411 τὴν

169 5434 404 5506 ἀμοιϐὴν
430 5437 557 5497 τοῖς
585 5436 698 5498 σοῖς
737 5433 1040 5503 ἀπονέμεις
1071 5434 1319 5503 Πατράσι
1344 5447 1360 5464 ο
1422 5435 1482 5486 οὐ
1521 5433 1666 5487 καλά
1696 5434 1766 5487 τά

166 5529 394 5596 τροφεῖα
463 5529 586 5590 τοῖς
633 5525 1064 5596 γεννησαμένοις
1137 5524 1520 5596 άντεισφέρεις
1555 5541 1568 5554 ·
1629 5525 1767 5579 ἀλλὰ

168 5616 274 5686 γάρ
308 5620 392 5682 είς
423 5618 533 5688 μὲν
569 5617 695 5682 τοὺς
726 5617 1035 5688 μακαρίους
1049 5615 1253 5686 ἄνδρας
1276 5617 1542 5685 ἐκείνους,
1571 5617 1764 5689 ὥσπερ

166 5709 316 5765 οὐδὲν
339 5712 548 5776 αὐτοῖς
575 5711 682 5765 τῶν
711 5710 822 5765 σῶν
854 5710 1026 5782 μετῆν
1051 5711 1406 5782 σοφισμάτων
1459 5712 1562 5782 τῆς
1609 5711 1768 5765 ἀπει-

234 5865 313 5938 (l)
342 5865 520 5926 Laur.
566 5869 702 5924 καλά
738 5887 799 5940 γε
834 5868 941 5926 τῶν
977 5868 1067 5939 ἀγ.
1099 5867 1365 5942 ἐπίχειρα,

1869 4698 2020 4752 muni
2057 4697 2322 4754 assistunt
2349 4699 2615 4761 Domino;
2651 4698 2784 4751 nihil
2817 4699 3044 4753 omnino
3069 4699 3264 4753 horum
3297 4714 3455 4753 vere-

1872 4799 1984 4855 tur,
2009 4791 2104 4846 sed
2129 4806 2284 4861 teque
2311 4806 2376 4846 ac
2413 4799 2664 4846 terrenos
2695 4790 2946 4846 homines
2974 4791 3198 4861 angelos
3229 4806 3454 4862 cinoque

1869 4884 1934 4937 ad
1994 4883 2284 4938 anathema
2332 4883 2619 4952 pertrahit.
2667 4882 2750 4938 Tu
2795 4899 2925 4938 vero
2977 4882 3334 4938 Ambrosium
3393 4894 3450 4938 et

1869 4977 2238 5046 Augustinum
2293 4988 2348 5032 et
2397 4986 2624 5032 caeteros
2681 4977 2810 5048 (heu
2859 4978 3225 5048 perniciosum
3278 4977 3455 5031 hono-

1870 5067 2046 5136 rem!)
2095 5065 2285 5122 Patres
2329 5082 2656 5137 nuncupans
2705 5077 2760 5122 et
2807 5067 3072 5123 adversus
3115 5067 3454 5122 Dominicam

1870 5158 2174 5213 doctrinam
2215 5159 2438 5214 eosdem
2489 5160 2544 5213 in
2603 5159 2777 5214 aciem
2837 5158 3144 5226 instruens,
3189 5159 3450 5214 leviorem

1869 5259 2032 5321 putas
2077 5252 2132 5306 in
2186 5260 2238 5306 te
2287 5253 2370 5306 vel
2405 5253 2457 5306 in
2509 5252 2634 5308 illos
2673 5251 3082 5306 damnationem
3131 5251 3456 5306 accersere?

1870 5340 1986 5397 Non
2019 5342 2164 5396 enim
2195 5341 2390 5398 bonam
2429 5343 2544 5400 tuis
2568 5343 2827 5398 Patr-ibus
2849 5343 3152 5397 mercedem
3181 5358 3279 5396 nec
3311 5342 3452 5395 bona

1870 5433 2212 5491 educationis
2263 5437 2486 5505 praemia
2531 5438 2877 5506 genitoribus
2917 5434 3190 5502 rependis.
3225 5431 3455 5487 Verum—

1875 5527 2161 5583 enimvero
2223 5528 2279 5582 in
2326 5529 2448 5584 illos
2490 5530 2710 5598 quidem
2742 5529 2932 5583 beatos
2968 5528 3138 5594 viros,
3184 5529 3454 5596 quemad-

1871 5621 2094 5674 modum
2123 5619 2230 5689 ipsi
2265 5620 2402 5673 nihil
2427 5621 2495 5674 de
2517 5620 2624 5674 tuis
2657 5618 2870 5673 cavillis
2904 5627 3111 5687 tuaque
3140 5617 3447 5688 pervicaiua

1871 5727 1937 5768 ac
1965 5711 2243 5782 impietate
2266 5713 2687 5783 participabaut,
2724 5712 2798 5766 ita
2831 5727 2932 5766 nec
2965 5720 3117 5768 tuum
3161 5711 3461 5768 anathema

1948 5872 2023 5942 (2)
2057 5870 2217 5930 Laur.
2245 5872 2291 5925 οἳ
2319 5871 2603 5942 γεγόνασιν
2633 5871 2679 5923 0!
2717 5869 2979 5942 μαθηταί,
