3798 6592
387 391 496 457 819

1418 401 1630 462 JOAN.
1673 401 1886 463 VECCI
1926 403 1956 463 C

2082 403 2595 469 PATRIARCHA!
3495 417 3576 481 δὶα

395 517 701 586 pertingere
749 516 1023 574 ullatenus
1081 519 1299 586 valebit,
1356 528 1410 574 tu
1463 532 1642 577 tamen
1702 539 1770 578 eo
1820 522 1956 593 quod

2070 526 2220 590 Θείας
2248 529 2344 581 καὶ
2371 526 2646 591 ἀσεϐείας,
2674 524 2847 589 οὕτως
2871 523 2994 578 οὐδὲ
3035 522 3096 576 τὸ
3118 521 3208 577 σὺν
3259 523 3475 596 ἀνάθεμα
3493 533 3579 601 χώ.

392 609 520 664 inde
552 620 712 680 putas
751 609 908 666 istam
958 610 1293 679 impietatem
1330 613 1646 669 confirmari
1699 625 1755 671 et
1809 631 1965 671 com-

393 703 650 769 probari,
688 703 975 758 luculentis
1028 702 1182 760 factis
1229 707 1379 759 omni
1431 723 1564 764 voce
1603 708 1808 764 clarius
1849 709 1962 764 cla-

392 795 670 849 mantibus
700 794 986 849 anathema
1009 795 1062 850 in
1097 795 1220 852 illos
1244 797 1481 867 profers.

459 978 548 1032 70.
593 975 778 1048 Neque
803 979 907 1034 hoc
958 978 1103 1048 dico,
1134 996 1320 1036 revera
1347 997 1688 1053 quaecunque
1716 989 1772 1037 tn
1807 997 1962 1039 asse-

387 1075 486 1136 ris,
517 1073 586 1128 ab
631 1074 698 1129 iis
744 1073 814 1129 ita
853 1075 1124 1129 luculente
1178 1077 1354 1141 tradi;
1401 1093 1592 1131 verum
1627 1078 1751 1132 licet
1785 1077 1964 1132 conti-

386 1166 575 1232 gisset,
612 1165 734 1221 illos
787 1167 892 1221 tale
938 1167 1213 1238 quidpiam
1247 1167 1458 1224 dixisse
1505 1169 1781 1238 (homines
1814 1170 1960 1223 enim

384 1269 537 1313 erant
595 1273 693 1314 nec
739 1268 916 1329 potest
963 1275 1022 1314 se
1074 1261 1374 1315 immunem
1425 1262 1497 1316 ab
1535 1263 1683 1316 omni
1717 1262 1961 1316 humano

385 1352 534 1419 lapsu
565 1361 824 1420 perpetuo
848 1367 1177 1406 conservare
1203 1353 1292 1421 qui
1321 1369 1386 1408 ex
1428 1354 1541 1406 luto
1571 1353 1823 1424 fluxaque
1854 1369 1962 1408 ua-

385 1451 504 1494 tura
533 1449 771 1504 constat,
808 1441 918 1495 imo
951 1456 1343 1511 nonnunquam
1372 1443 1534 1496 etiam
1578 1442 1708 1496 viris
1740 1442 1962 1511 optimis

383 1533 755 1588 adnascuntur
795 1533 978 1602 aliqua
1015 1534 1237 1603 vestigia
1292 1535 1676 1603 macularum),
1716 1543 1771 1589 et
1829 1534 1962 1589 licet

381 1627 524 1678 forte
560 1626 626 1679 ad
661 1625 880 1694 aliquod
909 1625 1229 1680 indecorum
1265 1641 1329 1681 ac
1360 1636 1515 1695 turpe
1546 1626 1776 1682 fuissent
1797 1627 1957 1696 lapsi,

381 1735 481 1786 ego
517 1732 649 1772 sane
681 1719 880 1786 probos
915 1719 1106 1773 Noemi
1142 1720 1282 1775 filios
1317 1719 1562 1775 imitarer
1595 1728 1649 1773 et
1676 1735 1774 1789 pro
1797 1719 1961 1774 vesti-

385 1808 582 1862 mentis
627 1808 846 1863 silentio
897 1809 1080 1878 potius
1105 1818 1270 1879 atque
1315 1811 1644 1880 gratitudine
1675 1819 1956 1880 paternam

383 1900 770 1970 turpitudinem
825 1885 1159 1971 obtegerent,
1207 1913 1547 1968 nouantem,
1593 1905 1670 1957 uti
1709 1914 1766 1958 tu
1796 1903 1955 1967 facis,

381 1991 573 2046 (illami
617 2008 877 2062 sequerer
920 1994 1263 2062 exemplum;
1315 1995 1424 2048 imo
1475 2011 1602 2049 vero
1666 2005 1724 2050 tu
1785 1995 1956 2050 multo

381 2085 633 2140 acerbius
653 2085 742 2139 illo
765 2095 928 2155 atque
945 2086 1316 2156 impudentius
1341 2095 1582 2152 tuorum,
1607 2103 1744 2155 quos
1771 2103 1954 2153 vocas,

392 2180 612 2232 Patrum
653 2178 1047 2247 turpitudinem
1080 2179 1331 2249 evulgas.
1365 2179 1456 2233 llle
1483 2180 1654 2242 enim,
1689 2195 1798 2233 non
1827 2180 1957 2249 quia

385 2266 664 2332 revelavit,
691 2266 784 2321 sed
815 2266 943 2336 quia
974 2281 1078 2320 non
1110 2265 1327 2327 velavit,
1365 2265 1800 2320 maledicuouem
1831 2279 1955 2320 sus-

383 2358 582 2420 tinuit;
633 2368 688 2411 tu
723 2371 855 2410 vero
902 2364 958 2410 et
1010 2353 1218 2410 revelas
1262 2366 1319 2408 et
1363 2355 1416 2407 in
1444 2355 1546 2407 hac
1583 2354 1808 2407 audacia
1844 2355 1958 2423 glo-

383 2449 578 2514 riaris';
607 2458 662 2503 et
703 2448 792 2502 ille
821 2447 1040 2516 quidem
1076 2446 1338 2501 fratribus
1365 2462 1626 2500 arcanum
1656 2443 1812 2501 effert
1851 2462 1866 2508 ;
1899 2454 1956 2500 tu

381 2555 513 2596 vero
541 2556 648 2594 non
681 2539 949 2595 fratribus
985 2554 1084 2604 nec
1112 2540 1204 2593 uni
1233 2547 1326 2592 aut
1355 2537 1534 2601 alteri,
1573 2537 1666 2593 sed
1693 2545 1955 2605 quantum

378 2643 548 2689 estex
569 2644 663 2688 tuo
688 2642 888 2688 conatu
909 2641 963 2686 et
985 2632 1315 2702 impudentia
1337 2631 1649 2684 universum
1671 2635 1828 2699 quasi
1856 2638 1961 2684 ter-

281 2774 284 2776 .
381 2740 564 2780 rarum
593 2725 782 2780 orbem
813 2725 1083 2779 theatrum
1111 2722 1451 2779 constituens
1483 2720 1685 2790 ingenti
1718 2726 1959 2792 promul-

379 2836 474 2890 gas
500 2820 767 2882 clamore,
793 2826 915 2872 tuos
957 2817 1148 2874 Patres
1171 2816 1425 2871 sordibus
1450 2812 1625 2868 foedos
1649 2828 1789 2877 esse,
1822 2823 1876 2868 et
1902 2814 1957 2869 in

379 2918 619 2982 ipsorum
642 2909 975 2981 turpitudine
1005 2907 1297 2963 luxuriaris
1315 2905 1710 2979 (debaccharis)
1734 2918 1786 2961 et
1806 2907 1961 2977 igno-

379 3007 547 3061 minia
577 3006 793 3060 illorum
813 3003 1018 3074 gaudes
1050 3011 1104 3057 et
1133 3002 1314 3057 socios
1343 2998 1568 3068 quaeris,
1603 3015 1699 3069 per
1725 3016 1862 3070 quos
1888 3001 1956 3054 il—

378 3102 554 3155 lorum
591 3100 825 3154 dedecus
849 3112 913 3151 ac
938 3096 1339 3152 deformitatem
1373 3093 1427 3146 in
1459 3092 1732 3162 publicam
1760 3094 1957 3152 efferas

383 3191 558 3244 lucem
587 3196 640 3242 et
677 3185 996 3242 solemniter
1019 3185 1284 3243 celebres.

447 3283 540 3338 7i.
576 3279 724 3336 Dixit
749 3281 1092 3351 Augustinus
1121 3290 1174 3337 et
1203 3282 1569 3356 Hieronymus
1611 3282 1875 3353 Spiritum
1923 3293 1955 3332 a

393 3375 530 3430 Filio
587 3375 902 3446 procedere.
953 3373 1022 3429 Et
1075 3374 1218 3429 unde
1270 3386 1447 3446 potest
1481 3376 1668 3432 haberi
1709 3383 1801 3429 aut
1837 3372 1954 3427 dari

381 3471 535 3530 tides,
580 3477 705 3537 post
756 3476 836 3523 tot
878 3481 1052 3522 annos
1103 3469 1348 3538 elapsos,
1397 3485 1505 3523 non
1555 3483 1678 3524 esse
1732 3467 1954 3521 illorum

377 3562 579 3631 scripta
616 3576 712 3630 per
746 3560 1010 3615 malitiam
1035 3559 1370 3631 depravata?
1423 3559 1611 3630 Neque
1633 3559 1779 3615 enim
1810 3557 1956 3612 arbi-

377 3655 510 3709 trari
542 3652 733 3718 debes,
770 3645 820 3708 te
860 3653 1035 3708 solum
1065 3669 1186 3709 esse
1216 3654 1282 3708 ad
1319 3655 1655 3723 impietatem
1687 3651 1953 3706 fervidum

375 3760 430 3802 et
457 3757 509 3803 te
541 3748 721 3803 solum
749 3745 950 3802 audere
979 3762 1085 3802 non
1114 3747 1363 3802 audenda
1386 3763 1406 3824 ;_
1430 3747 1522 3802 sed
1549 3746 1727 3816 potius
1755 3759 1822 3798 ex
1855 3743 1958 3798 hac

342 3898 346 3905 ,
378 3841 499 3910 ipsa
528 3839 606 3894 tui
632 3838 800 3893 animi
827 3838 1115 3895 affectione
1137 3849 1349 3909 reputa,
1384 3848 1514 3893 tunc
1542 3852 1764 3908 quoque
1793 3835 1952 3891 facile

379 3934 549 3989 I'uisse
599 3932 979 3987 versutissimo
1023 3932 1238 4003 generis
1279 3932 1508 3987 humani
1558 3930 1703 3986 hosti
1744 3928 1947 3984 talibus

378 4027 525 4083 vasis
557 4026 859 4083 abundare.

453 4118 540 4174 72.
585 4119 872 4186 Dixerunt,
898 4133 1038 4188 quos
1067 4126 1120 4172 tu
1147 4115 1393 4180 adducis,
1430 4116 1556 4172 ista.
1607 4112 1764 4181 Quod
1800 4113 1846 4168 si
1879 4113 1950 4166 ob

379 4211 617 4281 aliquam
691 4209 1076 4266 necessitatem
1138 4207 1221 4262 vel
1273 4221 1609 4275 paganorum
1681 4201 1953 4258 insaniam

378 4314 758 4375 oppugnantes
790 4302 874 4358 vel
904 4301 1067 4356 aliam
1100 4300 1410 4354 haereticam
1435 4298 1752 4366 opinionem
1785 4296 1954 4350 refel-

380 4397 572 4461 lentes,
608 4396 693 4452 vel
724 4395 1037 4451 auditorum
1066 4393 1409 4462 indulgentes
1432 4390 1737 4446 infirmitati
1772 4391 1858 4445 vel
1887 4391 1958 4445 ob

380 4487 585 4557 aliquid
616 4486 764 4542 aliud
800 4485 890 4541 bis
920 4477 1125 4550 simﬂe,
1175 4483 1357 4554 qualia
1411 4483 1588 4538 solent
1623 4482 1676 4537 in
1707 4481 1816 4536 vita
1851 4482 1956 4534 hu-

2071 637 2173 688 ραν
2193 620 2419 690 εὑρήσει
2456 618 2758 673 διαϐαίνειν
2779 634 2794 649 ·
2833 620 2899 672 σὺ
2925 617 2982 670 δέ
3021 616 3089 668 δι’
3115 609 3192 668 ὧν
3219 616 3363 682 ὅμως
3408 619 3578 678 ἐκεῖθεν

2069 713 2314 783 νομίζεις
2338 712 2399 768 τὸ
2441 712 2702 774 δυσσεϐὲς
2726 707 3174 780 συγκροτεῖσθαι,
3219 705 3467 777 λαμπροῖς
3505 712 3578 785 ερ.

2068 823 2188 876 γοις
2213 805 2309 860 καὶ
2339 807 2525 876 φωνῆς
2549 805 2766 875 ἀπάσης
2781 802 3162 872 γεγωνότερον
3187 802 3466 871 κεκραγόσι
3490 810 3583 860 κατ’

2068 900 2250 955 αὐτῶν
2284 900 2346 954 τὸ
2383 898 2634 967 ἀνάθεμα
2661 894 3042 968 προκομίζεις.
3435 946 3443 956 ,

2133 990 2198 1045 o'.
2247 990 2362 1044 Καὶ
2408 989 2468 1042 ού
2515 988 2674 1043 τοῦτό
2739 1005 2903 1059 φημι,
2958 988 3042 1041 δτι
3099 988 3322 1049 πάντως
3357 986 3481 1058 ἅπερ
3531 992 3579 1044 σὺ

2066 1084 2425 1153 κατηγορεῖς,
2482 1081 2716 1145 ἐκείνοις
2759 1079 2902 1133 οὕτω
2955 1077 3275 1150 περιφανῶς
3325 1079 3590 1148 δογματίζε-

2065 1191 2180 1238 ται,
2212 1173 2329 1227 ἀλλ’
2356 1176 2407 1227 εί
2445 1173 2542 1226 καὶ
2565 1170 2808 1226 τοιοῦτόν
2824 1189 2878 1226 τι
2907 1171 3210 1225 συνέπεσεν
3235 1169 3425 1232 αὐτοὺς
3452 1171 3590 1226 εἰπεῖν

2066 1265 2370 1335 (ἄνθρωποι
2398 1258 2678 1334 γάριῆσαν
2723 1261 2820 1316 καὶ⁵
2841 1259 3190 1328 ἀνθρωπίνου
3222 1255 3584 1328 παρολισθήμιο

2065 1374 2159 1420 τος
2208 1356 2308 1408 οὐκ
2336 1353 2453 1406 ἔστι
2483 1353 2776 1415 διαπαντὸς
2811 1351 3070 1421 ὑπεράνω
3115 1346 3377 1418 φέρεσθαι
3409 1347 3488 1400 τδν
3540 1350 3590 1401 ἐκ

2067 1443 2242 1514 πηλοῦ
2279 1443 2374 1497 καὶ
2399 1442 2631 1513 ῥεούσης
2659 1439 2792 1510 ὕλης
2823 1439 3184 1508 συγκείμενον
3209 1451 3222 1464 ·
3259 1435 3381 1488 ἐσθ’
3431 1436 3507 1488 ὅτε
3547 1439 3591 1490 δὲ

2063 1535 2158 1590 καὶ
2211 1537 2323 1599 τοῖς
2371 1534 2616 1604 ἀρίστοις
2673 1530 2966 1600 ἐπιφύεταί
3021 1545 3148 1583 τινα
3213 1526 3422 1597 κηλῖδος
3455 1528 3586 1598 ῐχνη)’

2063 1626 2310 1682 ἀλλὀὒν
2347 1627 2400 1680 ετ
2423 1642 2476 1678 τι
2503 1623 2936 1695 παρηνέχθησαν
2982 1617 3440 1690 ἐνασχημονῆσαι,
3495 1619 3594 1684 τοὺς

2064 1719 2417 1789 εὐγνώμονας
2448 1717 2515 1771 ἀν
2551 1715 2660 1770 τῶν
2687 1715 2782 1768 τοῦ
2821 1712 2947 1767 Νῶε
2977 1712 3188 1766 παίδων
3241 1703 3604 1781 ἐμιμησάμην,¹

2061 1814 2159 1867 καὶ
2187 1812 2308 1866 ἀντὶ
2333 1809 2700 1879 περιϐολαίων
2745 1810 2812 1878 τῇ
2839 1808 3017 1876 σιωπῇ
3059 1805 3262 1874 μᾶλλον
3299 1805 3392 1876 καὶ
3434 1805 3616 1873 stimo-1

2061 1902 2275 1976 μοσύνῃ
2337 1903 2437 1980 τὴν
2497 1899 2772 1970 πατρικὴν
2830 1895 3150 1966 ἐπεκάλυψα
3207 1897 3598 1967 ἀσχημοσύνην,

2058 1995 2182 2066 οὐχὶ
2213 1995 2258 2050 δ’
2290 1994 2480 2062 ὥσπερ
2505 1996 2568 2048 σὺ
2601 1992 2741 2046 κατά
2761 1989 2852 2044 τὸν
2879 1990 3010 2058 Χάμ
3036 1985 3448 2058 διεπραξάμην
3489 1989 3600 2056 pii-

2058 2088 2146 2142 λον
2175 2087 2231 2141 δὲ
2258 2091 2324 2141 συ
2378 2087 2514 2140 πολὺ
2549 2083 2876 2155 πικρότερον
2929 2081 3142 2134 ἐκείνου
3184 2079 3285 2133 καὶ
3330 2077 3600 2133 ἀναιδέστεο

2063 2197 2154 2253 ρον
2195 2180 2321 2243 τοὺς
2376 2178 2627 2248 Πατέρας
2684 2175 2777 2239 οὓς
2812 2174 3093 2246 (niti-575:;
3138 2173 3219 2234 είς
3251 2171 3604 2240 ἀσχημοσύνην

2061 2273 2424 2343 στηλιτεύεις”
2452 2272 2480 2324 ὁ
2515 2269 2614 2340 μὲν
2641 2267 2751 2336 γάρ
2787 2268 2887 2337 οὺχ
2919 2267 3002 2320 ὅτι
3027 2262 3401 2334 ἀπεκάλυψεν,
3424 2261 3601 2314 ἀλλ’ὅτι

2063 2367 2137 2437 μὴ
2174 2363 2515 2432 ἐπεκάλυψε,
2537 2362 2637 2431 τὴν
2669 2362 2809 2430 ἀράν
2843 2359 3036 2429 ὑπέχει
3061 2374 3076 2388 °
3121 2359 3188 2412 σὺ
3215 2355 3277 2410 δὲ
3313 2356 3406 2410 καὶ
3433 2356 3606 2406 ἀποκαο

2059 2461 2122 2516 λύ
2133 2477 2308 2526 πτεις,
2339 2459 2433 2512 καὶ
2456 2456 2696 2528 σεμνύνῃ
2731 2458 2798 2525 τῇ
2821 2453 3001 2524 τόλμῃ
3024 2469 3038 2482 ·
3065 2451 3160 2506 καὶ
3179 2451 3206 2504 ὁ
3239 2450 3343 2519 μὲν
3364 2450 3469 2511 τοῖς
3485 2447 3606 2500 ἀδελ-

2066 2557 2190 2623 φοῖς
2245 2553 2308 2606 τὸ
2359 2550 2676 2622 ἀπόρρητον
2733 2547 2984 2617 ἐκφέρει,
3025 2547 3090 2599 σὺ
3155 2544 3208 2596 δὲ
3233 2544 3340 2596 οὐκ
3372 2541 3610 2608 ἀδελφοῖς,

2059 2647 2181 2702 οὐδὲ
2213 2644 2350 2715 πρὸς
2383 2644 2482 2696 ἕνα
2516 2643 2550 2713 ἢ
2578 2642 2694 2706 δύο,
2726 2640 2856 2694 ἀλλ’
2898 2640 3000 2692 ὅσα
3032 2654 3096 2706 γε
3129 2639 3196 2709 τῇ
3221 2638 3291 2706 σῇ
3323 2632 3515 2702 σπουδῇ
3532 2630 3610 2684 καὶ

2059 2738 2425 2810 ἀναισχυντία
2457 2737 2557 2808 τὴν
2589 2733 2926 2805 οἰκουμένην
2959 2731 3190 2802 θέατρον
3224 2727 3463 2791 καθίζων
3493 2726 3614 2795 μέγα

2065 2835 2164 2907 μέν
2193 2831 2498 2897 σλλπίζεις,
2528 2832 2605 2894 ὡς
2639 2830 2688 2882 οί
2734 2827 2821 2880 σοὶ
2859 2826 3106 2895 Πατέρες
3161 2817 3610 2892 ἐνασχημονοῦσι·

2061 2927 2472 2995 ἐνασελγαίνεις
2532 2923 2578 2976 δ’
2645 2920 2830 2976 αὐτῶν
2877 2919 2997 2980 ταῖς
3055 2914 3492 2986 ἀσχημοσύναις.
3541 2909 3617 2962 καὶ

2063 3019 2276 3090 τρυφᾷς
2303 3018 2404 3088 τὴν
2437 3013 2572 3070 κατ’
2607 3015 2839 3066 ἐκείνων
2867 3010 3095 3080 ἀτιμίαν
3121 3023 3138 3040 ο
3196 3005 3297 3058 καὶ
3336 3015 3610 3069 συγχορευ·

2061 3114 2160 3176 τὰς
2202 3112 2387 3182 ζητεῖς
2409 3107 2475 3162 δι’
2503 3100 2578 3161 ὧν
2611 3106 2711 3176 τὴν
2753 3105 2980 3157 ἐκείνων
3010 3098 3173 3170 ὓϐριν
3241 3097 3343 3149 καὶ
3401 3096 3618 3164 ἀσχημο-

1983 3223 2029 3285 C
2065 3205 2233 3274 σύνην
2278 3205 2358 3266 είς
2401 3200 2464 3254 τὸ
2491 3197 2885 3269 λαμπρότατον
2914 3189 3348 3285 πανηγυρίζεις.

2136 3294 2238 3351 οα’.
2300 3292 2466 3347 Εἶπεν
2536 3290 2922 3358 Ἀύγουστῖνος
2999 3286 3099 3338 καὶ
3165 3281 3494 3350 Ἱερώνυμος
3571 3273 3623 3328 τὺ

2065 3386 2293 3456 Πνεῦμα
2323 3387 2388 3438 ἐκ
2415 3381 2512 3436 τοῦ
2553 3381 2685 3435 Υίοῦ
2714 3375 3136 3449 ἐκπορεύεσθαι.
3175 3373 3291 3427 Καὶ
3336 3369 3496 3424 πόθεν
3517 3366 3614 3418 ἐστι

2062 3481 2248 3536 λαϐεῖν
2279 3476 2524 3550 ἢδοῦναι
2563 3473 2771 3538 πίστιν,
2820 3470 3079 3524 τοσούτου
3111 3467 3410 3539 ρεύσαντος
3429 3461 3622 3532 χρόνον,

2063 3576 2145 3629 ὅτι
2189 3573 2265 3643 μὴ
2292 3548 2476 3624 αὐτῶν
2507 3563 2961 3634 κεκακούργηται
2989 3562 3058 3616 τά
3101 3558 3494 3626 συντάγματα;
3546 3548 3624 3618 Μὴ

2063 3668 2174 3738 γάρ
2213 3666 2455 3735 νομίσεις
2481 3664 2559 3735 (2)
2606 3665 2766 3734 μόνον
2816 3655 3017 3711 σαυτὸν
3073 3649 3215 3706 εἶναι
3247 3649 3462 3719 θερμὸν
3507 3643 3623 3738 πρθς

2063 3736 2324 3813 ἀσέϐειαν
2373 3757 2473 3810 καὶ
2496 3753 2771 3825 τολμηριιν
2799 3748 2868 3804 τὰ
2900 3746 3210 3815 ἀτόλμητα,
3267 3739 3389 3794 ἀλλ’
3438 3740 3500 3790 ἐκ
3545 3736 3626 3802 τῆς

2066 3853 2165 3922 σῆς
2194 3848 2517 3918 ἀναλογίζου
2547 3845 2749 3917 μᾶλλον
2793 3840 3049 3912 γνώμης,
3099 3842 3183 3890 ὅτι
3213 3835 3314 3888 καὶ
3343 3827 3630 3922 τηνικαῦτα

2063 3943 2214 3997 οὐδὲν
2241 3941 2304 3996 τὸ
2333 3938 2544 3994 κωλύον
2571 3933 2640 4009 ἦν
2659 3933 2918 3989 τοιούτων
2951 3928 3163 3984 σκευῶν
3205 3923 3520 3996 εὐπορῆσαι
3553 3918 3630 3972 τὸν

2065 4035 2451 4105 πολυμήχανον
2478 4031 2577 4086 τοῦ
2610 4029 2804 4099 γένους
2830 4026 2925 4097 ἐχθ
2937 4025 3050 4094 ρόν.

2134 4125 2238 4184 ο6’.
2262 4124 2454 4190 Εἶπον,
2486 4122 2580 4185 οὒς
2617 4121 2686 4174 σὺ
2735 4117 2942 4187 λέγεις,
2967 4114 3165 4170 ταῦτα.
3213 4112 3278 4166 Εἰ
3307 4111 3370 4165 δέ
3403 4107 3493 4163 διά
3529 4121 3635 4159 τινα

2066 4218 2390 4291 περίστασιν
2421 4215 2454 4285 ἢ
2482 4213 2620 4284 πρὸς
2666 4209 3025 4278 Ἑλληνιστῶν
3053 4205 3489 4274 ἀντιφερόμενοι
3509 4198 3631 4252 λύσ-

2063 4331 2167 4368 σαν
2193 4311 2227 4382 ἢ
2258 4311 2397 4380 πρὸς
2432 4307 2603 4376 ἄλλην
2629 4302 2918 4375 αἱρετικὴν
2947 4299 3362 4370 διαμαχόμενοι
3421 4295 3577 4360 δόξαν
3604 4291 3632 4358 ἢ

2063 4407 2131 4476 τῇ
2195 4401 2306 4456 τῶν
2364 4396 2652 4470 ἀκροατῶν
2689 4391 3224 4462 συγκαταϐαίνοντες
3290 4383 3638 4456 ἀσθενείαμῆ

2067 4498 2212 4552 πόσα
2243 4493 2474 4548 τοιαῦτα
2495 4491 2851 4556 καθεκάστην
2869 4489 2896 4539 ὁ
2924 4482 3270 4554 ἀνθρώπινος
3301 4478 3640 4534 ἐπιδείκνυσι

383 4592 543 4631 mana
592 4577 830 4644 quotidie
868 4575 1122 4646 ,evenire,
1170 4573 1242 4636 si.
1299 4573 1548 4640 inquam,
1597 4570 1668 4625 oh
1717 4570 1953 4640 aliquam

2070 4591 2196 4663 βίος·
2216 4590 2264 4642 εί
2289 4585 2384 4640 οὖν
2414 4584 2642 4647 ἐκείνοις
2668 4583 2758 4637 διά
2777 4597 2830 4633 τι
2849 4582 3053 4632 τούτων
3073 4577 3105 4647 ἢ
3127 4577 3220 4630 καὶ
3237 4575 3330 4630 διὰ
3349 4574 3528 4628 πλείω
3543 4585 3642 4663 10t-

379 4668 653 4738 cjusmodi
695 4682 922 4723 causam
975 4666 1092 4721 sive
1150 4665 1316 4718 etiam
1376 4663 1446 4718 oh
1493 4664 1679 4732 plures
1718 4662 1787 4717 iis
1820 4663 1959 4717 forte

383 4762 510 4815 talis
545 4775 647 4815 vox
686 4759 912 4822 excidit,
937 4756 1218 4829 quomodo
1267 4765 1324 4810 tu
1355 4755 1500 4826 quod
1540 4754 1620 4808 illi
1653 4770 1761 4808 non
1791 4769 1958 4810 sensu

383 4851 690 4922 dogtnatico
739 4848 1198 4916 pronuntiarunt,
1257 4862 1356 4916 pro
1412 4847 1664 4915 dogmate
1727 4861 1791 4901 ac
1842 4845 1960 4914 lege

385 4958 636 5008 sumens,
677 4942 773 4998 tibi
805 4941 1024 5009 quidem
1060 4940 1161 5010 ipsi
1193 4939 1604 5012 irreparabilem
1643 4954 1798 4995 creas
1833 4955 1957 5010 per-

383 5037 578 5090 niciem
604 5073 620 5099 ,
653 5034 776 5090 illos
809 5047 936 5088 vero
963 5032 1020 5086 in
1048 5041 1195 5086 tuam
1225 5032 1476 5103 abripere
1509 5031 1788 5088 vesaniam
1824 5047 1958 5088 con-

387 5129 568 5185 tendis
585 5129 610 5202 ’ζ

946 5219 1396 5278 REFUTATIO.

351 5365 356 5370 ’
451 5357 667 5413 XXVII.
703 5358 1180 5424 CumAmbrosio,
1212 5359 1521 5429 Augustino
1539 5365 1594 5413 et
1621 5356 1958 5428 Hieronymo

382 5451 595 5508 veniam
641 5453 938 5518 concedas,
971 5452 1098 5508 licet
1147 5452 1217 5506 iis
1272 5452 1378 5506 tale
1425 5449 1727 5520 quidquam
1771 5449 1956 5518 eloqui

385 5547 667 5610 acciderit,
725 5547 886 5616 quasi
930 5561 1030 5616 pro
1062 5545 1174 5600 illis
1209 5541 1582 5598 defensionem
1638 5541 1956 5607 instituens,

387 5640 532 5708 quod
562 5638 811 5693 homines
837 5653 902 5692 ex
939 5637 1054 5690 luto
1083 5645 1139 5690 et
1179 5634 1323 5689 fluxa
1355 5636 1580 5690 materia
1615 5636 1958 5706 compositos

449 5754 528 5861 li)
565 5796 732 5850 Laur.
770 5796 865 5858 ὡς.
903 5804 961 5848 ut
986 5793 1160 5848 Vatic.

455 5867 530 5937 (“2)
562 5869 653 5938 Μὴ
679 5869 787 5937 γὰρ
828 5869 1052 5937 νομίσῃς
1087 5865 1254 5922 Laur.

2061 4661 2235 4750 αύτην
2273 4677 2504 4740 ἐκείνοις
2525 4677 2743 4746 ἀφεῖναι
2761 4675 3023 4728 συνέπεσε
3035 4671 3244 4742 φωνὴν,
3268 4670 3396 4730 πῶς
3418 4667 3490 4719 σὺ
3505 4663 3562 4716 τὸ
3581 4661 3645 4732 μὴ

2064 4774 2208 4830 κατὰ
2237 4768 2579 4841 δογματικὴν
2605 4767 2834 4831 ἐκείνοις
2865 4767 3076 4820 ἔννοιαν
3111 4761 3448 4834 εἰρημένον,
3480 4758 3646 4825 δόγμα

2064 4863 2160 4919 καὶ
2198 4862 2362 4932 νόμον
2391 4859 2562 4912 ποιῶν
2597 4857 2780 4925 σαυτῷ
2817 4857 2916 4926 μὲν
2947 4851 3476 4926 ἀνοήθητον(3)τὴν
3511 4844 3646 4900 ἀπώ-

2064 4955 2217 5007 λειαν
2251 4951 2506 5018 ἐπάγεις,
2530 4945 2774 5010 ἐκείνους
2800 4947 2860 5000 δὲ
2893 4943 3298 5014 συγκατασπᾷν
3328 4943 3406 5012 τῇ
3469 4939 3541 5008 σῇ
3569 4949 3648 5007 φι-

2066 5044 2328 5106 λονεικείς
2350 5040 2585 5114 ἀπονοίιτ⁴
2602 5039 2681 5112 (4)
2700 5057 2716 5106 ;

2635 5224 3084 5279 ΔΝΤΙΡΡΗΣΙΣ.

2137 5369 2266 5422 ΚΖ’.
2305 5365 2457 5421 Ἐπεὶ
2486 5365 2536 5418 Ἀ
2552 5363 2798 5434 μὸροσίῳ
2817 5359 3269 5431 συγγιγνώσκεις,
3292 5355 3660 5429 Αὐγουστίνῳ

2068 5477 2127 5514 τε
2149 5460 2240 5514 καὶ
2270 5456 2607 5528 Ἱερωνύμῳ,
2639 5457 2687 5509 εί
2714 5455 2810 5508 καὶ
2825 5455 3067 5508 τοιοῦτόν
3090 5472 3146 5507 τι
3177 5452 3496 5508 συνέπεσεν
3526 5447 3659 5501 ὲκεί-

2070 5569 2180 5614 νοις
2209 5548 2406 5614 εἰπεῖν,
2439 5545 3028 5616 ὑπεραπολογούμενος
3057 5545 3246 5615 ὥσπερ
3274 5542 3526 5596 ἐκείνων
3569 5538 3660 5594 ﬁt:

2080 5643 2154 5714 μὴ
2180 5641 2300 5696 ἐνὸν
2335 5641 2475 5711 ὑπὲρ
2503 5636 2854 5708 ἀνθρωπίνου
2907 5636 3400 5706 παρολισθήματος
3435 5633 3658 5686 διαπανο

2141 5795 2219 5858 ('5)
2259 5791 2407 5845 Fort.
2436 5789 2757 5858 ἁὸοήθητον.

2144 5856 2218 5932 (4)
2259 5863 2423 5925 Laur.
2453 5856 2701 5931 ἀπωλείᾳ
2735 5874 2833 5930 pro
2873 5856 3122 5926 ἀπονοίᾳ.
