3798 6582
450 350 557 413 823
1478 363 1691 426 JOAN.
1732 368 1949 431 VECCI
1984 368 2095 433 (ΖΡ.
2134 365 2649 431 ΡΑΤΗΙΑΒΟΗΒ
3531 382 3610 444 εει

438 467 599 535 ptis?
627 465 827 526 Vocem
861 472 1078 543 quidem
1126 474 1374 547 Πείρου-ω
1417 480 1471 534 in
1518 480 1669 537 Pauli
1718 484 1934 555 Evange

2130 482 2550 555 εὐαγγελισμοϊς
2609 482 2995 553 ἐκφαινόμενα,
3028 480 3128 535 οὐκ
3158 473 3265 536 οῖδα
3317 483 3417 550 πῶς
3465 491 3611 549 amo.

453 573 729 630 nusquam
768 563 893 633 quis
943 568 1196 637 reperiet,
1251 569 1345 624 Dei
1390 580 1575 628 tamen
1633 576 1876 632 Ecclesia
1908 594 1953 648 pi

2134 576 2364 646 γήσεται
2407 576 2561 641 οὗτος
2608 578 2720 640 τοῖς
2762 577 2823 629 τὸ
2850 575 3177 646 ὀμοούσιον
3209 572 3611 646 δογματίσασιῐια.

451 654 641 719 epicue
666 670 784 710 eam
814 659 1072 727 praedicat
1100 672 1153 716 et
1178 676 1273 719 eos
1308 666 1401 735 qui
1444 683 1551 721 non
1586 668 1659 723 ita
1698 671 1945 726 sentiunt

2134 667 2325 737 τράσιν
2364 667 2545 739 ἡμῶν.
2580 665 2688 721 Ποῦ
2717 667 2827 739 γὰρ
2857 668 2951 720 καὶ
2981 664 3211 735 εὓρηται
3236 665 3375 720 τοῦτο
3418 669 3523 723 τῶν⁶
3547 677 3609 729 τοῦ

452 745 737 805 haereticos
783 753 1058 821 reprobat.
1102 753 1290 826 Neque
1332 774 1482 824 vero,
1516 761 1644 830 quia
1690 760 1891 819 Paulus
1925 765 1952 819 ιτ

2135 761 2349 815 Παύλου
2402 761 2663 830 γραφῶν;
2694 759 2805 831 Τὴν
2858 759 2915 813 δέ
2947 758 3232 823 Θεοτόκος
3262 759 3421 829 φωνὴν
3474 764 3519 815 ἐν
3545 767 3613 835 μιν

449 853 617 895 voces
656 856 763 897 non
799 847 1196 913 pronuntiavit,
1226 849 1458 907 diversae
1480 861 1536 909 et
1570 853 1722 909 falsa!
1758 857 1949 927 praedic

2132 856 2246 915 τοῖς
2274 852 2369 906 τοῦ
2422 852 2633 907 Παύλου
2676 851 3025 921 Εὐαγγελίοις
3057 850 3272 919 εὑρήσει
3322 868 3394 915 τις
3420 855 3613 924 οὐδαμοῦ,

451 930 615 985 tionis
652 933 729 985 rei
760 931 1103 1004 judicanlur,
1146 940 1237 1009 qui
1266 944 1610 1010 postmodum
1648 961 1743 1001 eas
1776 962 1951 1016 pronu

2133 945 2167 1015 ή
2198 944 2256 997 δὲ
2283 944 2376 998 τοῦ
2404 943 2541 997 Θεοῦ
2601 944 2897 1016 Ἐκκλησία
2954 943 3165 1015 τρανῶς
3194 943 3428 1014 κηρύττει
3472 934 3613 1020 αὐτην,

450 1019 675 1087 tiarunt,
727 1040 914 1080 verum
960 1029 1088 1095 quia
1141 1032 1445 1088 secundum
1497 1024 1656 1090 Pau'li
1691 1046 1930 1091 mentem

2136 1036 2230 1088 καὶ
2293 1037 2418 1098 τοὺς
2480 1037 2555 1106 μὴ
2627 1035 2771 1089 οὕτω
2834 1034 3163 1107 φρονοῦντας
3239 1033 3309 1097 ὡς
3382 1036 3617 1107 uiperae);

451 1112 818 1181 tradiderunt,
850 1118 985 1187 ipsis
1012 1122 1226 1191 pietatis
1264 1128 1609 1194 praeconibus
1655 1129 1951 1186 adnumera

2131 1127 2500 1191 ἁποὸάλλεται
2526 1142 2540 1158 ⁸
2599 1130 2692 1181 καὶ
2738 1127 2839 1197 οὐχ
2886 1127 2968 1181 δτι
3022 1125 3099 1196 μὴ
3144 1124 3342 1189 Παῦλος
3364 1127 3449 1191 τὰς
3490 1129 3616 1195 λέξεις

446 1213 553 1260 tur.
578 1204 735 1273 Quod
763 1225 892 1267 vero
931 1213 998 1268 ad
1031 1214 1179 1271 istud
1215 1218 1440 1284 attinet,
1472 1220 1616 1290 quod
1672 1222 1747 1293 (c.
1781 1222 1871 1293 72)
1911 1223 1946 1277 Α

2131 1220 2323 1291 ιίρηκε
2350 1218 2553 1282 ταύτας
2599 1217 3121 1292 παρευαγγελισμοῦ
3151 1216 3407 1286 κρίνονται
3452 1220 3492 1271 oi
3526 1221 3616 1274 ἐσύ-

445 1298 668 1363 gustino
691 1310 744 1355 et
766 1301 1059 1361 Ambrosio
1093 1308 1354 1377 ignoscis.
1389 1312 1435 1365 si
1468 1315 1538 1367 ob
1560 1313 1801 1382 aliquam
1832 1330 1945 1370 neci

2132 1328 2323 1382 στερον
2348 1312 2651 1382 εἰρηκότες,
2706 1311 2822 1366 ἀλλ’
2875 1311 2958 1364 ὅτι
3007 1308 3146 1363 κατὰ
3193 1308 3288 1378 τὴν
3336 1308 3419 1363 τοῦ
3460 1311 3618 1366 Παύλου

445 1392 664 1446 sitatem
697 1394 1218 1471 (circumstantiam)
1255 1403 1339 1457 vel
1389 1404 1705 1459 auditorum
1740 1406 1945 1477 indulge

2127 1403 2367 1457 διάνοιαν
2415 1402 2801 1472 ἐδογμάτισαν,
2850 1395 2998 1456 οῦτοι
3049 1402 3163 1464 τοῖς
3218 1399 3399 1471 κήρυξι
3445 1402 3525 1471 τῆς
3562 1406 3622 1457 εὑ-

446 1491 529 1536 tes
581 1482 906 1555 inﬁrmitati,
964 1491 1047 1545 vel
1103 1493 1174 1547 oh
1214 1494 1360 1549 aliud
1423 1495 1604 1552 simile
1661 1512 1727 1552 ex
1776 1498 1867 1564 iis,
1900 1514 1946 1568 ηι

2130 1495 2351 1559 σεὸείας
2424 1494 2787 1565 ἐγκρίνονται.
2869 1494 2991 1547 Ὀτι
3070 1491 3128 1545 δὲ
3184 1490 3335 1545 πάλιν
3384 1493 3622 1560 συγγιγνὼι

447 1572 624 1627 solent
676 1574 730 1629 in
781 1578 888 1633 vita
947 1580 1187 1637 humana
1240 1585 1485 1654 quotidie
1547 1588 1790 1655 evenire,
1855 1588 1947 1644 talt

2135 1605 2283 1652 σκεις
2339 1562 2688 1657 Αὐγουστίνῳ
2722 1586 2819 1640 καὶ
2880 1584 3220 1657 ’Δμϐροσίῳς
3255 1584 3400 1653 ειπερ
3440 1583 3512 1637 διά
3535 1562 3635 1639 τιναΙ

443 1662 751 1752 emiserunt
802 1683 1018 1737 vocem,
1083 1678 1362 1742 quomodo
1411 1692 1518 1731 non
1573 1678 1625 1732 id
1674 1678 1725 1733 in
1774 1679 1943 1734 animt

2132 1682 2452 1752 περίστασιν
2502 1680 2535 1750 ἢ
2593 1683 2660 1751 τῇ
2728 1678 2838 1732 τῶν
2883 1676 3169 1750 ἀκροατῶν
3248 1664 3632 1745 σύγκειτιιόαίνον-⁴

446 1750 734 1844 induxisti,
768 1760 912 1827 quod
956 1761 1148 1818 Patres
1178 1767 1372 1831 nostri,
1411 1769 1505 1839 qui
1553 1769 1609 1823 in
1644 1769 1753 1825 illis
1776 1770 1946 1840 antin

2128 1750 2222 1837 τες
2276 1772 2534 1843 ἀσθενείᾳ
2583 1750 2822 1844 ηνίπόσα
2876 1769 3225 1840 καθεκάστην
3280 1771 3307 1822 6
3356 1768 3626 1838 ἀνθρώπινος

444 1842 637 1900 diebus
663 1846 715 1900 in
754 1848 1100 1909 lirmamento
1132 1854 1387 1913 Ecclesiae
1420 1868 1622 1916 nostra:
1670 1863 1819 1919 velut
1869 1875 1944 1920 ast

2123 1864 2453 1917 ἐπιδείκνυσι
2488 1842 2626 1933 βίος,
2678 1861 2933 1933 τοιαύτην
2982 1862 3168 1933 φωνὴν
3208 1863 3395 1915 ἐκεῖνοι
3436 1861 3621 1930 ἀφῆκεν,

447 1934 739 2005 fulserunt,
770 1944 814 1997 si
872 1944 1089 2001 illorum
1119 1950 1324 2021 scripta
1370 1954 1451 2008 eis
1476 1954 1545 2009 ad
1578 1971 1771 2011 manus
1797 1973 1947 2013 venel

2129 1955 2247 2017 πῶς
2276 1955 2377 2008 οὐκ
2408 1954 2660 2023 ἐλογίσω,
2692 1954 2840 2018 ὅπως
2904 1954 2955 2008 οί
2998 1958 3057 2008 ἐν
3105 1956 3227 2018 ταῖς
3276 1953 3505 2025 ἀρχαίαις
3530 1956 3627 2023 ἡμί-

445 2037 500 2083 et
538 2030 683 2099 ipsos
713 2047 813 2089 nos
868 2039 1272 2105 processionem
1318 2040 1561 2111 Spiritus
1599 2060 1663 2100 ex
1716 2045 1857 2101 Filio
1903 2062 1945 2117 pi

2131 2064 2253 2118 ραις
2287 2046 2523 2113 ἐκείναις
2550 2048 2609 2101 ἐν
2657 2046 2738 2101 τῶ
2794 2046 3164 2117 στερεώματι,
3230 2048 3325 2115 τῆς
3368 2044 3475 2098 καθ’
3516 2046 3625 2114 ἡμᾶς

448 2120 623 2179 fessos
653 2139 968 2184 sanctorum
1014 2132 1184 2188 choro
1233 2134 1665 2193 adnumerarunt
1718 2148 1775 2195 et
1816 2138 1948 2195 Rom

2140 2137 2479 2210 Ἐκκλησίας
2504 2139 2915 2211 διαλάμψαντες
2945 2140 3194 2209 Πατέρες
3221 2138 3254 2207 ἠ
3265 2137 3374 2207 μῶν
3401 2139 3500 2197 τοῖς
3520 2137 3626 2189 ἐκεί-

448 2231 571 2270 nam
600 2216 899 2276 Ecclesiam
927 2239 1115 2279 eorum
1149 2226 1319 2283 libros
1346 2230 1765 2299 amplectentem
1791 2231 1845 2287 in
1870 2248 1948 2289 COi

2130 2249 2238 2285 νων
2272 2232 2704 2302 συγγράμμασιν
2752 2232 3175 2302 ἐντυγχάνοντες
3221 2229 3407 2293 αὐτούς
3449 2246 3498 2282 τι
3538 2228 3628 2290 τοὺς

448 2313 707 2369 munione
755 2314 1086 2384 habuerunt,
1138 2319 1299 2389 eique
1352 2332 1410 2377 ut
1447 2323 1607 2377 matri
1651 2324 1948 2382 Ecclesiart

2130 2324 2228 2395 τὴν
2259 2327 2321 2379 ἐκ
2364 2325 2461 2378 τοῦ
2510 2326 2644 2378 Υίοῦ
2698 2325 3026 2396 ἐκπόρευσιν
3074 2323 3367 2395 εἰρηκότας
3395 2322 3477 2375 τοῦ
3503 2319 3629 2375 Πνεῦ-

445 2402 834 2461 edhzeserunt?
873 2406 939 2462 Et
960 2410 1240 2478 quomodo
1262 2427 1372 2467 non
1406 2424 1466 2469 ut
1496 2429 1685 2469 eorum
1718 2415 1945 2488 discipul

2134 2434 2305 2487 ματος
2335 2415 2416 2487 τῷ
2452 2416 2561 2471 τῶν
2582 2416 2756 2486 ἁγίων
2785 2416 3161 2487 συνηρίθμουν
3185 2413 3331 2485 χορῷ
3360 2414 3448 2467 καί⁵
3476 2412 3555 2482 τὴν
3578 2410 3626 2463 τὰ

444 2508 540 2550 eos
582 2495 827 2553 imitatus
867 2515 993 2555 cum
1033 2501 1315 2571 discipulis
1356 2504 1655 2572 Ambrosii,
1721 2510 1944 2578 August

2132 2509 2545 2579 συγγράμματα
2570 2509 2751 2563 αὐτῶν
2780 2508 3177 2576 ἀσπαζομένην
3219 2504 3521 2576 Ἐκκλησίαν
3559 2502 3631 2569 τῆς

444 2594 605 2655 atque
629 2585 946 2663 Hieronymi
995 2590 1049 2647 in
1078 2608 1267 2649 veram
1309 2598 1361 2650 in
1409 2596 1631 2654 Christo
1665 2600 1944 2656 concordi:

2142 2600 2362 2671 Ῥώμης
2386 2600 2719 2664 κοινωνικῶς
2745 2596 2892 2671 εῐχον
2937 2600 3033 2655 καί¹
3086 2600 3163 2664 ὡς
3210 2598 3398 2668 μητέρι
3424 2596 3517 2649 τῶν
3548 2594 3633 2645 Ἐχ-

441 2686 496 2732 ﬂ
533 2678 648 2748 ipse
672 2684 1025 2739 εοηνθηῖεῑίῗ
2124 2691 2368 2763 κλησιῶν
2396 2694 2687 2762 προσεῖχον
2721 2693 2860 2763 αὐτῇ
2900 2694 2999 2763 (1)·
3029 2693 3123 2746 καὶ
3168 2693 3288 2755 πῶς
3325 2691 3419 2743 οὐκ
3447 2686 3637 2746 ἐκείναις

439 2773 516 2838 ὡς
559 2774 787 2830 ἐκείνων
815 2776 1065 2849 μαθητὴς
1119 2783 1506 2853 μιμησάμενος
1549 2784 1664 2847 τοῖς
1702 2782 2030 2858 ’Δμὸροσίου
2070 2784 2165 2839 καὶ
2228 2786 2389 2851 αὐτὸς
2414 2784 2780 2857 Αὑγουστίνου
2838 2803 2897 2840 τε
2932 2787 3029 2841 καὶ
3069 2783 3398 2858 Ἱερωνύμου
3425 2780 3636 2854 μαθηταῖς

447 2870 526 2931 είς
562 2870 658 2942 τὴν
704 2871 760 2925 ἐν
796 2871 1019 2943 Χριστῷ
1053 2873 1316 2943 συνῆλθες
1360 2876 1652 2946 όμόνοιανς

1081 2952 1383 3024 T'EX'IUS.
2720 2968 3112 3023 KEIMENON.

522 3084 611 3138 73.
652 3083 798 3139 Dixit
821 3083 970 3141 orbis
998 3094 1269 3141 terrarum
1302 3101 1502 3157 prmco,
1526 3100 1855 3142 arcanorum
1884 3102 2019 3143 con-

2195 3084 2295 3155 o7'.
2334 3081 2501 3138 Εἶπεν
2530 3084 2558 3139 6
2591 3084 2693 3154 τῆς
2718 3083 3049 3154 οἰκουμένης
3080 3080 3285 3154 κήρυξ,
3316 3081 3344 3133 6
3384 3078 3483 3133 τῶν
3512 3077 3642 3147 ἀπορο

443 3176 753 3245 tcmplator,
794 3177 888 3247 qui
923 3178 1221 3233 humanam
1268 3188 1519 3234 naturam
1550 3180 1859 3249 insignibus
1902 3196 1943 3236 ει

2139 3180 2310 3250 δήτων
2336 3178 2567 3249 θεωρὸς,
2596 3180 2624 3232 6
2656 3177 2757 3248 τὴν
2790 3176 3146 3248 ἀνθρωπίνην
3184 3175 3351 3245 φύσιν
3402 3175 3503 3234 τοῖς
3546 3170 3639 3224 καθ’

443 3269 689 3324 moribus
712 3271 1043 3335 nobilitavit,
1082 3272 1220 3327 dixit
1242 3272 1334 3328 ille
1368 3272 1630 3328 adversus
1655 3272 1943 3328 Atheniens

2144 3270 2323 3327 ιαυτδν
2372 3270 2724 3339 ἐξευγενίσας
2768 3268 3012 3341 τρόποιςο
3074 3263 3235 3322 εἶπεν
3305 3267 3499 3328 ἐκεῖνος
3542 3262 3644 3333 πρὸς

443 3366 640 3413 ornato
661 3374 725 3413 ac
757 3358 920 3415 ﬂuido
952 3360 1172 3416 dicendi
1202 3376 1401 3430 genere
1432 3360 1697 3432 pollentes
1725 3362 1943 3431 disputa

2146 3365 2248 3429 τοὺς
2292 3363 2648 3433 Ἑλληνιστάς
2680 3360 2863 3432 πολλῷ
2892 3361 2969 3431 τῷ
3003 3360 3149 3431 λόγῳ
3214 3360 3431 3431 ῥέοντας
3478 3358 3646 3424 ἀντιφε-

443 3450 770 3522 illorumque
815 3451 1032 3509 animos
1086 3453 1315 3509 nimium
1360 3455 1535 3509 elatos
1584 3455 1915 3509 submittens

2147 3456 2357 3525 ›όμενος
2410 3456 2511 3510 καὶ
2559 3454 2658 3527 τὴν
2713 3453 2940 3507 ἐκείνων
2996 3454 3172 3525 ὀφρῦν
3236 3453 3350 3507 άνω
3382 3450 3647 3519 τεινομένην

402 3543 775 3612 deprimens,
841 3548 953 3601 imo
1006 3548 1185 3617 p0tius
1237 3548 1303 3603 ad
1354 3550 1575 3603 illorum
1633 3547 1898 3603 iniirmila

2146 3549 2275 3604 ιάτω
2327 3550 2761 3620 παρασκευάσας
2818 3547 3020 3612 νεύειν,
3086 3546 3298 3617 μᾶλλον
3330 3546 3386 3599 δὲ
3432 3544 3551 3613 πρὸς
3576 3543 3646 3610 τὴν

442 3650 564 3691 sese
593 3639 1044 3707 accommodans,
1071 3640 1204 3711 quid
1231 3641 1397 3711 igitur
1420 3641 1591 3696 dixit?
1618 3640 1935 3696 Prwteriens

2150 3641 2405 3695 ισθένειαν
2432 3640 2614 3694 αὐτῶν
2646 3639 2988 3709 συγκατιὼν,
3017 3640 3071 3693 τί
3099 3636 3227 3692 εἷπε
3252 3655 3269 3706 ;
3307 3636 3650 3706 Διερχόμενος

442 3727 623 3782 ridens
656 3729 949 3784 simulacra
975 3740 1148 3785 vestra
1175 3732 1350 3787 inveni
1382 3740 1431 3787 et
1467 3748 1643 3796 aram,
1684 3734 1737 3787 in
1760 3748 1863 3802 qua
1891 3747 1942 3786 sc

2150 3734 2219 3788 ml
2250 3732 2605 3801 ἀναθεωρῶν
2632 3734 2705 3788 τὰ
2732 3731 3087 3795 σεϐάσματα
3118 3730 3318 3801 ὑμῶν,
3371 3726 3537 3797 εὖρον
3578 3724 3650 3777 καὶ

441 3831 587 3889 plum
608 3832 722 3875 erat
758 3837 776 3877 :
810 3821 998 3891 Ignoto
1022 3821 1155 3876 Deo.
1208 3823 1377 3888 Quem
1401 3825 1578 3894 [igitur
1603 3827 1904 3894 ignorantes
1936 3847 1941 3874 ι

2152 3826 2326 3896 ίωμὸν
2371 3828 2442 3881 ἐν
2472 3819 2520 3894 ᾧ
2563 3824 2994 3895 ἐπεγέγραπτο’
3043 3825 3367 3893 ’Δγνώστῳ
3422 3819 3565 3885 Θεῷ·
3600 3815 3652 3869 ὃν

440 3913 571 3977 tilia,
600 3913 737 3969 hunc
761 3928 855 3985 ego
887 3915 1147 3969 annuntio
1184 3916 1350 3969 vobis.
1389 3915 1531 3981 Quid
1556 3915 1763 3987 igitur?
1796 3914 1892 3981 Ea,
1927 3930 1940 3984 |

2152 3915 2237 3976 ὖν
2265 3920 2636 3990 ἀγνοοῦντες
2681 3918 3007 3984 εὐσεϐεῖτε,
3054 3918 3279 3973 τοῦτον
3332 3913 3444 3984 ἐγὼ
3482 3926 3652 3977 κατατ-

440 4020 563 4073 qnaa
592 4003 798 4060 Paulus
842 4006 1099 4062 Ecclesiae
1130 4006 1327 4061 doctor
1376 4009 1649 4077 sapientes
1699 4008 1940 4063 Grmcort

2158 4012 2317 4066 ἐλλω
2344 4010 2510 4080 ὑμῖν.
2568 4009 2635 4062 Τί
2668 4005 2803 4068 οὖνς
2837 4010 2916 4063 Δι’
2947 4002 3023 4063 ὧν
3052 4009 3154 4079 τῆς
3200 4007 3524 4076 Ἐκκλησίας
3549 4006 3571 4057 6
3594 4002 3652 4055 δι-

446 4100 824 4168 aucupabatur
850 4110 1016 4168 atque
1044 4114 1110 4155 ex
1139 4100 1420 4170 impietate
1448 4101 1513 4156 ad
1542 4102 1798 4171 pietatem
1827 4117 1946 4157 man

2151 4102 2388 4167 άσκαλος
2444 4104 2573 4166 τοὺς
2615 4100 2892 4173 Ἐλλήνων
2950 4102 3148 4171 σοφοὺς
3211 4100 3411 4171 ἐθήρα,
3456 4097 3539 4149 καὶ
3578 4095 3651 4163 τῆς

440 4192 651 4247 ducens
693 4192 1080 4257 transferebat,
1111 4208 1198 4257 ea,
1244 4194 1493 4263 inquam,
1543 4200 1601 4247 tu
1643 4209 1742 4262 pro
1766 4195 1940 4262 dogm:

2162 4196 2377 4259 σεδείας
2408 4194 2547 4267 πρὸς
2573 4192 2674 4265 τὴν
2702 4194 2987 4249 εὐσέϐειαν
3020 4193 3398 4265 ἐχειραγώγει
3443 4193 3527 4245 καὶ
3554 4205 3654 4259 μετ-

441 4283 679 4354 accipies
724 4290 779 4339 et
835 4298 1091 4340 asserere
1127 4283 1383 4351 audebis,
1435 4300 1466 4340 a
1519 4284 1692 4340 Paulo
1744 4284 1941 4340 idolort

2158 4303 2309 4356 φερε,
2342 4286 2516 4340 ταῦτα
2576 4287 2641 4340 σὺ
2694 4286 2875 4355 δόγμα
2912 4287 3191 4356 ποιήσεις,
3260 4287 3356 4340 καὶ
3406 4283 3658 4355 κηρύττειν·

438 4392 693 4432 eversore
742 4378 896 4433 illum
939 4377 1247 4447 pradicari,
1305 4394 1468 4449 quem
1523 4377 1807 4449 gentilium
1863 4392 1938 4433 ert

2159 4380 2416 4450 ολμήσεις
2462 4379 2554 4433 τὸν
2591 4379 2929 4451 καθαιρέτην
2961 4378 3071 4433 τῶν
3106 4379 3356 4433 εἰδώλων
3394 4376 3659 4446 καταγγέλ-

439 4470 653 4525 colebat
712 4469 1141 4539 nominabatqne
1181 4469 1427 4540 ignotum
1469 4467 1678 4524 Deum?
1713 4467 1832 4523 Non
1868 4483 1936 4524 en

2156 4487 2232 4524 ειν
2259 4469 2319 4523 ὃν
2347 4468 2572 4522 ἐσέϐετο
2593 4469 2689 4523 καὶ
2733 4468 3016 4540 ὠνόμαζεν
3044 4472 3071 4524 6
3111 4470 3475 4541 Ἑλληνισμὸς
3516 4470 3656 4534 ἄγνω-

441 4563 576 4617 mira
602 4563 863 4619 accedere
891 4531 1238 4619 nobis-debet
1270 4561 1348 4616 tui
1384 4561 1586 4632 ingenii
1631 4561 1687 4616 in
1730 4561 1941 4617 iallacih

2160 4579 2249 4616 τον
2303 4561 2478 4627 Θεόνς
2511 4560 2586 4617 Οὐ
2619 4561 2729 4632 γάρ
2784 4531 3105 4630 θαυμαστόν
3144 4580 3245 4616 σου
3266 4531 3348 4616 ’τὸ
3381 4531 3479 4632 τῆς
3506 4531 3660 4626 σοφίας

441 4655 670 4724 argutiis
711 4655 1049 4710 consuendis
1094 4653 1337 4709 solertia.
1393 4653 1649 4709 Erectum
1687 4663 1810 4709 erat
1848 4655 1941 4709 alt:

2162 4656 2453 4727 ραστήριον
2480 4655 2576 4708 καὶ
2600 4655 2709 4707 τῶν
2758 4654 3107 4725 κακοσχόλων
3149 4656 3183 4724 ἡ
3225 4655 3408 4726 πλοκὴ
3437 4651 3662 4721 coercui-

442 4745 573 4799 illud
606 4744 770 4811 Pani;
811 4747 944 4801 urbe
966 4753 1150 4802 autem
1180 4746 1515 4803 Athenarum
1548 4761 1749 4802 nomen
1781 4746 1942 4817 ejust

2163 4760 2251 4797 ων.
2297 4743 2615 4815 Ἀνειμένος
2670 4738 2739 4814 ἦν
2791 4744 2821 4797 6
2873 4744 3058 4813 βωμὸς
3090 4744 3170 4814 τῷ
3206 4746 3389 4799 Πανί·
3445 4745 3479 4815 η
3508 4738 3663 4795 suam

442 4840 495 4891 in
554 4851 622 4893 eo
670 4836 952 4898 colebatur
998 4837 1217 4893 interim
1272 4838 1535 4909 ignorans
1594 4837 1942 4904 inscripsere!

2164 4835 2377 4905 AquEbv
2424 4836 2580 4903 πόλις
2640 4834 2738 4890 τοῦ
2772 4836 3085 4908 τιμωμένου
3114 4836 3260 4901 τέως
3320 4840 3398 4908 μὴ
3432 4834 3664 4891 συνιέντες

442 4931 630 5001 Ignoto
666 4929 796 4986 Deo.
848 4928 968 4985 Jam
1018 4946 1146 4986 vero
1189 4930 1449 5001 quoniam
1502 4944 1569 4983 ex
1620 4928 1942 4999 prophetam

2164 4928 2387 5000 56vopa
2417 4930 2735 5000 ἐπέγραφον
2789 4929 2867 4999 τῷ
2918 4927 3106 5000 βωμῷ⁸
3181 4928 3504 4999 ’Δγνώστφ
3554 4920 3664 4986 Θεῷ·

442 5024 682 5080 oraculis
726 5022 1049 5095 Christique
1094 5022 1311 5078 Domini
1365 5021 1602 5091 eloquiis
1635 5021 1893 5091 egregius
1930 5021 1942 5073 i

2166 5021 2287 5074 Erret
2318 5020 2426 5090 γὰρ
2460 5020 2524 5072 ἐκ
2554 5020 2663 5074 τῶν
2715 5018 3080 5091 προφητικῶν
3128 5019 3412 5090 χρησμῶν
3448 5017 3537 5069 καὶ
3584 5012 3666 5063 τῶν

440 5116 789 5187 emiestisque
848 5117 933 5172 vir
980 5116 1238 5180 videbat,
1298 5114 1722 5184 haudquaquam
1790 5111 1935 5180 genti

2168 5111 2471 5165 εσποτικῶν
2504 5111 2702 5180 λογίων
2728 5113 2754 5165 6
2782 5108 3091 5183 περιδέξιος
3139 5112 3362 5174 ἐκεῖνος
3394 5108 3483 5162 καὶ
3537 5101 3668 5175 οὑρά-

445 5206 611 5274 l'iecti,
643 5222 709 5263 ex
742 5208 996 5278 ipsismet
1042 5205 1394 5264 eXSecrandis
1443 5205 1757 5262 simulacris
1804 5204 1869 5261 ad
1904 5220 1945 5259 Cl

2168 5223 2235 5269 ,ος
2267 5205 2558 5278 ἄνθρωπος
2589 5206 2663 5277 μὴ
2698 5205 3021 5276 πειθόμενον
3070 5205 3222 5276 ἐώρα.
3258 5204 3326 5257 τὸ
3374 5200 3668 5271 Ἑλληνικὸν.

446 5309 559 5353 tum
617 5314 713 5355 eos
764 5310 985 5355 revocat
1027 5298 1369 5362 Conditoris,
1424 5306 1479 5353 et
1525 5312 1592 5352 ex
1636 5298 1770 5366 ipsis
1816 5296 1941 5351 diab

2170 5299 2394 5363 Ξαὺτῶν
2443 5299 2643 5362 αὐτοὺς
2674 5298 2786 5351 τῶν
2860 5298 3168 5365 θεοστυγῶν
3222 5296 3585 5367 σεϐασμάτων
3611 5291 3670 5351 εἰς

444 5390 949 5460 programmatibus
1019 5389 1308 5460 potestatis
1362 5386 1605 5453 eiusdem
1669 5388 1944 5458 tyrannidi

2173 5389 2307 5444 ιτοῦ
2364 5389 2712 5461 Δημιουργοῦ
2752 5392 3143 5459 μετακαλεῖται
3204 5390 3407 5453 σέϐας·
3444 5387 3501 5452 ἐξ
3529 5383 3673 5439 αὐτῶν

447 5483 796 5547 condemnat,
845 5498 909 5537 ex
950 5479 1310 5535 munimentis
1333 5478 1452 5548 ejus
1492 5478 1810 5534 fortissimis
1848 5481 1947 5534 rob

2174 5480 2237 5534 Iw
2262 5482 2357 5535 τοῦ
2387 5482 2638 5536 διαϐόλου
2687 5480 3149 5552 προγραμμάτων
3182 5480 3291 5551 τῆς
3346 5479 3510 5533 αὐτοῦ
3536 5491 3674 5529 κατα-

446 5572 731 5640 potestatis
766 5570 939 5641 ipsius
972 5569 1192 5630 evertit,
1230 5568 1303 5623 ab
1332 5583 1519 5623 errore
1554 5569 1709 5623 metit
1735 5569 1946 5639 pietate:

2176 5574 2422 5643 ηφίζεται
2450 5574 2787 5647 τυραννίδος·
2829 5576 2894 5628 ἐκ
2930 5574 3039 5628 τῶν
3089 5574 3483 5646 ὀχυρωμάτων
3535 5584 3676 5623 κατα·

516 5748 593 5828 (-I_)
628 5747 803 5828 Verba
864 5748 993 5828 ista,
1027 5746 1153 5810 Πῶς
1203 5745 1303 5828 οῦκ
1369 5746 1598 5828 ἐλογίσω
1628 5778 1698 5789 -
1728 5751 2016 5828 προσεῖχον

2178 5770 2247 5828 ειη
2288 5753 2382 5811 Or.
2438 5756 2556 5814 ide
2597 5773 2701 5827 un.
2757 5756 2930 5827 Eccl.,
2970 5776 3026 5816 η.
3085 5758 3185 5828 46,
3229 5757 3301 5815 G.
3364 5757 3431 5814 Ο.
3482 5755 3519 5810 1.
3578 5750 3678 5808 169-

446 5819 583 5890 αὐτῇ
614 5819 802 5907 paucis
835 5819 1082 5910 j'ocihus
1118 5818 1675 5911 amplioradeguntur
1698 5818 1849 5914 apud.
1887 5818 1946 5879 Bt

760 5819 802 5907 is
835 5819 1082 5910 _\'ocihus
1118 5818 1675 5911 amplioradeguntur
1698 5818 1849 5914 apud.
1887 5818 2015 5879 Bec-
2123 5824 2247 5881 170.
