3944 6576
177 379 300 443 825

818 374 831 382 ’
940 376 1382 439 REFUTATIO
1419 375 1798 438 PHOTIANI
1838 378 2053 439 LIBRI
2115 378 2212 438 DE
2257 378 2572 439 SPIRITU
2606 377 2666 437 S.

3358 370 3468 433 826

183 493 424 562 στρέφει
451 489 512 543 τὸ
537 490 744 561 κράτος
765 488 932 543 αὑτοῦ
954 491 1058 560 τῆς
1085 487 1354 553 ἐξουσίαςο
1375 487 1484 542 ἀπὸ
1511 485 1614 556 τῆς
1639 486 1786 540 πλά-

1924 504 1954 542 x
2004 488 2311 558 perditione
2374 487 2620 559 germina
2669 483 2828 541 nobis
2873 482 3070 540 salutis
3128 480 3377 553 profert,
3437 497 3471 536 ο

182 599 296 653 νης
323 584 568 654 γεωργεῖ
596 584 695 654 τὴν
721 581 1008 635 εὐσέϐειαν
1030 596 1045 612 ·
1078 583 1143 634 ἐκ
1171 580 1270 652 τῆς
1329 578 1606 643 ἀπωλείας
1653 579 1784 650 βλα-

185 679 362 741 στοὺς
435 678 569 747 ἡμῖν
620 674 990 746 προϐάλλεται
1050 677 1361 744 σωτηρίας·
1419 674 1484 727 ἐκ
1527 672 1629 742 τῆς
1685 671 1780 726 τοῦ

184 768 452 824 διαϐόλου
481 767 710 838 παγίδος
742 769 822 830 είς
841 766 932 820 τὸν
956 766 1162 837 δρόμον
1185 765 1426 834 ἐνισχύει
1469 762 1564 818 τοῦ
1600 763 1781 833 Εὐαγ-

188 861 386 928 γελίου
408 881 422 894 ο
458 859 692 931 βαλϐῖδα
724 860 964 912 ποιεῖται
995 857 1096 926 τὴν
1127 859 1374 928 κορυφὴν
1409 855 1510 927 τῆς
1539 857 1786 910 ἀποστα-

189 954 324 1018 σίας
354 954 460 1023 τῆς
485 952 723 1018 εἰσόδου,
749 951 819 1006 δι’
847 947 916 1023 ἧς
947 947 1018 1024 ἦν
1047 950 1234 1014 αὐτοῖς
1279 951 1362 1014 είς
1390 949 1484 1003 τὸν
1515 948 1785 1018 νυμφῶνα

113 1114 130 1125 ⁸
193 1044 456 1115 Χριστοῦ
492 1047 589 1098 καὶ
611 1043 714 1115 τὴν
743 1044 1014 1115 ἄχραντον
1037 1042 1204 1098 αὐτοῦ
1231 1042 1486 1097 παστάδα
1517 1041 1785 1096 εἰσελθεῖν

184 1138 296 1208 τὴν
337 1135 692 1208 Ἐκκλησίαν.
722 1135 912 1199 Οὕτως
938 1130 1008 1207 ἦν
1035 1136 1251 1198 ἐκεῖνος
1278 1134 1308 1187 ό
1335 1132 1632 1204 μετάρσιος
1658 1133 1785 1196 νοῦς

185 1231 284 1286 διὰ
315 1229 661 1284 τῶνκόπλων
711 1227 807 1282 τοῦ
859 1225 1056 1298 ἐχθροῦ
1083 1225 1249 1280 αὑτὸν
1301 1225 1786 1296 κατατιτρώσκειν

187 1323 293 1378 τὸν
325 1323 522 1393 ἐχθρὸν
573 1324 670 1375 καὶ
723 1318 1159 1392 αίχμαλωτίζειν
1192 1317 1525 1390 δραστήριός
1574 1333 1636 1370 τε
1692 1316 1790 1371 καὶ

185 1419 297 1492 τὴν
327 1415 542 1474 ἄνωθεν
575 1413 759 1488 ἑαυτῷ
782 1414 974 1486 φέρεν
1000 1411 1175 1482 ἰσχύν.
1211 1411 1276 1464 Τί
1303 1405 1433 1476 οῦν;
1461 1409 1607 1463 Διότι
1642 1407 1791 1461 Παῦ-

188 1511 290 1575 λος
317 1514 438 1574 τοῖς
469 1509 660 1574 ὅπλοις
686 1509 780 1563 τοῦ
807 1504 1002 1579 ἐχθροῦ
1019 1503 1247 1561 καθεῖλε
1277 1502 1372 1555 τὸν
1417 1499 1632 1572 ἐχθρὸν,
1685 1498 1777 1553 διὰ

189 1602 364 1657 τοῦτο
391 1603 457 1657 σὺ
483 1602 552 1656 τά
575 1601 672 1656 τοῦ
697 1600 895 1672 ἐχθροῦ
923 1601 1181 1670 τιμήσεις
1211 1596 1354 1653 ὅπλα
1383 1597 1491 1652 καὶ
1505 1592 1628 1647 θεῖα
1652 1592 1794 1646 ὅπλα

194 1693 606 1758 καλέσεις,,καὶ
631 1695 769 1761 πρὸς
801 1693 900 1764 τὴν
932 1693 1032 1762 σὴν
1060 1692 1296 1764 ὠθήσεις
1327 1689 1504 1743 ταῦτα
1533 1686 1752 1757 σφαγήν
1777 1703 1793 1751 ;

1888 580 2089 634 diaboli
2155 580 2354 650 laqueo
2413 579 2481 635 ad
2555 591 2778 634 cursum
2864 574 3140 646 Evangelii
3209 572 3412 627 excitat
3449 611 3466 636 ,

1889 686 2168 727 summum
2213 671 2535 728 defectionis
2577 670 2838 726 verticem
2888 667 2989 722 viae
3033 665 3165 722 facit
3226 664 3466 727 initium,

1888 780 1998 836 qua
2042 764 2144 835 ipsi
2181 774 2403 835 possent
2437 766 2491 820 in
2538 763 2868 827 Ecclesiam,
2913 758 3271 832 purissimum
3306 767 3473 826 atque

1889 860 2274 915 intemeratum
2335 859 2538 914 Christi
2604 858 2952 919 thalamum,
3027 853 3260 924 ingredi.
3321 849 3474 905 Adeo

1890 950 2128 1019 pollebat
2178 951 2434 1006 sublimis
2487 951 2579 1006 illa
2632 966 2788 1006 mens
2844 948 3061 1005 caelesti
3116 945 3468 1016 potissimum

1896 1038 2234 1094 adminiculo
2269 1025 2456 1106 adiuta
2505 1055 2601 1110 per
2650 1041 2765 1110 ipsa
2832 1037 3042 1092 inimici
3089 1051 3242 1090 arma
3288 1035 3472 1104 ipsum

1896 1129 2180 1185 inimicum
2253 1131 2552 1186 confodere
2608 1147 2673 1186 ac
2727 1131 3002 1200 subigere.
3059 1127 3200 1193 Quid
3262 1123 3479 1196 igitur?

1898 1221 2036 1287 Quia
2064 1221 2268 1278 Paulus
2297 1224 2468 1278 armis
2501 1223 2704 1278 inimici
2727 1221 2927 1276 delevit
2953 1219 3256 1280 inimicum,
3286 1217 3482 1272 ideone

1900 1323 1956 1368 tu
1989 1315 2197 1372 honore
2213 1331 2367 1372 arma
2396 1317 2602 1372 inimici
2631 1313 2984 1387 prosequeris
3023 1322 3078 1366 et
3115 1312 3294 1366 divina
3336 1323 3480 1362 nun-

1898 1407 2122 1477 cupabis
2178 1425 2354 1476 arma,
2415 1420 2584 1481 atque
2639 1411 2694 1464 in
2749 1417 2897 1464 tuam
2972 1405 3142 1476 ipsius
3187 1400 3480 1472 protrudes

1900 1499 2145 1556 caedem?
2184 1509 2238 1556 et
2280 1511 2415 1572 quot
2447 1502 2553 1556 alia
2598 1500 2799 1556 similia
2839 1496 3086 1565 exempla
3121 1493 3266 1564 apud
3310 1493 3478 1557 hunc,

1901 1594 1995 1664 qui
2023 1595 2208 1650 omnia
2244 1597 2522 1665 sapienter
2560 1597 2615 1650 in
2651 1594 2894 1666 Spiritus
2939 1589 3142 1646 virtute
3185 1585 3480 1656 disposuit,

1907 1698 2172 1757 pmerunt
2207 1689 2434 1758 reperiri
2462 1690 2476 1742 ι

195 1787 315 1841 Καὶ
373 1788 516 1842 πόσα
574 1785 643 1841 ἂν
697 1785 873 1840 ἔνεστι
907 1785 1134 1840 τοιαῦτα
1169 1781 1594 1856 παραδείγματα
1651 1776 1781 1850 παρ’
1823 1778 1972 1850 αὐτῷ
1999 1779 2077 1849 τῷ
2123 1780 2307 1836 πάντα
2333 1781 2392 1833 ἐν
2431 1781 2598 1852 σοφίᾳ
2658 1783 2725 1852 τῇ
2754 1781 2853 1835 τοῦ
2888 1775 3206 1849 Πνεύματος
3253 1770 3486 1840 δυνάμει

193 1880 696 1952 διακυϐερνῆσαντι
719 1880 906 1934 λαϐεῖν
929 1881 943 1934 ι

269 1975 371 2029 οδν.
397 1975 543 2030 Τίδέ
563 1976 645 2030 δεῖ
668 1975 1151 2045 παραδειγμάτωνς
1177 1971 1349 2033 Αὐτὸς
1373 1968 1683 2040 διαπρυσίῳ
1701 1967 1797 2020 λέ·’

1970 1964 2059 2020 74.
2114 1966 2252 2035 Quid
2287 1980 2418 2036 ergo
2466 1980 2604 2035 opus
2630 1973 2716 2019 est
2775 1959 3071 2031 exemplis?
3113 1958 3348 2028 lpsemet
3380 1956 3489 2011 alta

203 2085 291 2137 γει
315 2069 383 2140 τῇ
409 2071 560 2137 φωνῇ
588 2085 605 2100 ο
649 2067 979 2137 Ἔγενόμην
999 2064 1126 2130 τοῖς
1176 2061 1488 2126 Ἰουδαίοις
1532 2061 1608 2122 ὡς
1653 2060 1803 2113 Ἰου-

197 2158 396 2226 δαῖος.
431 2161 534 2214 ἵνα
565 2159 901 2225 Ἰουδαίους
929 2156 1222 2226 κερδήσωο
1277 2153 1405 2220 τοῖς
1445 2152 1566 2207 ὑπὸ
1611 2151 1802 2220 νόμον

198 2252 289 2318 ὡς
329 2253 450 2306 ὑπὸ
484 2251 693 2321 νόμον,
746 2251 849 2305 ἵνα
891 2249 1035 2316 τοὺς
1092 2248 1211 2304 ὑπὸ
1263 2247 1459 2316 νόμον
1489 2242 1800 2313 κερδήσω·

201 2346 338 2414 τοῖς
361 2347 610 2416 ἀνόμοις
633 2347 715 2412 ὡς
736 2345 979 2415 ἄνομος,
997 2343 1083 2414 μὴ
1111 2342 1196 2396 ὢν
1217 2341 1443 2410 ἄνομος
1467 2337 1640 2402 Θεοῦ,
1664 2335 1801 2392 ἀλλ’

201 2438 475 2508 ἔννομος
507 2436 792 2507 Χριστοῦ,
852 2436 955 2490 ἵνα
999 2432 1276 2504 κερδήσω
1329 2431 1620 2500 ἀνόμους.
1672 2421 1802 2497 'Ap'

204 2529 311 2586 οὖν
347 2530 415 2584 σὺ
472 2531 564 2584 διὰ
600 2529 762 2583 τοῦτο
813 2529 907 2583 τὸν
953 2527 1294 2596 Ἰουδαῖσμὺν
1321 2524 1724 2589 ἀνακαινίσεις,
1757 2522 1791 2591 ἦ

207 2624 320 2696 τὴν
349 2624 586 2694 ἀνομίαν
612 2623 734 2678 ἀντὶ
754 2622 869 2676 τῶν
890 2623 1054 2676 θείων
1079 2621 1176 2675 καὶ
1197 2618 1554 2690 ἀνθρωπίνων
1583 2614 1803 2686 θεσμῶν

212 2715 691 2788 ἐμπολιτεύεσθαι
721 2713 800 2786 τῷ
831 2713 930 2785 βίῳ
958 2712 1372 2784 νομοθετήσεις,
1407 2711 1502 2764 καὶ
1558 2707 1806 2778 ἀνακρά-

216 2813 338 2878 ξεις
373 2809 775 2882 ἀναισχύντως,
814 2807 1019 2880 μᾶλλον
1048 2807 1107 2862 δὲ
1154 2805 1279 2860 λίαν
1311 2805 1510 2871 ἀθέως,
1545 2801 1621 2866 ὡς
1652 2803 1805 2857 Παύ-

213 2904 331 2958 λου.
356 2902 466 2958 eici.
493 2901 670 2958 ταῦτα
697 2902 792 2957 καὶ
827 2902 885 2956 αί
911 2899 1130 2955 ἐντολαὶ
1156 2898 1256 2953 καὶ
1283 2899 1345 2952 τὸ
1375 2898 1674 2968 κήρυγμα;

297 3100 394 3148 οε⁹.
448 3092 608 3163 Παρά
665 3088 938 3155 πόσοιςδέ
1003 3087 1100 3144 καὶ
1144 3087 1328 3153 ἄλλοις
1377 3087 1490 3142 τῶν
1522 3085 1810 3158 μακαρίων

219 3191 327 3244 καὶ
377 3187 552 3256 ἁγίων
601 3185 865 3256 Πατέρων
915 3183 1072 3254 ἡμῶν
1125 3182 1308 3236 ἔνεστι
1331 3181 1560 3236 τοιαῦτα
1591 3181 1808 3252 εὑρεῖνί

233 3282 450 3337 Ἐννόει
492 3298 584 3352 μοι
618 3279 713 3334 τὸν
742 3280 844 3348 τῆς
896 3277 1116 3348 Ῥώμης
1165 3273 1433 3346 ἀρχιερέα
1488 3273 1808 3344 Κλήμεντα,

223 3381 327 3433 καὶ
358 3375 396 3432 ἀ
422 3329 523 3444 at;
557 3329 879 3444 ἐπωνυμίαν
913 3329 1126 3426 ἐκεῖθεν
1160 3329 1347 3440 φέρει,
1374 3329 1810 3436 Elimea-Irtan
1841 3329 1884 3388 ϐ

225 3471 347 3542 (ἵνα
377 3468 452 3539 μὴ
480 3468 626 3536 λέγω
653 3467 721 3519 τά
751 3461 1150 3535 γεγραμμένα,
1184 3461 1260 3524 ὡς
1293 3461 1322 3514 ὁ
1346 3457 1582 3521 παλαιὸς
1628 3456 1813 3525 λόγος,

226 3562 378 3618 κατὰ
402 3563 464 3615 τὸ
490 3560 588 3614 τοῦ
616 3558 922 3631 κορυφαίου
960 3556 1172 3626 Πέτρου
1199 3551 1535 3623 γεγενῆσθαι
1563 3549 1813 3622 πρόσταο

226 3656 402 3726 γμα),
432 3655 529 3707 τὸν
572 3650 990 3721 ’Δλεξανδρείας
1043 3648 1323 3702 Διονύσιον
1380 3645 1440 3710 ἐξ
1497 3641 1817 3706 ἀντιπνοίας

229 3749 334 3820 τῆς
371 3746 512 3818 πρὸς
543 3747 635 3800 τὸν
694 3741 988 3796 Σαϐέλλιον
1025 3739 1227 3812 μικροῦ
1263 3735 1341 3810 τῷ
1405 3735 1605 3808 Ἀρείῳ
1659 3736 1820 3806 χεῖρα

234 3840 615 3911 προτείνοντα·
669 3835 765 3890 τὸν
828 3836 888 3888 ἐν
954 3831 1316 3902 ίερομάρτυσι
1372 3829 1664 3900 λάμποντα
1709 3825 1821 3879 τῶν

235 3933 504 4004 Πατέρων
533 3930 626 3984 τὸν
665 3929 839 3998 μέγαν
871 3925 1152 3988 Μεθόδιον,
1177 3922 1237 3985 ὃς
1263 3921 1516 3990 ἀγγέλων
1541 3919 1644 3990 τὴν
1671 3917 1820 3972 ἀσώ-

239 4041 415 4095 ματον
445 4022 544 4076 καὶ
611 4018 801 4090 ἀπαθῆ
832 4017 997 4089 φύσιν
1038 4016 1173 4085 πρὸς
1229 4013 1410 4084 ἔρωτα
1444 4011 1691 4083 βρότειον
1722 4008 1821 4063 καὶ

236 4114 462 4186 ὁμιλίαν
518 4112 791 4182 σωμάτων
842 4109 1178 4163 καταπεσεῖν
1202 4104 1306 4159 οὐκ
1358 4101 1574 4156 ἐλαύνει
1638 4099 1820 4170 δόξης.

250 4210 471 4264 Ἐάσειν
503 4224 594 4276 μοι
615 4205 758 4259 δοκῶ
793 4204 1101 4258 Πάνταινον
1131 4201 1228 4254 καὶ
1250 4198 1572 4268 Κλήμεντά,
1603 4193 1824 4262 Πιέριόν

237 4317 296 4353 τε
323 4298 421 4352 καὶ
460 4296 746 4367 Πάμφιλον
775 4293 872 4346 καὶ
895 4291 1269 4360 Θεόγνωστον,
1304 4287 1506 4357 ἄνδρας
1545 4300 1606 4339 τε
1641 4281 1826 4351 ἱεροὺς

238 4395 336 4447 καὶ
379 4391 493 4445 τῶν
557 4390 722 4460 ιερῶν
778 4384 1141 4447 διδασκάλους
1173 4379 1540 4453 μαθημάτων,
1599 4371 1678 4431 ὧν
1724 4373 1826 4437 τὰς

239 4487 424 4552 θέσεις
454 4485 516 4539 οὐ
550 4483 729 4545 πάσας
765 4481 986 4544 πάντως
1037 4477 1347 4548 δεχόμενοι,
1386 4469 1556 4525 καλοῦ
1605 4485 1668 4538 γε
1702 4466 1819 4538 βίου

241 4583 341 4636 καὶ
366 4582 467 4650 τῆς
496 4578 668 4648 ἄλλης
706 4574 1016 4648 ίερολογίας
1055 4571 1226 4641 γέρας
1284 4566 1468 4628 αὐτοῖς
1512 4561 1823 4630 ἀπονέμον-

1901 2073 1956 2118 et
1999 2063 2145 2119 clara
2183 2061 2312 2116 dicit
2342 2074 2520 2115 voce:
2549 2058 2750 2113 Factus
2800 2073 2918 2112 sum
2959 2053 3170 2108 Judwis
3235 2062 3492 2122 tanquam

1900 2156 2146 2220 Iudaeus,
2189 2163 2246 2210 ut
2266 2152 2484 2208 Judcos
2521 2152 2781 2216 lucrarer;
2812 2149 2880 2202 iis
2909 2146 3000 2216 qui
3057 2143 3154 2198 sub
3191 2142 3301 2212 lege
3335 2149 3490 2204 sunt.

1904 2250 2060 2320 quasi
2084 2244 2180 2301 sub
2206 2245 2315 2315 lege
2344 2260 2528 2304 essent.
2560 2252 2616 2296 ut
2650 2257 2738 2295 eos
2762 2240 2852 2310 qui
2885 2237 2978 2291 sub
3005 2237 3114 2306 lege
3135 2243 3287 2288 erant
3321 2232 3492 2286 lucri-

1904 2341 2171 2411 [περι-επις
2200 2340 2267 2393 iis
2299 2339 2389 2410 qui
2417 2337 2654 2405 sinelege
2690 2343 2862 2397 erant,
2919 2339 3173 2399 tanquam
3221 2328 3333 2380 sine
3385 2325 3494 2392 lege

1904 2451 2069 2490 essem
2112 2435 2252 2504 (cum
2270 2435 2384 2486 sine
2433 2431 2544 2499 lege
2597 2426 2694 2482 Dei
2730 2441 2832 2479 non
2861 2419 3160 2486 essem,sed
3200 2420 3255 2476 in
3274 2419 3384 2488 lege
3408 2433 3495 2471 εερ

1911 2544 2024 2583 rem
2051 2525 2305 2592 Christi),
2334 2532 2392 2578 ut
2425 2521 2792 2591 lucrifacere»:
2818 2531 2904 2570 eos
2933 2513 3025 2584 qui
3045 2513 3160 2566 sine
3185 2511 3295 2581 lege
3315 2515 3492 2563 erant.

1905 2619 2048 2675 Num
2065 2633 2196 2688 ergo
2226 2627 2282 2673 tu
2318 2623 2601 2686 propterea
2632 2609 2980 2666 Judaismum
3037 2600 3374 2660 instaurabis
3401 2607 3496 2654 aut

1910 2712 2114 2769 divinis
2165 2709 2536 2777 humanisque
2587 2704 2798 2775 legibus
2841 2697 3122 2769 abrogatis
3147 2695 3312 2748 vitam
3343 2689 3496 2746 omni

1915 2807 2152 2862 solutam
2187 2804 2306 2874 lege
2335 2805 2389 2858 in
2442 2800 2727 2856 hominum
2757 2791 3089 2853 commercio
3119 2788 3366 2847 induces,
3416 2789 3498 2836 at-

1911 2913 2020 2971 que
2055 2872 2427 2968 impudenter,
2457 2892 2568 2947 imo
2599 2889 2780 2960 potius
2817 2885 2983 2955 impie
3040 2876 3327 2940 clamabis,
3382 2872 3498 2927 lucc

1913 3007 2038 3049 esse
2074 2997 2342 3062 praecepta
2372 3002 2404 3042 a
2434 2985 2605 3040 Paulo
2639 2977 2970 3053 praedicata?

1987 3057 2412 3152 75.—Quot—vero
2435 3086 2488 3134 et
2510 3077 2601 3132 alii
2630 3077 2772 3132 beati
2803 3082 2858 3128 et
2909 3066 3084 3126 sancti
3108 3063 3299 3119 Patres
3322 3057 3498 3114 nostri

1914 3186 2151 3241 exstant,
2195 3175 2251 3230 in
2286 3173 2488 3244 quibus
2527 3169 2656 3224 talia
2706 3161 2985 3236 reperias?
3038 3157 3254 3228 inspice
3301 3154 3502 3208 Roma-

1917 3251 2395 3340 num‘pontiﬁcem
2430 3263 2765 3318 Clementem
2810 3265 2865 3310 et
2904 3268 3026 3324 quae
3073 3249 3200 3304 inde
3233 3243 3502 3301 denomi-

1919 3335 2122 3418 nantu-r
2148 3356 2482 3412 Clementina
2513 3354 2606 3423 (ne
2636 3351 2814 3404 dicam
2844 3361 2968 3402 cum
2999 3340 3272 3397 veteribus
3295 3335 3499 3404 scripta

1918 3456 2009 3511 illa
2031 3453 2200 3507 fuisse
2218 3451 2374 3520 jussu
2394 3446 2540 3502 Petri
2565 3441 2937 3515 apostolorum
2965 3427 3502 3520 priueipi~s),Diﬁony-

1919 3548 2060 3605 sium
2110 3519 2568 3600 Alesandrinum,
2630 3533 2722 3604 qui
2778 3531 2907 3586 dum
2966 3535 3156 3582 contra
3205 3519 3504 3575 Sabellium

1920 3638 2127 3696 fervide
2151 3635 2418 3704 disputat,
2451 3629 2583 3684 Ario
2631 3619 3032 3696 propemodum
3078 3612 3354 3704 pr0teudit
3383 3622 3504 3663 ma-

1920 3746 2076 3793 num,
2107 3702 2362 3797 magnum
2386 3734 2550 3791 atque
2587 3714 2731 3772 inter
2761 3715 2950 3768 beatos
2994 3715 3261 3777 martyres
3285 3702 3505 3773 fulgen-

1921 3830 2030 3876 tem
2071 3816 2402 3875 Metbodium
2442 3813 2818 3874 Patarensem,
2851 3805 2943 3875 qui
2973 3799 3289 3871 angelorum
3310 3806 3506 3862 corpo-

1926 3917 2002 3972 ris
2031 3912 2459 3986 passionumque
2511 3911 2788 3975 expertem
2834 3908 3087 3955 naturam
3129 3894 3186 3947 in
3230 3897 3509 3944 terrenum

1924 4019 2166 4062 amorem
2194 4010 2251 4058 et
2290 4012 2583 4069 corporqu
2625 3993 2936 4064 amplexum
2987 3987 3164 4043 ruisse
3202 3996 3313 4037 non
3332 3980 3512 4035 incre-

1925 4099 2091 4156 dibile
2115 4096 2350 4154 censuit.
2393 4093 2656 4148 Omittam
2719 4089 3041 4141 Pantaenum
3071 4089 3125 4134 et
3151 4077 3510 4136 Clementem,

1927 4193 2167 4249 Pierium
2233 4191 2491 4260 quoque,
2558 4181 2904 4251 Pamphilum
2962 4185 3017 4230 et
3075 4170 3511 4239 TheOgnostum,

1927 4289 2079 4342 viros
2109 4293 2330 4341 sanctos
2355 4289 2782 4357 sanctarumque
2807 4267 3210 4327 institutionum
3235 4263 3511 4322 doctores,

1925 4394 2088 4451 quos,
2114 4377 2238 4431 licet
2269 4372 2673 4444 propositiones
2698 4378 2915 4427 eorum,
2957 4373 3066 4413 non
3110 4362 3338 4410 cunctas
3387 4363 3516 4402 om-

1927 4473 2060 4527 nino
2097 4469 2470 4530 admittentes,
2509 4460 2786 4532 przcclara:
2818 4465 2996 4509 tamen
3019 4451 3142 4503 vitae
3163 4454 3516 4500 cauerat-um-

1929 4579 2036 4636 que
2065 4561 2439 4616 doctrinarum
2474 4531 2694 4625 praemia
2737 4548 2871 4620 ipsis
2904 4546 3264 4613 rependeutes
3308 4531 3514 4604 ingenti

239 4692 359 4738 τες,
395 4627 486 4726 δῖᾶ
945 4627 1043 4718 κάλ
1067 4627 1079 4640 ’
1100 4627 1376 4729 ἀποδοχῆς
1413 4656 1621 4724 ἄγομεν
1643 4666 1660 4684 ο
1693 4627 1802 4719 -μά

1931 4657 2141 4712 honore
2175 4662 2342 4721 atque
2361 4643 2830 4704 commendatione
2863 4634 3270 4709 prosequimur,
3321 4627 3514 4697 praui-

238 4767 408 4820 λιστά
440 4781 504 4834 γε
534 4760 823 4832 Πάμφιλον
855 4757 945 4811 καὶ
979 4754 1221 4825 Πιέριον,
1255 4749 1354 4804 ἅτε
1382 4747 1448 4819 δὴ
1492 4745 1588 4799 καὶ
1618 4758 1826 4815 μαρτυ-

246 4862 430 4933 ρικοῖς
485 4856 672 4918 ἄθλοις
721 4849 1222 4923 ἐνδιαπρέψανταςο
1286 4841 1408 4915 μεθ’
1439 4834 1517 4894 ὧν
1574 4835 1830 4898 καὶτοὺς

242 4929 356 5020 ἀπὸ
388 4949 608 5011 Δύσεως
637 4945 1081 5016 παρατρέχομενο
1113 4934 1403 5008 Είρηναῖόν
1437 4948 1498 4985 τε
1527 4929 1622 4983 τδν
1646 4929 1832 4998 ἀρχιε-

249 5017 352 5118 ρέα
384 5040 524 5097 Θεοῦ
558 5040 653 5094 καὶ
681 5039 784 5106 τὴν
815 5034 925 5089 τῶν
954 5029 1309 5100 Λουγδούνων
1343 5024 1643 5094 δεξάμενον
1662 5035 1678 5050 ο
1734 5017 1833 5072 καὶ

255 5111 585 5192 ιιπιιτόλυτον
613 5131 706 5184 τὸν
742 5125 909 5183 αὐτοῦ
950 5121 1198 5196 μαθητὴν
1255 5118 1351 5172 καὶ
1406 5118 1464 5169 ἐν
1513 5111 1832 5186 ἀρχιερεῦσι

249 5229 538 5304 μάρτυρα’
571 5225 775 5296 ἄνδρας
812 5216 1158 5290 θαυμασίους
1187 5213 1288 5287 μέν
1331 5213 1390 5265 ἐν
1435 5206 1676 5272 πολλοῖς,
1717 5202 1831 5256 ἐσθ’

243 5297 353 5378 δτεν
508 5318 608 5389 τῆς
667 5313 956 5386 ἀκριϐείας
1009 5311 1204 5378 λόγους
1237 5305 1421 5361 αὐτῶν
1480 5299 1667 5363 ἐνίους
1732 5297 1834 5351 οὐκ

253 5413 688 5472 ἀναστέλλοντας
721 5402 1160 5476 κατασύρεσθαι.

325 5510 437 5570 οςθ.
469 5497 602 5574 'Ap‘
633 5494 727 5554 οῦν
757 5497 902 5554 κατά
927 5495 1134 5550 τούτων
1160 5492 1418 5546 ἁπάντων
1451 5486 1514 5540 τὸ
1569 5483 1662 5538 σὺν
1702 5498 1837 5553 προ-

261 5599 518 5670 κομίσεις
579 5594 925 5664 διλήμματον
997 5588 1095 5640 καὶ
1152 5584 1249 5646 τὰς
1313 5581 1486 5651 ὀφρῦς
1537 5575 1838 5631 ἀνατείνων

255 5695 430 5767 ἐρεῖς⁶
465 5691 537 5745 Ἢ
561 5689 644 5742 δεῖ
674 5689 802 5751 τοὺς
833 5684 1038 5756 ἄνδρας
1079 5679 1330 5752 τιμῶντα
1381 5675 1477 5731 καὶ
1529 5671 1566 5729 ἃ
1621 5670 1838 5733 τούτοις

325 5852 408 5924 (l)
438 5851 602 5908 Laur.
629 5844 992 5918 Κλημεντεῖα.

1938 4764 2042 4820 pne
2073 4742 2425 4816 Pamphilum
2456 4748 2511 4796 et
2543 4737 2807 4800 Pierium,
2873 4742 3063 4802 utpote
3091 4723 3340 4796 martyrii
3375 4738 3518 4794 quo-

1938 4817 2046 4913 que
2091 4837 2485 4896 certaminibus
2519 4831 2776 4904 iuclytos.
2816 4828 2956 4885 Cum
2998 4823 3202 4895 quibus
3251 4830 3304 4874 et
3328 4817 3520 4873 Patres

1939 4933 2301 4992 occidentales
2345 4926 2710 5002 praeterimus.
2742 4925 3002 4979 Irenaeum
3045 4917 3140 4973 Dei
3176 4913 3518 4971 sacerdotem

1939 5039 1996 5086 et
2034 5027 2481 5100 Lugdunensium
2505 5021 2879 5091 episcopatum
2907 5023 3151 5077 nactum,
3184 5021 3240 5065 et
3269 5007 3523 5078 Hippoly-

1912 5102 2054 5178 Itum
2083 5120 2255 5191 ipsius
2282 5115 2612 5186 discipulum
2651 5111 2862 5180 etjnter
2883 5106 3171 5179 pontiﬁces
3200 5111 3519 5172 martyrem,

1941 5215 2090 5270 viros
2131 5209 2410 5266 mirandus
2449 5207 2671 5279 quidem
2701 5206 2756 5260 in
2773 5201 3047 5272 plurimis,
3106 5197 3384 5253 interdum
3437 5199 3522 5246 ta-

1944 5322 2067 5362 men
2096 5310 2165 5359 ab
2191 5304 2544 5360 exactissima
2581 5300 2826 5355 veritatis
2881 5307 3073 5352 norma
3096 5287 3326 5364 ;alicubi
3353 5281 3520 5340 delle-

1944 5410 2174 5458 ctentes.

2018 5493 2106 5548 76.
2145 5495 2223 5546 An
2248 5489 2412 5561 igitur
2441 5496 2496 5544 et
2526 5497 2718 5543 contra
2755 5486 2858 5539 hos
2879 5494 3075 5538 omnes
3109 5487 3262 5532 tuum
3294 5473 3523 5544 objicies

1940 5585 2199 5642 dilemma
2243 5585 2498 5654 elatoque
2536 5577 2832 5650 supercilio
2881 5575 3074 5630 dices:
3113 5588 3132 5622 ι
3167 5569 3274 5624 Aut
3311 5573 3526 5639 oportet

1943 5681 2044 5737 hos
2078 5679 2228 5736 viros
2266 5677 2476 5734 honore
2508 5671 2768 5747 prosequi
2811 5676 2867 5726 et
2892 5680 3014 5739 quae
3041 5661 3267 5719 fuerunt
3291 5660 3360 5718 ab
3382 5657 3521 5732 ipsis
