3944 6566
516 352 622 412 8‘27

1549 357 1761 420 JOAN.
1804 356 2020 417 VECCI
2059 355 2168 414 CP.
2211 356 2720 419 PATRIARCHA!
2821 411 2829 420 .

3647 370 3744 436 828

515 460 719 528 scripta
747 475 856 517 nou
881 462 1121 530 rejicere,
1168 473 1264 520 aut
1310 466 1354 522 si
1395 467 1659 520 nonnulla
1689 482 1882 521 eorum
1921 467 2080 521 verba

2199 468 2503 536 γέγραπται
2535 467 2610 536 μὴ
2640 467 3132 538 παραγράφεσθαι,
3163 469 3194 539 ἦ
3229 479 3744 546 παραγραφομένους

517 547 819 616 rejicimus,
855 550 978 606 illos
1009 553 1156 622 ipsos
1183 555 1346 610 simul
1403 571 1661 626 respuere
1690 558 1996 613 debemus?
2023 559 2092 615 Et

414 657 416 660 ν
516 640 798 706 quomodo
847 657 958 697 non
984 645 1169 711 potius
1195 655 1358 716 alque
1388 651 1599 717 sequius
1631 658 1784 704 tuum
1818 651 1918 706 hoc
1941 653 2092 722 inge-

517 731 732 788 niosum
763 743 1144 800 argumentum
1205 738 1293 792 isti
1342 739 1394 793 in
1441 747 1497 796 te
1559 743 1972 811 retorquebunt,
2007 743 2094 798 di-

516 830 742 880 centes:
781 823 920 887 Quid
950 842 1010 883 ea
1039 828 1349 899 conjungis,
1393 846 1426 885 ο
1451 834 1636 901 homo,
1677 851 1800 904 quae
1831 836 2092 906 conjungi

517 916 827 986 nequeunt?
869 917 923 971 Si
956 934 1084 974 vero
1118 938 1219 980 nos
1241 922 1429 981 Patres
1459 942 1763 996 nuncupas,
1798 929 2079 997 quomodo

517 1020 622 1059 non
647 1007 995 1067 exhorrescls
1021 1028 1171 1068 arma
1224 1015 1277 1069 iu
1334 1015 1524 1074 Patres
1555 1034 1796 1085 sumere,
1839 1021 2094 1090 quodque

515 1109 601 1154 est
650 1102 1065 1169 gravissimum,
1127 1107 1178 1159 in
1211 1107 1389 1176 ipsum
1431 1125 1778 1168 communem
1839 1116 2089 1170 omnium

515 1188 805 1247 Dominum
842 1204 1006 1264 atque
1037 1195 1422 1255 Conditorem?
1470 1200 1525 1256 Si
1559 1214 1740 1260 autem
1777 1209 1944 1262 semel
2000 1223 2094 1276 pe-

514 1282 739 1339 tulantia
771 1287 1063 1343 adversum
1099 1306 1201 1346 nos
1237 1293 1313 1347 uti
1341 1294 1652 1360 decrevisti.
1676 1299 1952 1366 quomodo
1982 1316 2090 1355 non

513 1373 791 1430 luculente
825 1376 1052 1442 insanis.
1107 1383 1236 1440 dum
1267 1385 1459 1440 Patres
1498 1403 1598 1442 nos
1627 1389 1791 1444 simul
1844 1406 2008 1447 vocas
2039 1403 2095 1448 et

514 1467 884 1533 parricidiales
907 1471 960 1525 in
994 1488 1091 1528 nos
1121 1473 1358 1531 intendis
1401 1481 1632 1534 manus?
1661 1491 1716 1534 ct
1757 1490 1890 1551 quot
1912 1482 2094 1540 adhuc

513 1557 634 1618 aliis
673 1562 852 1617 modis
894 1572 1046 1620 tuum
1076 1567 1178 1624 hoc
1208 1571 1486 1640 sophisma
1530 1575 1772 1630 converti
1803 1575 2092 1640 adversum

526 1659 577 1705 te
634 1662 819 1722 posset
843 1657 857 1711 ι

1083 1751 1278 1809 REFU
1288 1755 1371 1810 TA
1381 1756 1526 1815 ΤΙΟ.

586 1855 828 1914 XXVIII.
859 1861 1030 1920 Verus
1057 1865 1274 1936 pietatis
1290 1880 1554 1940 patronus
1571 1875 1872 1944 simplicem
1898 1894 2092 1948 quam-

515 1947 640 2000 dam
672 1957 728 2004 et
758 1952 991 2009 artiﬁcio
1017 1967 1292 2013 carentem
1325 1961 1666 2020 defensionis
1695 1983 1809 2022 suae
1839 1947 1971 2024 facit
2005 1971 2092 2024 in-

2193 559 2301 610 τῶν
2333 558 2599 629 ῥημάτων
2633 559 2748 615 ἔνια
2791 561 2883 615 καὶ
2918 561 3118 622 αὐτοὺς
3164 561 3409 626 ἐκείνους
3456 579 3733 637 συμπαρα.

2198 650 2544 718 γράφεσθαι;
2584 651 2693 705 Καὶ
2731 650 2850 714 πῶς
2882 651 3005 720 ούχὶ
3041 652 3242 721 μᾶλλον
3287 654 3385 708 καὶ
3423 655 3741 726 δικαιότερον

2192 740 2254 793 ἰδ
2287 741 2378 794 σὸν
2409 733 2562 794 οὗτοι
2599 741 2742 796 κατὰ
2773 741 2869 798 σοῦ
2903 740 3213 810 περιδέξιον
3243 743 3344 794 οὐκ
3371 744 3743 814 ἀντιστρέψου.

2195 851 2300 899 σιν,
2355 833 2666 903 Ἄνθρωπε.
2708 834 2980 902 λέγοντες,
3031 836 3083 890 τί
3131 837 3426 899 συνάπτεις
3482 837 3545 891 τὰ
3582 840 3740 894 ἀσύνο

2192 938 2378 985 ante;
2414 923 2474 980 El
2508 924 2608 992 μὲν
2671 923 2889 993 ἀληθῶς
2923 925 3170 996 Πατέρας
3201 927 3349 996 ἡμᾶς
3403 927 3605 992 καλεῖς,
3639 931 3740 993 πῶς

2193 1013 2254 1064 ού
2306 1013 2556 1083 φρίττεις
2614 1014 2965 1080 ἀνθοπλίζειν
3014 1017 3157 1072 κατὰ
3215 1018 3497 1088 Πατέρων,
3553 1020 3646 1074 καὶ
3690 1022 3742 1080 τὸ

2195 1105 2530 1177 βαρύτατον.
2565 1107 2711 1162 κατὰ
2746 1111 2840 1161 τοῦ
2878 1108 3062 1163 κοινοῦ
3113 1111 3390 1172 Δεσπότου
3418 1113 3634 1172 πάντων
3661 1116 3742 1167 καὶ

2193 1196 2542 1268 Δημιουργοῦ
2572 1215 2587 1266 ;
2622 1200 2686 1254 Ei
2727 1198 2771 1252 δ’
2803 1199 2953 1266 ἅπαξ
2984 1202 3394 1271 ἐνασελγαίνειν
3436 1205 3742 1274 σπούδαςμά

2195 1306 2280 1344 σοι
2312 1289 2433 1348 καθ’
2455 1291 2640 1361 ἡμῶν,
2667 1291 2786 1356 πῶς
2814 1292 2876 1345 ού
2906 1295 3164 1364 μέμηνας
3193 1296 3464 1364 ἐμφανῶς
3513 1297 3742 1367 Πατέρας

2192 1397 2252 1436 τε
2284 1380 2402 1450 ἅμα
2438 1381 2622 1436 καλῶν
2654 1383 2749 1438 καὶ
2779 1385 2880 1448 τὰς
2909 1385 3252 1456 πατραλοίας
3307 1389 3501 1456 χεῖρας
3561 1387 3744 1442 ἐπανα-

2197 1471 2391 1530 τείνων
2421 1473 2556 1546 ἡμῖν
2579 1514 2596 1541 ,

2769 1750 2867 1814 ΑΝ
2870 1751 3147 1818 ΠΡΡΗΣΙ
3147 1750 3207 1808 Σ.

2267 1857 2404 1914 κη’.
2445 1858 2506 1913 '0
2532 1859 2630 1929 τῆς
2655 1859 2937 1923 εὐσεϐείας
2963 1859 3171 1930 ἀληθὴς
3195 1858 3540 1931 ύπερήγορος
3585 1860 3746 1930 ἁπλῆν

2193 1967 2314 2006 τινα
2341 1953 2578 2006 ποιεῖται
2605 1951 2701 2004 καὶ
2724 1951 3058 2023 ἀπερίεργον
3084 1952 3183 2021 τῆς
3206 1952 3576 2022 ύπερηγορίας
3597 1951 3744 2010 αὑτοῦ

515 2041 852 2110 ductionem,
878 2046 1104 2104 minime
1135 2065 1288 2108 more
1315 2062 1413 2108 tuo
1443 2058 1733 2114 artiﬁciose
1759 2070 1815 2116 et
1847 2073 2096 2121 contorto

2199 2043 2294 2114 τὴν
2337 2043 2646 2113 εἰσήγησιν,
2705 2042 2972 2112 οὗμενουν
3016 2043 3485 2115 πβρινσνοημένην
3535 2042 3666 2096 κατὰ
3696 2042 3745 2095 σὲ

507 2131 874 2191 elaboratam.
920 2137 985 2193 Et
1019 2155 1166 2195 nunc
1199 2159 1436 2215 quoque,
1475 2157 1532 2204 ut
1587 2149 1858 2222 refugium
1893 2154 2093 2211 Roma-

517 2239 714 2278 norum
739 2227 806 2282 ad
855 2230 1142 2299 praedictos
1179 2249 1566 2296 sacrosanctos
1622 2243 1770 2299 viros
1818 2245 1982 2301 inane
2039 2258 2093 2303 et

517 2316 792 2373 inﬁrmum
835 2325 1114 2391 ostendas,
1166 2330 1260 2398 qui
1300 2347 1366 2386 ex
1429 2333 1589 2390 Patre
1638 2345 1693 2392 et
1732 2337 1871 2394 Filio
1903 2341 2094 2397 dicunt

515 2401 784 2474 Spiritum
822 2423 1095 2481 sanctum,
1128 2417 1372 2486 ejusdem
1408 2422 1620 2479 virtutis
1645 2427 1804 2482 verba
1845 2444 1939 2485 eos
1966 2446 2095 2499 pro-

518 2495 659 2552 ferre
685 2513 985 2570 asseveras,
1015 2507 1172 2577 cujus
1201 2515 1530 2568 erantverba
1554 2520 1821 2585 praeconis
1843 2522 2086 2580 universi

519 2589 670 2644 orbis
751 2601 919 2663 atque
1004 2612 1330 2657 arcanorum
1413 2611 1861 2676 contemplatoris
1913 2614 2089 2682 Pauli,

517 2679 740 2744 quando
769 2695 918 2736 aram
977 2687 1207 2746 Athenis
1240 2691 1369 2747 Pani
1401 2695 1704 2752 dedicatam
1741 2701 1906 2757 homo
1934 2679 2093 2773 egre;

516 2770 640 2835 gius
680 2787 748 2828 ac
783 2778 1029 2833 calestis
1083 2783 1248 2836 veluti
1283 2789 1528 2842 omnium
1558 2789 1802 2848 Creatori
1866 2809 1930 2850 ac
1973 2770 2093 2853 beo

469 2903 478 2924 ,
519 2861 820 2919 dedicatam
871 2871 1096 2937 putabat
1136 2885 1191 2928 et
1258 2876 1668 2948 inscriptionem
1741 2882 1932 2953 Ignoto
1985 2887 2092 2942 Deo

521 2955 804 3010 materiam
874 2975 987 3015 suae
1045 2963 1434 3033 disputationis
1480 2975 1814 3030 assumehat.
1866 2977 1931 3032 Et
1981 2979 2096 3034 haec

518 3043 709 3100 dicens
749 3064 855 3103 non
888 3051 1198 3110 horrescis?
1234 3057 1585 3130 Nequaquam
1622 3066 1766 3120 enim
1795 3073 1920 3137 quia
1956 3070 2098 3124 Pau-

2192 2135 2290 2190 καὶ
2319 2135 2610 2205 περίεργον
2633 2151 2646 2165 ·
2683 2134 2776 2188 καὶ
2809 2133 2904 2188 νῦν
2933 2134 3062 2206 γὰρ,
3100 2135 3186 2188 ῐνα
3210 2136 3310 2208 τὴν
3337 2137 3420 2198 είς
3469 2136 3586 2197 τοὺς
3613 2138 3748 2206 εἰρη-

2198 2228 2397 2299 μένους
2443 2228 2621 2298 ἱεροὺς
2655 2227 2749 2280 καὶ
2808 2227 2999 2295 ἁγίους
3055 2227 3252 2297 ἄνδρας
3303 2225 3624 2297 καταφυγὴν
3650 2230 3745 2282 τῶν

2205 2319 2492 2387 Ῥωμαίων
2531 2320 2768 2389 ματαίαν
2817 2319 3106 2393 ἀποδείξῃς
3137 2322 3231 2376 καὶ
3274 2319 3498 2388 ἀσθενῆ,
3545 2321 3665 2382 τοῦς
3689 2319 3742 2374 ἐκ

2196 2411 2408 2481 Πατρός
2431 2411 2525 2464 καὶ⁸
2549 2409 2678 2464 Υἰοῦ
2710 2410 2770 2466 τὸ
2803 2411 3027 2481 Πνεῦμα
3059 2411 3317 2479 λέγοντας
3367 2410 3742 2480 ἐκπορεύεσθαι

2193 2503 2449 2574 τοιαύτης
2467 2503 2750 2572 δυνάμεως
2773 2505 2993 2573 ῥήματα
3009 2503 3188 2571 λέγειν
3209 2502 3514 2570 ἐμφαίνεις,
3533 2500 3742 2568 οἵασπερ

2192 2589 2338 2665 ἦσαν
2369 2595 2439 2646 τα
2461 2591 2556 2646 τοῦ
2586 2593 2832 2663 κήρυκος
2861 2594 2962 2662 τῆς
2982 2591 3308 2662 οἰκουμένης
3333 2591 3429 2644 καὶ
3455 2590 3558 2642 τῶν
3586 2590 3740 2660 ἀπορο

2197 2689 2378 2758 ῥήσεων
2408 2683 2615 2754 θεωροῦ
2648 2683 2884 2747 Παύλου,
2939 2684 3069 2738 ὅταν
3103 2684 3194 2744 τὸν
3243 2685 3300 2748 ὲν
3335 2682 3583 2752 Ἀθήναις
3611 2683 3735 2732 ἁνει·

2197 2775 2359 2845 μένον
2415 2773 2600 2844 βωμὸν
2652 2771 2730 2843 τῷ
2781 2773 2916 2826 Πανὶ
2972 2775 3000 2838 ό
3062 2771 3364 2843 περιδέξιος
3416 2772 3616 2870 ἐκεῖνος
3645 2769 3742 2870 ’.καλ

2195 2867 2448 2938 οὐράνιος
2486 2866 2772 2935 ἄνθρωπος
2803 2869 2890 2932 ὡς,
2910 2864 2988 2935 τῷ
3029 2865 3245 2918 πάντων
3291 2863 3496 2935 Ποιητῇ
3533 2860 3619 2914 καὶ
3641 2859 3742 2931 Θεῷ

2195 2958 2478 3027 ἀνειμένον
2495 2958 2741 3028 ἡγήσατο
2762 2958 2861 3026 τὴν
2879 2956 2971 3008 τοῦ
2998 2954 3280 3021 ἀγνώστου
3305 2953 3440 3006 Θεοῦ
3460 2951 3744 3021 ἐπιγραφὴν

2199 3049 2330 3120 ὕλην
2353 3051 2448 3119 τῆς
2470 3049 2636 3103 αὑτοῦ
2663 3048 2900 3118 σπουδῆς
2927 3049 3319 3116 ποιησάμενος.
3351 3045 3461 3097 Καὶ
3490 3041 3654 3096 ταῦτα
3676 3041 3746 3092 λέο

521 3132 608 3186 lus
649 3133 815 3192 Panis
859 3155 1010 3196 aram
1049 3148 1346 3203 nominavit
1381 3167 1530 3206 aram
1565 3157 1675 3209 veri
1707 3155 1822 3219 Dei,
1877 3167 2089 3217 tantum

2199 3157 2312 3208 γων
2337 3141 2397 3192 οὐ
2427 3140 2710 3212 φρίττεις;
2743 3140 2834 3208 Μὴ
2868 3139 2973 3208 γὰρ
2996 3139 3081 3194 ὅτι
3113 3138 3204 3190 τὸν
3231 3135 3326 3190 τοῦ
3370 3134 3541 3198 Πανὸς
3580 3131 3742 3204 βωμὸν

522 3224 674 3280 dices
697 3227 918 3285 diﬂerre
950 3233 1004 3286 id
1047 3238 1191 3303 quod
1228 3237 1297 3291 ab
1330 3237 1588 3298 Ecclesia!
1618 3256 1820 3302 nostra:
1863 3249 2090 3314 lumini-

520 3316 624 3374 bus
655 3333 720 3373 ac
775 3321 1100 3381 doctoribus
1134 3329 1200 3383 de
1239 3335 1590 3399 processione
1619 3338 1856 3409 Spiritus
1915 3345 2093 3400 sancti

518 3414 751 3503 traditus
783 3419 852 3470 ab
877 3433 942 3471 eo
970 3424 1115 3490 quod
1155 3427 1494 3497 Augustinus
1550 3445 1715 3503 atque
1769 3438 2094 3497 Ambrosius

522 3501 589 3555 de
627 3518 688 3556 ca
736 3505 946 3572 dicunt,
983 3523 1251 3580 quantum
1291 3534 1454 3576 verus
1508 3501 1654 3578 Deus
1685 3529 1752 3580 ab
1789 3528 1881 3583 illo
1930 3531 2094 3589 Panis

519 3593 818 3649 simulacro
846 3600 1051 3656 diﬂ'ert.
1094 3604 1238 3660 Dixit
1294 3607 1538 3666 Paulus:
1574 3610 1893 3674 Prwterieus
1935 3631 1986 3676 et
2018 3624 2097 3678 vi-

519 3685 649 3740 dens
679 3690 972 3745 simulacra
1004 3708 1174 3750 rastra
1209 3700 1382 3754 inveni
1421 3712 1668 3770 et'aram,
1720 3709 1773 3763 in
1807 3727 1912 3780 qua
1961 3716 2096 3768 scri-

517 3788 668 3845 ptum
681 3793 793 3834 erat
815 3799 833 3835 :
853 3783 1041 3852 Ignoto
1063 3789 1188 3846 Deo.
1212 3792 1377 3854 Quem
1394 3795 1558 3864 igitur
1582 3799 1884 3866 ignorantes
1899 3804 2093 3870 colitis,
2125 3793 2130 3798 ’

522 3870 662 3924 hunc
694 3889 787 3942 ego
811 3880 1072 3932 annuntio
1111 3882 1275 3937 vobis.
1310 3884 1542 3956 Haecque
1572 3887 1725 3944 Pauli
1758 3894 1919 3949 verba
1949 3907 2098 3954 recte

523 3962 735 4020 faciens
796 3978 851 4020 tu
906 3985 1008 4024 nos
1053 3973 1315 4042 dogmata
1379 3979 1559 4036 lacere
1606 3993 1779 4049 vetas,
1835 3989 2094 4055 quoniam

525 4056 841 4126 neutiquam
892 4062 1021 4129 quia
1085 4063 1288 4122 Paulus
1348 4069 1557 4128 inimici
1604 4076 1774 4132 armis
1814 4077 2094 4136 inimicum

523 4149 846 4216 prostravit,
895 4151 1105 4209 inimici
1153 4173 1306 4213 arma
1363 4161 1576 4220 honore
1613 4171 1993 4238 prosequenda
2041 4182 2097 4228 et

482 4285 484 4288 ,
521 4241 704 4296 divina
739 4258 890 4299 arma
915 4248 1233 4317 appellanda
1271 4263 1420 4312 sunt.
1477 4255 1802 4317 Probandus
1837 4264 1971 4318 mihi
2019 4265 2100 4319 vi-

523 4333 682 4387 detur
718 4350 901 4391 sermo
958 4349 1012 4393 et
1062 4341 1194 4400 nihil
1246 4345 1436 4414 pietati
1479 4351 1810 4408 contrarius.
1871 4353 2019 4410 Dixit
2044 4364 2099 4411 et

521 4427 867 4497 Augustinus
913 4443 1077 4503 atque
1113 4435 1475 4509 Hieronymus
1521 4459 1592 4498 ex
1647 4443 1812 4500 Patre
1869 4456 1924 4502 et
1961 4449 2100 4504 Filio

521 4520 784 4590 Spiritum
826 4529 1250 4593 procedentem;
1297 4532 1560 4595 dixerunt
1603 4547 1804 4592 nostra:
1837 4537 2098 4596 Ecclesiae

522 4615 775 4671 doctores
815 4633 882 4672 ex
915 4621 1076 4676 Patre
1119 4639 1216 4691 per
1240 4622 1437 4680 Filium
1503 4629 1892 4695 procedentem
1917 4629 2098 4701 Spiri-

528 4719 664 4763 tum.
711 4709 853 4774 Quid
913 4713 1081 4783 igitur
1105 4714 1308 4784 jubes?
1339 4718 1418 4771 An
1454 4727 1511 4773 ut
1548 4719 1604 4774 in
1626 4719 1878 4778 diversas
1918 4732 2100 4793 partes

521 4801 858 4872 theologicae
879 4804 1148 4862 dictiones
1172 4807 1406 4864 exFilia
1437 4817 1491 4864 et
1533 4827 1628 4879 per
1685 4811 1890 4868 Filium
1915 4829 2102 4870 secer-

499 4906 744 4958 .namus,
768 4903 827 4949 et
848 4895 921 4950 ita
947 4897 1017 4950 ab
1047 4897 1285 4955 invicem
1320 4900 1435 4957 haec
1455 4902 1600 4958 dicta
1639 4903 1865 4963 diil'erre
1890 4914 2103 4962 statua-

527 4999 671 5050 mus,
707 5000 819 5055 quo
845 4996 1008 5057 pacto
1031 4989 1213 5046 dili‘ert
1244 4991 1389 5049 Deus
1428 5009 1459 5050 a
1487 4993 1660 5052 Paulo
1675 4997 2014 5066 ,pradicatus
2031 4998 2101 5054 ab

521 5092 611 5140 eo.
647 5077 741 5146 qui
769 5079 838 5134 ab
868 5079 1298 5139 Atheniensibus
1329 5086 1474 5146 Deus
1513 5089 1848 5156 putabatur?
1898 5091 1970 5144 At
1999 5089 2103 5144 Pa-

527 5181 638 5226 tres
664 5173 836 5227 nostri
867 5171 1128 5232 dixerunt
1155 5187 1220 5228 ex
1251 5174 1411 5233 Patre
1441 5194 1538 5248 per
1571 5180 1766 5241 Filium
1801 5181 2103 5252 proceden-

526 5274 635 5318 tem
659 5265 926 5336 nobisque
949 5267 1192 5338 regulam
1221 5271 1580 5336 tradiderunt,
1621 5273 1757 5335 nihil
1784 5273 2008 5334 ,diﬂ‘erre
2043 5271 2118 5327 in

532 5358 806 5427 theologia
836 5359 1250 5430 praepositiones
1280 5376 1346 5415 ea:
1371 5371 1424 5417 et
1452 5379 1564 5430 per,
1601 5373 1764 5432 atque
1795 5380 2009 5419 rursum
2032 5379 2099 5419 ex

527 5451 688 5512 Patre
713 5462 769 5508 et
829 5452 982 5510 Filio
1019 5454 1286 5526 Spiritum
1328 5455 1586 5525 profundi
1643 5467 1696 5512 et
1733 5459 1957 5527 prodire
2005 5461 2104 5514 do-

467 5593 472 5596 .
521 5557 783 5612 nuerunt,
823 5548 1142 5618 nullamque
1197 5549 1560 5608 diderentiam
1624 5551 1804 5618 quoad
1839 5549 2100 5621 Spiritum

533 5648 876 5709 agnoverunt
905 5641 1244 5712 interlvoces
1261 5641 1589 5712 procedendi
1628 5651 1681 5706 cl
1697 5643 2099 5713 progrediendi.

603 5797 681 5860 (ί)
712 5797 844 5852 (Iud.
872 5795 1039 5864 οἶμαι.

2196 3230 2452 3301 ἀληθινοῦ
2511 3231 2648 3285 Θεοῦ
2703 3231 2886 3302 βωμὸν
2939 3233 2966 3284 ό
2995 3229 3206 3292 Παῦλος
3233 3227 3484 3293 ἐκάλεσε,
3528 3225 3742 3293 τοσούτῳ

2197 3324 2476 3395 διαφέρειν
2513 3324 2658 3394 ἐρεῖς
2685 3322 2748 3376 τὸ
2778 3322 2932 3392 παρὰ
2963 3321 3071 3374 τῶν
3092 3321 3189 3390 τῆς
3219 3321 3498 3390 ἡμετέρας
3536 3317 3742 3386 Ἐκκλη·

2201 3416 2320 3478 σίας
2357 3413 2660 3486 φωστήρων
2695 3414 2791 3467 καὶ
2818 3413 3155 3468 διδασκάλων
3192 3411 3318 3481 περὶ
3350 3411 3450 3479 τῆς
3475 3409 3567 3463 τοῦ
3599 3407 3743 3462 Πνεύ-

2202 3523 2373 3577 ματος
2405 3506 2698 3578 εἰρημένον
2731 3505 2958 3575 προόδου
2981 3505 3118 3573 πρὸς
3138 3503 3198 3556 τὸ
3229 3502 3380 3574 παρὰ
3409 3501 3743 3569 Αύγουστίνον

2201 3599 2296 3652 καὶ
2345 3594 2674 3667 ’Λμὸροσίου
2703 3596 2994 3666 εἰρημένον
3026 3595 3156 3666 περὶ
3189 3594 3382 3666 αὐτῆς,
3409 3595 3556 3664 ,ὅσην
3588 3591 3744 3660 όὰλη-

2203 3688 2348 3752 θινὸς
2381 3686 2513 3750 Θεὸς
2563 3686 2696 3756 πρὸς
2735 3687 2826 3739 τὸν
2871 3687 3024 3746 Πᾶνα
3054 3685 3166 3756 ἔχει
3194 3683 3484 3769 διαφοράν.
3537 3678 3690 3736 Εἶπεν
3723 3681 3745 3732 ό

2203 3780 2414 3848 Παῦλος
2443 3795 2456 3810 '
2485 3780 2884 3848 Διερχόμενος
2931 3780 3032 3834 καὶ
3070 3778 3429 3848 ἀναθεωρῶν
3484 3777 3555 3832 τὰ
3598 3777 3746 3831 σεσά-

2201 3891 2403 3944 σματα
2429 3871 2598 3943 ὑμῶν
2624 3869 2808 3942 εὗρον
2824 3872 3247 3941 καὶβωμὸν,ἐν
3269 3865 3318 3940 ᾧ
3347 3872 3743 3941 ἐπεγέγραπτο·

2216 3966 2518 4035 Ἀγνώστῳ
2575 3963 2696 4030 Θεῷ
2721 3977 2734 3992 ·
2773 3963 2846 4017 ὃν
2896 3959 3011 4019 οὖν
3044 3963 3412 4033 ἀγνοοῦντες
3453 3961 3743 4019 εὐσεϐεῖτε.

2203 4055 2420 4110 τοῦτον
2447 4054 2562 4126 ἐγὼ
2617 4056 3004 4126 καταγγέλλω
3047 4056 3194 4125 ὑμῖν
3240 4054 3350 4126 (1).
3409 4055 3516 4108 Καὶ
3557 4053 3620 4106 τὰ
3667 4050 3742 4103 τοῦ

2206 4147 2422 4204 Παύλου
2443 4149 2665 4219 ῥήματα
2683 4147 2855 4202 ταῦτα
2881 4147 3064 4209 καλῶς
3084 4145 3252 4200 ποιῶν
3277 4145 3341 4200 σὺ
3361 4145 3602 4215 δόγματα
3623 4143 3742 4214 ἡμᾶς

2206 4238 2580 4314 ἀπαγορεύεις
2606 4237 2683 4308 (2)
2714 4241 2909 4304 ποιεῖν,
2954 4238 3079 4291 ἐπεὶ
3126 4236 3202 4308 μὴ
3256 4237 3394 4290 διότι
3425 4235 3628 4296 Παῦλος
3655 4235 3744 4292 τοῖς

2207 4332 2394 4398 ὅπλοις
2426 4332 2520 4388 τοῦ
2553 4331 2750 4404 ἐχθροῦ
2783 4331 3002 4388 καθεῖλε
3053 4331 3146 4384 τὸν
3197 4328 3418 4400 ἐχθρὸν,
3457 4330 3525 4382 τὰ
3552 4330 3636 4380 τοῦ
3675 4328 3746 4394 ἐχ-

2209 4425 2341 4498 θροῦ
2363 4427 2504 4480 ὅπλα
2527 4426 2693 4497 τιμᾷν
2717 4425 2800 4480 δεῖ
2827 4423 2922 4478 καὶ⁸
2957 4423 3074 4478 θεῖα
3109 4421 3248 4477 ὅπλα
3276 4421 3465 4474 καλεῖν
3483 4437 3498 4451 ο
3549 4423 3636 4474 καὶ
3675 4419 3743 4470 δε-

2131 4495 2178 4554 θ
2203 4495 2330 4582 acrba;
2361 4519 2388 4570 ὁ
2422 4495 2751 4585 λόγοςήδοκεῖ
2784 4533 2878 4586 μοι
2917 4515 3012 4568 καὶ
3038 4512 3192 4567 οὐδὲν
3237 4501 3487 4576 ἀντίξουν
3520 4510 3642 4582 πρὸς
3665 4509 3746 4577 τὴν

2200 4610 2508 4666 εὐσέϐειαν.
2538 4604 2673 4662 Eine
2708 4608 2799 4662 καὶ
2832 4607 3197 4674 Αύγουστῖνος
3229 4609 3324 4656 καὶ
3361 4601 3674 4674 Ἱερώνυμος
3694 4603 3745 4650 ἐκ

2205 4705 2424 4776 Πατρὸς
2464 4705 2561 4759 καὶ
2583 4703 2715 4764 Υἱοῦ
2739 4705 2799 4757 τὸ
2829 4702 3059 4772 Πνεῦμα
3116 4700 3555 4771 ἐκπορευόμενον
3575 4717 3591 4733 ο
3616 4694 3744 4751 εἷπον

2201 4796 2252 4848 οἱ
2285 4793 2386 4864 τῆς
2421 4793 2543 4850 καθ’
2571 4795 2720 4863 ἡμᾶς
2757 4790 3086 4860 Ἐκκλησίας
3115 4789 3430 4844 διδάσκαλοι
3473 4792 3537 4841 ἐκ
3565 4788 3744 4855 Πατρδς

2202 4885 2272 4940 δι’
2301 4882 2429 4938 Υίοῦ
2451 4883 2513 4937 τὸ
2533 4884 2760 4954 Πνεῦμα
2781 4881 3238 4953 ἐκπορευόμενον.
3265 4879 3332 4932 Τί
3351 4879 3483 4947 γοῦν
3502 4876 3742 4936 κελεύει;ι;

2203 4981 2284 5043 εἰς
2315 4978 2550 5050 διάφορα
2574 4977 2718 5047 μέρη
2741 4975 2841 5043 τὴν
2873 4974 2944 5038 ἐξ
2982 4973 3121 5027 Υίοῦ
3161 4974 3255 5026 κοιλ⁵
3284 4971 3360 5024 δι’
3417 4969 3553 5025 Υιοῦ
3597 4967 3746 5020 θεολο-

2203 5071 2334 5141 γίαν
2361 5069 2752 5140 διαστήσομεν,
2785 5068 2880 5122 καὶ
2924 5063 3088 5121 οὕτω
3125 5084 3184 5119 τε
3215 5066 3502 5164 διαφέρειν
3530 5060 3743 5164 ἀλλήλων

2203 5163 2271 5216 τὰ
2304 5161 2442 5232 ρητὰ
2469 5159 2642 5215 ταῦτα
2673 5159 3130 5230 νομοθετήσομεν,
3162 5157 3237 5220 ὡς
3273 5157 3301 5209 δ
3356 5155 3512 5226 παρὰ
3565 5155 3742 5206 Παύλου

2205 5251 2610 5321 κηρυττόμενος
2629 5250 2762 5314 Θεὸς
2783 5248 2878 5302 τοῦ
2898 5247 3257 5319 νομιζομένου
3285 5245 3419 5316 παρ’
3441 5243 3743 5314 ’Δθηναίοιςς

2217 5345 2358 5398 Ἀλλ’
2384 5346 2432 5398 οἱ
2464 5345 2703 5414 Πατέρες
2727 5342 2885 5414 ἡμῶν
2914 5345 2976 5395 ἐκ
3007 5341 3215 5412 Πατρὺς
3241 5339 3308 5393 δι’
3330 5339 3463 5392 Υίοῦ
3494 5335 3742 5407 εἰρηκότες

2205 5436 2265 5490 τὸ
2299 5434 2524 5504 Πνεῦμα
2572 5432 3008 5504 ἐκπορευόμενον
3056 5431 3151 5486 καὶ
3203 5430 3404 5486 κανόνα
3447 5425 3740 5498 παραδόντες

2204 5532 2338 5601 ἡμῖν
2360 5531 2454 5581 τοῦ
2491 5527 2661 5596 μηδὲν
2689 5527 2783 5578 ἐπὶ
2805 5527 2906 5595 τῆς
2937 5524 3223 5596 Θεολογίας
3250 5524 3529 5594 διαφέρειν
3550 5521 3638 5589 τὴν
3659 5513 3736 5568 διὰ

2208 5626 2299 5684 καί
2329 5623 2427 5693 τὴν
2450 5624 2544 5686 ἐκ,
2581 5622 2678 5684 καὶ
2711 5620 2876 5675 πάλιν
2907 5621 2970 5672 ἐκ
3009 5615 3225 5692 Πατρδς
3272 5617 3369 5670 καὶ
3408 5612 3536 5668 Υίοῦ
3572 5624 3736 5682 προερο

2283 5783 2358 5856 (‘2)
2398 5781 2529 5838 Cod.
2559 5781 2934 5852 ἁναγορεύεις.
