  <div class='ocr_page' id='page_1' title='image "/cluster/home/n/w/nwhite01/storage/ocr_20150623/141/hvd.32044019208313/422.png"; bbox 0 0 3944 6568; ppageno 0'>
   <div class='ocr_carea' id='block_1_1' title="bbox 101 387 220 452">
    <p class='ocr_par' dir='ltr' id='par_1_1' title="bbox 101 387 220 452">
     <span class='ocr_line' id='line_1_1' title="bbox 101 387 220 452; baseline 0.008 -1"><span class='ocrx_word' id='word_1_1' title='bbox 101 387 220 452; x_wconf 73' lang='grc'><strong>829</strong></span> 
     </span>
    </p>
   </div>
   <div class='ocr_carea' id='block_1_2' title="bbox 874 338 2590 444">
    <p class='ocr_par' dir='ltr' id='par_1_2' title="bbox 874 338 2590 444">
     <span class='ocr_line' id='line_1_2' title="bbox 874 338 2590 444; baseline -0.005 -1"><span class='ocrx_word' id='word_1_2' title='bbox 874 338 1319 444; x_wconf 70' lang='lat' dir='ltr'><strong>REFUTATIO</strong></span> <span class='ocrx_word' id='word_1_3' title='bbox 1353 378 1726 441; x_wconf 80' lang='lat' dir='ltr'><strong>PHOTIANI</strong></span> <span class='ocrx_word' id='word_1_4' title='bbox 1770 377 1985 440; x_wconf 83' lang='lat' dir='ltr'><strong>LIBRI</strong></span> <span class='ocrx_word' id='word_1_5' title='bbox 2032 377 2130 438; x_wconf 81' lang='lat' dir='ltr'><strong>DE</strong></span> <span class='ocrx_word' id='word_1_6' title='bbox 2170 361 2488 440; x_wconf 78' lang='lat' dir='ltr'><strong>Spmtrtt‘</strong></span> <span class='ocrx_word' id='word_1_7' title='bbox 2529 376 2590 435; x_wconf 87' lang='lat' dir='ltr'><strong>s.</strong></span> 
     </span>
    </p>
   </div>
   <div class='ocr_carea' id='block_1_3' title="bbox 3297 369 3406 433">
    <p class='ocr_par' dir='ltr' id='par_1_3' title="bbox 3297 369 3406 433">
     <span class='ocr_line' id='line_1_3' title="bbox 3297 369 3406 433; baseline 0.009 -1"><span class='ocrx_word' id='word_1_8' title='bbox 3297 369 3406 433; x_wconf 83' lang='lat'><strong>830</strong></span> 
     </span>
    </p>
   </div>
   <div class='ocr_carea' id='block_1_4' title="bbox 105 487 1751 569">
    <p class='ocr_par' dir='ltr' id='par_1_4' title="bbox 105 492 1751 569">
     <span class='ocr_line' id='line_1_4' title="bbox 105 492 1751 569; baseline -0.004 -18"><span class='ocrx_word' id='word_1_9' title='bbox 105 499 360 569; x_wconf 69' lang='grc' dir='ltr'><strong>χύμενον</strong></span> <span class='ocrx_word' id='word_1_10' title='bbox 380 495 446 550; x_wconf 76' lang='grc' dir='ltr'><strong>τδ</strong></span> <span class='ocrx_word' id='word_1_11' title='bbox 473 493 703 567; x_wconf 82' lang='grc' dir='ltr'><strong>Πνεῦμα</strong></span> <span class='ocrx_word' id='word_1_12' title='bbox 733 495 1157 568; x_wconf 79' lang='grc' dir='ltr'><strong>θεολογήσαντες</strong></span> <span class='ocrx_word' id='word_1_13' title='bbox 1180 495 1275 550; x_wconf 69' lang='grc' dir='ltr'><strong>καὶ</strong></span> <span class='ocrx_word' id='word_1_14' title='bbox 1306 493 1582 566; x_wconf 79' lang='grc' dir='ltr'><strong>μηδεμίαν</strong></span> <span class='ocrx_word' id='word_1_15' title='bbox 1615 492 1709 548; x_wconf 72' lang='grc' dir='ltr'><strong>ἐπὶ</strong></span> <span class='ocrx_word' id='word_1_16' title='bbox 1739 519 1751 555; x_wconf 58' lang='grc' dir='ltr'><em>Α</em></span> 
     </span>
    </p>
   </div>
   <div class='ocr_carea' id='block_1_5' title="bbox 1855 487 3405 569">
    <p class='ocr_par' dir='ltr' id='par_1_5' title="bbox 1855 487 3405 564">
     <span class='ocr_line' id='line_1_5' title="bbox 1855 487 3405 564; baseline -0.003 -19"><span class='ocrx_word' id='word_1_17' title='bbox 1855 496 1959 550; x_wconf 68' lang='lat' dir='ltr'><strong>lcut</strong></span> <span class='ocrx_word' id='word_1_18' title='bbox 1997 508 2174 564; x_wconf 88' lang='lat' dir='ltr'><strong>neque</strong></span> <span class='ocrx_word' id='word_1_19' title='bbox 2215 489 2399 563; x_wconf 86' lang='lat' dir='ltr'><strong>quoad</strong></span> <span class='ocrx_word' id='word_1_20' title='bbox 2427 490 2625 546; x_wconf 89' lang='lat' dir='ltr'><strong>Filium</strong></span> <span class='ocrx_word' id='word_1_21' title='bbox 2652 487 2794 544; x_wconf 85' lang='lat' dir='ltr'><strong>inter</strong></span> <span class='ocrx_word' id='word_1_22' title='bbox 2834 501 2996 544; x_wconf 80' lang='lat' dir='ltr'><strong>voces</strong></span> <span class='ocrx_word' id='word_1_23' title='bbox 3053 487 3304 558; x_wconf 77' lang='lat' dir='ltr'><strong>progredi</strong></span> <span class='ocrx_word' id='word_1_24' title='bbox 3347 497 3405 540; x_wconf 85' lang='lat' dir='ltr'><strong>et</strong></span> 
     </span>
    </p>
   </div>
   <div class='ocr_carea' id='block_1_6' title="bbox 105 587 1713 661">
    <p class='ocr_par' dir='ltr' id='par_1_6' title="bbox 105 587 1713 661">
     <span class='ocr_line' id='line_1_6' title="bbox 105 587 1713 661; baseline -0.005 -15"><span class='ocrx_word' id='word_1_25' title='bbox 105 591 208 646; x_wconf 74' lang='grc' dir='ltr'><strong>τοῦ</strong></span> <span class='ocrx_word' id='word_1_26' title='bbox 239 588 394 644; x_wconf 83' lang='grc' dir='ltr'><strong>Πνεύ</strong></span> <span class='ocrx_word' id='word_1_27' title='bbox 402 605 574 660; x_wconf 81' lang='grc' dir='ltr'><strong>ματος</strong></span> <span class='ocrx_word' id='word_1_28' title='bbox 599 589 846 653; x_wconf 71' lang='grc' dir='ltr'><strong>εἰπόντες</strong></span> <span class='ocrx_word' id='word_1_29' title='bbox 869 588 1136 661; x_wconf 78' lang='grc' dir='ltr'><strong>διαφορὰν</strong></span> <span class='ocrx_word' id='word_1_30' title='bbox 1157 587 1252 642; x_wconf 88' lang='grc' dir='ltr'><strong>τοῦ</strong></span> <span class='ocrx_word' id='word_1_31' title='bbox 1274 587 1713 653; x_wconf 75' lang='grc' dir='ltr'><strong>ἐκπορεύεσθαι</strong></span> 
     </span>
    </p>
   </div>
   <div class='ocr_carea' id='block_1_7' title="bbox 111 679 1718 754">
    <p class='ocr_par' dir='ltr' id='par_1_7' title="bbox 111 679 1718 754">
     <span class='ocr_line' id='line_1_7' title="bbox 111 679 1718 754; baseline -0.002 -17"><span class='ocrx_word' id='word_1_32' title='bbox 111 685 211 737; x_wconf 75' lang='grc' dir='ltr'><strong>καὶ</strong></span> <span class='ocrx_word' id='word_1_33' title='bbox 252 683 403 754; x_wconf 86' lang='grc' dir='ltr'><strong>(τοῦ)</strong></span> <span class='ocrx_word' id='word_1_34' title='bbox 448 681 876 753; x_wconf 77' lang='grc' dir='ltr'><strong>προέρχεσθαι,</strong></span> <span class='ocrx_word' id='word_1_35' title='bbox 927 681 1004 745; x_wconf 83' lang='grc' dir='ltr'><strong>ὡς</strong></span> <span class='ocrx_word' id='word_1_36' title='bbox 1068 682 1180 737; x_wconf 78' lang='grc' dir='ltr'><strong>οὐδ’</strong></span> <span class='ocrx_word' id='word_1_37' title='bbox 1214 682 1309 736; x_wconf 76' lang='grc' dir='ltr'><strong>ἐπὶ</strong></span> <span class='ocrx_word' id='word_1_38' title='bbox 1364 679 1463 735; x_wconf 80' lang='grc' dir='ltr'><strong>τοῦ</strong></span> <span class='ocrx_word' id='word_1_39' title='bbox 1498 680 1628 734; x_wconf 76' lang='grc' dir='ltr'><strong>Υίοῦ</strong></span> <span class='ocrx_word' id='word_1_40' title='bbox 1657 684 1718 733; x_wconf 86' lang='grc' dir='ltr'><strong>τδ</strong></span> 
     </span>
    </p>
   </div>
   <div class='ocr_carea' id='block_1_8' title="bbox 114 771 1718 847">
    <p class='ocr_par' dir='ltr' id='par_1_8' title="bbox 114 771 1718 847">
     <span class='ocr_line' id='line_1_8' title="bbox 114 771 1718 847; baseline -0.002 -19"><span class='ocrx_word' id='word_1_41' title='bbox 114 773 499 845; x_wconf 70' lang='grc' dir='ltr'><strong>προέρχεσθαι</strong></span> <span class='ocrx_word' id='word_1_42' title='bbox 525 775 621 828; x_wconf 78' lang='grc' dir='ltr'><strong>καὶ</strong></span> <span class='ocrx_word' id='word_1_43' title='bbox 657 774 759 847; x_wconf 81' lang='grc' dir='ltr'><strong>(τὸ)</strong></span> <span class='ocrx_word' id='word_1_44' title='bbox 802 774 1122 843; x_wconf 81' lang='grc' dir='ltr'><strong>γεννᾶσθαι,</strong></span> <span class='ocrx_word' id='word_1_45' title='bbox 1153 773 1254 837; x_wconf 81' lang='grc' dir='ltr'><strong>τὰς</strong></span> <span class='ocrx_word' id='word_1_46' title='bbox 1298 771 1554 837; x_wconf 77' lang='grc' dir='ltr'><strong>τοιαύτας</strong></span> <span class='ocrx_word' id='word_1_47' title='bbox 1583 789 1718 824; x_wconf 82' lang='grc' dir='ltr'><strong>κατ-</strong></span> 
     </span>
    </p>
   </div>
   <div class='ocr_carea' id='block_1_9' title="bbox 114 860 1717 936">
    <p class='ocr_par' dir='ltr' id='par_1_9' title="bbox 114 860 1717 936">
     <span class='ocr_line' id='line_1_9' title="bbox 114 860 1717 936; baseline -0.004 -18"><span class='ocrx_word' id='word_1_48' title='bbox 114 866 365 932; x_wconf 62' lang='grc' dir='ltr'><strong>αργοῦσι</strong></span> <span class='ocrx_word' id='word_1_49' title='bbox 389 863 656 936; x_wconf 74' lang='grc' dir='ltr'><strong>διαφοράς</strong></span> <span class='ocrx_word' id='word_1_50' title='bbox 685 880 700 895; x_wconf 91' lang='grc'><strong>·</strong></span> <span class='ocrx_word' id='word_1_51' title='bbox 736 864 832 918; x_wconf 73' lang='grc' dir='ltr'><strong>καὶ</strong></span> <span class='ocrx_word' id='word_1_52' title='bbox 859 863 1041 927; x_wconf 86' lang='grc' dir='ltr'><strong>καλῶς</strong></span> <span class='ocrx_word' id='word_1_53' title='bbox 1081 864 1149 917; x_wconf 77' lang='grc' dir='ltr'><strong>ἄν</strong></span> <span class='ocrx_word' id='word_1_54' title='bbox 1209 863 1419 926; x_wconf 76' lang='grc' dir='ltr'><strong>ἐποίεις</strong></span> <span class='ocrx_word' id='word_1_55' title='bbox 1483 864 1580 915; x_wconf 76' lang='grc' dir='ltr'><strong>καὶ</strong></span> <span class='ocrx_word' id='word_1_56' title='bbox 1625 860 1717 925; x_wconf 80' lang='grc' dir='ltr'><strong>σὺ,</strong></span> 
     </span>
    </p>
   </div>
   <div class='ocr_carea' id='block_1_10' title="bbox 116 951 1722 1028">
    <p class='ocr_par' dir='ltr' id='par_1_10' title="bbox 116 951 1722 1028">
     <span class='ocr_line' id='line_1_10' title="bbox 116 951 1722 1028; baseline -0.002 -20"><span class='ocrx_word' id='word_1_57' title='bbox 116 956 286 1025; x_wconf 77' lang='grc' dir='ltr'><strong>εἴπερ</strong></span> <span class='ocrx_word' id='word_1_58' title='bbox 318 957 400 1026; x_wconf 78' lang='grc' dir='ltr'><strong>μὴ</strong></span> <span class='ocrx_word' id='word_1_59' title='bbox 443 955 684 1027; x_wconf 72' lang='grc' dir='ltr'><strong>περιττὰ</strong></span> <span class='ocrx_word' id='word_1_60' title='bbox 722 955 825 1028; x_wconf 76' lang='grc' dir='ltr'><strong>τὴν</strong></span> <span class='ocrx_word' id='word_1_61' title='bbox 882 957 1146 1028; x_wconf 83' lang='grc' dir='ltr'><strong>ἀλήθειαν</strong></span> <span class='ocrx_word' id='word_1_62' title='bbox 1193 955 1472 1024; x_wconf 68' lang='grc' dir='ltr'><strong>ἐσοφίζου.</strong></span> <span class='ocrx_word' id='word_1_63' title='bbox 1508 953 1631 1007; x_wconf 82' lang='grc' dir='ltr'><strong>’Ὁτι</strong></span> <span class='ocrx_word' id='word_1_64' title='bbox 1663 951 1722 1005; x_wconf 71' lang='grc' dir='ltr'><strong>δὲ</strong></span> 
     </span>
    </p>
   </div>
   <div class='ocr_carea' id='block_1_11' title="bbox 117 1045 1726 1120">
    <p class='ocr_par' dir='ltr' id='par_1_11' title="bbox 117 1045 1726 1120">
     <span class='ocr_line' id='line_1_11' title="bbox 117 1045 1726 1120; baseline -0.001 -20"><span class='ocrx_word' id='word_1_65' title='bbox 117 1048 406 1118; x_wconf 81' lang='grc' dir='ltr'><strong>παράγων</strong></span> <span class='ocrx_word' id='word_1_66' title='bbox 437 1048 531 1101; x_wconf 79' lang='grc' dir='ltr'><strong>τὸν</strong></span> <span class='ocrx_word' id='word_1_67' title='bbox 561 1047 979 1120; x_wconf 77' lang='grc' dir='ltr'><strong>’Δλεξανδρείας</strong></span> <span class='ocrx_word' id='word_1_68' title='bbox 1001 1047 1282 1102; x_wconf 85' lang='grc' dir='ltr'><strong>Διονύσιον</strong></span> <span class='ocrx_word' id='word_1_69' title='bbox 1331 1046 1428 1100; x_wconf 78' lang='grc' dir='ltr'><strong>καὶ</strong></span> <span class='ocrx_word' id='word_1_70' title='bbox 1457 1045 1726 1101; x_wconf 69' lang='grc' dir='ltr'><strong>Μεθόδιον</strong></span> 
     </span>
    </p>
   </div>
   <div class='ocr_carea' id='block_1_12' title="bbox 120 1139 1726 1210">
    <p class='ocr_par' dir='ltr' id='par_1_12' title="bbox 120 1139 1726 1210">
     <span class='ocr_line' id='line_1_12' title="bbox 120 1139 1726 1210; baseline -0.001 -18"><span class='ocrx_word' id='word_1_71' title='bbox 120 1140 409 1210; x_wconf 76' lang='grc' dir='ltr'><strong>Πατάρων</strong></span> <span class='ocrx_word' id='word_1_72' title='bbox 439 1140 536 1194; x_wconf 76' lang='grc' dir='ltr'><strong>καὶ</strong></span> <span class='ocrx_word' id='word_1_73' title='bbox 560 1141 654 1194; x_wconf 75' lang='grc' dir='ltr'><strong>τὸν</strong></span> <span class='ocrx_word' id='word_1_74' title='bbox 680 1141 832 1195; x_wconf 75' lang='grc' dir='ltr'><strong>δεῖνα</strong></span> <span class='ocrx_word' id='word_1_75' title='bbox 863 1143 956 1195; x_wconf 80' lang='grc' dir='ltr'><strong>καὶ</strong></span> <span class='ocrx_word' id='word_1_76' title='bbox 981 1141 1134 1195; x_wconf 74' lang='grc' dir='ltr'><strong>δεῖνα</strong></span> <span class='ocrx_word' id='word_1_77' title='bbox 1163 1139 1279 1194; x_wconf 76' lang='grc' dir='ltr'><strong>ἐσθ’</strong></span> <span class='ocrx_word' id='word_1_78' title='bbox 1305 1140 1395 1193; x_wconf 85' lang='grc' dir='ltr'><strong>ὅτε</strong></span> <span class='ocrx_word' id='word_1_79' title='bbox 1440 1139 1540 1208; x_wconf 81' lang='grc' dir='ltr'><strong>τῆς</strong></span> <span class='ocrx_word' id='word_1_80' title='bbox 1567 1139 1726 1208; x_wconf 77' lang='grc' dir='ltr'><strong>ἀκρι-</strong></span> 
     </span>
    </p>
   </div>
   <div class='ocr_carea' id='block_1_13' title="bbox 121 1228 1728 1304">
    <p class='ocr_par' dir='ltr' id='par_1_13' title="bbox 121 1228 1728 1304">
     <span class='ocr_line' id='line_1_13' title="bbox 121 1228 1728 1304; baseline -0.001 -20"><span class='ocrx_word' id='word_1_81' title='bbox 121 1232 283 1296; x_wconf 76' lang='grc' dir='ltr'><strong>ϐείας</strong></span> <span class='ocrx_word' id='word_1_82' title='bbox 350 1233 776 1304; x_wconf 65' lang='grc' dir='ltr'><strong>Μρασυρέντας</strong></span> <span class='ocrx_word' id='word_1_83' title='bbox 831 1233 1005 1299; x_wconf 74' lang='grc' dir='ltr'><strong>ἀξιοῖς</strong></span> <span class='ocrx_word' id='word_1_84' title='bbox 1057 1233 1201 1288; x_wconf 79' lang='grc' dir='ltr'><strong>οὕτω</strong></span> <span class='ocrx_word' id='word_1_85' title='bbox 1263 1231 1578 1304; x_wconf 74' lang='grc' dir='ltr'><strong>ἡγήσασθαι</strong></span> <span class='ocrx_word' id='word_1_86' title='bbox 1631 1228 1728 1282; x_wconf 77' lang='grc' dir='ltr'><strong>καὶ</strong></span> 
     </span>
    </p>
   </div>
   <div class='ocr_carea' id='block_1_14' title="bbox 120 1312 1729 1396">
    <p class='ocr_par' dir='ltr' id='par_1_14' title="bbox 120 1312 1729 1396">
     <span class='ocr_line' id='line_1_14' title="bbox 120 1312 1729 1396; baseline -0.001 -18"><span class='ocrx_word' id='word_1_87' title='bbox 120 1326 492 1396; x_wconf 73' lang='grc' dir='ltr'><strong>Ἀμορόσιον,</strong></span> <span class='ocrx_word' id='word_1_88' title='bbox 531 1326 901 1396; x_wconf 81' lang='grc' dir='ltr'><strong>Αὐγουστῐνόν</strong></span> <span class='ocrx_word' id='word_1_89' title='bbox 928 1343 990 1380; x_wconf 87' lang='grc' dir='ltr'><strong>τε</strong></span> <span class='ocrx_word' id='word_1_90' title='bbox 1037 1328 1132 1380; x_wconf 74' lang='grc' dir='ltr'><strong>καὶ</strong></span> <span class='ocrx_word' id='word_1_91' title='bbox 1181 1312 1506 1396; x_wconf 82' lang='grc' dir='ltr'><strong>Ἱερώνυμον</strong></span> <span class='ocrx_word' id='word_1_92' title='bbox 1531 1325 1630 1393; x_wconf 82' lang='grc' dir='ltr'><strong>τὴν</strong></span> <span class='ocrx_word' id='word_1_93' title='bbox 1663 1325 1729 1376; x_wconf 80' lang='grc' dir='ltr'><strong>ἐκ</strong></span> 
     </span>
    </p>
   </div>
   <div class='ocr_carea' id='block_1_15' title="bbox 122 1413 1728 1488">
    <p class='ocr_par' dir='ltr' id='par_1_15' title="bbox 122 1413 1728 1488">
     <span class='ocr_line' id='line_1_15' title="bbox 122 1413 1728 1488; baseline -0.002 -18"><span class='ocrx_word' id='word_1_94' title='bbox 122 1416 223 1470; x_wconf 81' lang='grc' dir='ltr'><strong>τοῦ</strong></span> <span class='ocrx_word' id='word_1_95' title='bbox 275 1416 420 1471; x_wconf 79' lang='grc' dir='ltr'><strong>Υίοῦ</strong></span> <span class='ocrx_word' id='word_1_96' title='bbox 449 1416 780 1487; x_wconf 69' lang='grc' dir='ltr'><strong>θεώογῆσαι</strong></span> <span class='ocrx_word' id='word_1_97' title='bbox 806 1417 1143 1488; x_wconf 72' lang='grc' dir='ltr'><strong>ικπόρευσιν</strong></span> <span class='ocrx_word' id='word_1_98' title='bbox 1163 1433 1179 1450; x_wconf 88' lang='grc'><strong>·</strong></span> <span class='ocrx_word' id='word_1_99' title='bbox 1212 1416 1330 1471; x_wconf 83' lang='grc' dir='ltr'><strong>ἀλλ’</strong></span> <span class='ocrx_word' id='word_1_100' title='bbox 1377 1415 1615 1470; x_wconf 80' lang='grc' dir='ltr'><strong>ἐνταῦθα</strong></span> <span class='ocrx_word' id='word_1_101' title='bbox 1647 1413 1728 1483; x_wconf 74' lang='grc'><strong>(1)</strong></span> 
     </span>
    </p>
   </div>
   <div class='ocr_carea' id='block_1_16' title="bbox 125 1504 1732 1583">
    <p class='ocr_par' dir='ltr' id='par_1_16' title="bbox 125 1504 1732 1583">
     <span class='ocr_line' id='line_1_16' title="bbox 125 1504 1732 1583; baseline -0.001 -21"><span class='ocrx_word' id='word_1_102' title='bbox 125 1510 232 1564; x_wconf 63' lang='grc' dir='ltr'><strong>οὐκ</strong></span> <span class='ocrx_word' id='word_1_103' title='bbox 263 1507 562 1580; x_wconf 75' lang='grc' dir='ltr'><strong>ἀληθεύων</strong></span> <span class='ocrx_word' id='word_1_104' title='bbox 591 1507 740 1563; x_wconf 74' lang='grc' dir='ltr'><strong>οὕτω</strong></span> <span class='ocrx_word' id='word_1_105' title='bbox 777 1510 1036 1582; x_wconf 74' lang='grc' dir='ltr'><strong>φανήσῃο</strong></span> <span class='ocrx_word' id='word_1_106' title='bbox 1069 1504 1146 1564; x_wconf 81' lang='grc' dir='ltr'><strong>ὧν</strong></span> <span class='ocrx_word' id='word_1_107' title='bbox 1176 1511 1286 1583; x_wconf 76' lang='grc' dir='ltr'><strong>γὰρ</strong></span> <span class='ocrx_word' id='word_1_108' title='bbox 1327 1509 1502 1578; x_wconf 78' lang='grc' dir='ltr'><strong>ἁγίων</strong></span> <span class='ocrx_word' id='word_1_109' title='bbox 1539 1509 1732 1578; x_wconf 79' lang='grc' dir='ltr'><strong>ῥήσεις</strong></span> 
     </span>
    </p>
   </div>
   <div class='ocr_carea' id='block_1_17' title="bbox 128 1599 1729 1673">
    <p class='ocr_par' dir='ltr' id='par_1_17' title="bbox 128 1599 1729 1673">
     <span class='ocr_line' id='line_1_17' title="bbox 128 1599 1729 1673; baseline -0.002 -21"><span class='ocrx_word' id='word_1_110' title='bbox 128 1599 288 1662; x_wconf 68' lang='grc' dir='ltr'><strong>τινας</strong></span> <span class='ocrx_word' id='word_1_111' title='bbox 323 1601 430 1654; x_wconf 78' lang='grc' dir='ltr'><strong>οὐκ</strong></span> <span class='ocrx_word' id='word_1_112' title='bbox 458 1601 836 1672; x_wconf 81' lang='grc' dir='ltr'><strong>ἀποδεχθῆναι</strong></span> <span class='ocrx_word' id='word_1_113' title='bbox 867 1607 934 1673; x_wconf 72' lang='grc' dir='ltr'><strong>τῃ</strong></span> <span class='ocrx_word' id='word_1_114' title='bbox 961 1599 1272 1672; x_wconf 74' lang='grc' dir='ltr'><strong>Ἐκκλησία</strong></span> <span class='ocrx_word' id='word_1_115' title='bbox 1318 1599 1480 1670; x_wconf 73' lang='grc' dir='ltr'><strong>ἔφης,</strong></span> <span class='ocrx_word' id='word_1_116' title='bbox 1529 1599 1729 1667; x_wconf 71' lang='grc' dir='ltr'><strong>ἐπιση-</strong></span> 
     </span>
    </p>
   </div>
   <div class='ocr_carea' id='block_1_18' title="bbox 135 1689 1735 1763">
    <p class='ocr_par' dir='ltr' id='par_1_18' title="bbox 135 1689 1735 1763">
     <span class='ocr_line' id='line_1_18' title="bbox 135 1689 1735 1763; baseline -0.002 -18"><span class='ocrx_word' id='word_1_117' title='bbox 135 1689 427 1763; x_wconf 85' lang='grc' dir='ltr'><strong>μανθῆναι</strong></span> <span class='ocrx_word' id='word_1_118' title='bbox 479 1695 702 1758; x_wconf 81' lang='grc' dir='ltr'><strong>πάντως</strong></span> <span class='ocrx_word' id='word_1_119' title='bbox 751 1693 928 1758; x_wconf 72' lang='grc' dir='ltr'><strong>αὑτὰς</strong></span> <span class='ocrx_word' id='word_1_120' title='bbox 973 1695 1032 1747; x_wconf 79' lang='grc' dir='ltr'><strong>ὲν</strong></span> <span class='ocrx_word' id='word_1_121' title='bbox 1062 1696 1186 1758; x_wconf 76' lang='grc' dir='ltr'><strong>ταῖς</strong></span> <span class='ocrx_word' id='word_1_122' title='bbox 1246 1691 1735 1762; x_wconf 69' lang='grc' dir='ltr'><strong>ἐκκλησιαστικαῖς</strong></span> 
     </span>
    </p>
   </div>
   <div class='ocr_carea' id='block_1_19' title="bbox 133 1783 1736 1858">
    <p class='ocr_par' dir='ltr' id='par_1_19' title="bbox 133 1783 1736 1858">
     <span class='ocr_line' id='line_1_19' title="bbox 133 1783 1736 1858; baseline -0.002 -21"><span class='ocrx_word' id='word_1_123' title='bbox 133 1785 353 1852; x_wconf 80' lang='grc' dir='ltr'><strong>βίόλοις</strong></span> <span class='ocrx_word' id='word_1_124' title='bbox 380 1787 433 1839; x_wconf 78' lang='grc' dir='ltr'><strong>οἱ</strong></span> <span class='ocrx_word' id='word_1_125' title='bbox 471 1789 540 1842; x_wconf 73' lang='grc' dir='ltr'><strong>τὰ</strong></span> <span class='ocrx_word' id='word_1_126' title='bbox 564 1787 996 1858; x_wconf 75' lang='grc' dir='ltr'><strong>ὲκκλησιαστικὰ</strong></span> <span class='ocrx_word' id='word_1_127' title='bbox 1027 1785 1370 1858; x_wconf 74' lang='grc' dir='ltr'><strong>ἱστοροῦντες</strong></span> <span class='ocrx_word' id='word_1_128' title='bbox 1402 1784 1573 1849; x_wconf 77' lang='grc' dir='ltr'><strong>ἴσασι,</strong></span> <span class='ocrx_word' id='word_1_129' title='bbox 1605 1783 1736 1836; x_wconf 77' lang='grc' dir='ltr'><strong>κάν-</strong></span> 
     </span>
    </p>
   </div>
   <div class='ocr_carea' id='block_1_20' title="bbox 130 1851 1807 1950">
    <p class='ocr_par' dir='ltr' id='par_1_20' title="bbox 130 1851 1807 1950">
     <span class='ocr_line' id='line_1_20' title="bbox 130 1851 1807 1950; baseline 0 -22"><span class='ocrx_word' id='word_1_130' title='bbox 130 1851 340 1930; x_wconf 80' lang='grc' dir='ltr'><strong>τεῦθεν</strong></span> <span class='ocrx_word' id='word_1_131' title='bbox 359 1877 423 1931; x_wconf 77' lang='grc' dir='ltr'><strong>τὸ</strong></span> <span class='ocrx_word' id='word_1_132' title='bbox 457 1851 851 1950; x_wconf 62' lang='grc' dir='ltr'><strong>παωσυρῆναι</strong></span> <span class='ocrx_word' id='word_1_133' title='bbox 885 1882 988 1950; x_wconf 79' lang='grc' dir='ltr'><strong>τῆς</strong></span> <span class='ocrx_word' id='word_1_134' title='bbox 1017 1851 1310 1950; x_wconf 65' lang='grc' dir='ltr'><strong>ἀκριϐείας</strong></span> <span class='ocrx_word' id='word_1_135' title='bbox 1355 1877 1606 1937; x_wconf 75' lang='grc' dir='ltr'><strong>ἐκείνους</strong></span> <span class='ocrx_word' id='word_1_136' title='bbox 1636 1874 1733 1944; x_wconf 77' lang='grc' dir='ltr'><strong>γέο</strong></span> <span class='ocrx_word' id='word_1_137' title='bbox 1757 1851 1807 1914; x_wconf 73' lang='grc' dir='ltr'><strong>Β</strong></span> 
     </span>
    </p>
   </div>
   <div class='ocr_carea' id='block_1_21' title="bbox 135 1967 1736 2043">
    <p class='ocr_par' dir='ltr' id='par_1_21' title="bbox 135 1967 1736 2043">
     <span class='ocr_line' id='line_1_21' title="bbox 135 1967 1736 2043; baseline 0.007 -25"><span class='ocrx_word' id='word_1_138' title='bbox 135 1984 267 2034; x_wconf 81' lang='grc' dir='ltr'><strong>γονε</strong></span> <span class='ocrx_word' id='word_1_139' title='bbox 289 1968 481 2038; x_wconf 84' lang='grc' dir='ltr'><strong>δῆλον.</strong></span> <span class='ocrx_word' id='word_1_140' title='bbox 513 1971 577 2023; x_wconf 74' lang='lat' dir='ltr'><strong>Et</strong></span> <span class='ocrx_word' id='word_1_141' title='bbox 607 1971 745 2040; x_wconf 84' lang='grc' dir='ltr'><strong>γοῦν</strong></span> <span class='ocrx_word' id='word_1_142' title='bbox 775 1972 872 2026; x_wconf 86' lang='grc' dir='ltr'><strong>καὶ</strong></span> <span class='ocrx_word' id='word_1_143' title='bbox 901 1973 1031 2035; x_wconf 85' lang='grc' dir='ltr'><strong>τοὺς</strong></span> <span class='ocrx_word' id='word_1_144' title='bbox 1063 1974 1150 2043; x_wconf 52' lang='grc' dir='ltr'><strong>ρη(</strong></span> <span class='ocrx_word' id='word_1_145' title='bbox 1169 1971 1328 2034; x_wconf 71' lang='grc' dir='ltr'><strong>ἐντας</strong></span> <span class='ocrx_word' id='word_1_146' title='bbox 1363 1968 1616 2040; x_wconf 72' lang='grc' dir='ltr'><strong>Πατέρας</strong></span> <span class='ocrx_word' id='word_1_147' title='bbox 1635 1967 1736 2038; x_wconf 78' lang='grc' dir='ltr'><strong>τῆς</strong></span> 
     </span>
    </p>
   </div>
   <div class='ocr_carea' id='block_1_22' title="bbox 147 2059 1737 2136">
    <p class='ocr_par' dir='ltr' id='par_1_22' title="bbox 147 2059 1737 2136">
     <span class='ocr_line' id='line_1_22' title="bbox 147 2059 1737 2136; baseline 0.008 -24"><span class='ocrx_word' id='word_1_148' title='bbox 147 2059 486 2131; x_wconf 76' lang='grc' dir='ltr'><strong>Ῥωμαῖκῆς</strong></span> <span class='ocrx_word' id='word_1_149' title='bbox 524 2061 860 2135; x_wconf 82' lang='grc' dir='ltr'><strong>Ἐκκλησίας</strong></span> <span class='ocrx_word' id='word_1_150' title='bbox 895 2066 1287 2136; x_wconf 83' lang='grc' dir='ltr'><strong>παρασυρῆναι</strong></span> <span class='ocrx_word' id='word_1_151' title='bbox 1318 2065 1418 2135; x_wconf 78' lang='grc' dir='ltr'><strong>τῆς</strong></span> <span class='ocrx_word' id='word_1_152' title='bbox 1445 2061 1737 2134; x_wconf 73' lang='grc' dir='ltr'><strong>ἀκριϐείας</strong></span> 
     </span>
    </p>
   </div>
   <div class='ocr_carea' id='block_1_23' title="bbox 136 2153 1738 2228">
    <p class='ocr_par' dir='ltr' id='par_1_23' title="bbox 136 2153 1738 2228">
     <span class='ocr_line' id='line_1_23' title="bbox 136 2153 1738 2228; baseline 0.001 -22"><span class='ocrx_word' id='word_1_153' title='bbox 136 2153 382 2220; x_wconf 77' lang='grc' dir='ltr'><strong>διέγνων</strong></span> <span class='ocrx_word' id='word_1_154' title='bbox 416 2155 472 2208; x_wconf 75' lang='grc' dir='ltr'><strong>οἷ</strong></span> <span class='ocrx_word' id='word_1_155' title='bbox 494 2172 552 2209; x_wconf 88' lang='grc' dir='ltr'><strong>τε</strong></span> <span class='ocrx_word' id='word_1_156' title='bbox 583 2156 736 2212; x_wconf 73' lang='grc' dir='ltr'><strong>ἄλλοι</strong></span> <span class='ocrx_word' id='word_1_157' title='bbox 764 2157 867 2227; x_wconf 84' lang='grc' dir='ltr'><strong>τῆς</strong></span> <span class='ocrx_word' id='word_1_158' title='bbox 910 2157 1232 2228; x_wconf 80' lang='grc' dir='ltr'><strong>Ῥωμαϊκῆς</strong></span> <span class='ocrx_word' id='word_1_159' title='bbox 1257 2155 1592 2226; x_wconf 83' lang='grc' dir='ltr'><strong>Ἐκκλησίας</strong></span> <span class='ocrx_word' id='word_1_160' title='bbox 1621 2155 1738 2208; x_wconf 85' lang='grc' dir='ltr'><strong>Πα-</strong></span> 
     </span>
    </p>
   </div>
   <div class='ocr_carea' id='block_1_24' title="bbox 135 2245 1743 2320">
    <p class='ocr_par' dir='ltr' id='par_1_24' title="bbox 135 2245 1743 2320">
     <span class='ocr_line' id='line_1_24' title="bbox 135 2245 1743 2320; baseline 0.002 -24"><span class='ocrx_word' id='word_1_161' title='bbox 135 2246 333 2315; x_wconf 84' lang='grc' dir='ltr'><strong>τὲρες,</strong></span> <span class='ocrx_word' id='word_1_162' title='bbox 365 2245 464 2310; x_wconf 71' lang='grc' dir='ltr'><strong>οὓς</strong></span> <span class='ocrx_word' id='word_1_163' title='bbox 498 2247 726 2312; x_wconf 77' lang='grc' dir='ltr'><strong>πολλοὺς</strong></span> <span class='ocrx_word' id='word_1_164' title='bbox 756 2251 852 2304; x_wconf 79' lang='grc' dir='ltr'><strong>καὶ</strong></span> <span class='ocrx_word' id='word_1_165' title='bbox 885 2250 1158 2320; x_wconf 79' lang='grc' dir='ltr'><strong>μεγάλους</strong></span> <span class='ocrx_word' id='word_1_166' title='bbox 1189 2252 1218 2303; x_wconf 82' lang='grc' dir='ltr'><strong><em>ὁ</em></strong></span> <span class='ocrx_word' id='word_1_167' title='bbox 1249 2249 1373 2303; x_wconf 82' lang='grc' dir='ltr'><strong>τότε</strong></span> <span class='ocrx_word' id='word_1_168' title='bbox 1417 2249 1610 2319; x_wconf 80' lang='grc' dir='ltr'><strong>χρόνος</strong></span> <span class='ocrx_word' id='word_1_169' title='bbox 1645 2247 1743 2300; x_wconf 78' lang='grc' dir='ltr'><strong>ἁν-</strong></span> 
     </span>
    </p>
   </div>
   <div class='ocr_carea' id='block_1_25' title="bbox 143 2335 1740 2412">
    <p class='ocr_par' dir='ltr' id='par_1_25' title="bbox 143 2335 1740 2412">
     <span class='ocr_line' id='line_1_25' title="bbox 143 2335 1740 2412; baseline 0.003 -25"><span class='ocrx_word' id='word_1_170' title='bbox 143 2335 385 2400; x_wconf 77' lang='grc' dir='ltr'><strong>ἐδειξεν,</strong></span> <span class='ocrx_word' id='word_1_171' title='bbox 424 2337 480 2390; x_wconf 77' lang='grc' dir='ltr'><strong>οἵ</strong></span> <span class='ocrx_word' id='word_1_172' title='bbox 511 2355 570 2391; x_wconf 88' lang='grc' dir='ltr'><strong>τε</strong></span> <span class='ocrx_word' id='word_1_173' title='bbox 604 2340 707 2409; x_wconf 80' lang='grc' dir='ltr'><strong>τῆς</strong></span> <span class='ocrx_word' id='word_1_174' title='bbox 754 2341 1033 2412; x_wconf 74' lang='grc' dir='ltr'><strong>ἡμετέρας</strong></span> <span class='ocrx_word' id='word_1_175' title='bbox 1065 2339 1402 2410; x_wconf 86' lang='grc' dir='ltr'><strong>Ἐκκλησίας</strong></span> <span class='ocrx_word' id='word_1_176' title='bbox 1426 2338 1740 2408; x_wconf 81' lang='grc' dir='ltr'><strong>φωστῆρες,</strong></span> 
     </span>
    </p>
   </div>
   <div class='ocr_carea' id='block_1_26' title="bbox 143 2419 1745 2502">
    <p class='ocr_par' dir='ltr' id='par_1_26' title="bbox 143 2419 1745 2502">
     <span class='ocr_line' id='line_1_26' title="bbox 143 2419 1745 2502; baseline 0.003 -26"><span class='ocrx_word' id='word_1_177' title='bbox 143 2419 227 2488; x_wconf 73' lang='grc' dir='ltr'><strong>οἷς</strong></span> <span class='ocrx_word' id='word_1_178' title='bbox 258 2425 343 2495; x_wconf 75' lang='grc'><strong>(2)</strong></span> <span class='ocrx_word' id='word_1_179' title='bbox 377 2427 413 2498; x_wconf 85' lang='grc' dir='ltr'><strong>ή</strong></span> <span class='ocrx_word' id='word_1_180' title='bbox 437 2427 545 2484; x_wconf 84' lang='grc' dir='ltr'><strong>τῶν</strong></span> <span class='ocrx_word' id='word_1_181' title='bbox 573 2429 917 2498; x_wconf 82' lang='grc' dir='ltr'><strong>Ἐκκλησιῶν</strong></span> <span class='ocrx_word' id='word_1_182' title='bbox 937 2431 1060 2484; x_wconf 79' lang='grc' dir='ltr'><strong>τότε</strong></span> <span class='ocrx_word' id='word_1_183' title='bbox 1082 2431 1364 2502; x_wconf 78' lang='grc' dir='ltr'><strong>ἠσπάζετο</strong></span> <span class='ocrx_word' id='word_1_184' title='bbox 1391 2429 1610 2492; x_wconf 71' lang='grc' dir='ltr'><strong>ἓνωσις,</strong></span> <span class='ocrx_word' id='word_1_185' title='bbox 1641 2428 1745 2482; x_wconf 80' lang='grc' dir='ltr'><strong>οὐκ</strong></span> 
     </span>
    </p>
   </div>
   <div class='ocr_carea' id='block_1_27' title="bbox 1817 579 3404 659">
    <p class='ocr_par' dir='ltr' id='par_1_27' title="bbox 1817 579 3404 659">
     <span class='ocr_line' id='line_1_27' title="bbox 1817 579 3404 659; baseline -0.006 -17"><span class='ocrx_word' id='word_1_186' title='bbox 1817 583 2374 659; x_wconf 72' lang='lat' dir='ltr'><strong>generari,ejustnodi</strong></span> <span class='ocrx_word' id='word_1_187' title='bbox 2403 582 2610 640; x_wconf 78' lang='lat' dir='ltr'><strong>emotae</strong></span> <span class='ocrx_word' id='word_1_188' title='bbox 2671 580 3006 636; x_wconf 78' lang='lat' dir='ltr'><strong>dill‘erentias</strong></span> <span class='ocrx_word' id='word_1_189' title='bbox 3062 581 3128 634; x_wconf 89' lang='lat' dir='ltr'><strong>ad</strong></span> <span class='ocrx_word' id='word_1_190' title='bbox 3172 579 3404 634; x_wconf 85' lang='lat' dir='ltr'><strong>nihilum</strong></span> 
     </span>
    </p>
   </div>
   <div class='ocr_carea' id='block_1_28' title="bbox 1819 673 3408 752">
    <p class='ocr_par' dir='ltr' id='par_1_28' title="bbox 1819 673 3408 752">
     <span class='ocr_line' id='line_1_28' title="bbox 1819 673 3408 752; baseline -0.006 -16"><span class='ocrx_word' id='word_1_191' title='bbox 1819 681 2096 752; x_wconf 88' lang='lat' dir='ltr'><strong>redigunt.</strong></span> <span class='ocrx_word' id='word_1_192' title='bbox 2128 679 2193 733; x_wconf 86' lang='lat' dir='ltr'><strong>Et</strong></span> <span class='ocrx_word' id='word_1_193' title='bbox 2244 679 2381 734; x_wconf 87' lang='lat' dir='ltr'><strong>bene</strong></span> <span class='ocrx_word' id='word_1_194' title='bbox 2407 692 2545 732; x_wconf 92' lang='lat' dir='ltr'><strong>sane</strong></span> <span class='ocrx_word' id='word_1_195' title='bbox 2572 675 2794 733; x_wconf 74' lang='lat' dir='ltr'><strong>fecisses</strong></span> <span class='ocrx_word' id='word_1_196' title='bbox 2827 683 2883 730; x_wconf 89' lang='lat' dir='ltr'><strong>et</strong></span> <span class='ocrx_word' id='word_1_197' title='bbox 2905 685 2983 741; x_wconf 89' lang='lat' dir='ltr'><strong>tu,</strong></span> <span class='ocrx_word' id='word_1_198' title='bbox 3013 673 3060 728; x_wconf 88' lang='lat' dir='ltr'><strong>si</strong></span> <span class='ocrx_word' id='word_1_199' title='bbox 3087 687 3195 728; x_wconf 89' lang='lat' dir='ltr'><strong>non</strong></span> <span class='ocrx_word' id='word_1_200' title='bbox 3225 673 3408 728; x_wconf 86' lang='lat' dir='ltr'><strong>inania</strong></span> 
     </span>
    </p>
   </div>
   <div class='ocr_carea' id='block_1_29' title="bbox 1821 765 3412 842">
    <p class='ocr_par' dir='ltr' id='par_1_29' title="bbox 1821 765 3412 842">
     <span class='ocr_line' id='line_1_29' title="bbox 1821 765 3412 842; baseline -0.006 -14"><span class='ocrx_word' id='word_1_201' title='bbox 1821 773 2158 842; x_wconf 90' lang='lat' dir='ltr'><strong>sophismata</strong></span> <span class='ocrx_word' id='word_1_202' title='bbox 2193 781 2389 827; x_wconf 90' lang='lat' dir='ltr'><strong>contra</strong></span> <span class='ocrx_word' id='word_1_203' title='bbox 2432 771 2716 825; x_wconf 73' lang='lat' dir='ltr'><strong>veritatem</strong></span> <span class='ocrx_word' id='word_1_204' title='bbox 2750 767 3180 824; x_wconf 78' lang='lat' dir='ltr'><strong>construxisses.</strong></span> <span class='ocrx_word' id='word_1_205' title='bbox 3227 765 3412 824; x_wconf 82' lang='lat' dir='ltr'><strong>Addu-</strong></span> 
     </span>
    </p>
   </div>
   <div class='ocr_carea' id='block_1_30' title="bbox 1821 859 3409 934">
    <p class='ocr_par' dir='ltr' id='par_1_30' title="bbox 1821 859 3409 934">
     <span class='ocr_line' id='line_1_30' title="bbox 1821 859 3409 934; baseline -0.005 -14"><span class='ocrx_word' id='word_1_206' title='bbox 1821 865 1905 920; x_wconf 91' lang='lat' dir='ltr'><strong>cis</strong></span> <span class='ocrx_word' id='word_1_207' title='bbox 1929 873 2114 919; x_wconf 89' lang='lat' dir='ltr'><strong>autem</strong></span> <span class='ocrx_word' id='word_1_208' title='bbox 2142 863 2570 918; x_wconf 80' lang='lat' dir='ltr'><strong>Alexandrinum</strong></span> <span class='ocrx_word' id='word_1_209' title='bbox 2607 860 2928 934; x_wconf 82' lang='lat' dir='ltr'><strong>Dionysium</strong></span> <span class='ocrx_word' id='word_1_210' title='bbox 2972 869 3026 916; x_wconf 89' lang='lat' dir='ltr'><strong>et</strong></span> <span class='ocrx_word' id='word_1_211' title='bbox 3057 859 3409 921; x_wconf 80' lang='lat' dir='ltr'><strong>Patarensem</strong></span> 
     </span>
    </p>
   </div>
   <div class='ocr_carea' id='block_1_31' title="bbox 1825 951 3416 1024">
    <p class='ocr_par' dir='ltr' id='par_1_31' title="bbox 1825 951 3416 1024">
     <span class='ocr_line' id='line_1_31' title="bbox 1825 951 3416 1024; baseline -0.003 -14"><span class='ocrx_word' id='word_1_212' title='bbox 1825 955 2156 1010; x_wconf 77' lang='lat' dir='ltr'><strong>Methodium</strong></span> <span class='ocrx_word' id='word_1_213' title='bbox 2180 965 2235 1008; x_wconf 89' lang='lat' dir='ltr'><strong>et</strong></span> <span class='ocrx_word' id='word_1_214' title='bbox 2275 955 2436 1009; x_wconf 90' lang='lat' dir='ltr'><strong>talem</strong></span> <span class='ocrx_word' id='word_1_215' title='bbox 2467 965 2521 1009; x_wconf 91' lang='lat' dir='ltr'><strong>et</strong></span> <span class='ocrx_word' id='word_1_216' title='bbox 2551 955 2738 1021; x_wconf 83' lang='lat' dir='ltr'><strong>talem,</strong></span> <span class='ocrx_word' id='word_1_217' title='bbox 2772 955 2865 1024; x_wconf 87' lang='lat' dir='ltr'><strong>qui</strong></span> <span class='ocrx_word' id='word_1_218' title='bbox 2908 953 3206 1024; x_wconf 84' lang='lat' dir='ltr'><strong>aliquando</strong></span> <span class='ocrx_word' id='word_1_219' title='bbox 3227 951 3295 1006; x_wconf 86' lang='lat' dir='ltr'><strong>ab</strong></span> <span class='ocrx_word' id='word_1_220' title='bbox 3320 967 3416 1006; x_wconf 87' lang='lat' dir='ltr'><strong>ac-</strong></span> 
     </span>
    </p>
   </div>
   <div class='ocr_carea' id='block_1_32' title="bbox 1824 1046 3416 1120">
    <p class='ocr_par' dir='ltr' id='par_1_32' title="bbox 1824 1046 3416 1120">
     <span class='ocr_line' id='line_1_32' title="bbox 1824 1046 3416 1120; baseline -0.004 -14"><span class='ocrx_word' id='word_1_221' title='bbox 1824 1062 2016 1106; x_wconf 88' lang='lat' dir='ltr'><strong>curata</strong></span> <span class='ocrx_word' id='word_1_222' title='bbox 2076 1048 2509 1120; x_wconf 88' lang='lat' dir='ltr'><strong>theologicarum</strong></span> <span class='ocrx_word' id='word_1_223' title='bbox 2555 1064 2736 1104; x_wconf 85' lang='lat' dir='ltr'><strong>rerum</strong></span> <span class='ocrx_word' id='word_1_224' title='bbox 2773 1048 2969 1105; x_wconf 81' lang='lat' dir='ltr'><strong>notitia</strong></span> <span class='ocrx_word' id='word_1_225' title='bbox 2999 1046 3326 1109; x_wconf 81' lang='lat' dir='ltr'><strong>exciderint.</strong></span> <span class='ocrx_word' id='word_1_226' title='bbox 3361 1054 3416 1100; x_wconf 87' lang='lat' dir='ltr'><strong>ct</strong></span> 
     </span>
    </p>
   </div>
   <div class='ocr_carea' id='block_1_33' title="bbox 1827 1141 3414 1212">
    <p class='ocr_par' dir='ltr' id='par_1_33' title="bbox 1827 1141 3414 1212">
     <span class='ocr_line' id='line_1_33' title="bbox 1827 1141 3414 1212; baseline -0.008 -8"><span class='ocrx_word' id='word_1_227' title='bbox 1827 1143 2182 1204; x_wconf 87' lang='lat' dir='ltr'><strong>statuendum</strong></span> <span class='ocrx_word' id='word_1_228' title='bbox 2241 1156 2364 1198; x_wconf 85' lang='lat' dir='ltr'><strong>esse</strong></span> <span class='ocrx_word' id='word_1_229' title='bbox 2417 1141 2687 1212; x_wconf 63' lang='lat' dir='ltr'><strong>pracipis,</strong></span> <span class='ocrx_word' id='word_1_230' title='bbox 2735 1142 2928 1198; x_wconf 87' lang='lat' dir='ltr'><strong>eodem</strong></span> <span class='ocrx_word' id='word_1_231' title='bbox 2981 1155 3203 1211; x_wconf 89' lang='lat' dir='ltr'><strong>quoque</strong></span> <span class='ocrx_word' id='word_1_232' title='bbox 3255 1145 3414 1207; x_wconf 82' lang='lat' dir='ltr'><strong>pacto</strong></span> 
     </span>
    </p>
   </div>
   <div class='ocr_carea' id='block_1_34' title="bbox 1827 1233 3416 1304">
    <p class='ocr_par' dir='ltr' id='par_1_34' title="bbox 1827 1233 3416 1304">
     <span class='ocr_line' id='line_1_34' title="bbox 1827 1233 3416 1304; baseline -0.008 -8"><span class='ocrx_word' id='word_1_233' title='bbox 1827 1237 2203 1303; x_wconf 81' lang='lat' dir='ltr'><strong>Ambrosium,</strong></span> <span class='ocrx_word' id='word_1_234' title='bbox 2227 1235 2598 1304; x_wconf 82' lang='lat' dir='ltr'><strong>Augustinum</strong></span> <span class='ocrx_word' id='word_1_235' title='bbox 2637 1244 2800 1304; x_wconf 85' lang='lat' dir='ltr'><strong>atque</strong></span> <span class='ocrx_word' id='word_1_236' title='bbox 2853 1233 3244 1303; x_wconf 83' lang='lat' dir='ltr'><strong>Hieronymum</strong></span> <span class='ocrx_word' id='word_1_237' title='bbox 3287 1245 3416 1300; x_wconf 81' lang='lat' dir='ltr'><strong>pro-</strong></span> 
     </span>
    </p>
   </div>
   <div class='ocr_carea' id='block_1_35' title="bbox 1829 1325 3416 1388">
    <p class='ocr_par' dir='ltr' id='par_1_35' title="bbox 1829 1325 3416 1388">
     <span class='ocr_line' id='line_1_35' title="bbox 1829 1325 3416 1388; baseline -0.006 0"><span class='ocrx_word' id='word_1_238' title='bbox 1829 1330 2134 1388; x_wconf 84' lang='lat' dir='ltr'><strong>cessionem</strong></span> <span class='ocrx_word' id='word_1_239' title='bbox 2171 1345 2236 1386; x_wconf 80' lang='lat' dir='ltr'><strong>ex</strong></span> <span class='ocrx_word' id='word_1_240' title='bbox 2263 1329 2404 1384; x_wconf 87' lang='lat' dir='ltr'><strong>Filio</strong></span> <span class='ocrx_word' id='word_1_241' title='bbox 2425 1328 2704 1385; x_wconf 84' lang='lat' dir='ltr'><strong>docuisse.</strong></span> <span class='ocrx_word' id='word_1_242' title='bbox 2759 1328 2868 1385; x_wconf 86' lang='lat' dir='ltr'><strong>Sed</strong></span> <span class='ocrx_word' id='word_1_243' title='bbox 2897 1327 3038 1381; x_wconf 87' lang='lat' dir='ltr'><strong>haud</strong></span> <span class='ocrx_word' id='word_1_244' title='bbox 3076 1341 3203 1380; x_wconf 84' lang='lat' dir='ltr'><strong>vera</strong></span> <span class='ocrx_word' id='word_1_245' title='bbox 3227 1325 3416 1380; x_wconf 88' lang='lat' dir='ltr'><strong>dicens</strong></span> 
     </span>
    </p>
   </div>
   <div class='ocr_carea' id='block_1_36' title="bbox 1830 1417 3416 1488">
    <p class='ocr_par' dir='ltr' id='par_1_36' title="bbox 1830 1417 3416 1488">
     <span class='ocr_line' id='line_1_36' title="bbox 1830 1417 3416 1488; baseline -0.006 -10"><span class='ocrx_word' id='word_1_246' title='bbox 1830 1423 2030 1478; x_wconf 75' lang='lat' dir='ltr'><strong>exinde</strong></span> <span class='ocrx_word' id='word_1_247' title='bbox 2061 1421 2526 1478; x_wconf 82' lang='lat' dir='ltr'><strong>manifestaberis.</strong></span> <span class='ocrx_word' id='word_1_248' title='bbox 2577 1419 2826 1488; x_wconf 87' lang='lat' dir='ltr'><strong>Quorum</strong></span> <span class='ocrx_word' id='word_1_249' title='bbox 2883 1419 3032 1474; x_wconf 86' lang='lat' dir='ltr'><strong>enim</strong></span> <span class='ocrx_word' id='word_1_250' title='bbox 3086 1417 3416 1474; x_wconf 88' lang='lat' dir='ltr'><strong>Sanctorum</strong></span> 
     </span>
    </p>
   </div>
   <div class='ocr_carea' id='block_1_37' title="bbox 1832 1507 3418 1583">
    <p class='ocr_par' dir='ltr' id='par_1_37' title="bbox 1832 1507 3418 1583">
     <span class='ocr_line' id='line_1_37' title="bbox 1832 1507 3418 1583; baseline -0.008 -9"><span class='ocrx_word' id='word_1_251' title='bbox 1832 1513 1976 1574; x_wconf 85' lang='lat' dir='ltr'><strong>dicta</strong></span> <span class='ocrx_word' id='word_1_252' title='bbox 2030 1511 2280 1583; x_wconf 65' lang='lat' dir='ltr'><strong>quaedam</strong></span> <span class='ocrx_word' id='word_1_253' title='bbox 2317 1511 2618 1568; x_wconf 89' lang='lat' dir='ltr'><strong>Ecclesiam</strong></span> <span class='ocrx_word' id='word_1_254' title='bbox 2677 1526 2784 1570; x_wconf 87' lang='lat' dir='ltr'><strong>non</strong></span> <span class='ocrx_word' id='word_1_255' title='bbox 2851 1509 3120 1579; x_wconf 81' lang='lat' dir='ltr'><strong>recepisse</strong></span> <span class='ocrx_word' id='word_1_256' title='bbox 3144 1507 3304 1572; x_wconf 84' lang='lat' dir='ltr'><strong>dicis,</strong></span> <span class='ocrx_word' id='word_1_257' title='bbox 3353 1520 3418 1562; x_wconf 86' lang='lat' dir='ltr'><strong>ea</strong></span> 
     </span>
    </p>
   </div>
   <div class='ocr_carea' id='block_1_38' title="bbox 1836 1603 3419 1673">
    <p class='ocr_par' dir='ltr' id='par_1_38' title="bbox 1836 1603 3419 1673">
     <span class='ocr_line' id='line_1_38' title="bbox 1836 1603 3419 1673; baseline -0.006 -9"><span class='ocrx_word' id='word_1_258' title='bbox 1836 1607 2021 1664; x_wconf 86' lang='lat' dir='ltr'><strong>omnia</strong></span> <span class='ocrx_word' id='word_1_259' title='bbox 2061 1607 2115 1663; x_wconf 88' lang='lat' dir='ltr'><strong>in</strong></span> <span class='ocrx_word' id='word_1_260' title='bbox 2169 1606 2564 1663; x_wconf 82' lang='lat' dir='ltr'><strong>ecclesiasticis</strong></span> <span class='ocrx_word' id='word_1_261' title='bbox 2589 1604 2962 1660; x_wconf 80' lang='lat' dir='ltr'><strong>voluminibus</strong></span> <span class='ocrx_word' id='word_1_262' title='bbox 2997 1603 3284 1673; x_wconf 87' lang='lat' dir='ltr'><strong>obsignata</strong></span> <span class='ocrx_word' id='word_1_263' title='bbox 3319 1615 3419 1656; x_wconf 55' lang='lat' dir='ltr'><strong>nov</strong></span> 
     </span>
    </p>
   </div>
   <div class='ocr_carea' id='block_1_39' title="bbox 1834 1693 3423 1774">
    <p class='ocr_par' dir='ltr' id='par_1_39' title="bbox 1834 1693 3423 1774">
     <span class='ocr_line' id='line_1_39' title="bbox 1834 1693 3423 1774; baseline -0.009 -12"><span class='ocrx_word' id='word_1_264' title='bbox 1834 1714 1988 1770; x_wconf 87' lang='lat' dir='ltr'><strong>runt,</strong></span> <span class='ocrx_word' id='word_1_265' title='bbox 2023 1705 2118 1774; x_wconf 81' lang='lat' dir='ltr'><strong>qui</strong></span> <span class='ocrx_word' id='word_1_266' title='bbox 2184 1717 2274 1758; x_wconf 83' lang='lat' dir='ltr'><strong>res</strong></span> <span class='ocrx_word' id='word_1_267' title='bbox 2314 1698 2722 1758; x_wconf 87' lang='lat' dir='ltr'><strong>ecclesiasticas</strong></span> <span class='ocrx_word' id='word_1_268' title='bbox 2793 1703 3150 1768; x_wconf 87' lang='lat' dir='ltr'><strong>pertractant,</strong></span> <span class='ocrx_word' id='word_1_269' title='bbox 3187 1693 3423 1763; x_wconf 84' lang='lat' dir='ltr'><strong>indeque</strong></span> 
     </span>
    </p>
   </div>
   <div class='ocr_carea' id='block_1_40' title="bbox 1837 1784 3422 1867">
    <p class='ocr_par' dir='ltr' id='par_1_40' title="bbox 1837 1784 3422 1867">
     <span class='ocr_line' id='line_1_40' title="bbox 1837 1784 3422 1867; baseline -0.009 -15"><span class='ocrx_word' id='word_1_270' title='bbox 1837 1811 1932 1852; x_wconf 83' lang='lat' dir='ltr'><strong>eos</strong></span> <span class='ocrx_word' id='word_1_271' title='bbox 1976 1793 2046 1850; x_wconf 89' lang='lat' dir='ltr'><strong>ab</strong></span> <span class='ocrx_word' id='word_1_272' title='bbox 2093 1801 2356 1850; x_wconf 87' lang='lat' dir='ltr'><strong>accurata</strong></span> <span class='ocrx_word' id='word_1_273' title='bbox 2393 1806 2574 1867; x_wconf 87' lang='lat' dir='ltr'><strong>rerum</strong></span> <span class='ocrx_word' id='word_1_274' title='bbox 2622 1790 2818 1846; x_wconf 88' lang='lat' dir='ltr'><strong>notitia</strong></span> <span class='ocrx_word' id='word_1_275' title='bbox 2847 1789 3125 1845; x_wconf 78' lang='lat' dir='ltr'><strong>excidisse</strong></span> <span class='ocrx_word' id='word_1_276' title='bbox 3168 1784 3422 1841; x_wconf 90' lang='lat' dir='ltr'><strong>innotuit.</strong></span> 
     </span>
    </p>
   </div>
   <div class='ocr_carea' id='block_1_41' title="bbox 1840 1875 3426 1955">
    <p class='ocr_par' dir='ltr' id='par_1_41' title="bbox 1840 1875 3426 1955">
     <span class='ocr_line' id='line_1_41' title="bbox 1840 1875 3426 1955; baseline -0.006 -15"><span class='ocrx_word' id='word_1_277' title='bbox 1840 1883 1898 1940; x_wconf 88' lang='lat' dir='ltr'><strong>Si</strong></span> <span class='ocrx_word' id='word_1_278' title='bbox 1933 1886 2120 1955; x_wconf 88' lang='lat' dir='ltr'><strong>itaque</strong></span> <span class='ocrx_word' id='word_1_279' title='bbox 2152 1893 2206 1940; x_wconf 89' lang='lat' dir='ltr'><strong>et</strong></span> <span class='ocrx_word' id='word_1_280' title='bbox 2233 1885 2493 1951; x_wconf 70' lang='lat' dir='ltr'><strong>allegatos</strong></span> <span class='ocrx_word' id='word_1_281' title='bbox 2526 1880 2792 1938; x_wconf 65' lang='lat' dir='ltr'><strong>Romana:</strong></span> <span class='ocrx_word' id='word_1_282' title='bbox 2839 1879 3094 1936; x_wconf 79' lang='lat' dir='ltr'><strong>Ecclesiae</strong></span> <span class='ocrx_word' id='word_1_283' title='bbox 3133 1875 3322 1932; x_wconf 84' lang='lat' dir='ltr'><strong>Patres</strong></span> <span class='ocrx_word' id='word_1_284' title='bbox 3358 1875 3426 1930; x_wconf 86' lang='lat' dir='ltr'><strong>ab</strong></span> 
     </span>
    </p>
   </div>
   <div class='ocr_carea' id='block_1_42' title="bbox 1839 1955 3431 2047">
    <p class='ocr_par' dir='ltr' id='par_1_42' title="bbox 1839 1955 3431 2047">
     <span class='ocr_line' id='line_1_42' title="bbox 1839 1955 3431 2047; baseline -0.008 -13"><span class='ocrx_word' id='word_1_285' title='bbox 1839 1987 2101 2034; x_wconf 84' lang='lat' dir='ltr'><strong>accurata</strong></span> <span class='ocrx_word' id='word_1_286' title='bbox 2137 1975 2441 2047; x_wconf 86' lang='lat' dir='ltr'><strong>theol0gioa</strong></span> <span class='ocrx_word' id='word_1_287' title='bbox 2473 1974 2668 2032; x_wconf 87' lang='lat' dir='ltr'><strong>notitia</strong></span> <span class='ocrx_word' id='word_1_288' title='bbox 2723 1955 3012 2030; x_wconf 78' lang='lat' dir='ltr'><strong>deﬂexisse</strong></span> <span class='ocrx_word' id='word_1_289' title='bbox 3039 1968 3431 2039; x_wconf 79' lang='lat' dir='ltr'><strong>cognovissent</strong></span> 
     </span>
    </p>
   </div>
   <div class='ocr_carea' id='block_1_43' title="bbox 1843 2062 3429 2140">
    <p class='ocr_par' dir='ltr' id='par_1_43' title="bbox 1843 2062 3429 2140">
     <span class='ocr_line' id='line_1_43' title="bbox 1843 2062 3429 2140; baseline -0.008 -14"><span class='ocrx_word' id='word_1_290' title='bbox 1843 2080 1956 2126; x_wconf 92' lang='lat' dir='ltr'><strong>tum</strong></span> <span class='ocrx_word' id='word_1_291' title='bbox 1996 2070 2089 2126; x_wconf 87' lang='lat' dir='ltr'><strong>alii</strong></span> <span class='ocrx_word' id='word_1_292' title='bbox 2132 2069 2378 2140; x_wconf 76' lang='lat' dir='ltr'><strong>ejusdem</strong></span> <span class='ocrx_word' id='word_1_293' title='bbox 2417 2068 2682 2122; x_wconf 46' lang='lat' dir='ltr'><strong>Romana:</strong></span> <span class='ocrx_word' id='word_1_294' title='bbox 2727 2065 2986 2124; x_wconf 73' lang='lat' dir='ltr'><strong>Ecclesia:</strong></span> <span class='ocrx_word' id='word_1_295' title='bbox 3015 2062 3228 2124; x_wconf 83' lang='lat' dir='ltr'><strong>Patres,</strong></span> <span class='ocrx_word' id='word_1_296' title='bbox 3289 2072 3429 2128; x_wconf 85' lang='lat' dir='ltr'><strong>quos</strong></span> 
     </span>
    </p>
   </div>
   <div class='ocr_carea' id='block_1_44' title="bbox 1842 2153 3432 2236">
    <p class='ocr_par' dir='ltr' id='par_1_44' title="bbox 1842 2153 3432 2236">
     <span class='ocr_line' id='line_1_44' title="bbox 1842 2153 3432 2236; baseline -0.009 -16"><span class='ocrx_word' id='word_1_297' title='bbox 1842 2165 2109 2236; x_wconf 87' lang='lat' dir='ltr'><strong>plurimos</strong></span> <span class='ocrx_word' id='word_1_298' title='bbox 2141 2173 2196 2219; x_wconf 91' lang='lat' dir='ltr'><strong>et</strong></span> <span class='ocrx_word' id='word_1_299' title='bbox 2248 2177 2494 2220; x_wconf 84' lang='lat' dir='ltr'><strong>summos</strong></span> <span class='ocrx_word' id='word_1_300' title='bbox 2515 2177 2579 2217; x_wconf 90' lang='lat' dir='ltr'><strong>ea</strong></span> <span class='ocrx_word' id='word_1_301' title='bbox 2614 2170 2750 2218; x_wconf 58' lang='lat' dir='ltr'><strong>mtas</strong></span> <span class='ocrx_word' id='word_1_302' title='bbox 2813 2160 2960 2224; x_wconf 86' lang='lat' dir='ltr'><strong>tulit,</strong></span> <span class='ocrx_word' id='word_1_303' title='bbox 3005 2167 3120 2214; x_wconf 89' lang='lat' dir='ltr'><strong>tum</strong></span> <span class='ocrx_word' id='word_1_304' title='bbox 3173 2153 3432 2210; x_wconf 63' lang='lat' dir='ltr'><strong>Ecclesia</strong></span> 
     </span>
    </p>
   </div>
   <div class='ocr_carea' id='block_1_45' title="bbox 1845 2246 3432 2324">
    <p class='ocr_par' dir='ltr' id='par_1_45' title="bbox 1845 2246 3432 2324">
     <span class='ocr_line' id='line_1_45' title="bbox 1845 2246 3432 2324; baseline -0.006 -14"><span class='ocrx_word' id='word_1_305' title='bbox 1845 2266 2048 2311; x_wconf 81' lang='lat' dir='ltr'><strong>nostrae</strong></span> <span class='ocrx_word' id='word_1_306' title='bbox 2072 2256 2282 2310; x_wconf 87' lang='lat' dir='ltr'><strong>lumina</strong></span> <span class='ocrx_word' id='word_1_307' title='bbox 2319 2269 2383 2310; x_wconf 89' lang='lat' dir='ltr'><strong>ac</strong></span> <span class='ocrx_word' id='word_1_308' title='bbox 2419 2256 2699 2320; x_wconf 83' lang='lat' dir='ltr'><strong>doctores,</strong></span> <span class='ocrx_word' id='word_1_309' title='bbox 2731 2253 2825 2324; x_wconf 87' lang='lat' dir='ltr'><strong>qui</strong></span> <span class='ocrx_word' id='word_1_310' title='bbox 2855 2253 2908 2307; x_wconf 90' lang='lat' dir='ltr'><strong>id</strong></span> <span class='ocrx_word' id='word_1_311' title='bbox 2941 2249 3207 2319; x_wconf 83' lang='lat' dir='ltr'><strong>temporis</strong></span> <span class='ocrx_word' id='word_1_312' title='bbox 3242 2246 3432 2300; x_wconf 76' lang='lat' dir='ltr'><strong>Eccle-</strong></span> 
     </span>
    </p>
   </div>
   <div class='ocr_carea' id='block_1_46' title="bbox 1845 2332 3435 2405">
    <p class='ocr_par' dir='ltr' id='par_1_46' title="bbox 1845 2332 3435 2405">
     <span class='ocr_line' id='line_1_46' title="bbox 1845 2332 3435 2405; baseline -0.011 -3"><span class='ocrx_word' id='word_1_313' title='bbox 1845 2347 2051 2402; x_wconf 88' lang='lat' dir='ltr'><strong>siarum</strong></span> <span class='ocrx_word' id='word_1_314' title='bbox 2116 2345 2372 2400; x_wconf 88' lang='lat' dir='ltr'><strong>unionem</strong></span> <span class='ocrx_word' id='word_1_315' title='bbox 2430 2341 2891 2398; x_wconf 81' lang='lat' dir='ltr'><strong>exosculabantur</strong></span> <span class='ocrx_word' id='word_1_316' title='bbox 2935 2347 2990 2392; x_wconf 89' lang='lat' dir='ltr'><strong>et</strong></span> <span class='ocrx_word' id='word_1_317' title='bbox 3032 2332 3435 2405; x_wconf 83' lang='lat' dir='ltr'><strong>amplecteban-</strong></span> 
     </span>
    </p>
   </div>
   <div class='ocr_carea' id='block_1_47' title="bbox 1847 2425 3434 2505">
    <p class='ocr_par' dir='ltr' id='par_1_47' title="bbox 1847 2425 3434 2505">
     <span class='ocr_line' id='line_1_47' title="bbox 1847 2425 3434 2505; baseline -0.012 -14"><span class='ocrx_word' id='word_1_318' title='bbox 1847 2445 1959 2505; x_wconf 89' lang='lat' dir='ltr'><strong>tur,</strong></span> <span class='ocrx_word' id='word_1_319' title='bbox 2019 2449 2127 2490; x_wconf 91' lang='lat' dir='ltr'><strong>non</strong></span> <span class='ocrx_word' id='word_1_320' title='bbox 2179 2433 2578 2505; x_wconf 75' lang='lat' dir='ltr'><strong>neglexissent,</strong></span> <span class='ocrx_word' id='word_1_321' title='bbox 2635 2431 2728 2486; x_wconf 87' lang='lat' dir='ltr'><strong>sed</strong></span> <span class='ocrx_word' id='word_1_322' title='bbox 2761 2430 2968 2498; x_wconf 89' lang='lat' dir='ltr'><strong>scripto</strong></span> <span class='ocrx_word' id='word_1_323' title='bbox 3012 2425 3434 2492; x_wconf 82' lang='lat' dir='ltr'><strong>consignassent</strong></span> 
     </span>
    </p>
   </div>
   <div class='ocr_carea' id='block_1_48' title="bbox 147 2512 1751 2599">
    <p class='ocr_par' dir='ltr' id='par_1_48' title="bbox 147 2517 1745 2592">
     <span class='ocr_line' id='line_1_48' title="bbox 147 2517 1745 2592; baseline 0.008 -22"><span class='ocrx_word' id='word_1_324' title='bbox 147 2517 216 2570; x_wconf 78' lang='grc' dir='ltr'><strong>ἀν</strong></span> <span class='ocrx_word' id='word_1_325' title='bbox 245 2533 388 2572; x_wconf 84' lang='grc' dir='ltr'><strong>ποτε</strong></span> <span class='ocrx_word' id='word_1_326' title='bbox 419 2521 680 2592; x_wconf 75' lang='grc' dir='ltr'><strong>παρεῖδον</strong></span> <span class='ocrx_word' id='word_1_327' title='bbox 737 2522 1184 2592; x_wconf 77' lang='grc' dir='ltr'><strong>ἀνεπισήμαντον</strong></span> <span class='ocrx_word' id='word_1_328' title='bbox 1213 2521 1275 2575; x_wconf 82' lang='grc' dir='ltr'><strong>τὸ</strong></span> <span class='ocrx_word' id='word_1_329' title='bbox 1329 2520 1476 2575; x_wconf 78' lang='grc' dir='ltr'><strong>οὕτω</strong></span> <span class='ocrx_word' id='word_1_330' title='bbox 1518 2517 1745 2590; x_wconf 71' lang='grc' dir='ltr'><strong>γεγονὸς</strong></span> 
     </span>
    </p>
   </div>
   <div class='ocr_carea' id='block_1_49' title="bbox 1855 2512 3433 2599">
    <p class='ocr_par' dir='ltr' id='par_1_49' title="bbox 1855 2512 3433 2599">
     <span class='ocr_line' id='line_1_49' title="bbox 1855 2512 3433 2599; baseline -0.011 -14"><span class='ocrx_word' id='word_1_331' title='bbox 1855 2528 2198 2599; x_wconf 77' lang='lat' dir='ltr'><strong>postmodum</strong></span> <span class='ocrx_word' id='word_1_332' title='bbox 2264 2526 2426 2580; x_wconf 86' lang='lat' dir='ltr'><strong>nobis</strong></span> <span class='ocrx_word' id='word_1_333' title='bbox 2462 2534 2684 2581; x_wconf 88' lang='lat' dir='ltr'><strong>enatum</strong></span> <span class='ocrx_word' id='word_1_334' title='bbox 2729 2519 3115 2593; x_wconf 88' lang='lat' dir='ltr'><strong>dignissimum</strong></span> <span class='ocrx_word' id='word_1_335' title='bbox 3174 2530 3304 2571; x_wconf 85' lang='lat' dir='ltr'><strong>vero</strong></span> <span class='ocrx_word' id='word_1_336' title='bbox 3337 2512 3433 2584; x_wconf 89' lang='lat' dir='ltr'><strong>qui</strong></span> 
     </span>
    </p>
   </div>
   <div class='ocr_carea' id='block_1_50' title="bbox 147 2613 1214 2692">
    <p class='ocr_par' dir='ltr' id='par_1_50' title="bbox 147 2613 1214 2692">
     <span class='ocr_line' id='line_1_50' title="bbox 147 2613 1214 2692; baseline 0.007 -26"><span class='ocrx_word' id='word_1_337' title='bbox 147 2613 522 2689; x_wconf 78' lang='grc' dir='ltr'><strong>ἁξιοζήτητον</strong></span> <span class='ocrx_word' id='word_1_338' title='bbox 549 2619 780 2692; x_wconf 79' lang='grc' dir='ltr'><strong>ὕστερον</strong></span> <span class='ocrx_word' id='word_1_339' title='bbox 805 2621 1076 2691; x_wconf 61' lang='grc' dir='ltr'><strong>(σφάλμα)</strong></span> <span class='ocrx_word' id='word_1_340' title='bbox 1107 2620 1214 2691; x_wconf 77' lang='grc'><strong>(5).</strong></span> 
     </span>
    </p>
   </div>
   <div class='ocr_carea' id='block_1_51' title="bbox 761 2711 1148 2767">
    <p class='ocr_par' dir='ltr' id='par_1_51' title="bbox 761 2711 1148 2767">
     <span class='ocr_line' id='line_1_51' title="bbox 761 2711 1148 2767; baseline 0 -1"><span class='ocrx_word' id='word_1_341' title='bbox 761 2711 1148 2767; x_wconf 78' lang='grc' dir='ltr'><strong>ΚΕΙΜΕΝΟΝ.</strong></span> 
     </span>
    </p>
   </div>
   <div class='ocr_carea' id='block_1_52' title="bbox 225 2799 1748 2876">
    <p class='ocr_par' dir='ltr' id='par_1_52' title="bbox 225 2799 1748 2876">
     <span class='ocr_line' id='line_1_52' title="bbox 225 2799 1748 2876; baseline 0 -22"><span class='ocrx_word' id='word_1_342' title='bbox 225 2801 285 2854; x_wconf 78' lang='grc' dir='ltr'><strong>Ἀ</strong></span> <span class='ocrx_word' id='word_1_343' title='bbox 296 2800 402 2854; x_wconf 63' lang='lat' dir='ltr'><strong>ne</strong></span> <span class='ocrx_word' id='word_1_344' title='bbox 429 2807 539 2872; x_wconf 79' lang='grc' dir='ltr'><strong>γὰρ</strong></span> <span class='ocrx_word' id='word_1_345' title='bbox 560 2802 750 2875; x_wconf 82' lang='grc' dir='ltr'><strong>ὥσπερ</strong></span> <span class='ocrx_word' id='word_1_346' title='bbox 781 2805 908 2867; x_wconf 84' lang='grc' dir='ltr'><strong>τοὺς</strong></span> <span class='ocrx_word' id='word_1_347' title='bbox 933 2803 1258 2876; x_wconf 75' lang='grc' dir='ltr'><strong>εἰρημένους</strong></span> <span class='ocrx_word' id='word_1_348' title='bbox 1301 2802 1570 2874; x_wconf 82' lang='grc' dir='ltr'><strong>Πατέρας,</strong></span> <span class='ocrx_word' id='word_1_349' title='bbox 1605 2799 1748 2855; x_wconf 71' lang='grc' dir='ltr'><strong>οὕτω</strong></span> 
     </span>
    </p>
   </div>
   <div class='ocr_carea' id='block_1_53' title="bbox 151 2894 969 2966">
    <p class='ocr_par' dir='ltr' id='par_1_53' title="bbox 151 2894 969 2966">
     <span class='ocr_line' id='line_1_53' title="bbox 151 2894 969 2966; baseline 0.007 -20"><span class='ocrx_word' id='word_1_350' title='bbox 151 2894 220 2965; x_wconf 82' lang='grc' dir='ltr'><strong>δὴ</strong></span> <span class='ocrx_word' id='word_1_351' title='bbox 238 2896 340 2948; x_wconf 79' lang='grc' dir='ltr'><strong>καὶ</strong></span> <span class='ocrx_word' id='word_1_352' title='bbox 365 2895 538 2950; x_wconf 86' lang='grc' dir='ltr'><strong>ταῦτα</strong></span> <span class='ocrx_word' id='word_1_353' title='bbox 557 2896 735 2966; x_wconf 68' lang='grc' dir='ltr'><strong>ἐῶμεν</strong></span> <span class='ocrx_word' id='word_1_354' title='bbox 755 2899 824 2950; x_wconf 82' lang='grc' dir='ltr'><strong>τὰ</strong></span> <span class='ocrx_word' id='word_1_355' title='bbox 851 2897 969 2952; x_wconf 79' lang='grc' dir='ltr'><strong>νῦν.</strong></span> 
     </span>
    </p>
   </div>
   <div class='ocr_carea' id='block_1_54' title="bbox 229 2984 1750 3061">
    <p class='ocr_par' dir='ltr' id='par_1_54' title="bbox 229 2984 1750 3061">
     <span class='ocr_line' id='line_1_54' title="bbox 229 2984 1750 3061; baseline -0.004 -19"><span class='ocrx_word' id='word_1_356' title='bbox 229 2989 336 3052; x_wconf 77' lang='grc' dir='ltr'><strong>οζ’.</strong></span> <span class='ocrx_word' id='word_1_357' title='bbox 360 2989 479 3059; x_wconf 77' lang='grc' dir='ltr'><strong>Τὴν</strong></span> <span class='ocrx_word' id='word_1_358' title='bbox 502 2990 684 3059; x_wconf 82' lang='grc' dir='ltr'><strong>μέντοι</strong></span> <span class='ocrx_word' id='word_1_359' title='bbox 713 2991 988 3060; x_wconf 83' lang='grc' dir='ltr'><strong>βασίλειον</strong></span> <span class='ocrx_word' id='word_1_360' title='bbox 1011 2991 1225 3061; x_wconf 82' lang='grc' dir='ltr'><strong>στολὴν,</strong></span> <span class='ocrx_word' id='word_1_361' title='bbox 1259 2989 1355 3043; x_wconf 84' lang='grc' dir='ltr'><strong>τὸν</strong></span> <span class='ocrx_word' id='word_1_362' title='bbox 1387 2987 1561 3058; x_wconf 80' lang='grc' dir='ltr'><strong>μέγαν</strong></span> <span class='ocrx_word' id='word_1_363' title='bbox 1585 2984 1750 3038; x_wconf 83' lang='grc' dir='ltr'><strong>Βασί-</strong></span> 
     </span>
    </p>
   </div>
   <div class='ocr_carea' id='block_1_55' title="bbox 153 3076 1751 3153">
    <p class='ocr_par' dir='ltr' id='par_1_55' title="bbox 153 3076 1751 3153">
     <span class='ocr_line' id='line_1_55' title="bbox 153 3076 1751 3153; baseline -0.003 -21"><span class='ocrx_word' id='word_1_364' title='bbox 153 3081 307 3133; x_wconf 86' lang='grc' dir='ltr'><strong>λειον</strong></span> <span class='ocrx_word' id='word_1_365' title='bbox 334 3081 422 3142; x_wconf 86' lang='grc' dir='ltr'><strong>τίς</strong></span> <span class='ocrx_word' id='word_1_366' title='bbox 441 3081 540 3134; x_wconf 84' lang='grc' dir='ltr'><strong>οὐκ</strong></span> <span class='ocrx_word' id='word_1_367' title='bbox 565 3076 677 3134; x_wconf 76' lang='grc' dir='ltr'><strong>οἶδε</strong></span> <span class='ocrx_word' id='word_1_368' title='bbox 701 3081 880 3151; x_wconf 82' lang='grc' dir='ltr'><strong>ψυχῆς</strong></span> <span class='ocrx_word' id='word_1_369' title='bbox 911 3081 1010 3153; x_wconf 82' lang='grc' dir='ltr'><strong>μὲν</strong></span> <span class='ocrx_word' id='word_1_370' title='bbox 1033 3080 1300 3150; x_wconf 80' lang='grc' dir='ltr'><strong>θαλάμοις</strong></span> <span class='ocrx_word' id='word_1_371' title='bbox 1323 3078 1604 3148; x_wconf 81' lang='grc' dir='ltr'><strong>ἀκήρατον</strong></span> <span class='ocrx_word' id='word_1_372' title='bbox 1626 3089 1751 3128; x_wconf 81' lang='grc' dir='ltr'><strong>συν·</strong></span> 
     </span>
    </p>
   </div>
   <div class='ocr_carea' id='block_1_56' title="bbox 1843 2616 2508 2687">
    <p class='ocr_par' dir='ltr' id='par_1_56' title="bbox 1843 2616 2508 2687">
     <span class='ocr_line' id='line_1_56' title="bbox 1843 2616 2508 2687; baseline -0.009 -11"><span class='ocrx_word' id='word_1_373' title='bbox 1843 2621 2086 2676; x_wconf 83' lang='lat' dir='ltr'><strong>sciretur</strong></span> <span class='ocrx_word' id='word_1_374' title='bbox 2115 2633 2363 2676; x_wconf 87' lang='lat' dir='ltr'><strong>errorem</strong></span> <span class='ocrx_word' id='word_1_375' title='bbox 2405 2616 2508 2687; x_wconf 82' lang='grc' dir='ltr'><strong>(α).</strong></span> 
     </span>
    </p>
   </div>
   <div class='ocr_carea' id='block_1_57' title="bbox 2527 2707 2835 2766">
    <p class='ocr_par' dir='ltr' id='par_1_57' title="bbox 2527 2707 2835 2766">
     <span class='ocr_line' id='line_1_57' title="bbox 2527 2707 2835 2766; baseline -0.016 -2"><span class='ocrx_word' id='word_1_376' title='bbox 2527 2707 2835 2766; x_wconf 81' lang='lat' dir='ltr'><strong>TEXTUS.</strong></span> 
     </span>
    </p>
   </div>
   <div class='ocr_carea' id='block_1_58' title="bbox 1925 2788 3437 2876">
    <p class='ocr_par' dir='ltr' id='par_1_58' title="bbox 1925 2788 3437 2876">
     <span class='ocr_line' id='line_1_58' title="bbox 1925 2788 3437 2876; baseline -0.012 -14"><span class='ocrx_word' id='word_1_377' title='bbox 1925 2807 2123 2864; x_wconf 80' lang='lat' dir='ltr'><strong>Verum</strong></span> <span class='ocrx_word' id='word_1_378' title='bbox 2165 2803 2649 2876; x_wconf 85' lang='lat' dir='ltr'><strong>quemadmodum</strong></span> <span class='ocrx_word' id='word_1_379' title='bbox 2701 2806 3040 2857; x_wconf 89' lang='lat' dir='ltr'><strong>memoratos</strong></span> <span class='ocrx_word' id='word_1_380' title='bbox 3071 2793 3262 2854; x_wconf 80' lang='lat' dir='ltr'><strong>Patres</strong></span> <span class='ocrx_word' id='word_1_381' title='bbox 3288 2829 3306 2858; x_wconf 91' lang='lat'><strong>,</strong></span> <span class='ocrx_word' id='word_1_382' title='bbox 3359 2788 3437 2845; x_wconf 84' lang='lat' dir='ltr'><strong>ita</strong></span> 
     </span>
    </p>
   </div>
   <div class='ocr_carea' id='block_1_59' title="bbox 1845 2893 2975 2970">
    <p class='ocr_par' dir='ltr' id='par_1_59' title="bbox 1845 2893 2975 2970">
     <span class='ocr_line' id='line_1_59' title="bbox 1845 2893 2975 2970; baseline -0.012 -11"><span class='ocrx_word' id='word_1_383' title='bbox 1845 2913 1904 2959; x_wconf 91' lang='lat' dir='ltr'><strong>et</strong></span> <span class='ocrx_word' id='word_1_384' title='bbox 1929 2904 2048 2960; x_wconf 81' lang='lat' dir='ltr'><strong>haec</strong></span> <span class='ocrx_word' id='word_1_385' title='bbox 2073 2902 2126 2957; x_wconf 93' lang='lat' dir='ltr'><strong>in</strong></span> <span class='ocrx_word' id='word_1_386' title='bbox 2182 2897 2440 2970; x_wconf 69' lang='lat' dir='ltr'><strong>praesenti</strong></span> <span class='ocrx_word' id='word_1_387' title='bbox 2471 2896 2641 2952; x_wconf 85' lang='lat' dir='ltr'><strong>missa</strong></span> <span class='ocrx_word' id='word_1_388' title='bbox 2680 2893 2975 2952; x_wconf 73' lang='lat' dir='ltr'><strong>iaciamus.</strong></span> 
     </span>
    </p>
   </div>
   <div class='ocr_carea' id='block_1_60' title="bbox 1923 2976 3442 3060">
    <p class='ocr_par' dir='ltr' id='par_1_60' title="bbox 1923 2976 3442 3060">
     <span class='ocr_line' id='line_1_60' title="bbox 1923 2976 3442 3060; baseline -0.014 -9"><span class='ocrx_word' id='word_1_389' title='bbox 1923 2995 2294 3051; x_wconf 83' lang='lat' dir='ltr'><strong>77.Caeterum</strong></span> <span class='ocrx_word' id='word_1_390' title='bbox 2316 2990 2527 3060; x_wconf 86' lang='lat' dir='ltr'><strong>regium</strong></span> <span class='ocrx_word' id='word_1_391' title='bbox 2553 2989 2704 3044; x_wconf 89' lang='lat' dir='ltr'><strong>illum</strong></span> <span class='ocrx_word' id='word_1_392' title='bbox 2729 2985 3016 3046; x_wconf 87' lang='lat' dir='ltr'><strong>amictum,</strong></span> <span class='ocrx_word' id='word_1_393' title='bbox 3049 2993 3333 3050; x_wconf 82' lang='lat' dir='ltr'><strong>magnum,</strong></span> <span class='ocrx_word' id='word_1_394' title='bbox 3355 2976 3442 3031; x_wconf 85' lang='lat' dir='ltr'><strong>in-</strong></span> 
     </span>
    </p>
   </div>
   <div class='ocr_carea' id='block_1_61' title="bbox 1851 3072 3443 3159">
    <p class='ocr_par' dir='ltr' id='par_1_61' title="bbox 1851 3072 3443 3159">
     <span class='ocr_line' id='line_1_61' title="bbox 1851 3072 3443 3159; baseline -0.014 -16"><span class='ocrx_word' id='word_1_395' title='bbox 1851 3102 2040 3159; x_wconf 89' lang='lat' dir='ltr'><strong>quam,</strong></span> <span class='ocrx_word' id='word_1_396' title='bbox 2067 3083 2331 3140; x_wconf 77' lang='lat' dir='ltr'><strong>Basiliam</strong></span> <span class='ocrx_word' id='word_1_397' title='bbox 2367 3082 2494 3152; x_wconf 87' lang='lat' dir='ltr'><strong>quis</strong></span> <span class='ocrx_word' id='word_1_398' title='bbox 2531 3081 2747 3150; x_wconf 90' lang='lat' dir='ltr'><strong>ignorat</strong></span> <span class='ocrx_word' id='word_1_399' title='bbox 2765 3078 2816 3132; x_wconf 89' lang='lat' dir='ltr'><strong>itt</strong></span> <span class='ocrx_word' id='word_1_400' title='bbox 2845 3074 3208 3146; x_wconf 82' lang='lat' dir='ltr'><strong>penitiorihus</strong></span> <span class='ocrx_word' id='word_1_401' title='bbox 3245 3072 3443 3126; x_wconf 63' lang='lat' dir='ltr'><strong>animat</strong></span> 
     </span>
    </p>
   </div>
   <div class='ocr_carea' id='block_1_62' title="bbox 157 3163 1751 3258">
    <p class='ocr_par' dir='ltr' id='par_1_62' title="bbox 157 3164 1751 3243">
     <span class='ocr_line' id='line_1_62' title="bbox 157 3164 1751 3243; baseline -0.004 -18"><span class='ocrx_word' id='word_1_402' title='bbox 157 3173 441 3243; x_wconf 76' lang='grc' dir='ltr'><strong>τηροῦντα</strong></span> <span class='ocrx_word' id='word_1_403' title='bbox 482 3174 586 3242; x_wconf 77' lang='grc' dir='ltr'><strong>τὴν</strong></span> <span class='ocrx_word' id='word_1_404' title='bbox 615 3174 920 3237; x_wconf 78' lang='grc' dir='ltr'><strong>εὑσέὁειαν,</strong></span> <span class='ocrx_word' id='word_1_405' title='bbox 951 3173 1302 3240; x_wconf 82' lang='grc' dir='ltr'><strong>ὑποσιγὼντα</strong></span> <span class='ocrx_word' id='word_1_406' title='bbox 1329 3170 1387 3224; x_wconf 82' lang='grc' dir='ltr'><strong>δὲ</strong></span> <span class='ocrx_word' id='word_1_407' title='bbox 1433 3169 1529 3223; x_wconf 89' lang='grc' dir='ltr'><strong>τοῦ</strong></span> <span class='ocrx_word' id='word_1_408' title='bbox 1582 3164 1751 3221; x_wconf 84' lang='grc' dir='ltr'><strong>Πνεύ-</strong></span> 
     </span>
    </p>
   </div>
   <div class='ocr_carea' id='block_1_63' title="bbox 1855 3163 3446 3258">
    <p class='ocr_par' dir='ltr' id='par_1_63' title="bbox 1855 3163 3446 3246">
     <span class='ocr_line' id='line_1_63' title="bbox 1855 3163 3446 3246; baseline -0.014 -8"><span class='ocrx_word' id='word_1_409' title='bbox 1855 3180 2107 3238; x_wconf 84' lang='lat' dir='ltr'><strong>thalamis</strong></span> <span class='ocrx_word' id='word_1_410' title='bbox 2127 3191 2318 3246; x_wconf 84' lang='lat' dir='ltr'><strong>puram</strong></span> <span class='ocrx_word' id='word_1_411' title='bbox 2345 3185 2509 3243; x_wconf 85' lang='lat' dir='ltr'><strong>atque</strong></span> <span class='ocrx_word' id='word_1_412' title='bbox 2534 3175 2915 3230; x_wconf 81' lang='lat' dir='ltr'><strong>intemeratam</strong></span> <span class='ocrx_word' id='word_1_413' title='bbox 2942 3179 3300 3222; x_wconf 83' lang='lat' dir='ltr'><strong>conservasse</strong></span> <span class='ocrx_word' id='word_1_414' title='bbox 3327 3163 3446 3232; x_wconf 85' lang='lat' dir='ltr'><strong>pie-</strong></span> 
     </span>
    </p>
   </div>
   <div class='ocr_carea' id='block_1_64' title="bbox 165 3261 1746 3336">
    <p class='ocr_par' dir='ltr' id='par_1_64' title="bbox 165 3261 1746 3336">
     <span class='ocr_line' id='line_1_64' title="bbox 165 3261 1746 3336; baseline -0.004 -17"><span class='ocrx_word' id='word_1_415' title='bbox 165 3281 343 3334; x_wconf 82' lang='grc' dir='ltr'><strong>ματος</strong></span> <span class='ocrx_word' id='word_1_416' title='bbox 365 3265 467 3336; x_wconf 76' lang='grc' dir='ltr'><strong>τὴν</strong></span> <span class='ocrx_word' id='word_1_417' title='bbox 486 3263 738 3336; x_wconf 85' lang='grc' dir='ltr'><strong>θειότητα</strong></span> <span class='ocrx_word' id='word_1_418' title='bbox 763 3282 780 3332; x_wconf 89' lang='lat'><strong>;</strong></span> <span class='ocrx_word' id='word_1_419' title='bbox 814 3266 878 3319; x_wconf 87' lang='grc' dir='ltr'><strong>Ὢ</strong></span> <span class='ocrx_word' id='word_1_420' title='bbox 891 3265 1072 3335; x_wconf 71' lang='grc' dir='ltr'><strong>ψυχῆς</strong></span> <span class='ocrx_word' id='word_1_421' title='bbox 1097 3265 1238 3319; x_wconf 81' lang='grc' dir='ltr'><strong>θεῖον</strong></span> <span class='ocrx_word' id='word_1_422' title='bbox 1255 3263 1484 3333; x_wconf 64' lang='lat' dir='ltr'><strong>{eodem</strong></span> <span class='ocrx_word' id='word_1_423' title='bbox 1502 3261 1746 3332; x_wconf 81' lang='grc' dir='ltr'><strong>φίλτρον,</strong></span> 
     </span>
    </p>
   </div>
   <div class='ocr_carea' id='block_1_65' title="bbox 162 3357 1754 3428">
    <p class='ocr_par' dir='ltr' id='par_1_65' title="bbox 162 3357 1754 3428">
     <span class='ocr_line' id='line_1_65' title="bbox 162 3357 1754 3428; baseline -0.008 -11"><span class='ocrx_word' id='word_1_424' title='bbox 162 3363 264 3428; x_wconf 76' lang='grc' dir='ltr'><strong>τὴν</strong></span> <span class='ocrx_word' id='word_1_425' title='bbox 287 3360 467 3428; x_wconf 79' lang='grc' dir='ltr'><strong>φλόγα</strong></span> <span class='ocrx_word' id='word_1_426' title='bbox 493 3360 550 3413; x_wconf 87' lang='grc' dir='ltr'><strong>δὲ</strong></span> <span class='ocrx_word' id='word_1_427' title='bbox 571 3362 708 3424; x_wconf 86' lang='grc' dir='ltr'><strong>τέως</strong></span> <span class='ocrx_word' id='word_1_428' title='bbox 730 3361 832 3414; x_wconf 83' lang='grc' dir='ltr'><strong>οὐκ</strong></span> <span class='ocrx_word' id='word_1_429' title='bbox 861 3362 942 3422; x_wconf 86' lang='grc' dir='ltr'><strong>είς</strong></span> <span class='ocrx_word' id='word_1_430' title='bbox 965 3360 1028 3413; x_wconf 76' lang='grc' dir='ltr'><strong>τὸ</strong></span> <span class='ocrx_word' id='word_1_431' title='bbox 1057 3358 1442 3428; x_wconf 83' lang='grc' dir='ltr'><strong>λαμπρότερον</strong></span> <span class='ocrx_word' id='word_1_432' title='bbox 1467 3357 1754 3426; x_wconf 68' lang='grc' dir='ltr'><strong>ἀναρριπι-</strong></span> 
     </span>
    </p>
   </div>
   <div class='ocr_carea' id='block_1_66' title="bbox 167 3442 1756 3523">
    <p class='ocr_par' dir='ltr' id='par_1_66' title="bbox 167 3442 1756 3523">
     <span class='ocr_line' id='line_1_66' title="bbox 167 3442 1756 3523; baseline -0.008 -17"><span class='ocrx_word' id='word_1_433' title='bbox 167 3453 400 3523; x_wconf 74' lang='grc' dir='ltr'><strong>ζούσηε,</strong></span> <span class='ocrx_word' id='word_1_434' title='bbox 419 3452 510 3505; x_wconf 67' lang='grc' dir='ltr'><strong>ἵνα</strong></span> <span class='ocrx_word' id='word_1_435' title='bbox 533 3452 610 3522; x_wconf 83' lang='grc' dir='ltr'><strong>μὴ</strong></span> <span class='ocrx_word' id='word_1_436' title='bbox 623 3451 821 3506; x_wconf 83' lang='grc' dir='ltr'><strong>θᾶττον</strong></span> <span class='ocrx_word' id='word_1_437' title='bbox 843 3449 1255 3518; x_wconf 80' lang='grc' dir='ltr'><strong>συναποσϐεσθῇ</strong></span> <span class='ocrx_word' id='word_1_438' title='bbox 1277 3447 1416 3517; x_wconf 81' lang='grc' dir='ltr'><strong>αὐτῇ</strong></span> <span class='ocrx_word' id='word_1_439' title='bbox 1435 3443 1646 3516; x_wconf 83' lang='grc' dir='ltr'><strong>προόδῳ</strong></span> <span class='ocrx_word' id='word_1_440' title='bbox 1659 3442 1756 3496; x_wconf 78' lang='grc' dir='ltr'><strong>καὶ</strong></span> 
     </span>
    </p>
   </div>
   <div class='ocr_carea' id='block_1_67' title="bbox 166 3535 1758 3615">
    <p class='ocr_par' dir='ltr' id='par_1_67' title="bbox 166 3535 1758 3615">
     <span class='ocr_line' id='line_1_67' title="bbox 166 3535 1758 3615; baseline -0.006 -18"><span class='ocrx_word' id='word_1_441' title='bbox 166 3546 311 3612; x_wconf 67' lang='grc' dir='ltr'><strong>αὐτῇ</strong></span> <span class='ocrx_word' id='word_1_442' title='bbox 332 3542 652 3614; x_wconf 75' lang='grc' dir='ltr'><strong>παρρησίας</strong></span> <span class='ocrx_word' id='word_1_443' title='bbox 672 3542 1042 3615; x_wconf 79' lang='grc' dir='ltr'><strong>λαμπρότητιι</strong></span> <span class='ocrx_word' id='word_1_444' title='bbox 1063 3535 1233 3603; x_wconf 73' lang='grc' dir='ltr'><strong>Οὗτος</strong></span> <span class='ocrx_word' id='word_1_445' title='bbox 1259 3535 1352 3594; x_wconf 79' lang='grc' dir='ltr'><strong>οὖν</strong></span> <span class='ocrx_word' id='word_1_446' title='bbox 1378 3536 1679 3606; x_wconf 82' lang='grc' dir='ltr'><strong>οἰκονομῶν</strong></span> <span class='ocrx_word' id='word_1_447' title='bbox 1699 3537 1758 3587; x_wconf 76' lang='grc' dir='ltr'><strong>ὲν</strong></span> 
     </span>
    </p>
   </div>
   <div class='ocr_carea' id='block_1_68' title="bbox 168 3618 1755 3708">
    <p class='ocr_par' dir='ltr' id='par_1_68' title="bbox 168 3627 1755 3708">
     <span class='ocr_line' id='line_1_68' title="bbox 168 3627 1755 3708; baseline -0.007 -17"><span class='ocrx_word' id='word_1_448' title='bbox 168 3639 358 3708; x_wconf 88' lang='grc' dir='ltr'><strong>κρίσει</strong></span> <span class='ocrx_word' id='word_1_449' title='bbox 381 3639 509 3701; x_wconf 73' lang='grc' dir='ltr'><strong>τοὺς</strong></span> <span class='ocrx_word' id='word_1_450' title='bbox 537 3637 731 3706; x_wconf 79' lang='grc' dir='ltr'><strong>λόγους</strong></span> <span class='ocrx_word' id='word_1_451' title='bbox 750 3637 917 3691; x_wconf 79' lang='grc' dir='ltr'><strong>αὐτοῦ</strong></span> <span class='ocrx_word' id='word_1_452' title='bbox 939 3639 1032 3690; x_wconf 77' lang='grc' dir='ltr'><strong>καὶ</strong></span> <span class='ocrx_word' id='word_1_453' title='bbox 1063 3635 1265 3706; x_wconf 82' lang='grc' dir='ltr'><strong>μᾶλλον</strong></span> <span class='ocrx_word' id='word_1_454' title='bbox 1281 3627 1755 3702; x_wconf 75' lang='grc' dir='ltr'><strong>ἀνακηρύττεσθαι</strong></span> 
     </span>
    </p>
   </div>
   <div class='ocr_carea' id='block_1_69' title="bbox 168 3721 1757 3801">
    <p class='ocr_par' dir='ltr' id='par_1_69' title="bbox 168 3721 1757 3801">
     <span class='ocr_line' id='line_1_69' title="bbox 168 3721 1757 3801; baseline -0.009 -15"><span class='ocrx_word' id='word_1_455' title='bbox 168 3734 236 3801; x_wconf 74' lang='grc' dir='ltr'><strong>τῇ</strong></span> <span class='ocrx_word' id='word_1_456' title='bbox 272 3729 422 3785; x_wconf 76' lang='grc' dir='ltr'><strong>κατὰ</strong></span> <span class='ocrx_word' id='word_1_457' title='bbox 465 3731 662 3800; x_wconf 78' lang='grc' dir='ltr'><strong>μικρὸν</strong></span> <span class='ocrx_word' id='word_1_458' title='bbox 690 3731 933 3784; x_wconf 75' lang='grc' dir='ltr'><strong>ἐπιδόσει</strong></span> <span class='ocrx_word' id='word_1_459' title='bbox 973 3727 1283 3799; x_wconf 82' lang='grc' dir='ltr'><strong>μεθοδεύων</strong></span> <span class='ocrx_word' id='word_1_460' title='bbox 1316 3726 1416 3796; x_wconf 79' lang='grc' dir='ltr'><strong>τὴν</strong></span> <span class='ocrx_word' id='word_1_461' title='bbox 1450 3721 1757 3776; x_wconf 75' lang='grc' dir='ltr'><strong>εὐσέϐειαν.</strong></span> 
     </span>
    </p>
   </div>
   <div class='ocr_carea' id='block_1_70' title="bbox 185 3813 1761 3894">
    <p class='ocr_par' dir='ltr' id='par_1_70' title="bbox 185 3813 1761 3894">
     <span class='ocr_line' id='line_1_70' title="bbox 185 3813 1761 3894; baseline -0.008 -17"><span class='ocrx_word' id='word_1_462' title='bbox 185 3823 446 3877; x_wconf 79' lang='grc' dir='ltr'><strong>Ἐπειδὰν</strong></span> <span class='ocrx_word' id='word_1_463' title='bbox 479 3823 588 3894; x_wconf 84' lang='grc' dir='ltr'><strong>γὰρ</strong></span> <span class='ocrx_word' id='word_1_464' title='bbox 613 3823 712 3892; x_wconf 80' lang='grc' dir='ltr'><strong>ἠρέ</strong></span> <span class='ocrx_word' id='word_1_465' title='bbox 722 3841 797 3893; x_wconf 89' lang='grc' dir='ltr'><strong>μα</strong></span> <span class='ocrx_word' id='word_1_466' title='bbox 825 3824 948 3885; x_wconf 86' lang='grc' dir='ltr'><strong>ταῖς</strong></span> <span class='ocrx_word' id='word_1_467' title='bbox 972 3821 1081 3875; x_wconf 85' lang='grc' dir='ltr'><strong>τῶν</strong></span> <span class='ocrx_word' id='word_1_468' title='bbox 1103 3817 1412 3890; x_wconf 81' lang='grc' dir='ltr'><strong>ἀνθρώπων</strong></span> <span class='ocrx_word' id='word_1_469' title='bbox 1441 3815 1643 3886; x_wconf 82' lang='grc' dir='ltr'><strong>ψυχαῖς</strong></span> <span class='ocrx_word' id='word_1_470' title='bbox 1658 3813 1761 3881; x_wconf 80' lang='grc' dir='ltr'><strong>ὲμ-</strong></span> 
     </span>
    </p>
   </div>
   <div class='ocr_carea' id='block_1_71' title="bbox 171 3904 1760 3985">
    <p class='ocr_par' dir='ltr' id='par_1_71' title="bbox 171 3904 1760 3985">
     <span class='ocr_line' id='line_1_71' title="bbox 171 3904 1760 3985; baseline -0.006 -18"><span class='ocrx_word' id='word_1_471' title='bbox 171 3914 488 3976; x_wconf 74' lang='grc' dir='ltr'><strong>ϐαθύνοιτο,</strong></span> <span class='ocrx_word' id='word_1_472' title='bbox 513 3916 881 3985; x_wconf 82' lang='grc' dir='ltr'><strong>κραταιοτέρα</strong></span> <span class='ocrx_word' id='word_1_473' title='bbox 900 3913 998 3966; x_wconf 88' lang='grc' dir='ltr'><strong>τοῦ</strong></span> <span class='ocrx_word' id='word_1_474' title='bbox 1029 3912 1300 3981; x_wconf 77' lang='grc' dir='ltr'><strong>δόγματος</strong></span> <span class='ocrx_word' id='word_1_475' title='bbox 1347 3909 1381 3978; x_wconf 83' lang='grc' dir='ltr'>ἠ</span> <span class='ocrx_word' id='word_1_476' title='bbox 1411 3906 1546 3978; x_wconf 77' lang='grc' dir='ltr'><strong>φλὸξ</strong></span> <span class='ocrx_word' id='word_1_477' title='bbox 1575 3904 1760 3960; x_wconf 78' lang='grc' dir='ltr'><strong>ἀναδί-</strong></span> 
     </span>
    </p>
   </div>
   <div class='ocr_carea' id='block_1_72' title="bbox 171 3995 1766 4076">
    <p class='ocr_par' dir='ltr' id='par_1_72' title="bbox 171 3995 1766 4076">
     <span class='ocr_line' id='line_1_72' title="bbox 171 3995 1766 4076; baseline -0.008 -17"><span class='ocrx_word' id='word_1_478' title='bbox 171 4005 352 4059; x_wconf 74' lang='grc' dir='ltr'><strong>δοταιο</strong></span> <span class='ocrx_word' id='word_1_479' title='bbox 379 4004 458 4076; x_wconf 83' lang='grc' dir='ltr'><strong>τῷ</strong></span> <span class='ocrx_word' id='word_1_480' title='bbox 475 4005 633 4075; x_wconf 77' lang='grc' dir='ltr'><strong>τάχει</strong></span> <span class='ocrx_word' id='word_1_481' title='bbox 659 4003 714 4057; x_wconf 83' lang='grc' dir='ltr'><strong>δὲ</strong></span> <span class='ocrx_word' id='word_1_482' title='bbox 736 4004 834 4058; x_wconf 76' lang='grc' dir='ltr'><strong>κα).</strong></span> <span class='ocrx_word' id='word_1_483' title='bbox 844 4005 912 4074; x_wconf 72' lang='grc' dir='ltr'><strong>τῇ</strong></span> <span class='ocrx_word' id='word_1_484' title='bbox 929 4001 1106 4074; x_wconf 81' lang='grc' dir='ltr'><strong>ἀθρόᾳ</strong></span> <span class='ocrx_word' id='word_1_485' title='bbox 1126 3999 1401 4070; x_wconf 75' lang='grc' dir='ltr'><strong>προσϐολῇ</strong></span> <span class='ocrx_word' id='word_1_486' title='bbox 1422 3999 1522 4068; x_wconf 79' lang='grc' dir='ltr'><strong>τῆς</strong></span> <span class='ocrx_word' id='word_1_487' title='bbox 1541 3995 1766 4066; x_wconf 81' lang='grc' dir='ltr'><strong>λαμπη·</strong></span> 
     </span>
    </p>
   </div>
   <div class='ocr_carea' id='block_1_73' title="bbox 174 4083 1766 4167">
    <p class='ocr_par' dir='ltr' id='par_1_73' title="bbox 174 4083 1766 4167">
     <span class='ocr_line' id='line_1_73' title="bbox 174 4083 1766 4167; baseline -0.011 -13"><span class='ocrx_word' id='word_1_488' title='bbox 174 4101 334 4163; x_wconf 80' lang='grc' dir='ltr'><strong>δόνος</strong></span> <span class='ocrx_word' id='word_1_489' title='bbox 357 4098 623 4162; x_wconf 80' lang='grc' dir='ltr'><strong>πολλάκις</strong></span> <span class='ocrx_word' id='word_1_490' title='bbox 638 4096 699 4150; x_wconf 84' lang='grc' dir='ltr'><strong>τδ</strong></span> <span class='ocrx_word' id='word_1_491' title='bbox 716 4097 904 4167; x_wconf 78' lang='grc' dir='ltr'><strong>νοερὸν</strong></span> <span class='ocrx_word' id='word_1_492' title='bbox 924 4095 1101 4166; x_wconf 74' lang='grc' dir='ltr'><strong>ὄμμα,</strong></span> <span class='ocrx_word' id='word_1_493' title='bbox 1121 4094 1215 4147; x_wconf 78' lang='grc' dir='ltr'><strong>καὶ</strong></span> <span class='ocrx_word' id='word_1_494' title='bbox 1245 4091 1483 4160; x_wconf 83' lang='grc' dir='ltr'><strong>μάλιστα</strong></span> <span class='ocrx_word' id='word_1_495' title='bbox 1501 4088 1610 4141; x_wconf 82' lang='grc' dir='ltr'><strong>τῶν</strong></span> <span class='ocrx_word' id='word_1_496' title='bbox 1633 4083 1766 4138; x_wconf 86' lang='grc' dir='ltr'><strong>πολ-</strong></span> 
     </span>
    </p>
   </div>
   <div class='ocr_carea' id='block_1_74' title="bbox 176 4178 1766 4262">
    <p class='ocr_par' dir='ltr' id='par_1_74' title="bbox 176 4178 1766 4262">
     <span class='ocr_line' id='line_1_74' title="bbox 176 4178 1766 4262; baseline -0.009 -17"><span class='ocrx_word' id='word_1_497' title='bbox 176 4193 317 4257; x_wconf 79' lang='grc' dir='ltr'><strong>λῶν,</strong></span> <span class='ocrx_word' id='word_1_498' title='bbox 334 4189 778 4262; x_wconf 65' lang='grc' dir='ltr'><strong>ἐξαμαυροῦσθαι</strong></span> <span class='ocrx_word' id='word_1_499' title='bbox 807 4188 988 4254; x_wconf 76' lang='grc' dir='ltr'><strong>εἴωθε,</strong></span> <span class='ocrx_word' id='word_1_500' title='bbox 1007 4185 1263 4254; x_wconf 78' lang='grc' dir='ltr'><strong>καθάπερ</strong></span> <span class='ocrx_word' id='word_1_501' title='bbox 1279 4185 1376 4237; x_wconf 76' lang='grc' dir='ltr'><strong>καὶ</strong></span> <span class='ocrx_word' id='word_1_502' title='bbox 1393 4179 1652 4250; x_wconf 74' lang='grc' dir='ltr'><strong>ἀστραπὴ</strong></span> <span class='ocrx_word' id='word_1_503' title='bbox 1667 4178 1766 4238; x_wconf 78' lang='grc' dir='ltr'><strong>τὰς</strong></span> 
     </span>
    </p>
   </div>
   <div class='ocr_carea' id='block_1_75' title="bbox 178 4272 1768 4352">
    <p class='ocr_par' dir='ltr' id='par_1_75' title="bbox 178 4272 1768 4352">
     <span class='ocr_line' id='line_1_75' title="bbox 178 4272 1768 4352; baseline -0.01 -15"><span class='ocrx_word' id='word_1_504' title='bbox 178 4287 339 4352; x_wconf 72' lang='grc' dir='ltr'><strong>δψεις</strong></span> <span class='ocrx_word' id='word_1_505' title='bbox 385 4279 744 4345; x_wconf 74' lang='grc' dir='ltr'><strong>ὲπισκοτίζει,</strong></span> <span class='ocrx_word' id='word_1_506' title='bbox 794 4280 888 4332; x_wconf 77' lang='grc' dir='ltr'><strong>καὶ</strong></span> <span class='ocrx_word' id='word_1_507' title='bbox 923 4278 1163 4349; x_wconf 77' lang='grc' dir='ltr'><strong>μάλιστα</strong></span> <span class='ocrx_word' id='word_1_508' title='bbox 1217 4275 1319 4336; x_wconf 81' lang='grc' dir='ltr'><strong>τὰς</strong></span> <span class='ocrx_word' id='word_1_509' title='bbox 1377 4272 1768 4337; x_wconf 78' lang='grc' dir='ltr'><strong>ἀσθενέστερον</strong></span> 
     </span>
    </p>
   </div>
   <div class='ocr_carea' id='block_1_76' title="bbox 177 4361 1764 4446">
    <p class='ocr_par' dir='ltr' id='par_1_76' title="bbox 177 4361 1764 4446">
     <span class='ocr_line' id='line_1_76' title="bbox 177 4361 1764 4446; baseline -0.009 -18"><span class='ocrx_word' id='word_1_510' title='bbox 177 4374 560 4446; x_wconf 67' lang='grc' dir='ltr'><strong>διακειμένας.</strong></span> <span class='ocrx_word' id='word_1_511' title='bbox 615 4373 716 4426; x_wconf 72' lang='grc' dir='ltr'><strong>Διὰ</strong></span> <span class='ocrx_word' id='word_1_512' title='bbox 755 4371 914 4425; x_wconf 87' lang='grc' dir='ltr'><strong>τοῦτο</strong></span> <span class='ocrx_word' id='word_1_513' title='bbox 975 4370 1106 4441; x_wconf 78' lang='grc' dir='ltr'><strong>σιγᾷ</strong></span> <span class='ocrx_word' id='word_1_514' title='bbox 1175 4367 1275 4437; x_wconf 68' lang='grc' dir='ltr'><strong>μὲν</strong></span> <span class='ocrx_word' id='word_1_515' title='bbox 1323 4367 1353 4419; x_wconf 85' lang='grc' dir='ltr'><strong>ὂ</strong></span> <span class='ocrx_word' id='word_1_516' title='bbox 1403 4364 1510 4436; x_wconf 82' lang='grc' dir='ltr'><strong>πρὸ</strong></span> <span class='ocrx_word' id='word_1_517' title='bbox 1563 4361 1764 4423; x_wconf 80' lang='grc' dir='ltr'><strong>παντὸς</strong></span> 
     </span>
    </p>
   </div>
   <div class='ocr_carea' id='block_1_77' title="bbox 179 4453 1769 4538">
    <p class='ocr_par' dir='ltr' id='par_1_77' title="bbox 179 4453 1769 4538">
     <span class='ocr_line' id='line_1_77' title="bbox 179 4453 1769 4538; baseline -0.012 -13"><span class='ocrx_word' id='word_1_518' title='bbox 179 4471 349 4525; x_wconf 78' lang='grc' dir='ltr'><strong>ἄλλου</strong></span> <span class='ocrx_word' id='word_1_519' title='bbox 379 4469 678 4538; x_wconf 82' lang='grc' dir='ltr'><strong>κηρύσσειν</strong></span> <span class='ocrx_word' id='word_1_520' title='bbox 699 4465 1097 4536; x_wconf 74' lang='grc' dir='ltr'><strong>ὲπυρπολεττο·</strong></span> <span class='ocrx_word' id='word_1_521' title='bbox 1127 4462 1366 4531; x_wconf 72' lang='grc' dir='ltr'><strong>ἔπραττε</strong></span> <span class='ocrx_word' id='word_1_522' title='bbox 1394 4459 1452 4512; x_wconf 82' lang='grc' dir='ltr'><strong>δὲ</strong></span> <span class='ocrx_word' id='word_1_523' title='bbox 1482 4457 1583 4527; x_wconf 83' lang='grc' dir='ltr'><strong>τὴν</strong></span> <span class='ocrx_word' id='word_1_524' title='bbox 1610 4453 1769 4525; x_wconf 81' lang='grc' dir='ltr'><strong>σιγὴν</strong></span> 
     </span>
    </p>
   </div>
   <div class='ocr_carea' id='block_1_78' title="bbox 1851 3251 3448 3339">
    <p class='ocr_par' dir='ltr' id='par_1_78' title="bbox 1851 3251 3448 3339">
     <span class='ocr_line' id='line_1_78' title="bbox 1851 3251 3448 3339; baseline -0.016 -9"><span class='ocrx_word' id='word_1_525' title='bbox 1851 3283 2047 3335; x_wconf 85' lang='lat' dir='ltr'><strong>tatem,</strong></span> <span class='ocrx_word' id='word_1_526' title='bbox 2066 3268 2308 3339; x_wconf 81' lang='lat' dir='ltr'><strong>Spiritus</strong></span> <span class='ocrx_word' id='word_1_527' title='bbox 2329 3277 2512 3322; x_wconf 79' lang='lat' dir='ltr'><strong>tamen</strong></span> <span class='ocrx_word' id='word_1_528' title='bbox 2532 3263 2872 3318; x_wconf 86' lang='lat' dir='ltr'><strong>divinitatem</strong></span> <span class='ocrx_word' id='word_1_529' title='bbox 2894 3251 3304 3314; x_wconf 78' lang='lat' dir='ltr'><strong>subticuisse‘lO</strong></span> <span class='ocrx_word' id='word_1_530' title='bbox 3326 3251 3448 3306; x_wconf 87' lang='lat' dir='ltr'><strong>ani-</strong></span> 
     </span>
    </p>
   </div>
   <div class='ocr_carea' id='block_1_79' title="bbox 1856 3343 3443 3421">
    <p class='ocr_par' dir='ltr' id='par_1_79' title="bbox 1856 3343 3443 3421">
     <span class='ocr_line' id='line_1_79' title="bbox 1856 3343 3443 3421; baseline -0.016 0"><span class='ocrx_word' id='word_1_531' title='bbox 1856 3378 2000 3421; x_wconf 80' lang='lat' dir='ltr'><strong>mam</strong></span> <span class='ocrx_word' id='word_1_532' title='bbox 2018 3361 2205 3414; x_wconf 84' lang='lat' dir='ltr'><strong>divino</strong></span> <span class='ocrx_word' id='word_1_533' title='bbox 2231 3373 2418 3412; x_wconf 87' lang='lat' dir='ltr'><strong>amore</strong></span> <span class='ocrx_word' id='word_1_534' title='bbox 2441 3363 2782 3416; x_wconf 65' lang='lat' dir='ltr'><strong>restitantem,</strong></span> <span class='ocrx_word' id='word_1_535' title='bbox 2821 3351 2912 3406; x_wconf 85' lang='lat' dir='ltr'><strong>sed</strong></span> <span class='ocrx_word' id='word_1_536' title='bbox 2940 3349 3212 3402; x_wconf 80' lang='lat' dir='ltr'><strong>llatnmam</strong></span> <span class='ocrx_word' id='word_1_537' title='bbox 3245 3359 3354 3399; x_wconf 82' lang='lat' dir='ltr'><strong>non</strong></span> <span class='ocrx_word' id='word_1_538' title='bbox 3390 3343 3443 3396; x_wconf 90' lang='lat' dir='ltr'><strong>in</strong></span> 
     </span>
    </p>
   </div>
   <div class='ocr_carea' id='block_1_80' title="bbox 1860 3432 3448 3527">
    <p class='ocr_par' dir='ltr' id='par_1_80' title="bbox 1860 3432 3448 3527">
     <span class='ocr_line' id='line_1_80' title="bbox 1860 3432 3448 3527; baseline -0.014 -17"><span class='ocrx_word' id='word_1_539' title='bbox 1860 3455 2203 3527; x_wconf 88' lang='lat' dir='ltr'><strong>propatulum</strong></span> <span class='ocrx_word' id='word_1_540' title='bbox 2235 3453 2536 3512; x_wconf 79' lang='lat' dir='ltr'><strong>efﬂantem,</strong></span> <span class='ocrx_word' id='word_1_541' title='bbox 2567 3462 2636 3501; x_wconf 86' lang='lat' dir='ltr'><strong>ne</strong></span> <span class='ocrx_word' id='word_1_542' title='bbox 2659 3432 2814 3500; x_wconf 82' lang='lat' dir='ltr'><strong>ocius</strong></span> <span class='ocrx_word' id='word_1_543' title='bbox 2847 3444 2898 3495; x_wconf 92' lang='lat' dir='ltr'><strong>in</strong></span> <span class='ocrx_word' id='word_1_544' title='bbox 2921 3443 3040 3510; x_wconf 82' lang='lat' dir='ltr'><strong>ipso</strong></span> <span class='ocrx_word' id='word_1_545' title='bbox 3062 3448 3188 3492; x_wconf 88' lang='lat' dir='ltr'><strong>ortu</strong></span> <span class='ocrx_word' id='word_1_546' title='bbox 3220 3439 3448 3506; x_wconf 88' lang='lat' dir='ltr'><strong>ipsoque</strong></span> 
     </span>
    </p>
   </div>
   <div class='ocr_carea' id='block_1_81' title="bbox 1859 3530 3449 3610">
    <p class='ocr_par' dir='ltr' id='par_1_81' title="bbox 1859 3530 3449 3610">
     <span class='ocr_line' id='line_1_81' title="bbox 1859 3530 3449 3610; baseline -0.014 -9"><span class='ocrx_word' id='word_1_547' title='bbox 1859 3546 2131 3602; x_wconf 82' lang='lat' dir='ltr'><strong>libertatis</strong></span> <span class='ocrx_word' id='word_1_548' title='bbox 2163 3544 2370 3610; x_wconf 74' lang='lat' dir='ltr'><strong>fulgore</strong></span> <span class='ocrx_word' id='word_1_549' title='bbox 2395 3539 2813 3607; x_wconf 79' lang='lat' dir='ltr'><strong>exstinguatttrl</strong></span> <span class='ocrx_word' id='word_1_550' title='bbox 2845 3535 2943 3589; x_wconf 85' lang='lat' dir='ltr'><strong>llic</strong></span> <span class='ocrx_word' id='word_1_551' title='bbox 2970 3536 3135 3602; x_wconf 77' lang='lat' dir='ltr'><strong>igitur</strong></span> <span class='ocrx_word' id='word_1_552' title='bbox 3154 3530 3449 3598; x_wconf 82' lang='lat' dir='ltr'><strong>disponens</strong></span> 
     </span>
    </p>
   </div>
   <div class='ocr_carea' id='block_1_82' title="bbox 1861 3625 3451 3698">
    <p class='ocr_par' dir='ltr' id='par_1_82' title="bbox 1861 3625 3451 3698">
     <span class='ocr_line' id='line_1_82' title="bbox 1861 3625 3451 3698; baseline -0.015 -4"><span class='ocrx_word' id='word_1_553' title='bbox 1861 3651 2150 3694; x_wconf 82' lang='lat' dir='ltr'><strong>sermones</strong></span> <span class='ocrx_word' id='word_1_554' title='bbox 2191 3648 2321 3688; x_wconf 87' lang='lat' dir='ltr'><strong>suos</strong></span> <span class='ocrx_word' id='word_1_555' title='bbox 2355 3633 2406 3685; x_wconf 93' lang='lat' dir='ltr'><strong>in</strong></span> <span class='ocrx_word' id='word_1_556' title='bbox 2445 3629 2657 3698; x_wconf 80' lang='lat' dir='ltr'><strong>judicio</strong></span> <span class='ocrx_word' id='word_1_557' title='bbox 2695 3642 2760 3682; x_wconf 91' lang='lat' dir='ltr'><strong>ac</strong></span> <span class='ocrx_word' id='word_1_558' title='bbox 2795 3625 2987 3682; x_wconf 85' lang='lat' dir='ltr'><strong>sedqu</strong></span> <span class='ocrx_word' id='word_1_559' title='bbox 3033 3633 3360 3692; x_wconf 85' lang='lat' dir='ltr'><strong>procurans,</strong></span> <span class='ocrx_word' id='word_1_560' title='bbox 3391 3625 3451 3670; x_wconf 86' lang='lat' dir='ltr'><strong>ut</strong></span> 
     </span>
    </p>
   </div>
   <div class='ocr_carea' id='block_1_83' title="bbox 1861 3710 3438 3802">
    <p class='ocr_par' dir='ltr' id='par_1_83' title="bbox 1861 3710 3438 3802">
     <span class='ocr_line' id='line_1_83' title="bbox 1861 3710 3438 3802; baseline -0.015 -17"><span class='ocrx_word' id='word_1_561' title='bbox 1861 3730 2125 3802; x_wconf 85' lang='lat' dir='ltr'><strong>paulatim</strong></span> <span class='ocrx_word' id='word_1_562' title='bbox 2165 3725 2464 3782; x_wconf 88' lang='lat' dir='ltr'><strong>crescendo</strong></span> <span class='ocrx_word' id='word_1_563' title='bbox 2489 3733 2542 3777; x_wconf 86' lang='lat' dir='ltr'><strong>et</strong></span> <span class='ocrx_word' id='word_1_564' title='bbox 2573 3737 2668 3790; x_wconf 89' lang='lat' dir='ltr'><strong>per</strong></span> <span class='ocrx_word' id='word_1_565' title='bbox 2698 3731 2878 3790; x_wconf 87' lang='lat' dir='ltr'><strong>partes</strong></span> <span class='ocrx_word' id='word_1_566' title='bbox 2923 3715 3184 3771; x_wconf 77' lang='lat' dir='ltr'><strong>instillata</strong></span> <span class='ocrx_word' id='word_1_567' title='bbox 3223 3710 3438 3765; x_wconf 83' lang='lat' dir='ltr'><strong>ﬁrmius</strong></span> 
     </span>
    </p>
   </div>
   <div class='ocr_carea' id='block_1_84' title="bbox 1800 3803 3452 3884">
    <p class='ocr_par' dir='ltr' id='par_1_84' title="bbox 1800 3803 3452 3884">
     <span class='ocr_line' id='line_1_84' title="bbox 1800 3803 3452 3884; baseline -0.017 0"><span class='ocrx_word' id='word_1_568' title='bbox 1800 3871 1811 3884; x_wconf 91' lang='lat'><strong>.</strong></span> <span class='ocrx_word' id='word_1_569' title='bbox 1861 3823 2068 3879; x_wconf 83' lang='lat' dir='ltr'><strong>veritas</strong></span> <span class='ocrx_word' id='word_1_570' title='bbox 2100 3823 2155 3878; x_wconf 90' lang='lat' dir='ltr'><strong>in</strong></span> <span class='ocrx_word' id='word_1_571' title='bbox 2184 3819 2444 3875; x_wconf 86' lang='lat' dir='ltr'><strong>cordibus</strong></span> <span class='ocrx_word' id='word_1_572' title='bbox 2468 3815 2828 3873; x_wconf 84' lang='lat' dir='ltr'><strong>stabiliretur.</strong></span> <span class='ocrx_word' id='word_1_573' title='bbox 2858 3811 3090 3877; x_wconf 82' lang='lat' dir='ltr'><strong>Quando</strong></span> <span class='ocrx_word' id='word_1_574' title='bbox 3113 3806 3259 3862; x_wconf 86' lang='lat' dir='ltr'><strong>enim</strong></span> <span class='ocrx_word' id='word_1_575' title='bbox 3283 3803 3452 3858; x_wconf 80' lang='lat' dir='ltr'><strong>fuerit</strong></span> 
     </span>
    </p>
   </div>
   <div class='ocr_carea' id='block_1_85' title="bbox 1863 3896 3455 3972">
    <p class='ocr_par' dir='ltr' id='par_1_85' title="bbox 1863 3896 3455 3972">
     <span class='ocr_line' id='line_1_85' title="bbox 1863 3896 3455 3972; baseline -0.014 0"><span class='ocrx_word' id='word_1_576' title='bbox 1863 3915 2070 3972; x_wconf 85' lang='lat' dir='ltr'><strong>sensim</strong></span> <span class='ocrx_word' id='word_1_577' title='bbox 2130 3913 2184 3968; x_wconf 93' lang='lat' dir='ltr'><strong>in</strong></span> <span class='ocrx_word' id='word_1_578' title='bbox 2238 3911 2516 3968; x_wconf 86' lang='lat' dir='ltr'><strong>hominum</strong></span> <span class='ocrx_word' id='word_1_579' title='bbox 2575 3905 2779 3961; x_wconf 88' lang='lat' dir='ltr'><strong>animis</strong></span> <span class='ocrx_word' id='word_1_580' title='bbox 2847 3902 3145 3965; x_wconf 86' lang='lat' dir='ltr'><strong>insinuata,</strong></span> <span class='ocrx_word' id='word_1_581' title='bbox 3220 3896 3455 3954; x_wconf 82' lang='lat' dir='ltr'><strong>validior</strong></span> 
     </span>
    </p>
   </div>
   <div class='ocr_carea' id='block_1_86' title="bbox 1865 3989 3456 4072">
    <p class='ocr_par' dir='ltr' id='par_1_86' title="bbox 1865 3989 3456 4072">
     <span class='ocr_line' id='line_1_86' title="bbox 1865 3989 3456 4072; baseline -0.013 -10"><span class='ocrx_word' id='word_1_582' title='bbox 1865 4006 2089 4062; x_wconf 81' lang='lat' dir='ltr'><strong>ﬂamma</strong></span> <span class='ocrx_word' id='word_1_583' title='bbox 2118 4003 2394 4072; x_wconf 73' lang='lat' dir='ltr'><strong>dogmatis</strong></span> <span class='ocrx_word' id='word_1_584' title='bbox 2423 3997 2731 4063; x_wconf 81' lang='lat' dir='ltr'><strong>excitatur;</strong></span> <span class='ocrx_word' id='word_1_585' title='bbox 2763 3995 3046 4051; x_wconf 82' lang='lat' dir='ltr'><strong>celeritate</strong></span> <span class='ocrx_word' id='word_1_586' title='bbox 3085 4007 3216 4050; x_wconf 86' lang='lat' dir='ltr'><strong>vero</strong></span> <span class='ocrx_word' id='word_1_587' title='bbox 3243 3989 3456 4046; x_wconf 85' lang='lat' dir='ltr'><strong>suhita-</strong></span> 
     </span>
    </p>
   </div>
   <div class='ocr_carea' id='block_1_87' title="bbox 1867 4081 3446 4167">
    <p class='ocr_par' dir='ltr' id='par_1_87' title="bbox 1867 4081 3446 4167">
     <span class='ocr_line' id='line_1_87' title="bbox 1867 4081 3446 4167; baseline -0.013 -14"><span class='ocrx_word' id='word_1_588' title='bbox 1867 4093 2458 4167; x_wconf 78' lang='lat' dir='ltr'><strong>neaqueimpressione</strong></span> <span class='ocrx_word' id='word_1_589' title='bbox 2488 4089 2720 4160; x_wconf 81' lang='lat' dir='ltr'><strong>fulgoris</strong></span> <span class='ocrx_word' id='word_1_590' title='bbox 2757 4101 2901 4158; x_wconf 84' lang='lat' dir='ltr'><strong>saepe</strong></span> <span class='ocrx_word' id='word_1_591' title='bbox 2937 4084 3192 4140; x_wconf 88' lang='lat' dir='ltr'><strong>mentalis</strong></span> <span class='ocrx_word' id='word_1_592' title='bbox 3219 4081 3446 4142; x_wconf 84' lang='lat' dir='ltr'><strong>oculus.</strong></span> 
     </span>
    </p>
   </div>
   <div class='ocr_carea' id='block_1_88' title="bbox 1869 4174 3453 4258">
    <p class='ocr_par' dir='ltr' id='par_1_88' title="bbox 1869 4174 3453 4258">
     <span class='ocr_line' id='line_1_88' title="bbox 1869 4174 3453 4258; baseline -0.011 -17"><span class='ocrx_word' id='word_1_593' title='bbox 1869 4187 2175 4258; x_wconf 56' lang='lat' dir='ltr'><strong>pressi-tim</strong></span> <span class='ocrx_word' id='word_1_594' title='bbox 2200 4183 2506 4246; x_wconf 87' lang='lat' dir='ltr'><strong>rudiorum,</strong></span> <span class='ocrx_word' id='word_1_595' title='bbox 2531 4179 2787 4236; x_wconf 73' lang='lat' dir='ltr'><strong>oﬂ&#39;uscari</strong></span> <span class='ocrx_word' id='word_1_596' title='bbox 2805 4178 2964 4242; x_wconf 72' lang='lat' dir='ltr'><strong>solet,</strong></span> <span class='ocrx_word' id='word_1_597' title='bbox 2991 4174 3453 4246; x_wconf 82' lang='lat' dir='ltr'><strong>quemadmodum</strong></span> 
     </span>
    </p>
   </div>
   <div class='ocr_carea' id='block_1_89' title="bbox 1869 4266 3459 4348">
    <p class='ocr_par' dir='ltr' id='par_1_89' title="bbox 1869 4266 3459 4348">
     <span class='ocr_line' id='line_1_89' title="bbox 1869 4266 3459 4348; baseline -0.011 -12"><span class='ocrx_word' id='word_1_598' title='bbox 1869 4291 1923 4336; x_wconf 88' lang='lat' dir='ltr'><strong>et</strong></span> <span class='ocrx_word' id='word_1_599' title='bbox 1962 4279 2147 4348; x_wconf 78' lang='lat' dir='ltr'><strong>fulgur</strong></span> <span class='ocrx_word' id='word_1_600' title='bbox 2174 4277 2359 4334; x_wconf 86' lang='lat' dir='ltr'><strong>lumen</strong></span> <span class='ocrx_word' id='word_1_601' title='bbox 2383 4273 2670 4330; x_wconf 86' lang='lat' dir='ltr'><strong>oculorum</strong></span> <span class='ocrx_word' id='word_1_602' title='bbox 2692 4271 2976 4334; x_wconf 85' lang='lat' dir='ltr'><strong>obtundit,</strong></span> <span class='ocrx_word' id='word_1_603' title='bbox 3013 4267 3252 4324; x_wconf 73' lang='lat' dir='ltr'><strong>maxime</strong></span> <span class='ocrx_word' id='word_1_604' title='bbox 3282 4266 3459 4320; x_wconf 77' lang='lat' dir='ltr'><strong>imbe-</strong></span> 
     </span>
    </p>
   </div>
   <div class='ocr_carea' id='block_1_90' title="bbox 1871 4361 3456 4437">
    <p class='ocr_par' dir='ltr' id='par_1_90' title="bbox 1871 4361 3456 4437">
     <span class='ocr_line' id='line_1_90' title="bbox 1871 4361 3456 4437; baseline -0.014 -4"><span class='ocrx_word' id='word_1_605' title='bbox 1871 4379 2172 4433; x_wconf 89' lang='lat' dir='ltr'><strong>cilliorum.</strong></span> <span class='ocrx_word' id='word_1_606' title='bbox 2237 4373 2362 4428; x_wconf 87' lang='lat' dir='ltr'><strong>Ideo</strong></span> <span class='ocrx_word' id='word_1_607' title='bbox 2392 4371 2518 4427; x_wconf 87' lang='lat' dir='ltr'><strong>silet</strong></span> <span class='ocrx_word' id='word_1_608' title='bbox 2554 4369 2801 4437; x_wconf 82' lang='lat' dir='ltr'><strong>quidem,</strong></span> <span class='ocrx_word' id='word_1_609' title='bbox 2837 4365 2983 4435; x_wconf 91' lang='lat' dir='ltr'><strong>quod</strong></span> <span class='ocrx_word' id='word_1_610' title='bbox 3044 4379 3156 4432; x_wconf 67' lang='lat' dir='ltr'><strong>prae</strong></span> <span class='ocrx_word' id='word_1_611' title='bbox 3178 4361 3288 4416; x_wconf 89' lang='lat' dir='ltr'><strong>alio</strong></span> <span class='ocrx_word' id='word_1_612' title='bbox 3313 4375 3456 4429; x_wconf 85' lang='lat' dir='ltr'><strong>quo-</strong></span> 
     </span>
    </p>
   </div>
   <div class='ocr_carea' id='block_1_91' title="bbox 1874 4452 3454 4536">
    <p class='ocr_par' dir='ltr' id='par_1_91' title="bbox 1874 4452 3454 4536">
     <span class='ocr_line' id='line_1_91' title="bbox 1874 4452 3454 4536; baseline -0.013 -11"><span class='ocrx_word' id='word_1_613' title='bbox 1874 4471 2008 4525; x_wconf 82' lang='lat' dir='ltr'><strong>libet</strong></span> <span class='ocrx_word' id='word_1_614' title='bbox 2045 4467 2342 4536; x_wconf 70' lang='lat' dir='ltr'><strong>prcdicare</strong></span> <span class='ocrx_word' id='word_1_615' title='bbox 2375 4462 2762 4518; x_wconf 83' lang='lat' dir='ltr'><strong>ardentissime</strong></span> <span class='ocrx_word' id='word_1_616' title='bbox 2821 4457 3130 4527; x_wconf 73' lang='lat' dir='ltr'><strong>expetebat,</strong></span> <span class='ocrx_word' id='word_1_617' title='bbox 3169 4452 3454 4508; x_wconf 87' lang='lat' dir='ltr'><strong>silentium</strong></span> 
     </span>
    </p>
   </div>
   <div class='ocr_carea' id='block_1_92' title="bbox 184 4546 1751 4632">
    <p class='ocr_par' dir='ltr' id='par_1_92' title="bbox 184 4547 1751 4632">
     <span class='ocr_line' id='line_1_92' title="bbox 184 4547 1751 4632; baseline -0.011 -16"><span class='ocrx_word' id='word_1_618' title='bbox 184 4564 328 4616; x_wconf 77' lang='grc' dir='ltr'><strong>ὥστε</strong></span> <span class='ocrx_word' id='word_1_619' title='bbox 349 4560 548 4632; x_wconf 78' lang='grc' dir='ltr'><strong>μᾶλλον</strong></span> <span class='ocrx_word' id='word_1_620' title='bbox 574 4558 769 4631; x_wconf 84' lang='grc' dir='ltr'><strong>καιροῦ</strong></span> <span class='ocrx_word' id='word_1_621' title='bbox 790 4557 1058 4626; x_wconf 78' lang='grc' dir='ltr'><strong>παρόντος</strong></span> <span class='ocrx_word' id='word_1_622' title='bbox 1083 4553 1601 4624; x_wconf 78' lang='grc' dir='ltr'><strong>μεγαλοφωνότερον</strong></span> <span class='ocrx_word' id='word_1_623' title='bbox 1623 4547 1751 4618; x_wconf 62' lang='grc' dir='ltr'><strong>ἐχειπ</strong></span> 
     </span>
    </p>
   </div>
   <div class='ocr_carea' id='block_1_93' title="bbox 1855 4546 3454 4632">
    <p class='ocr_par' dir='ltr' id='par_1_93' title="bbox 1873 4546 3454 4622">
     <span class='ocr_line' id='line_1_93' title="bbox 1873 4546 3454 4622; baseline -0.011 -5"><span class='ocrx_word' id='word_1_624' title='bbox 1873 4573 2055 4618; x_wconf 87' lang='lat' dir='ltr'><strong>tamen</strong></span> <span class='ocrx_word' id='word_1_625' title='bbox 2101 4556 2413 4621; x_wconf 83' lang='lat' dir='ltr'><strong>adhibebat,</strong></span> <span class='ocrx_word' id='word_1_626' title='bbox 2457 4565 2516 4609; x_wconf 92' lang='lat' dir='ltr'><strong>ut</strong></span> <span class='ocrx_word' id='word_1_627' title='bbox 2557 4564 2802 4622; x_wconf 86' lang='lat' dir='ltr'><strong>tempore</strong></span> <span class='ocrx_word' id='word_1_628' title='bbox 2847 4560 3158 4621; x_wconf 84' lang='lat' dir='ltr'><strong>opp0rtuno</strong></span> <span class='ocrx_word' id='word_1_629' title='bbox 3195 4546 3454 4602; x_wconf 87' lang='lat' dir='ltr'><strong>validiori</strong></span> 
     </span>
    </p>
   </div>
   <div class='ocr_carea' id='block_1_94' title="bbox 182 4639 1774 4721">
    <p class='ocr_par' dir='ltr' id='par_1_94' title="bbox 182 4639 1774 4721">
     <span class='ocr_line' id='line_1_94' title="bbox 182 4639 1774 4721; baseline -0.009 -15"><span class='ocrx_word' id='word_1_630' title='bbox 182 4656 248 4706; x_wconf 74' lang='grc' dir='ltr'><strong>τὸ</strong></span> <span class='ocrx_word' id='word_1_631' title='bbox 264 4653 625 4721; x_wconf 83' lang='grc' dir='ltr'><strong>σιωπώμενον</strong></span> <span class='ocrx_word' id='word_1_632' title='bbox 647 4647 966 4721; x_wconf 83' lang='grc' dir='ltr'><strong>κηρύσσειν.</strong></span> <span class='ocrx_word' id='word_1_633' title='bbox 987 4645 1319 4714; x_wconf 79' lang='grc' dir='ltr'><strong>Πολύστιχον</strong></span> <span class='ocrx_word' id='word_1_634' title='bbox 1343 4643 1410 4698; x_wconf 77' lang='grc' dir='ltr'><strong>ἂν</strong></span> <span class='ocrx_word' id='word_1_635' title='bbox 1444 4641 1668 4710; x_wconf 84' lang='grc' dir='ltr'><strong>συνθείη</strong></span> <span class='ocrx_word' id='word_1_636' title='bbox 1695 4639 1774 4710; x_wconf 89' lang='grc' dir='ltr'><strong>βι-</strong></span> 
     </span>
    </p>
   </div>
   <div class='ocr_carea' id='block_1_95' title="bbox 183 4732 1770 4808">
    <p class='ocr_par' dir='ltr' id='par_1_95' title="bbox 183 4732 1770 4808">
     <span class='ocr_line' id='line_1_95' title="bbox 183 4732 1770 4808; baseline -0.008 -10"><span class='ocrx_word' id='word_1_637' title='bbox 183 4746 364 4808; x_wconf 74' lang='grc' dir='ltr'><strong>ϐλίον,</strong></span> <span class='ocrx_word' id='word_1_638' title='bbox 391 4744 446 4796; x_wconf 86' lang='grc' dir='ltr'><strong>εῐ</strong></span> <span class='ocrx_word' id='word_1_639' title='bbox 463 4760 546 4806; x_wconf 87' lang='grc' dir='ltr'><strong>τις</strong></span> <span class='ocrx_word' id='word_1_640' title='bbox 561 4741 674 4796; x_wconf 81' lang='grc' dir='ltr'><strong>τῶν</strong></span> <span class='ocrx_word' id='word_1_641' title='bbox 695 4739 957 4795; x_wconf 82' lang='grc' dir='ltr'><strong>τοιούτων</strong></span> <span class='ocrx_word' id='word_1_642' title='bbox 975 4737 1044 4791; x_wconf 81' lang='grc' dir='ltr'><strong>τὰ</strong></span> <span class='ocrx_word' id='word_1_643' title='bbox 1072 4737 1317 4807; x_wconf 81' lang='grc' dir='ltr'><strong>ὀνόματα</strong></span> <span class='ocrx_word' id='word_1_644' title='bbox 1338 4735 1545 4795; x_wconf 75' lang='grc' dir='ltr'><strong>καὶτὰς</strong></span> <span class='ocrx_word' id='word_1_645' title='bbox 1570 4732 1770 4796; x_wconf 86' lang='grc' dir='ltr'><strong>αίτίας,</strong></span> 
     </span>
    </p>
   </div>
   <div class='ocr_carea' id='block_1_96' title="bbox 187 4816 1770 4900">
    <p class='ocr_par' dir='ltr' id='par_1_96' title="bbox 187 4816 1770 4900">
     <span class='ocr_line' id='line_1_96' title="bbox 187 4816 1770 4900; baseline -0.009 -10"><span class='ocrx_word' id='word_1_646' title='bbox 187 4836 260 4890; x_wconf 88' lang='grc' dir='ltr'><strong>δι’</strong></span> <span class='ocrx_word' id='word_1_647' title='bbox 288 4816 374 4898; x_wconf 58' lang='grc' dir='ltr'><strong>δέ</strong></span> <span class='ocrx_word' id='word_1_648' title='bbox 396 4833 660 4896; x_wconf 78' lang='grc' dir='ltr'><strong>πολλάκις</strong></span> <span class='ocrx_word' id='word_1_649' title='bbox 687 4832 748 4885; x_wconf 79' lang='grc' dir='ltr'><strong>τὸ</strong></span> <span class='ocrx_word' id='word_1_650' title='bbox 775 4831 875 4900; x_wconf 81' lang='grc' dir='ltr'><strong>τῆς</strong></span> <span class='ocrx_word' id='word_1_651' title='bbox 897 4827 1157 4899; x_wconf 76' lang='grc' dir='ltr'><strong>ἀληθείας</strong></span> <span class='ocrx_word' id='word_1_652' title='bbox 1186 4828 1247 4881; x_wconf 79' lang='grc' dir='ltr'><strong>οὐ</strong></span> <span class='ocrx_word' id='word_1_653' title='bbox 1283 4826 1562 4897; x_wconf 83' lang='grc' dir='ltr'><strong>προσῆγον</strong></span> <span class='ocrx_word' id='word_1_654' title='bbox 1586 4823 1770 4886; x_wconf 76' lang='grc' dir='ltr'><strong>ἄνθος,</strong></span> 
     </span>
    </p>
   </div>
   <div class='ocr_carea' id='block_1_97' title="bbox 190 4915 1776 4993">
    <p class='ocr_par' dir='ltr' id='par_1_97' title="bbox 190 4915 1776 4993">
     <span class='ocr_line' id='line_1_97' title="bbox 190 4915 1776 4993; baseline -0.008 -11"><span class='ocrx_word' id='word_1_655' title='bbox 190 4929 269 4992; x_wconf 83' lang='grc' dir='ltr'><strong>ὡς</strong></span> <span class='ocrx_word' id='word_1_656' title='bbox 303 4928 372 4982; x_wconf 72' lang='grc' dir='ltr'><strong>ἂν</strong></span> <span class='ocrx_word' id='word_1_657' title='bbox 397 4925 531 4981; x_wconf 81' lang='grc' dir='ltr'><strong>αὑτό</strong></span> <span class='ocrx_word' id='word_1_658' title='bbox 559 4942 620 4979; x_wconf 73' lang='grc' dir='ltr'><strong>τε</strong></span> <span class='ocrx_word' id='word_1_659' title='bbox 641 4925 704 4977; x_wconf 78' lang='grc' dir='ltr'><strong>τὸ</strong></span> <span class='ocrx_word' id='word_1_660' title='bbox 725 4923 886 4986; x_wconf 74' lang='grc' dir='ltr'><strong>ἄνθος</strong></span> <span class='ocrx_word' id='word_1_661' title='bbox 915 4922 1116 4993; x_wconf 75' lang='grc' dir='ltr'><strong>ὡραῖον</strong></span> <span class='ocrx_word' id='word_1_662' title='bbox 1141 4919 1441 4989; x_wconf 77' lang='grc' dir='ltr'><strong>εὐανθήσῃ,</strong></span> <span class='ocrx_word' id='word_1_663' title='bbox 1468 4918 1504 4989; x_wconf 76' lang='grc' dir='ltr'><strong>ἦ</strong></span> <span class='ocrx_word' id='word_1_664' title='bbox 1536 4933 1594 4970; x_wconf 89' lang='grc' dir='ltr'><strong>τε</strong></span> <span class='ocrx_word' id='word_1_665' title='bbox 1643 4915 1776 4986; x_wconf 82' lang='grc' dir='ltr'><strong>βλά-</strong></span> 
     </span>
    </p>
   </div>
   <div class='ocr_carea' id='block_1_98' title="bbox 195 5007 1777 5087">
    <p class='ocr_par' dir='ltr' id='par_1_98' title="bbox 195 5007 1777 5087">
     <span class='ocr_line' id='line_1_98' title="bbox 195 5007 1777 5087; baseline -0.008 -16"><span class='ocrx_word' id='word_1_666' title='bbox 195 5034 392 5087; x_wconf 86' lang='grc' dir='ltr'><strong>στησις</strong></span> <span class='ocrx_word' id='word_1_667' title='bbox 439 5015 652 5086; x_wconf 76' lang='grc' dir='ltr'><strong>ἐπιδοίη</strong></span> <span class='ocrx_word' id='word_1_668' title='bbox 693 5015 896 5084; x_wconf 80' lang='grc' dir='ltr'><strong>μᾶλλον</strong></span> <span class='ocrx_word' id='word_1_669' title='bbox 936 5014 1032 5068; x_wconf 79' lang='grc' dir='ltr'><strong>καὶ</strong></span> <span class='ocrx_word' id='word_1_670' title='bbox 1069 5013 1164 5067; x_wconf 76' lang='grc' dir='ltr'><strong>τὸν</strong></span> <span class='ocrx_word' id='word_1_671' title='bbox 1207 5010 1420 5080; x_wconf 82' lang='grc' dir='ltr'><strong>καρπὸν</strong></span> <span class='ocrx_word' id='word_1_672' title='bbox 1475 5007 1777 5073; x_wconf 55' lang='lat' dir='ltr'><strong>onmem;</strong></span> 
     </span>
    </p>
   </div>
   <div class='ocr_carea' id='block_1_99' title="bbox 197 5099 1772 5180">
    <p class='ocr_par' dir='ltr' id='par_1_99' title="bbox 197 5099 1772 5180">
     <span class='ocr_line' id='line_1_99' title="bbox 197 5099 1772 5180; baseline -0.007 -17"><span class='ocrx_word' id='word_1_673' title='bbox 197 5109 597 5171; x_wconf 79' lang='grc' dir='ltr'><strong>πολυπλασιον,</strong></span> <span class='ocrx_word' id='word_1_674' title='bbox 641 5110 826 5180; x_wconf 81' lang='grc' dir='ltr'><strong>γραφῇ</strong></span> <span class='ocrx_word' id='word_1_675' title='bbox 877 5105 1216 5178; x_wconf 88' lang='grc' dir='ltr'><strong>παραδοῦναι</strong></span> <span class='ocrx_word' id='word_1_676' title='bbox 1273 5101 1591 5174; x_wconf 74' lang='grc' dir='ltr'><strong>βουληθείηο</strong></span> <span class='ocrx_word' id='word_1_677' title='bbox 1625 5099 1772 5154; x_wconf 79' lang='grc' dir='ltr'><strong>Ἀλλ’</strong></span> 
     </span>
    </p>
   </div>
   <div class='ocr_carea' id='block_1_100' title="bbox 197 5192 1778 5273">
    <p class='ocr_par' dir='ltr' id='par_1_100' title="bbox 197 5192 1778 5273">
     <span class='ocr_line' id='line_1_100' title="bbox 197 5192 1778 5273; baseline -0.007 -17"><span class='ocrx_word' id='word_1_678' title='bbox 197 5203 447 5265; x_wconf 70' lang='grc' dir='ltr'><strong>ἐκείνους</strong></span> <span class='ocrx_word' id='word_1_679' title='bbox 479 5203 579 5273; x_wconf 81' lang='grc' dir='ltr'><strong>μὲν</strong></span> <span class='ocrx_word' id='word_1_680' title='bbox 603 5201 864 5272; x_wconf 79' lang='grc' dir='ltr'><strong>ἀγάμεθα</strong></span> <span class='ocrx_word' id='word_1_681' title='bbox 897 5198 1118 5270; x_wconf 78' lang='grc' dir='ltr'><strong>καὶτῆς</strong></span> <span class='ocrx_word' id='word_1_682' title='bbox 1151 5197 1298 5268; x_wconf 82' lang='grc' dir='ltr'><strong>ὑπὲρ</strong></span> <span class='ocrx_word' id='word_1_683' title='bbox 1327 5195 1492 5264; x_wconf 78' lang='grc' dir='ltr'><strong>λόγον</strong></span> <span class='ocrx_word' id='word_1_684' title='bbox 1524 5192 1778 5253; x_wconf 76' lang='grc' dir='ltr'><strong>ἐπινοίας</strong></span> 
     </span>
    </p>
   </div>
   <div class='ocr_carea' id='block_1_101' title="bbox 198 5290 1781 5370">
    <p class='ocr_par' dir='ltr' id='par_1_101' title="bbox 198 5290 1781 5370">
     <span class='ocr_line' id='line_1_101' title="bbox 198 5290 1781 5370; baseline -0.005 -16"><span class='ocrx_word' id='word_1_685' title='bbox 198 5305 295 5355; x_wconf 78' lang='grc' dir='ltr'><strong>καὶ</strong></span> <span class='ocrx_word' id='word_1_686' title='bbox 323 5301 425 5369; x_wconf 82' lang='grc' dir='ltr'><strong>τῆς</strong></span> <span class='ocrx_word' id='word_1_687' title='bbox 450 5301 508 5353; x_wconf 80' lang='grc' dir='ltr'><strong>ὲν</strong></span> <span class='ocrx_word' id='word_1_688' title='bbox 542 5298 705 5370; x_wconf 80' lang='grc' dir='ltr'><strong>σοφίᾳ</strong></span> <span class='ocrx_word' id='word_1_689' title='bbox 735 5298 1049 5368; x_wconf 74' lang='grc' dir='ltr'><strong>οἰκονομίας</strong></span> <span class='ocrx_word' id='word_1_690' title='bbox 1073 5312 1087 5329; x_wconf 77' lang='grc' dir='ltr'><strong>ο</strong></span> <span class='ocrx_word' id='word_1_691' title='bbox 1131 5298 1181 5348; x_wconf 84' lang='lat' dir='ltr'><strong>sl</strong></span> <span class='ocrx_word' id='word_1_692' title='bbox 1201 5295 1260 5348; x_wconf 73' lang='grc' dir='ltr'><strong>δέ</strong></span> <span class='ocrx_word' id='word_1_693' title='bbox 1292 5311 1377 5356; x_wconf 86' lang='grc' dir='ltr'><strong>τις</strong></span> <span class='ocrx_word' id='word_1_694' title='bbox 1427 5292 1498 5346; x_wconf 81' lang='grc' dir='ltr'><strong>τὰ</strong></span> <span class='ocrx_word' id='word_1_695' title='bbox 1553 5290 1781 5346; x_wconf 87' lang='grc' dir='ltr'><strong>τοιαῦτα</strong></span> 
     </span>
    </p>
   </div>
   <div class='ocr_carea' id='block_1_102' title="bbox 195 5383 1782 5463">
    <p class='ocr_par' dir='ltr' id='par_1_102' title="bbox 195 5383 1782 5463">
     <span class='ocr_line' id='line_1_102' title="bbox 195 5383 1782 5463; baseline -0.009 -13"><span class='ocrx_word' id='word_1_696' title='bbox 195 5398 276 5459; x_wconf 80' lang='grc' dir='ltr'><strong>ὡς</strong></span> <span class='ocrx_word' id='word_1_697' title='bbox 305 5395 508 5463; x_wconf 76' lang='grc' dir='ltr'><strong>νόμους</strong></span> <span class='ocrx_word' id='word_1_698' title='bbox 529 5393 624 5446; x_wconf 77' lang='grc' dir='ltr'><strong>καὶ</strong></span> <span class='ocrx_word' id='word_1_699' title='bbox 664 5392 914 5462; x_wconf 77' lang='grc' dir='ltr'><strong>δόγματα</strong></span> <span class='ocrx_word' id='word_1_700' title='bbox 964 5388 1325 5460; x_wconf 79' lang='grc' dir='ltr'><strong>παρεισάγειν</strong></span> <span class='ocrx_word' id='word_1_701' title='bbox 1365 5389 1433 5456; x_wconf 75' lang='grc' dir='ltr'><strong>τῇ</strong></span> <span class='ocrx_word' id='word_1_702' title='bbox 1480 5383 1782 5455; x_wconf 67' lang='grc' dir='ltr'><strong>Ἐκκλησία</strong></span> 
     </span>
    </p>
   </div>
   <div class='ocr_carea' id='block_1_103' title="bbox 197 5476 1777 5559">
    <p class='ocr_par' dir='ltr' id='par_1_103' title="bbox 197 5476 1777 5559">
     <span class='ocr_line' id='line_1_103' title="bbox 197 5476 1777 5559; baseline -0.007 -19"><span class='ocrx_word' id='word_1_703' title='bbox 197 5488 468 5559; x_wconf 73' lang='grc' dir='ltr'><strong>βιάζοιτο,</strong></span> <span class='ocrx_word' id='word_1_704' title='bbox 502 5483 699 5556; x_wconf 75' lang='grc' dir='ltr'><strong>ἐχθρὸν</strong></span> <span class='ocrx_word' id='word_1_705' title='bbox 729 5482 831 5554; x_wconf 76' lang='grc' dir='ltr'><strong>μὲν</strong></span> <span class='ocrx_word' id='word_1_706' title='bbox 869 5482 1035 5536; x_wconf 78' lang='grc' dir='ltr'><strong>αὑτὸν</strong></span> <span class='ocrx_word' id='word_1_707' title='bbox 1085 5480 1197 5534; x_wconf 83' lang='grc' dir='ltr'><strong>τῶν</strong></span> <span class='ocrx_word' id='word_1_708' title='bbox 1233 5480 1411 5548; x_wconf 71' lang='grc' dir='ltr'><strong>ἁγίων</strong></span> <span class='ocrx_word' id='word_1_709' title='bbox 1461 5476 1777 5548; x_wconf 80' lang='grc' dir='ltr'><strong>ἡγούμεθα,</strong></span> 
     </span>
    </p>
   </div>
   <div class='ocr_carea' id='block_1_104' title="bbox 272 5619 1786 5703">
    <p class='ocr_par' dir='ltr' id='par_1_104' title="bbox 272 5619 1786 5703">
     <span class='ocr_line' id='line_1_104' title="bbox 272 5619 1786 5703; baseline -0.007 -21"><span class='ocrx_word' id='word_1_710' title='bbox 272 5625 510 5703; x_wconf 75' lang='lat' dir='ltr'><strong>(l)_ll;e_c</strong></span> <span class='ocrx_word' id='word_1_711' title='bbox 536 5641 673 5703; x_wconf 26' lang='lat' dir='ltr'><strong>Aqua:</strong></span> <span class='ocrx_word' id='word_1_712' title='bbox 708 5631 1010 5703; x_wconf 58' lang='lat' dir='ltr'><strong>sequuntur</strong></span> <span class='ocrx_word' id='word_1_713' title='bbox 1037 5620 1404 5703; x_wconf 52' lang='lat' dir='ltr'><strong>eodemnlere</strong></span> <span class='ocrx_word' id='word_1_714' title='bbox 1433 5619 1599 5703; x_wconf 51' lang='lat' dir='ltr'><strong>modo</strong></span> <span class='ocrx_word' id='word_1_715' title='bbox 1632 5633 1786 5688; x_wconf 86' lang='lat' dir='ltr'><strong>repe-</strong></span> 
     </span>
    </p>
   </div>
   <div class='ocr_carea' id='block_1_105' title="bbox 203 5689 1622 5761">
    <p class='ocr_par' dir='ltr' id='par_1_105' title="bbox 203 5689 1622 5761">
     <span class='ocr_line' id='line_1_105' title="bbox 203 5689 1622 5761; baseline -0.009 -3"><span class='ocrx_word' id='word_1_716' title='bbox 203 5689 443 5758; x_wconf 47' lang='lat' dir='ltr'><strong>rie‘s&#39;Or.</strong></span> <span class='ocrx_word' id='word_1_717' title='bbox 473 5699 490 5753; x_wconf 83' lang='grc'><strong>1</strong></span> <span class='ocrx_word' id='word_1_718' title='bbox 518 5689 586 5750; x_wconf 74' lang='lat' dir='ltr'><strong>de</strong></span> <span class='ocrx_word' id='word_1_719' title='bbox 614 5713 705 5750; x_wconf 90' lang='lat' dir='ltr'><strong>un.</strong></span> <span class='ocrx_word' id='word_1_720' title='bbox 743 5689 910 5761; x_wconf 64' lang='lat' dir='ltr'><strong>lii-CL,</strong></span> <span class='ocrx_word' id='word_1_721' title='bbox 949 5709 1002 5748; x_wconf 87' lang='grc' dir='ltr'><strong>η.</strong></span> <span class='ocrx_word' id='word_1_722' title='bbox 1025 5692 1114 5752; x_wconf 73' lang='grc'><strong>46,</strong></span> <span class='ocrx_word' id='word_1_723' title='bbox 1146 5690 1212 5746; x_wconf 85' lang='lat' dir='ltr'><strong>G.</strong></span> <span class='ocrx_word' id='word_1_724' title='bbox 1243 5691 1308 5745; x_wconf 92' lang='grc' dir='ltr'><strong>Ο.</strong></span> <span class='ocrx_word' id='word_1_725' title='bbox 1338 5689 1380 5744; x_wconf 88' lang='grc'><strong>1.</strong></span> <span class='ocrx_word' id='word_1_726' title='bbox 1415 5706 1468 5760; x_wconf 85' lang='lat' dir='ltr'><strong>p.</strong></span> <span class='ocrx_word' id='word_1_727' title='bbox 1498 5689 1622 5745; x_wconf 82' lang='grc'><strong>170.</strong></span> 
     </span>
    </p>
   </div>
   <div class='ocr_carea' id='block_1_106' title="bbox 278 5761 1285 5838">
    <p class='ocr_par' dir='ltr' id='par_1_106' title="bbox 278 5761 1285 5838">
     <span class='ocr_line' id='line_1_106' title="bbox 278 5761 1285 5838; baseline -0.008 -17"><span class='ocrx_word' id='word_1_728' title='bbox 278 5771 358 5838; x_wconf 70' lang='lat'><strong>(‘2)</strong></span> <span class='ocrx_word' id='word_1_729' title='bbox 391 5769 547 5822; x_wconf 82' lang='lat' dir='ltr'><strong>Becc.</strong></span> <span class='ocrx_word' id='word_1_730' title='bbox 575 5767 670 5822; x_wconf 92' lang='lat' dir='ltr'><strong>Or.</strong></span> <span class='ocrx_word' id='word_1_731' title='bbox 695 5767 760 5838; x_wconf 76' lang='lat' dir='ltr'><strong>d_e</strong></span> <span class='ocrx_word' id='word_1_732' title='bbox 787 5782 878 5819; x_wconf 84' lang='lat' dir='ltr'><strong>un.</strong></span> <span class='ocrx_word' id='word_1_733' title='bbox 917 5765 952 5818; x_wconf 93' lang='lat' dir='ltr'><strong>l.</strong></span> <span class='ocrx_word' id='word_1_734' title='bbox 980 5761 1206 5838; x_wconf 48' lang='lat'><strong>0.90;}!</strong></span> <span class='ocrx_word' id='word_1_735' title='bbox 1235 5780 1285 5838; x_wconf 67' lang='grc' dir='ltr'><strong>τΣ</strong></span> 
     </span>
    </p>
   </div>
   <div class='ocr_carea' id='block_1_107' title="bbox 279 5832 1782 5906">
    <p class='ocr_par' dir='ltr' id='par_1_107' title="bbox 279 5832 1782 5906">
     <span class='ocr_line' id='line_1_107' title="bbox 279 5832 1782 5906; baseline -0.005 -12"><span class='ocrx_word' id='word_1_736' title='bbox 279 5832 543 5906; x_wconf 63' lang='grc' dir='ltr'><strong>(δ’)(ὶυᾰη</strong></span> <span class='ocrx_word' id='word_1_737' title='bbox 598 5840 657 5892; x_wconf 64' lang='grc' dir='ltr'><strong>τὸ</strong></span> <span class='ocrx_word' id='word_1_738' title='bbox 685 5835 828 5890; x_wconf 77' lang='grc' dir='ltr'><strong>οὕτω</strong></span> <span class='ocrx_word' id='word_1_739' title='bbox 871 5835 1092 5902; x_wconf 82' lang='grc' dir='ltr'><strong>γεγονὸς</strong></span> <span class='ocrx_word' id='word_1_740' title='bbox 1140 5832 1493 5899; x_wconf 74' lang='grc' dir='ltr'><strong>ἁξιοζήτητον</strong></span> <span class='ocrx_word' id='word_1_741' title='bbox 1538 5833 1782 5895; x_wconf 62' lang='grc' dir='ltr'><strong>ὖσῖεροκλ.</strong></span> 
     </span>
    </p>
   </div>
   <div class='ocr_carea' id='block_1_108' title="bbox 1874 4641 3458 4717">
    <p class='ocr_par' dir='ltr' id='par_1_108' title="bbox 1874 4641 3458 4717">
     <span class='ocr_line' id='line_1_108' title="bbox 1874 4641 3458 4717; baseline -0.008 -9"><span class='ocrx_word' id='word_1_742' title='bbox 1874 4669 2013 4710; x_wconf 89' lang='lat' dir='ltr'><strong>voce</strong></span> <span class='ocrx_word' id='word_1_743' title='bbox 2070 4653 2122 4706; x_wconf 88' lang='lat' dir='ltr'><strong>id</strong></span> <span class='ocrx_word' id='word_1_744' title='bbox 2162 4650 2310 4715; x_wconf 85' lang='lat' dir='ltr'><strong>quod</strong></span> <span class='ocrx_word' id='word_1_745' title='bbox 2362 4649 2593 4705; x_wconf 87' lang='lat' dir='ltr'><strong>siluerat</strong></span> <span class='ocrx_word' id='word_1_746' title='bbox 2648 4645 2951 4717; x_wconf 67' lang='lat' dir='ltr'><strong>praedicare</strong></span> <span class='ocrx_word' id='word_1_747' title='bbox 3004 4651 3214 4714; x_wconf 87' lang='lat' dir='ltr'><strong>posset.</strong></span> <span class='ocrx_word' id='word_1_748' title='bbox 3263 4641 3458 4710; x_wconf 84' lang='lat' dir='ltr'><strong>Ingens</strong></span> 
     </span>
    </p>
   </div>
   <div class='ocr_carea' id='block_1_109' title="bbox 1857 4733 3462 4814">
    <p class='ocr_par' dir='ltr' id='par_1_109' title="bbox 1857 4733 3462 4814">
     <span class='ocr_line' id='line_1_109' title="bbox 1857 4733 3462 4814; baseline -0.009 -14"><span class='ocrx_word' id='word_1_749' title='bbox 1857 4762 2006 4802; x_wconf 67' lang='lat' dir='ltr'><strong>vero</strong></span> <span class='ocrx_word' id='word_1_750' title='bbox 2038 4749 2294 4800; x_wconf 84' lang='lat' dir='ltr'><strong>volumen</strong></span> <span class='ocrx_word' id='word_1_751' title='bbox 2335 4747 2708 4814; x_wconf 81' lang='lat' dir='ltr'><strong>componeret,</strong></span> <span class='ocrx_word' id='word_1_752' title='bbox 2743 4739 2787 4792; x_wconf 93' lang='lat' dir='ltr'><strong>si</strong></span> <span class='ocrx_word' id='word_1_753' title='bbox 2818 4737 2944 4807; x_wconf 89' lang='lat' dir='ltr'><strong>quis</strong></span> <span class='ocrx_word' id='word_1_754' title='bbox 2973 4735 3173 4790; x_wconf 86' lang='lat' dir='ltr'><strong>litteris</strong></span> <span class='ocrx_word' id='word_1_755' title='bbox 3198 4733 3462 4792; x_wconf 85' lang='lat' dir='ltr'><strong>mandare</strong></span> 
     </span>
    </p>
   </div>
   <div class='ocr_carea' id='block_1_110' title="bbox 1877 4815 3462 4898">
    <p class='ocr_par' dir='ltr' id='par_1_110' title="bbox 1877 4815 3462 4898">
     <span class='ocr_line' id='line_1_110' title="bbox 1877 4815 3462 4898; baseline -0.009 -3"><span class='ocrx_word' id='word_1_756' title='bbox 1877 4840 2045 4895; x_wconf 84' lang='lat' dir='ltr'><strong>vellet</strong></span> <span class='ocrx_word' id='word_1_757' title='bbox 2075 4839 2308 4894; x_wconf 86' lang='lat' dir='ltr'><strong>istorum</strong></span> <span class='ocrx_word' id='word_1_758' title='bbox 2335 4835 2558 4890; x_wconf 87' lang='lat' dir='ltr'><strong>nomina</strong></span> <span class='ocrx_word' id='word_1_759' title='bbox 2589 4840 2645 4886; x_wconf 87' lang='lat' dir='ltr'><strong>et</strong></span> <span class='ocrx_word' id='word_1_760' title='bbox 2673 4846 2891 4894; x_wconf 80' lang='lat' dir='ltr'><strong>causas,</strong></span> <span class='ocrx_word' id='word_1_761' title='bbox 2923 4829 2997 4884; x_wconf 88' lang='lat' dir='ltr'><strong>ob</strong></span> <span class='ocrx_word' id='word_1_762' title='bbox 3026 4842 3166 4898; x_wconf 87' lang='lat' dir='ltr'><strong>quas</strong></span> <span class='ocrx_word' id='word_1_763' title='bbox 3191 4815 3341 4896; x_wconf 69' lang='lat' dir='ltr'><strong>saepe</strong></span> <span class='ocrx_word' id='word_1_764' title='bbox 3372 4841 3462 4881; x_wconf 88' lang='lat' dir='ltr'><strong>ve-</strong></span> 
     </span>
    </p>
   </div>
   <div class='ocr_carea' id='block_1_111' title="bbox 1878 4918 3464 4997">
    <p class='ocr_par' dir='ltr' id='par_1_111' title="bbox 1878 4918 3464 4997">
     <span class='ocr_line' id='line_1_111' title="bbox 1878 4918 3464 4997; baseline -0.008 -12"><span class='ocrx_word' id='word_1_765' title='bbox 1878 4931 2059 4985; x_wconf 89' lang='lat' dir='ltr'><strong>ritatis</strong></span> <span class='ocrx_word' id='word_1_766' title='bbox 2087 4943 2196 4984; x_wconf 90' lang='lat' dir='ltr'><strong>non</strong></span> <span class='ocrx_word' id='word_1_767' title='bbox 2219 4926 2582 4997; x_wconf 80' lang='lat' dir='ltr'><strong>propalabant</strong></span> <span class='ocrx_word' id='word_1_768' title='bbox 2629 4921 2846 4986; x_wconf 78' lang='lat' dir='ltr'><strong>ﬂorem,</strong></span> <span class='ocrx_word' id='word_1_769' title='bbox 2907 4929 2967 4975; x_wconf 86' lang='lat' dir='ltr'><strong>ut</strong></span> <span class='ocrx_word' id='word_1_770' title='bbox 3013 4929 3069 4974; x_wconf 87' lang='lat' dir='ltr'><strong>et</strong></span> <span class='ocrx_word' id='word_1_771' title='bbox 3103 4919 3208 4990; x_wconf 90' lang='lat' dir='ltr'><strong>ipsi</strong></span> <span class='ocrx_word' id='word_1_772' title='bbox 3237 4918 3338 4978; x_wconf 81' lang='lat' dir='ltr'><strong>ﬂos</strong></span> <span class='ocrx_word' id='word_1_773' title='bbox 3372 4934 3464 4972; x_wconf 86' lang='lat' dir='ltr'><strong>ve-</strong></span> 
     </span>
    </p>
   </div>
   <div class='ocr_carea' id='block_1_112' title="bbox 1880 5014 3460 5083">
    <p class='ocr_par' dir='ltr' id='par_1_112' title="bbox 1880 5014 3460 5083">
     <span class='ocr_line' id='line_1_112' title="bbox 1880 5014 3460 5083; baseline -0.007 -7"><span class='ocrx_word' id='word_1_774' title='bbox 1880 5022 2096 5078; x_wconf 89' lang='lat' dir='ltr'><strong>nustius</strong></span> <span class='ocrx_word' id='word_1_775' title='bbox 2145 5019 2524 5081; x_wconf 84' lang='lat' dir='ltr'><strong>eﬂlorcsceret,</strong></span> <span class='ocrx_word' id='word_1_776' title='bbox 2553 5024 2607 5070; x_wconf 89' lang='lat' dir='ltr'><strong>et</strong></span> <span class='ocrx_word' id='word_1_777' title='bbox 2651 5029 2884 5083; x_wconf 86' lang='lat' dir='ltr'><strong>germen.</strong></span> <span class='ocrx_word' id='word_1_778' title='bbox 2913 5014 3128 5069; x_wconf 86' lang='lat' dir='ltr'><strong>lirmius</strong></span> <span class='ocrx_word' id='word_1_779' title='bbox 3167 5021 3460 5078; x_wconf 79' lang='lat' dir='ltr'><strong>crescet-et,</strong></span> 
     </span>
    </p>
   </div>
   <div class='ocr_carea' id='block_1_113' title="bbox 1881 5109 3464 5184">
    <p class='ocr_par' dir='ltr' id='par_1_113' title="bbox 1881 5109 3464 5184">
     <span class='ocr_line' id='line_1_113' title="bbox 1881 5109 3464 5184; baseline -0.006 -14"><span class='ocrx_word' id='word_1_780' title='bbox 1881 5113 2562 5184; x_wconf 49' lang='lat' dir='ltr'><strong>fructumquezube&#39;riorem</strong></span> <span class='ocrx_word' id='word_1_781' title='bbox 2595 5112 2938 5182; x_wconf 90' lang='lat' dir='ltr'><strong>colligerent.</strong></span> <span class='ocrx_word' id='word_1_782' title='bbox 2970 5109 3173 5164; x_wconf 86' lang='lat' dir='ltr'><strong>Verum</strong></span> <span class='ocrx_word' id='word_1_783' title='bbox 3199 5109 3321 5163; x_wconf 85' lang='lat' dir='ltr'><strong>illos</strong></span> <span class='ocrx_word' id='word_1_784' title='bbox 3343 5109 3464 5176; x_wconf 89' lang='lat' dir='ltr'><strong>qui-</strong></span> 
     </span>
    </p>
   </div>
   <div class='ocr_carea' id='block_1_114' title="bbox 1881 5201 3465 5262">
    <p class='ocr_par' dir='ltr' id='par_1_114' title="bbox 1881 5201 3465 5262">
     <span class='ocr_line' id='line_1_114' title="bbox 1881 5201 3465 5262; baseline -0.005 0"><span class='ocrx_word' id='word_1_785' title='bbox 1881 5209 2005 5262; x_wconf 89' lang='lat' dir='ltr'><strong>dem</strong></span> <span class='ocrx_word' id='word_1_786' title='bbox 2037 5206 2374 5261; x_wconf 85' lang='lat' dir='ltr'><strong>admiramur</strong></span> <span class='ocrx_word' id='word_1_787' title='bbox 2413 5215 2468 5260; x_wconf 91' lang='lat' dir='ltr'><strong>et</strong></span> <span class='ocrx_word' id='word_1_788' title='bbox 2525 5204 2981 5260; x_wconf 89' lang='lat' dir='ltr'><strong>commendamus</strong></span> <span class='ocrx_word' id='word_1_789' title='bbox 3023 5211 3138 5257; x_wconf 90' lang='lat' dir='ltr'><strong>tum</strong></span> <span class='ocrx_word' id='word_1_790' title='bbox 3181 5201 3252 5256; x_wconf 91' lang='lat' dir='ltr'><strong>ob</strong></span> <span class='ocrx_word' id='word_1_791' title='bbox 3295 5201 3465 5255; x_wconf 65' lang='lat' dir='ltr'><strong>coale-</strong></span> 
     </span>
    </p>
   </div>
   <div class='ocr_carea' id='block_1_115' title="bbox 1881 5294 3461 5369">
    <p class='ocr_par' dir='ltr' id='par_1_115' title="bbox 1881 5294 3461 5369">
     <span class='ocr_line' id='line_1_115' title="bbox 1881 5294 3461 5369; baseline -0.006 -13"><span class='ocrx_word' id='word_1_792' title='bbox 1881 5309 2021 5356; x_wconf 89' lang='lat' dir='ltr'><strong>stem</strong></span> <span class='ocrx_word' id='word_1_793' title='bbox 2040 5316 2151 5369; x_wconf 82' lang='lat' dir='ltr'><strong>quo</strong></span> <span class='ocrx_word' id='word_1_794' title='bbox 2178 5299 2521 5354; x_wconf 78' lang='lat' dir='ltr'><strong>ducebantur</strong></span> <span class='ocrx_word' id='word_1_795' title='bbox 2546 5297 2809 5365; x_wconf 66' lang='lat' dir='ltr'><strong>adlatum,</strong></span> <span class='ocrx_word' id='word_1_796' title='bbox 2840 5307 2952 5353; x_wconf 77' lang='lat' dir='ltr'><strong>tum</strong></span> <span class='ocrx_word' id='word_1_797' title='bbox 2971 5296 3050 5349; x_wconf 85' lang='lat' dir='ltr'><strong>ob</strong></span> <span class='ocrx_word' id='word_1_798' title='bbox 3077 5294 3305 5363; x_wconf 79' lang='lat' dir='ltr'><strong>sapiens</strong></span> <span class='ocrx_word' id='word_1_799' title='bbox 3339 5308 3461 5361; x_wconf 83' lang='lat' dir='ltr'><strong>pro-</strong></span> 
     </span>
    </p>
   </div>
   <div class='ocr_carea' id='block_1_116' title="bbox 1884 5373 3545 5461">
    <p class='ocr_par' dir='ltr' id='par_1_116' title="bbox 1884 5373 3545 5461">
     <span class='ocr_line' id='line_1_116' title="bbox 1884 5373 3545 5461; baseline -0.008 -12"><span class='ocrx_word' id='word_1_800' title='bbox 1884 5393 2009 5450; x_wconf 84' lang='lat' dir='ltr'><strong>vide</strong></span> <span class='ocrx_word' id='word_1_801' title='bbox 2037 5393 2360 5461; x_wconf 88' lang='lat' dir='ltr'><strong>disponendi</strong></span> <span class='ocrx_word' id='word_1_802' title='bbox 2386 5391 2713 5458; x_wconf 86' lang='lat' dir='ltr'><strong>consilium;</strong></span> <span class='ocrx_word' id='word_1_803' title='bbox 2740 5390 2784 5445; x_wconf 92' lang='lat' dir='ltr'><strong>si</strong></span> <span class='ocrx_word' id='word_1_804' title='bbox 2807 5392 3133 5460; x_wconf 77' lang='lat' dir='ltr'><strong>quis°antem</strong></span> <span class='ocrx_word' id='word_1_805' title='bbox 3161 5387 3356 5440; x_wconf 64' lang='lat' dir='ltr'><strong>licent</strong></span> <span class='ocrx_word' id='word_1_806' title='bbox 3387 5383 3465 5436; x_wconf 87' lang='lat' dir='ltr'><strong>le-</strong></span> <span class='ocrx_word' id='word_1_807' title='bbox 3538 5373 3545 5379; x_wconf 80' lang='grc'><strong>’</strong></span> 
     </span>
    </p>
   </div>
   <div class='ocr_carea' id='block_1_117' title="bbox 1886 5482 3466 5562">
    <p class='ocr_par' dir='ltr' id='par_1_117' title="bbox 1886 5482 3466 5562">
     <span class='ocr_line' id='line_1_117' title="bbox 1886 5482 3466 5562; baseline -0.01 -17"><span class='ocrx_word' id='word_1_808' title='bbox 1886 5504 1982 5562; x_wconf 85' lang='lat' dir='ltr'><strong>ges</strong></span> <span class='ocrx_word' id='word_1_809' title='bbox 2007 5497 2062 5544; x_wconf 87' lang='lat' dir='ltr'><strong>et</strong></span> <span class='ocrx_word' id='word_1_810' title='bbox 2093 5488 2350 5558; x_wconf 89' lang='lat' dir='ltr'><strong>dogmata</strong></span> <span class='ocrx_word' id='word_1_811' title='bbox 2396 5486 2454 5541; x_wconf 87' lang='lat' dir='ltr'><strong>in</strong></span> <span class='ocrx_word' id='word_1_812' title='bbox 2488 5485 2792 5541; x_wconf 83' lang='lat' dir='ltr'><strong>Ecclesiam</strong></span> <span class='ocrx_word' id='word_1_813' title='bbox 2845 5482 3106 5537; x_wconf 78' lang='lat' dir='ltr'><strong>invehere</strong></span> <span class='ocrx_word' id='word_1_814' title='bbox 3147 5486 3466 5542; x_wconf 87' lang='lat' dir='ltr'><strong>conaretur,</strong></span> 
     </span>
    </p>
   </div>
   <div class='ocr_carea' id='block_1_118' title="bbox 1890 5611 3468 5690">
    <p class='ocr_par' dir='ltr' id='par_1_118' title="bbox 1890 5611 3468 5690">
     <span class='ocr_line' id='line_1_118' title="bbox 1890 5611 3468 5690; baseline -0.01 -12"><span class='ocrx_word' id='word_1_815' title='bbox 1890 5623 2043 5678; x_wconf 83' lang='lat' dir='ltr'><strong>Becci</strong></span> <span class='ocrx_word' id='word_1_816' title='bbox 2080 5623 2116 5676; x_wconf 93' lang='grc'><strong>1.</strong></span> <span class='ocrx_word' id='word_1_817' title='bbox 2152 5639 2202 5680; x_wconf 90' lang='lat' dir='ltr'><strong>c.</strong></span> <span class='ocrx_word' id='word_1_818' title='bbox 2227 5619 2288 5674; x_wconf 75' lang='grc' dir='ltr'><strong>τὸ</strong></span> <span class='ocrx_word' id='word_1_819' title='bbox 2315 5619 2456 5674; x_wconf 78' lang='grc' dir='ltr'><strong>οὕτω</strong></span> <span class='ocrx_word' id='word_1_820' title='bbox 2512 5618 2734 5690; x_wconf 68' lang='grc' dir='ltr'><strong>γεγονὸς</strong></span> <span class='ocrx_word' id='word_1_821' title='bbox 2764 5617 2896 5688; x_wconf 75' lang='grc' dir='ltr'><strong>ἡμῖν</strong></span> <span class='ocrx_word' id='word_1_822' title='bbox 2921 5615 3149 5686; x_wconf 75' lang='grc' dir='ltr'><strong>ὕστερον</strong></span> <span class='ocrx_word' id='word_1_823' title='bbox 3174 5611 3468 5686; x_wconf 73' lang='grc' dir='ltr'><strong>ἀξιοζήτη·</strong></span> 
     </span>
    </p>
   </div>
   <div class='ocr_carea' id='block_1_119' title="bbox 1886 5693 2246 5764">
    <p class='ocr_par' dir='ltr' id='par_1_119' title="bbox 1886 5693 2246 5764">
     <span class='ocr_line' id='line_1_119' title="bbox 1886 5693 2246 5764; baseline -0.011 -16"><span class='ocrx_word' id='word_1_824' title='bbox 1886 5712 1977 5748; x_wconf 84' lang='grc' dir='ltr'><strong>τον</strong></span> <span class='ocrx_word' id='word_1_825' title='bbox 2005 5693 2246 5764; x_wconf 79' lang='grc' dir='ltr'><strong>σφάλμα.</strong></span> 
     </span>
    </p>
   </div>
   <div class='ocr_carea' id='block_1_120' title="bbox 1959 5757 3138 5838">
    <p class='ocr_par' dir='ltr' id='par_1_120' title="bbox 1959 5757 3138 5838">
     <span class='ocr_line' id='line_1_120' title="bbox 1959 5757 3138 5838; baseline -0.003 -20"><span class='ocrx_word' id='word_1_826' title='bbox 1959 5757 2191 5838; x_wconf 70' lang='grc' dir='ltr'><strong>(ιηἨιέο</strong></span> <span class='ocrx_word' id='word_1_827' title='bbox 2219 5773 2496 5836; x_wconf 78' lang='lat' dir='ltr'><strong>postrema</strong></span> <span class='ocrx_word' id='word_1_828' title='bbox 2549 5778 2614 5819; x_wconf 83' lang='lat' dir='ltr'><strong>ex</strong></span> <span class='ocrx_word' id='word_1_829' title='bbox 2654 5760 2836 5817; x_wconf 77' lang='lat' dir='ltr'><strong>Allau&#39;i</strong></span> <span class='ocrx_word' id='word_1_830' title='bbox 2867 5757 3138 5816; x_wconf 80' lang='lat' dir='ltr'><strong>versione.</strong></span> 
     </span>
    </p>
   </div>
  </div>
