3944 6566
1881 259 1912 280 υ

575 369 678 430 831

1609 375 1826 440 JOAN.
1867 377 2079 442 VECCl
2125 381 2232 445 CP.
2281 384 2794 449 PATRIARCHE

3729 386 3820 447 832

576 475 729 540 illum
770 498 902 540 sane
934 485 1145 542 hostem
1199 486 1527 544 Sanctorum
1583 503 1938 548 censeremus
1971 503 2024 547 et
2057 492 2152 548 ini-

2268 495 2464 566 ἐχθρὸν
2492 498 2550 551 δὲ
2583 499 2686 569 τῆς
2717 497 2980 571 ἀληθείας
3007 496 3102 553 καλ
3130 496 3388 568 λυμεῶνα
3415 497 3514 566 τῆς
3532 493 3812 565 εὐσεϐείας,

575 577 784 630 micum
835 579 1085 634 veritatis
1117 589 1173 637 et
1230 582 1449 652 pietatis
1482 584 1909 650 destructorem,
1954 589 2158 657 paenis-

575 681 684 736 que
714 670 1235 741 condémnaremus,
1292 691 1431 746 quas
1476 677 1594 748 ipse
1641 678 1748 735 sibi
1819 687 1972 736 reatu
2009 682 2158 752 ejus-

576 760 723 815 modi
752 763 1070 820 accersivit.
1824 835 1831 840 _

646 851 736 908 78.
792 851 998 924 Objicis
1023 856 1399 917 Occidentales
1423 863 1629 931 Patres,
1667 865 1778 920 imo
1803 867 1966 921 altam
1997 869 2155 923 istam

574 945 864 1016 caliginem
911 951 1171 1007 universo
1201 956 1322 1009 orbi
1367 954 1650 1012 eil'undere
1689 949 2015 1015 contendis?
2043 959 2156 1028 Ego

572 1051 702 1094 vero
729 1041 948 1109 pietatis
979 1045 1154 1100 lucem
1190 1049 1414 1104 occasui
1449 1065 1556 1104 non
1597 1050 1895 1105 obnoxiam
1918 1060 1972 1107 et
1993 1053 2159 1122 spiri-

578 1129 746 1185 talem
775 1133 845 1187 ab
878 1135 997 1204 ipso
1052 1137 1150 1192 tibi
1189 1141 1484 1196 accendant
1527 1139 1847 1208 Occidente,
1901 1143 1968 1199 ad
1998 1145 2158 1212 cujus

571 1220 912 1290 splendorem
949 1243 1057 1283 non
1093 1230 1294 1298 poterit
1344 1239 1436 1286 tua
1466 1233 1644 1302 caligo
1668 1249 1776 1288 non
1807 1249 2158 1295 evanescere.

570 1308 722 1368 Dixit
756 1317 1066 1375 Ambrosius
1099 1323 1361 1391 Spiritum
1389 1341 1421 1378 ο
1448 1323 1595 1380 Filio
1631 1328 1934 1396 procedere.
1965 1327 2038 1383 De
2064 1337 2158 1385 tuo

571 1421 669 1461 ore
703 1408 880 1480 caligo
905 1412 1020 1468 haec
1045 1414 1320 1482 procedit.
1363 1414 1470 1472 Sed
1503 1418 1806 1474 reluctatur
1834 1420 2019 1477 radios
2072 1436 2157 1478 re-

571 1509 674 1552 ctre
704 1500 825 1555 fidei
860 1505 1117 1560 emittens
1149 1515 1230 1561 ter
1250 1506 1442 1565 beatus
1467 1509 1758 1577 Damasus,
1791 1521 1846 1567 et
1867 1512 2156 1569 confestim

571 1599 667 1645 tua
700 1595 982 1650 evanescit
1007 1598 1338 1656 obscuritas.
1373 1599 1587 1656 Etenim
1617 1603 1707 1658 hic
1743 1606 2039 1660 secundam
2066 1621 2157 1677 sy-

570 1682 798 1752 nodum,
849 1685 1305 1759 cujus‘dogmata
1355 1696 1587 1749 extremi
1621 1696 1836 1752 telluris
1885 1698 2157 1755 universa:

572 1776 790 1830 termini
828 1789 1182 1847 venerantur,
1225 1785 1562 1850 confirmans
1599 1789 1874 1846 luculente
1936 1791 2156 1861 profite-

2261 586 2358 639 καὶ
2381 586 2560 652 δίκαις
2592 588 3062 661 καταδικάζομεν,
3093 587 3160 654 ἃς
3185 588 3349 652 αὐτὸς
3381 584 3564 656 ἑαυτῷ
3593 588 3812 655 γεγονὼς

2259 675 2440 748 ἔνοχος
2483 682 2752 752 παρέσχε.

2328 849 2430 912 οη’.
2467 843 2836 916 Προκομίζεις
2879 847 2945 900 σὺ
2990 847 3120 912 σοὺς
3177 848 3242 903 ὲκ
3286 847 3506 912 Δύσεως
3553 849 3806 919 Πατέρας,

2261 934 2462 1006 μᾶλλον
2488 935 2546 990 δὲ
2572 937 2664 992 τὸν
2695 938 2867 1008 βαθὺν
2895 939 3086 1006 τοῦτον
3111 942 3277 1011 ζόφον
3304 941 3485 1012 πάσης
3511 941 3809 1012 φιλονεικεῐς

2257 1027 2527 1099 καταχέαι
2561 1031 2663 1101 τῆς
2691 1033 3042 1103 οίκουμένης.
3072 1034 3216 1103 Ἐγὼ
3245 1033 3303 1090 δέ
3336 1051 3419 1088 σοι
3449 1034 3570 1104 φῶς
3599 1035 3810 1090 sum-

2261 1133 2355 1188 ρον
2377 1119 2475 1190 τῆς
2505 1119 2794 1182 εὐσεϐείας
2819 1126 2915 1176 καὶ
2935 1125 3132 1194 νοερὸν
3155 1123 3251 1176 ἀπ’
3298 1123 3472 1195 αὐτῆς
3499 1123 3693 1194 ἀνάψω
3733 1128 3811 1197 τῆς

2259 1211 2496 1278 Δύσεως,
2520 1208 2582 1269 οὗ
2605 1213 2706 1284 τὴν
2732 1213 3057 1286 λαμπηδόνα
3086 1217 3146 1270 τὸ
3178 1216 3272 1271 σὺν
3319 1216 3418 1288 οὐχ
3467 1218 3811 1288 ὑποστήσεται

2260 1299 2362 1372 μὲν
2418 1303 2784 1373 ἀφανισθῆναι
2852 1306 3066 1369 σκότος.
3125 1303 3316 1362 Εἶπεν
3374 1307 3724 1378 ’ᾼμόρόσιος
3758 1315 3809 1366 τὸ

2258 1391 2500 1462 Πνεῦμα
2533 1394 2642 1448 τοῦ
2699 1394 2841 1449 Υίοῦ
2895 1396 3358 1466 ἐκπορεύεσθαι.
3413 1397 3552 1452 Ἀπὸ
3593 1399 3690 1468 τῆς
3730 1401 3811 1470 σῆς

2260 1481 2403 1558 αὕτη
2447 1484 2698 1560 γλώττης
2755 1489 3093 1561 προέρχεται
3127 1491 3161 1560 η
3215 1490 3444 1561 ὀμίχλη.
3493 1489 3640 1544 Ἀλλ’
3689 1491 3812 1544 ἀντι-

2257 1575 2560 1647 φθέγγεται
2595 1581 2698 1652 τὴν
2733 1581 3047 1652 όρθοδοξίαν
3084 1584 3416 1652 ἀστράπτων
3456 1584 3484 1636 ό
3529 1583 3810 1653 spiceum;

2256 1669 2517 1740 Δάμασος
2545 1687 2561 1706 ⁸
2587 1672 2685 1728 καὶ
2725 1675 2924 1729 θᾶττον
2967 1677 2996 1728 ό
3030 1674 3124 1739 σδς
3181 1675 3571 1745 ὲξαφανίζεται
3617 1675 3807 1745 γνόφοκ

2257 1767 2366 1822 Καὶ
2393 1768 2506 1841 γὰρ
2541 1764 2698 1835 οὗτος
2721 1771 2823 1843 τὴν
2851 1771 3116 1842 δευτέραν
3149 1771 3390 1838 σύνοδον,
3415 1766 3483 1842 ἧς
3517 1772 3588 1826 τά
3619 1775 3805 1842 πέρατα

571 1873 662 1918 ιιιι·
707 1881 772 1921 ex
819 1867 981 1925 Patre
1004 1875 1302 1942 procedere
1343 1876 1634 1948 Spiritum.
1659 1879 1811 1935 Dia-it
1838 1859 2152 1938 Ambrosius

2255 1859 2355 1928 τῆς
2388 1862 2724 1932 οἰκουμένης
2770 1863 2840 1918 τά
2893 1862 3146 1934 δόγματα
3191 1865 3504 1937 στέργουσι,
3536 1865 3807 1934 επικυρῶν,

568 1957 646 2010 ecl
681 1958 1031 2030 Augustinus.
1059 1964 1176 2020 Alia
1201 1984 1392 2025 rursus
1422 1972 1618 2042 caligo,
1651 1989 1814 2043 quam
1844 1975 2028 2048 lingua
2059 1987 2152 2034 tua

567 2051 873 2120 profundit.
910 2053 1014 2112 Sed
1043 2057 1376 2118 leestinus
1409 2078 1514 2117 non
1555 2065 1714 2131 dixit,
1777 2084 1882 2122 non
1919 2070 2150 2136 audivit,

570 2156 677 2198 non
719 2145 958 2212 admisit.
991 2151 1084 2205 sed
1109 2152 1229 2208 luce
1259 2165 1420 2211 rectae
1461 2157 1586 2214 fidei
1617 2158 1833 2231 fulgens
1859 2163 2151 2221 verborum

569 2240 788 2292 tuorum
811 2238 1042 2310 dissipat
1071 2243 1331 2300 nebulas.

645 2510 730 2570 79.
774 2514 880 2572 Sed
921 2519 1052 2590 quid
1078 2535 1217 2590 opus
1261 2532 1346 2579 est
1403 2523 1456 2580 in
1505 2525 1627 2583 aliis
1677 2527 1999 2587 immorari?
2042 2533 2156 2591 Leo

569 2622 845 2677 magnus,
916 2611 1009 2681 qui
1074 2622 1321 2672 sacratas
1389 2614 1574 2674 Roma
1627 2634 1792 2676 curas
1843 2623 2154 2682 sanctiores

568 2699 754 2756 adhuc
783 2701 1208 2771 demonstravit,
1247 2716 1458 2778 quartas
1490 2710 1749 2765 columna
1777 2713 1992 2784 synodi,
2038 2725 2155 2772 tum

570 2807 667 2862 per
695 2807 826 2849 suas
859 2809 888 2849 a
928 2795 1038 2852 Deo
1064 2798 1359 2868 inspiratas
1389 2802 1843 2878 dogmaticasque
1867 2809 2154 2881 epistolas,

571 2894 684 2940 tum
719 2901 815 2957 per
855 2888 1091 2958 legatos,
1135 2893 1230 2963 qui
1262 2895 1386 2966 ejus
1430 2896 1612 2952 locum
1659 2900 2000 2968 obtinebant,
2040 2914 2154 2959 tum

571 2991 672 3046 per
696 2993 1028 3035 consensum
1061 2998 1245 3050 suum,
1278 3000 1390 3055 quo
1424 3003 1685 3059 magnum
1717 2991 1871 3046 illum
1905 3003 1958 3048 et
1982 3009 2014 3049 a
2047 2994 2157 3050 Deo

570 3068 864 3125 collectum
897 3081 1100 3128 cmtum
1151 3074 1492 3144 illustrabat,
1524 3081 1772 3136 eamdem
1816 3085 2157 3141 ortlrodoxize

572 3159 998 3219 illustrationem
1034 3181 1140 3219 non
1178 3165 1235 3220 in
1273 3176 1447 3224 totum
1479 3175 1862 3229 tantummodo
1889 3173 2156 3232 Occiden-
2178 3201 2224 3263 α

572 3267 707 3322 tem,
733 3272 921 3312 verum
957 3266 1012 3313 et
1043 3259 1096 3313 in
1129 3257 1368 3316 Orientis
1406 3263 1668 3321 terminos
1701 3264 1988 3323 effundens
2017 3283 2148 3323 san-

569 3342 880 3398 ctissimum
921 3344 1186 3414 Spiritum
1218 3363 1285 3404 ex
1317 3349 1480 3406 Patre
1511 3354 1811 3422 procedere
1847 3356 2151 3413 clarissima

568 3451 703 3491 voce
733 3438 928 3504 docet;
963 3454 1140 3510 neque
1174 3441 1227 3495 id
1268 3443 1470 3507 solum,
1504 3445 1596 3500 sed
1629 3456 1684 3502 et
1713 3463 1830 3515 eos,
1863 3450 1956 3520 qui
1993 3452 2154 3521 quid-

568 3543 734 3596 quam
797 3531 944 3584 aliud
1005 3542 1204 3601 praeter
1261 3536 1456 3606 synodi
1517 3540 1844 3594 sententiam
1910 3552 2152 3598 statuere

568 3622 775 3689 ausint,
812 3625 856 3677 si
891 3626 1205 3680 sacerdotio
1236 3625 1561 3698 fungantur,
1605 3633 1917 3688 sacerdotio
1955 3644 2152 3692 exutos

566 3715 922 3780 pronuntiat,
960 3716 1007 3769 si
1041 3731 1170 3771 vero
1205 3718 1497 3774 idiotarum
1530 3721 1704 3776 locum
1744 3733 1999 3792 teneant,
2033 3729 2151 3784 sive

567 3806 691 3858 vitae
719 3808 1043 3862 monasticae
1065 3824 1186 3863 sese
1225 3811 1536 3866 addixerint
1567 3814 1684 3869 sive
1715 3815 1888 3884 plebis
1917 3819 2151 3890 negotiis
2177 3861 2186 3868 .

567 3896 949 3966 implicentur,
998 3900 1332 3955 anathemati
1373 3903 1620 3971 subjicit.
1657 3904 1870 3961 Etenim
1920 3925 2044 3979 quae
2086 3926 2150 3967 ea

566 3990 808 4060 synodus
835 4005 864 4044 a
912 3989 1024 4046 Deo
1064 3992 1330 4063 inspirata
1364 3993 1625 4064 decrevit,
1671 3998 1894 4054 divinus
1927 4001 2014 4057 hic
2040 4001 2150 4059 Leo

565 4096 667 4150 per
710 4082 1153 4149 Pasclrasinum,
1209 4084 1538 4142 Lucentium
1587 4099 1752 4162 atque
1802 4090 2148 4152 Bonifacium

565 4180 785 4228 sanctos
831 4172 982 4228 viros
1033 4174 1212 4244 palam
1269 4177 1545 4250 obsignat,
1598 4192 1658 4237 ut
1722 4189 2035 4243 sexcenties
2081 4203 2148 4244 ex

565 4261 698 4331 ipsis
731 4263 839 4319 illis
868 4265 1062 4320 audire
1096 4265 1244 4333 licet,
1280 4283 1391 4323 non
1427 4286 1560 4326 vero
1593 4289 1662 4328 ex
1692 4274 1827 4346 ipsis
1857 4276 2146 4348 duntaxat,

568 4354 664 4408 sed
699 4361 752 4408 et
780 4369 846 4410 ex
879 4371 946 4410 eo
979 4358 1072 4426 qui
1121 4357 1246 4413 illos
1276 4360 1526 4418 miserat.
1568 4363 1820 4436 Namque
1859 4369 2150 4440 synodales

563 4443 823 4513 epistolas
853 4447 1080 4504 mittens
1115 4465 1342 4505 suorum
1389 4453 1565 4508 locum
1611 4457 1910 4512 tenentium
1945 4469 2000 4514 et
2035 4477 2151 4516 ser-

2252 1950 2526 2022 λαμπρῶς
2549 1947 2711 2018 tight
2733 1955 2829 2010 τοῦ
2856 1957 3069 2028 [ἰατρὸς
3089 1958 3416 2028 ἀνομολογεῖ
3443 1957 3807 2028 ἐκπορεύεσθαι

2252 2045 2316 2098 τὸ
2363 2046 2612 2116 Πνεῦμα.
2670 2049 2858 2106 Εἶπεν
2923 2051 3277 2119 Ἀμϐρόσιος
3312 2051 3352 2119 ἢ
3395 2049 3805 2119 Αὐγουστῖνος.

2259 2137 2428 2210 ’Ἄλλη
2464 2138 2629 2193 πάλιν
2661 2140 2832 2212 ἀχλὺς
2855 2140 2951 2195 τοῦ
2997 2141 3090 2195 σοῦ
3130 2143 3401 2213 στόματος
3454 2143 3798 2214 προχεομένη.

2255 2229 2420 2284 Ἀλλά
2452 2232 2780 2296 Κελεοτῖνος
2816 2233 2917 2287 οὐκ
2948 2229 3126 2299 εἶπεν,
3165 2236 3264 2288 οὐκ
3298 2235 3558 2304 ἤκουσεν,
3599 2234 3694 2288 οὐκ
3716 2236 3808 2290 ἑδέ-

2257 2323 2406 2392 ξατο,
2434 2323 2550 2378 ἀλλ’
2599 2325 2776 2396 αὐγὴν
2805 2325 3112 2397 ὀρθοδοξίας
3139 2325 3428 2396 ἀστράψας
3455 2325 3568 2381 τῶν
3604 2326 3705 2380 σῶν
3724 2330 3806 2399 pq.

2259 2418 2444 2486 μάτων
2471 2415 2572 2487 τὴν
2599 2416 2769 2488 ἀχλὺν
2801 2416 3171 2483 διασκεδάζει.

2325 2508 2422 2562 οϐ’.
2459 2509 2572 2562 Καὶ
2601 2511 2656 2564 τί
2697 2527 2764 2578 με
2820 2510 2904 2564 δεῖ
2953 2512 3082 2582 περὶ
3136 2511 3249 2565 τῶν
3280 2513 3461 2568 ἄλλων
3505 2513 3798 2586 exciam;

2257 2599 2410 2655 Λέων
2447 2602 2476 2655 ό
2519 2605 2714 2672 μέγας,
2745 2603 2773 2656 ὁ
2800 2609 2903 2665 τάς
2954 2603 3108 2672 ίεράς
3138 2603 3241 2673 τῆς
3277 2603 3500 2676 Ῥώμης
3545 2606 3800 2677 φροντίδες

2259 2693 2559 2768 ἱερωτέρας
2591 2696 2905 2764 ἀποδείξας,
2951 2699 2981 2752 ό
3015 2698 3116 2767 τῆς
3146 2697 3419 2769 τετάρτης
3460 2697 3649 2764 στῦλος
3708 2717 3806 2753 συν·

2255 2785 2396 2852 όδου,
2456 2781 2616 2852 οὗτος
2642 2787 2732 2842 διά
2765 2807 2822 2843 τε
2855 2789 2965 2844 τῶν
2993 2788 3370 2844 θεοπνεύστων
3390 2789 3559 2844 αὑτοῦ
3591 2792 3680 2845 καὶ
3703 2791 3805 2861 δογο

2259 2880 2506 2948 ματικῶν
2541 2880 2864 2944 ἐπιστολῶν,
2893 2882 2985 2936 διά
3013 2899 3070 2936 τε
3099 2881 3207 2937 τῶν
3238 2883 3698 2954 ἀναπληρούντων
3720 2887 3802 2939 αὖ·

2255 2969 2349 3024 τοῦ
2381 2969 2442 3024 τὸ
2466 2972 2784 3043 προνόμιον,
2815 2975 2907 3028 διά
2927 2992 2983 3028 τε
3013 2973 3113 3044 τῆς
3134 2974 3480 3043 συμφωνίας,
3510 2976 3578 3030 δι’
3603 2972 3668 3048 ἧς
3687 2979 3807 3031 ἐκεῖ·

2259 3079 2358 3132 νην
2375 3063 2475 3133 τὴν
2493 3065 2742 3137 μεγάλην
2768 3068 2862 3120 καὶ
2881 3067 3167 3120 θεόλεκτον
3185 3068 3461 3138 ὁμήγυριν
3477 3069 3802 3139 κατηγλάῖξῆ

2257 3156 2357 3228 τὴν
2395 3157 2570 3230 αὐτὴν
2604 3161 2701 3230 τῆς
2730 3161 3040 3231 ὀρθοδοξίας
3071 3165 3417 3234 φωτοχυσίαν
3453 3166 3534 3226 είς
3562 3168 3725 3217 πᾶσαν
3756 3168 3801 3218 οὐ

2255 3249 2353 3319 τὴν
2377 3250 2543 3306 Λύσιν
2568 3253 2750 3322 μόνον,
2785 3255 2923 3309 ἀλλά
2953 3259 3049 3312 καὶ
3085 3257 3159 3311 τὰ
3181 3259 3281 3327 τῆς
3327 3257 3621 3326 Ἀνατολῆς
3648 3257 3802 3311 ἀπαυ-

2254 3341 2438 3408 γάζων
2469 3343 2619 3414 ὅρια,
2651 3344 2713 3399 τὸ
2739 3349 3008 3417 πανάγιον
3034 3348 3263 3420 Πνεῦμα
3277 3350 3617 3420 διαπρυσίως
3643 3352 3701 3404 ὲκ
3723 3350 3798 3404 τοῦ

2256 3432 2473 3505 Πατρὸς
2504 3437 2904 3506 ἐκπορεύεσθαι
2932 3441 3283 3496 ἀναδιδάσκει
3307 3457 3322 3473 ⁸
3356 3442 3449 3496 καὶ
3471 3443 3534 3496 ού
3557 3441 3704 3496 τοῦτο
3722 3442 3799 3512 μό-

2253 3543 2364 3590 νον,
2395 3529 2530 3584 ἀλλὰ
2565 3533 2661 3586 καὶ
2689 3537 2819 3597 τοὺς
2847 3533 3036 3606 ἔτερόν
3062 3552 3116 3588 τι
3171 3536 3328 3608 παρὰ
3361 3537 3422 3590 τδ
3464 3537 3564 3607 τῆς
3608 3538 3794 3591 συνόδου

2255 3619 2512 3689 φρόνημα
2545 3621 2900 3693 δογματίζειν
2947 3625 3466 3696 ἀντανισταμὲνους,
3521 3627 3673 3688 ὅσους
3717 3625 3794 3692 μὲν

2256 3711 2561 3785 ἱερωσύνης
2625 3715 2835 3786 saepe;
2883 3716 3020 3788 ἔχει,
3085 3718 3186 3788 τῆς
3238 3717 3542 3789 ἱερωσύνης
3589 3717 3796 3787 γυμνοὺς

2253 3807 2574 3876 ἀποφαίνει,
2611 3811 2728 3864 ὅσοι
2778 3811 2836 3864 δὲ
2863 3811 2961 3883 τὴν
3014 3810 3243 3865 ἰδιωτῶν
3277 3809 3465 3881 χώραν
3515 3808 3794 3880 πληροῦσιν,

2253 3900 2364 3954 εἴτε
2409 3900 2524 3970 βίον
2561 3901 2877 3973 ὑπέδραμον
2900 3904 2994 3956 τὸν
3029 3902 3260 3972 μονάδα,
3297 3901 3412 3955 εἴτε
3437 3901 3678 3972 πολιτείᾳ
3701 3915 3797 3952 eus

2255 3991 2542 4056 ετάζονται
2600 3993 2798 4065 δήμου,
2835 3994 2914 4066 τῷ
2968 3994 3277 4065 ἀναθέματι
3309 3995 3687 4065 παραπέμπει.
3712 3990 3794 4044 Καὶ

2253 4085 2362 4155 γὰρ
2390 4085 2536 4156 ἅπερ
2561 4085 2594 4156 ἡ
2631 4084 2992 4152 Θεόπνευστος
3021 4087 3236 4151 σύνοδος
3262 4088 3462 4157 ὁρίζει,
3481 4087 3629 4142 Λέων
3668 4087 3693 4140 ὀ
3725 4085 3793 4138 θι-

2255 4173 2479 4237 σπέσιος
2500 4173 2590 4228 διὰ
2622 4175 2977 4246 Πασχασίνου
3010 4177 3106 4231 καὶ
3149 4177 3460 4246 Λουκησίου
3496 4179 3588 4232 καὶ
3606 4178 3794 4242 Βονιφα-

2252 4264 2370 4318 τίου
2397 4265 2506 4319 τῶν
2538 4266 2699 4337 ιερῶν
2729 4267 2942 4338 ἀνδρῶν
2982 4267 3287 4338 ἀναφανδὸν
3313 4267 3712 4339 ἑπισφραγίζει,
3736 4265 3792 4326 ὡς

2258 4355 2521 4426 μυριάκις
2540 4356 2686 4410 ἐστιν
2712 4357 2895 4412 αὐτῶν
2937 4357 3168 4412 ἐκείνων
3215 4357 3461 4422 ἀκούειν,
3514 4359 3611 4413 οὐκ
3647 4355 3791 4410 αὐτῶν

2253 4448 2311 4502 δὲ
2343 4447 2524 4518 μόνον,
2563 4449 2699 4503 ἀλλὰ
2746 4449 2840 4503 καὶ
2869 4449 2964 4503 τοῦ
3013 4449 3424 4514 ἀπεσταλκότος
3452 4449 3644 4513 αὐτούς
3667 4465 3679 4480 ⁸
3713 4450 3789 4501 καὶ

563 4553 756 4595 mones
781 4548 836 4594 et
878 4542 1208 4599 sententiam
1249 4553 1303 4598 ct
1335 4553 1462 4599 vota
1512 4561 1620 4600 non
1654 4563 1870 4616 eorum,
1901 4552 1994 4606 sed
2031 4553 2150 4607 sui-

2254 4540 2363 4611 γὰρ
2393 4541 2681 4607 συνοδικάς
2718 4542 3012 4606 ἐπιστολὰς
3058 4543 3395 4596 ἐπιστέλλων
3442 4543 3554 4596 τῶν
3602 4557 3791 4608 tenear,-

563 4631 850 4700 metipsins
905 4647 1027 4687 esse
1101 4642 1442 4690 contestatur
1499 4644 1554 4692 et
1601 4639 1906 4697 confirmat.
1950 4641 2149 4709 Quan-

560 4735 769 4789 quam,
823 4721 1039 4778 etiamsi
1095 4725 1233 4778 nihil
1289 4724 1560 4791 ejusmodi
1621 4730 1880 4796 adesset,
1946 4733 2146 4788 suﬂlcit

565 4821 768 4877 tamen,
805 4815 949 4883 quod
981 4830 1078 4884 pro
1099 4831 1156 4871 se
1187 4817 1314 4873 illos
1346 4819 1560 4874 miserit
1589 4820 1645 4875 in
1681 4823 1894 4892 synodo
1925 4839 2150 4881 conses-

561 4918 746 4972 suros,
767 4907 1024 4976 quodque
1055 4909 1124 4963 ad
1149 4911 1309 4966 tinem
1340 4916 1595 4981 perducta
1619 4915 1910 4986 synodo;se
1928 4919 2150 4976 sancitis

563 4995 916 5065 acquiescere
946 4998 1292 5068 profiteatur.

632 5278 724 5332 80.
769 5279 969 5335 Verum
1000 5289 1223 5349 praestat
1263 5281 1496 5352 ipsamet
1535 5297 1690 5340 sacra
1725 5286 1920 5343 audire
1955 5289 2142 5346 verba.

561 5369 704 5424 Dicit
752 5369 899 5425 enim
977 5371 1262 5445 (synodus)
1320 5382 1445 5443 post
1529 5377 1930 5446 expositionem
1999 5381 2144 5450 fidei,

557 5476 720 5532 quam
747 5465 921 5531 prima
949 5473 1004 5520 et
1031 5466 1270 5521 secunda
1301 5468 1550 5532 synodus
1577 5469 1866 5528 stabiliens
1899 5473 2141 5534 tradidit:

563 5573 583 5606 ι
617 5553 901 5612 Suiﬁceret
945 5558 1114 5629 igitur
1156 5560 1223 5614 ad
1252 5559 1472 5629 plenam
1509 5560 1727 5629 pietatis
1771 5564 2140 5636 cognitionem

556 5656 611 5701 et
640 5647 1114 5706 confirmationem
1166 5652 1389 5722 sapiens
1428 5661 1483 5708 et
1510 5655 1752 5712 salutare
1798 5656 1905 5712 hoc
1940 5658 2142 5714 divina:

560 5740 749 5809 gratiae
799 5744 1135 5815 symbolum.
1171 5764 1193 5800 ι
1233 5744 1537 5803 Perfectum
1576 5748 1709 5805 dicit
1751 5765 1848 5806 seu
1901 5752 2140 5820 plenam,

561 5847 669 5884 non
724 5842 908 5890 autem
963 5836 1488 5907 dctieientcm,.cui
1535 5838 1740 5912 aliquid
1799 5840 2000 5898 addere
2047 5851 2140 5899 aut

2255 4632 2436 4704 ρητῶν
2467 4634 2634 4688 αὐτοῦ
2670 4635 2919 4699 καὶτοὺς
2945 4636 3139 4705 λόγους
3205 4635 3298 4690 καὶ
3339 4636 3403 4689 τὸ
3433 4637 3683 4706 φρόνημα
3720 4634 3790 4686 καὶ

2250 4725 2348 4788 τὰς
2375 4725 2591 4796 ψήφους
2607 4727 2716 4780 -ούκ
2738 4727 3017 4798 ἐκείνωνῆ
3042 4725 3214 4780 αὐτοῦ
3238 4744 3301 4796 γε
3333 4727 3540 4797 μᾶλλον
3569 4723 3698 4780 εἶναι
3719 4723 3789 4778 καὶ

2255 4817 2597 4889 μαρτύρεται
2659 4821 2754 4873 καὶ
2803 4819 3216 4874 διαϐεϐαιοῦται
3243 4834 3257 4850 ⁸
3297 4821 3481 4874 καίτοι
3520 4836 3582 4889 γε
3621 4819 3706 4872 καὶ
3746 4819 3782 4869 εἰ

2254 4911 2420 4981 μηδὲν
2453 4913 2670 4982 προσῆν
2711 4911 2979 4978 τοιοῦτον,
3030 4911 3402 4984 ἀποχρώντως
3450 4911 3568 4983 ἔχει
3610 4911 3668 4965 τὸ
3699 4907 3786 4964 ἀντ’

2249 5003 2416 5057 αὐτοῦ
2450 5004 2637 5059 δοῦναι
2671 5006 2797 5070 τοὺς
2828 5004 3292 5076 συνεδριάσαντας
3316 5008 3382 5076 τῇ
3419 5004 3620 5074 συνόδῳ
3651 5001 3785 5058 καὶτὸ

2249 5094 2427 5164 πέρας
2458 5095 2736 5169 λαϐούσης
2769 5096 3057 5167 ὁμολογεῖν
3081 5098 3347 5167 ἐμμένειν
3380 5101 3496 5162 τοῖς
3526 5093 3786 5167 ἐψηφισμέ-

2248 5202 2383 5248 νοις.

2321 5285 2398 5334 π’.
2439 5279 2605 5336 Ἀλλά
2635 5280 2746 5352 γάρ
2784 5281 2940 5336 οὐδέν
2969 5283 3118 5337 ἐστιν
3161 5276 3274 5336 οἷον
3319 5280 3505 5336 αὐτῶν
3533 5279 3632 5334 τῶν
3656 5274 3779 5347 ιερῶν

2245 5373 2470 5428 ἀκούειν
2503 5375 2770 5445 ῥημάτων
2799 5389 2812 5404 ⁸
2847 5374 2999 5444 λέγει
3034 5379 3144 5446 γάρ
3181 5375 3324 5456 μετά
3355 5375 3455 5444 τὴν
3483 5373 3681 5426 ἔκθεσιν
3703 5368 3777 5436 τῆς

2247 5466 2506 5534 πίστεως,
2539 5467 2608 5538 ἥν
2641 5468 2674 5538 ἡ
2703 5467 2899 5538 πρώτη
2933 5469 3031 5522 καὶ
3075 5468 3310 5538 δευτέρα
3373 5466 3586 5528 σύνοδος
3613 5459 3773 5532 καρτύ-

2246 5575 2412 5613 νουσα
2446 5559 2856 5631 παραδέδωκεν
2879 5577 2900 5612 ι
2934 5559 3134 5632 ’Ἤρκει
3167 5560 3267 5631 μὲν
3293 5556 3388 5614 οὖν
3412 5559 3491 5622 είς
3515 5554 3680 5622 ἐντελῆ
3698 5552 3769 5619 τῆς

2247 5649 2534 5715 εὐσεϐείας
2589 5651 2893 5721 ἐπίγνωσιν
2923 5652 3020 5705 καὶ
3067 5649 3367 5720 βεϐαίωσιν
3421 5650 3481 5703 τὸ
3535 5646 3675 5714 σοφὸν
3698 5640 3766 5693 καὶ

2251 5745 2521 5814 σωτήριον
2551 5744 2710 5799 τοῦτο
2743 5746 2844 5813 τῆς
2869 5744 3018 5807 θείας
3051 5744 3277 5816 χάριτος
3310 5741 3591 5812 σύμϐολον.
3617 5757 3633 5789 ι
3669 5733 3760 5788 Ἐνσ

2245 5836 2372 5907 τελῇ
2405 5854 2589 5910 φησιν,
2614 5839 2711 5893 οὐκ
2735 5839 2954 5912 ἐλλιπῆ,
2991 5838 3111 5892 οὐδὲ
3142 5835 3462 5909 προσθήκης
3497 5821 3757 5901 ereptiqu
