3944 6570
131 468 254 533 833

845 429 856 441 ’
903 471 1348 540 REFUTATIO
1385 471 1760 536 PHOTIANI
1803 473 2022 536 LIBRI
2063 473 2164 536 DE
2201 473 2519 536 snam:
2557 473 2600 534 s

3317 475 3425 541 834

132 590 524 661 ἀφαιρέσεως.
573 589 685 644 Καὶ
733 589 851 656 πῶς
891 592 1122 664 ἐντελῆς
1183 592 1310 656 Tol;
1371 590 1731 662 ἐπαγομένοις

1846 589 2068 646 demere
2099 606 2238 662 opus
2265 594 2357 648 stt.
2392 591 2460 646 Et
2487 589 2766 661 quomodo
2799 587 3144 660 perfectam?
3199 586 3272 646 lis
3303 605 3429 661 quae

129 681 410 752 πρόσεχε.
453 699 472 733 ι
511 679 649 752 Περί
677 698 740 735 τε
771 682 904 752 γὰρ,
937 699 959 735 ι
994 682 1154 752 φησὶ,
1188 699 1209 735 ι
1269 680 1368 736 τοῦ
1403 681 1619 754 Πατρὸς
1641 681 1737 734 καὶ

130 771 236 827 τοῦ
281 771 420 826 Υίοῦ
479 772 576 828 καὶ
625 775 723 828 τοῦ
765 775 926 844 ἀγίου
959 775 1285 848 Πνεύματος
1317 773 1630 830 ἐκδιδάσκει
1673 773 1736 827 τὸ

133 865 380 920 τέλειον.
423 882 450 918 ι
492 859 628 918 Είτα
655 864 776 930 πῶς
808 865 1118 922 ἐκδιδάσκει
1147 865 1211 920 τὸ
1232 865 1471 932 τέλειον;
1503 865 1610 918 Τὸν
1637 863 1736 934 μέν

132 954 275 1010 Υίδν
295 957 364 1010 ἐκ
379 955 474 1009 τοῦ
502 953 718 1025 Πατρδς
737 955 945 1024 ἀναϐοᾷ
964 954 1318 1026 γεννηθῆναι,
1344 953 1408 1006 τὸ
1425 952 1482 1006 δέ
1510 950 1735 1021 Πνεῦμα

127 1048 198 1100 ἐκ
231 1046 334 1100 τοῦ
367 1048 580 1119 [ἰατρὸς
617 1046 1043 1119 ἐκπορεύεσθαι,
1063 1049 1172 1102 Καὶ
1199 1047 1316 1118 μετ’
1335 1046 1528 1115 ὀλίγαν
1566 1064 1584 1096 ι
1622 1044 1734 1099 Καὶ

124 1138 222 1192 διὰ
261 1140 366 1210 μέν
396 1141 527 1203 τοὺς
549 1138 627 1211 τῷ
659 1139 950 1210 Πνεύματι
971 1141 1050 1211 τῷ
1083 1140 1226 1212 ἁγίῳ
1263 1140 1615 1212 μαχομένους
1633 1141 1734 1211 τὴν

125 1229 363 1300 χρόνοις
405 1229 634 1301 ὕστερον
670 1233 824 1302 παρά
869 1230 981 1285 τῶν
1027 1233 1122 1286 ἐπὶ
1174 1232 1276 1300 τῆς
1335 1231 1732 1303 βασιλευούσης

128 1319 360 1385 πόλεως
418 1322 621 1377 ἑκατὸν
667 1323 1017 1394 πεντήκοντα
1071 1324 1436 1378 συνελθόντων
1467 1325 1734 1395 Πατέρων

132 1416 278 1486 περὶ
305 1415 413 1486 τῆς
456 1414 554 1468 τοῦ
590 1416 919 1488 Πνεύματος
963 1415 1157 1481 οὐσίας
1217 1417 1622 1488 παραδοθεῖσαν
1654 1417 1731 1471 διο

127 1506 444 1560 δασκαλίαν
487 1509 672 1578 κυροῖ.
728 1525 749 1560 υ
816 1509 929 1562 Καὶ
975 1508 1092 1572 πῶς
1123 1508 1417 1580 ἐκύρωσαν
1447 1503 1598 1566 οῦτοι
1629 1509 1731 1582 τὴν

127 1601 233 1656 τοῦ
263 1602 595 1673 Πνεύματος·
630 1602 853 1669 οὐσίαν,
897 1603 930 1675 ἢ
955 1603 1118 1672 δῆλον
1142 1603 1391 1666 εἰπόντες
1417 1604 1479 1657 τὸ
1501 1602 1729 1676 Πνεῦμα

131 1695 201 1748 ἐκ
234 1692 338 1748 τοῦ
371 1695 588 1767 Πατρδς
616 1696 1016 1766 ἐκπορεύεσθαι
1041 1713 1056 1763 ;
1094 1695 1261 1749 Ὥστε
1291 1698 1320 1750 ὁ
1341 1696 1470 1751 ἀλλο
1493 1713 1546 1750 τι
1575 1695 1729 1767 παρά

131 1786 304 1841 τοῦτο
340 1787 613 1842 διδάσκων
641 1789 705 1842 τὸ
741 1788 910 1858 κῦρος
955 1789 1256 1860 ἀνατρέπει
1285 1789 1381 1844 καὶ
1409 1789 1730 1860 συγχεῐτκαὶ

131 1877 331 1950 φύρει.
363 1882 428 1934 τό
453 1898 517 1950 γε
541 1877 680 1954 ἧκον
715 1884 798 1944 είς
833 1883 1175 1954 τόλμανρτὴν
1205 1883 1398 1951 αὑτοῦ,
1429 1884 1604 1956 αὐτὴν
1631 1883 1728 1938 τοῦ

1840 691 2150 753 sequuntur
2197 683 2443 738 animum
2493 683 2737 739 adverte.
2797 701 2815 736 ι
2845 680 2924 738 De
2972 680 3135 737 Patre
3182 683 3357 749 enim,
3400 702 3422 738 ι

1837 775 2058 848 inquit,
2140 796 2160 830 ι
2209 786 2264 833 et
2311 776 2451 832 Filio
2503 785 2560 833 et
2611 776 2817 848 Spiritu
2872 786 3066 833 sancto
3120 777 3425 848 perfectum

1837 869 2054 925 edocet.
2092 887 2114 922 ι
2153 868 2220 924 Et
2253 869 2532 940 quomodo
2561 868 2724 926 docet
2763 867 3118 938 perfectum?
3159 867 3426 925 Videlicet

1837 960 2040 1017 Filium
2070 976 2136 1016 ex
2172 959 2334 1016 Patre
2365 962 2616 1032 generari
2650 961 2874 1026 clamat,
2907 959 3172 1030 Spiritum
3200 975 3328 1016 vero
3358 975 3426 1014 ex

1835 1052 1998 1110 Patre
2021 1054 2340 1124 procedere.
2378 1052 2444 1108 Et
2477 1062 2598 1123 post
2628 1067 2802 1124 pauca
2837 1069 2850 1106 :
2892 1071 2911 1105 ι
2952 1052 3182 1122 Propter
3211 1066 3308 1106 eos
3330 1051 3424 1120 qui

1835 1152 2029 1199 contra
2087 1141 2352 1212 Spiritum
2429 1153 2680 1199 sanctum
2727 1142 3046 1213 pugnabant
3099 1141 3426 1196 sententiam

1834 1233 1967 1289 olim
1997 1249 2028 1289 a
2053 1247 2277 1290 centum
2305 1235 2708 1307 quinquaginta
2741 1233 3022 1298 Patribus,
3058 1234 3154 1304 qui
3191 1235 3246 1290 in
3273 1236 3426 1306 regia

1835 1326 1969 1383 urbe
2015 1336 2423 1392 convenerunt,
2479 1327 2547 1382 de
2627 1325 2870 1396 Spiritus
2956 1326 3135 1382 sancti
3186 1329 3426 1382 essentia

1833 1418 2092 1474 traditam
2147 1419 2464 1476 confirmat.
2525 1436 2544 1470 ι
2600 1417 2666 1472 Et
2712 1416 2993 1490 quomodo
3043 1418 3133 1474 isti
3188 1417 3427 1489 Spiritus

1831 1514 2016 1569 sancti
2041 1513 2338 1570 essentiam
2372 1508 3112 1568 constitueruttthimirum
3147 1512 3240 1567 ubi
3271 1512 3428 1567 dixe-

1833 1614 1966 1660 runt
1999 1604 2266 1676 Spiritum
2297 1621 2328 1662 a
2375 1606 2536 1662 Patre
2573 1605 2894 1676 procedere.
2927 1596 3426 1676 Quamobremqui

1831 1697 1984 1754 aliud
2019 1700 2301 1771 quidpiam
2336 1709 2534 1770 praeter
2567 1700 2673 1754 hoc
2708 1699 2897 1764 docet,
2935 1700 3163 1769 abrogat
3202 1709 3258 1754 et
3289 1715 3425 1754 con-

1830 1790 2018 1848 fundit
2069 1801 2124 1848 et
2188 1792 2491 1863 pervertit,
2531 1800 2800 1861 quantum
2859 1792 3081 1859 quidem
3140 1791 3207 1846 ad
3265 1806 3422 1846 suam

1835 1885 2124 1940 audaciam
2176 1886 2412 1949 attinet,
2467 1883 2762 1954 ipsammet
2816 1882 3058 1952 Spiritus
3101 1883 3425 1938 essentiam.

130 1947 596 2047 ﬂvedpatogv'rllb
625 1977 835 2030 οὐσίαν.
873 1947 1040 2039 Εἶτα,
1085 1994 1106 2028 ι
1130 1947 1226 2031 ’διὰ
1259 1947 1393 2041 τοὺς*
1435 1976 1514 2048 τῷ
1557 1947 1728 2032 Πνεύ-

1835 1977 2040 2033 Deinde
2073 1979 2318 2048 expende
2348 1947 2510 2032 verba
2536 1979 2650 2043 illa,
2682 1995 2701 2028 ι
2733 1947 2954 2048 propter
2979 1990 3076 2031 eos
3105 1975 3202 2045 qui
3233 1983 3424 2030 contra

137 2084 276 2137 ματι
309 2069 392 2137 τῷ
417 2069 562 2137 ἀγίῳ
599 2071 970 2140 μαχομένους.
1011 2088 1030 2122 ι
1076 2071 1190 2123 Καὶ
1235 2070 1384 2134 τίνες
1416 2070 1727 2143 ἐμάχοντος

134 2160 321 2217 Πάλαι
352 2161 453 2231 μὲν
475 2165 522 2216 ol
551 2163 892 2217 Μακεδόνων
919 2163 1042 2216 ἀντὶ
1063 2163 1174 2216 τῶν
1197 2163 1487 2234 ἀχράντων
1527 2163 1729 2234 λογίων

131 2253 470 2309 διδάσκαλον
530 2255 717 2324 σφίσιν
774 2255 964 2320 αὐτοῖς
1011 2255 1330 2320 ἀνειπόντες
1359 2271 1374 2288 ’
1426 2255 1525 2311 νῦν
1570 2257 1627 2312 δέ
1677 2261 1729 2313 ot

140 2348 272 2402 ἀντὶ
290 2347 385 2402 τοῦ
409 2348 650 2418 Χριστοῦ
680 2349 894 2418 καὶτῆς
923 2347 1091 2404 αὐτοῦ
1123 2351 1522 2421 μυσταγωγίας
1547 2365 1562 2382 ο
1611 2351 1730 2405 ἀλλ’

124 2437 241 2491 οὐκ
265 2436 380 2507 ἔχω
408 2437 534 2490 τίνα
573 2437 812 2492 καλέσω
840 2437 1016 2503 οὕτως
1039 2439 1190 2494 ἐστὶν
1224 2439 1426 2495 αὐτῶν·
1444 2441 1729 2513 ἀκέφαλον

127 2529 200 2582 τὸ
231 2529 563 2600 δυσσέϐημα
584 2544 598 2562 ο
635 2530 778 2598 πλὴν
805 2531 927 2586 ἀντὶ
958 2530 1054 2584 τοῦ
1089 2532 1350 2604 Σωτῆρος
1381 2532 1432 2586 οί
1466 2535 1533 2606 τῇ
1577 2534 1732 2589 ἀπω-

126 2621 264 2693 -λεία
299 2623 873 2694 προσδεδραμηκότες.
909 2622 1076 2677 Ἀλλά
1103 2623 1275 2678 ταῦτα
1298 2626 1399 2695 μέν
1429 2625 1465 2697 ἦ
1491 2643 1552 2678 τε
1597 2627 1728 2680 σύν-

135 2713 261 2778 οδος
323 2715 706 2786 πολυγλώσσῳ
748 2715 842 2770 καὶ
891 2718 1386 2787 πνευματοκινήτῳ
1426 2717 1729 2787 φθέγγεται

141 2810 326 2879 φωνῇ,
358 2809 458 2861 καὶ
497 2808 652 2862 Λέων
681 2811 708 2862 ό
736 2808 1012 2876 πάνσοφος
1057 2808 1370 2880 συναναϐοᾷ
1411 2811 1507 2863 καὶ
1529 2810 1732 2883 ψήφοις

138 2900 391 2964 άπάσαις
416 2901 872 2971 ἐπασφαλίζεται.
917 2901 990 2955 Σὺ
1028 2901 1085 2954 δέ
1119 2901 1213 2954 τὸν
1265 2901 1393 2956 νοῦν
1435 2903 1732 2976 ἐπίστησον

134 2992 256 3053 τοῖς
288 2990 494 3061 ἐφεξῆς
515 3006 532 3022 ο
570 2991 710 3063 πρὸς
741 2991 854 3062 γάρ
876 2989 954 3062 τῷ
988 2990 1134 3044 τέλει
1166 2992 1266 3063 τῆς
1294 2991 1430 3064 ὅλης
1448 2993 1544 3048 τοῦ
1569 2994 1729 3066 λόγου

137 3084 461 3153 περικοπῆς
507 3077 610 3138 ὧδέ
646 3098 812 3155 φησιο
847 3102 867 3136 ι
903 3083 1124 3139 Τούτων
1152 3085 1336 3140 τοίνυν
1369 3087 1511 3157 μετά
1544 3088 1731 3161 πάσης

127 3176 488 3248 πανταχόθεν
510 3175 800 3248 ἀκριϐείας
830 3193 889 3229 τε
925 3175 1023 3231 καὶ
1070 3178 1376 3249 ἐμμελείας
1407 3181 1540 3252 παρ’
1571 3181 1730 3253 ἡμῶν

1831 2068 2100 2139 Spiritum
2124 2079 2376 2126 sanctum
2409 2071 2779 2140 pugnabant.»
2807 2069 2874 2124 Et
2901 2069 3125 2139 quinam
3153 2066 3206 2121 bi
3239 2067 3424 2123 erant?

1834 2165 1974 2218 Olim
2039 2164 2262 2235 quidem
2319 2163 2415 2234 qui
2475 2163 2857 2219 Macedonium
2923 2161 3046 2217 loco
3103 2172 3422 2218 sanctarum

1836 2253 2249 2324 Scripturarum
2305 2251 2410 2307 sibi
2456 2253 2591 2322 ipsis
2628 2251 2950 2322 magistrum
2990 2251 3422 2316 constituerunt;

1833 2362 1982 2402 nunc
2014 2359 2168 2412 vero,
2201 2345 2298 2416 qui
2345 2343 2470 2399 loco
2509 2343 2718 2398 Christi
2756 2357 3040 2411 sacraeque
3074 2342 3224 2398 illius
3264 2342 3426 2398 iusti-

1833 2437 2059 2496 tutionis
2083 2467 2153 2477 —-
2191 2446 2248 2493 at
2278 2450 2389 2492 non
2427 2435 2602 2490 habeo
2632 2450 2792 2506 quem
2828 2435 3137 2502 nominem;
3172 2435 3310 2490 adeo
3339 2443 3425 2490 est

1833 2531 2010 2602 capite
2040 2529 2302 2585 destituta
2336 2529 2583 2599 ipsorum
2620 2528 2876 2599 impietas
2905 2557 2978 2568 -—
3011 2527 3130 2599 qui,
3169 2528 3422 2596 inquam,

1831 2623 1954 2678 loco
1982 2620 2191 2677 Christi
2223 2621 2292 2675 ad
2322 2620 2684 2691 perditionem
2717 2618 3068 2689 confugiunt.
3101 2619 3278 2688 Atque
3305 2621 3423 2676 haec

1836 2715 2058 2785 quidem
2109 2721 2302 2769 sancta
2358 2710 2601 2783 synodus
2651 2711 2988 2781 multilingui
3036 2720 3090 2767 et
3137 2728 3168 2766 a
3213 2711 3423 2782 Spiritu

1831 2810 2022 2857 sancto
2048 2811 2167 2857 acta
2191 2815 2324 2856 voce
2351 2800 2712 2869 proloquitur,
2739 2798 2959 2870 Leoque
2979 2802 3425 2872 sapEentissimus

1835 2907 1943 2946 una
1987 2906 2111 2946 cum
2155 2892 2265 2946 illis
2307 2891 2568 2960 praedicat
2611 2889 2954 2960 calculisque
2986 2891 3248 2948 omnibus
3290 2908 3423 2948 con-

1832 2984 2034 3038 ﬁrmat.
2068 2981 2151 3038 Tu
2186 2997 2318 3038 vero
2349 2993 2588 3036 mentem
2619 2981 2685 3037 iis
2711 2997 2834 3052 quae
2863 2992 3174 3052 sequuntur
3200 2984 3420 3050 adhibe;

1833 3087 2029 3129 versus
2057 3070 2218 3127 ﬁnem
2245 3087 2482 3143 namque
2511 3073 2680 3129 totius
2705 3074 2976 3129 sermonis
3004 3077 3289 3146 pericopes
3320 3078 3425 3131 ista

1832 3165 1966 3220 dicit
1995 3180 2010 3215 :
2045 3182 2065 3217 ι
2105 3162 2204 3219 His
2231 3165 2397 3237 igitur
2420 3181 2547 3220 cum
2581 3167 2732 3221 omni
2757 3175 2926 3236 atque
2957 3167 3201 3237 undique
3227 3176 3422 3224 exacta

125 3268 599 3324 διατυπωθέντων
629 3265 832 3339 ὥρισεν
867 3269 901 3340 ἠ
925 3268 1058 3338 ἁγία
1091 3272 1188 3324 καὶ
1219 3273 1576 3344 οίκουμενικὴ
1604 3274 1731 3328 σύν-

1838 3272 1968 3312 cura
1997 3267 2052 3314 et
2079 3257 2362 3330 diligentia
2392 3273 2422 3314 a
2455 3259 2615 3315 nobis
2645 3260 2930 3330 dispositis
2961 3260 3204 3318 deﬁnivit
3229 3270 3423 3317 sancta

129 3363 257 3428 οδος
294 3381 315 3415 ι
349 3359 438 3435 (ἧς
464 3364 710 3434 δηλονότι
760 3367 1058 3437 κορυφαῖος
1100 3366 1254 3420 Λέων
1280 3366 1308 3420 ό
1336 3365 1622 3437 βασιλικὸν
1639 3369 1732 3423 καὶ

133 3456 232 3510 τὸν
259 3456 391 3510 νοῦν
425 3459 520 3512 καὶ
555 3461 624 3512 τὰ
663 3459 895 3530 ῥήματα
937 3459 1334 3528 κεκτημένος).
1368 3457 1434 3512 Τί
1489 3458 1729 3530 ὥρισεν;

133 3568 166 3602 -ι
217 3549 456 3622 Ἑτέραν
507 3551 694 3604 πίστιν
722 3550 912 3621 μηδενὶ
939 3550 1143 3618 ἐξεῖναι
1167 3549 1493 3621 προφέρειν,
1560 3551 1731 3622 ῆγουν

140 3643 492 3714 συγγράφειν
520 3642 553 3714 ἢ
583 3643 893 3697 συντιθέναι
928 3642 960 3716 ἢ
988 3647 1210 3714 φρονεῖν
1237 3643 1271 3714 ἢ
1295 3643 1575 3700 διδάσκειν
1610 3644 1732 3698 ἐτέ-

133 3751 270 3804 ρους
294 3751 309 3766 ο
333 3735 464 3798 τοὺς
486 3735 544 3789 δέ
579 3735 899 3805 τολμῶντας
948 3734 982 3805 ῆ
1034 3735 1350 3790 συντιθέναι
1392 3733 1582 3788 πίστιν
1611 3733 1733 3788 ἐτέ-

137 3844 268 3898 ραν,
287 3826 463 3898 ῆγουν
484 3828 844 3900 προκομίζειν
871 3826 905 3899 ἢ
939 3827 1247 3894 διδάσκειν,
1287 3826 1320 3898 ἦ
1365 3827 1725 3899 παραδιδόναι

135 3918 337 3990 ἐτερον
372 3917 652 3988 σύμϐολον
678 3920 791 3984 τοῖς
820 3919 1098 3973 ἐθέλουσιν
1121 3920 1473 3992 ἐπιστρέφειν
1499 3923 1577 3984 είς
1609 3921 1734 3974 ἐπί-ι-

136 4025 349 4078 γνωσιν
381 4010 482 4083 τῆς
513 4008 779 4081 ἀληθείας
811 4009 872 4075 ἐξ
925 4011 1290 4084 Ἑλληνισμοῦ
1327 4013 1362 4086 ἢ
1395 4013 1455 4080 ἐξ
1521 4013 1736 4068 Ἰουδαῖ-

148 4101 301 4173 σμοῦ
330 4102 365 4174 ἢ
399 4102 533 4172 γοῦν
555 4103 615 4168 ἐξ
644 4103 914 4174 αἱρέσεως
937 4105 1349 4176 οἱασδηποτοῦν,
1399 4105 1649 4173 τούτους,
1683 4107 1734 4160 εί

145 4193 251 4265 μιν
281 4189 396 4246 εἷεν
429 4194 730 4248 ἐπίσκοποι
777 4193 810 4262 ἢ
865 4194 1144 4266 κληρικοὶ,
1191 4195 1511 4268 ἀλλοτρίους
1570 4193 1719 4254 εἶναι

139 4287 272 4349 τοὺς
305 4285 644 4350 ἐπισκόπους
687 4286 789 4356 τῆς
837 4287 1174 4357 ἐπισκοπῆς,
1207 4291 1303 4342 καὶ
1346 4289 1477 4354 τοὺς
1534 4289 1733 4361 κληρι-

142 4377 275 4440 κοὺς
306 4377 405 4430 τοῦ
437 4377 642 4449 κλήρου
665 4392 682 4408 ⁶
720 4379 771 4430 εί
827 4378 884 4431 δὲ
933 4380 1272 4449 μονάζοντες
1310 4382 1344 4452 ἢ
1381 4382 1570 4437 λαῖκοὶ
1598 4377 1730 4450 εἷεν,

150 4468 666 4539 ἀναθεματίζεσθαι
691 4469 914 4532 αὐτούς.
955 4488 975 4522 ι

717 4565 1177 4619 ΑΝΤΙΡΡΗΣΙΣ.

1835 3359 1892 3407 et
1933 3353 2269 3407 mcumenica
2317 3353 2562 3430 synodus
2615 3371 2634 3405 ι
2680 3354 2888 3424 (cujus
2923 3354 3176 3410 videlicet
3219 3369 3424 3424 praeses

1835 3452 1954 3500 erat
1991 3443 2100 3500 Leo
2135 3446 2343 3515 regium
2388 3461 2579 3500 revera
2623 3455 2679 3502 et
2724 3447 2970 3500 animum
3015 3456 3068 3502 et
3111 3463 3418 3504 sermonem

1835 3542 2101 3608 nactus).
2157 3536 2300 3604 Quid
2354 3536 2642 3593 deﬁnivit?
2695 3556 2714 3591 ι
2768 3540 3012 3594 Alteram
3060 3539 3220 3594 ﬁdem
3285 3541 3422 3596 nulli

1835 3627 2002 3684 licere
2042 3628 2292 3700 proferre
2324 3630 2410 3686 vel
2437 3631 2788 3687 conscribere
2835 3642 2929 3686 aut
2968 3646 3298 3703 componere
3329 3639 3425 3689 aut

1831 3707 2045 3779 sentire
2099 3733 2197 3779 aut
2242 3723 2384 3780 alios
2426 3724 2662 3791 docere,
2707 3739 2802 3782 eos
2844 3735 3030 3780 autem
3077 3727 3170 3796 qui
3217 3728 3422 3783 audent

1836 3828 2172 3886 componere
2208 3815 2370 3872 ﬁdem
2409 3816 2638 3871 alteram
2675 3825 2768 3871 aut
2799 3817 3048 3888 proferre
3092 3826 3189 3872 aut
3223 3819 3424 3875 docere

1836 3916 1932 3962 aut
1969 3908 2187 3964 tradere
2218 3909 2454 3964 alterum
2489 3909 2798 3981 symbolum
2830 3909 3141 3968 volentibus
3171 3910 3239 3967 ad
3268 3912 3424 3982 agni-

1836 4001 2042 4057 tionem
2066 4002 2313 4059 veritatis
2348 4005 2593 4059 converti
2621 4006 2736 4060 sive
2766 4021 2831 4060 ex
2865 4005 3191 4076 paganismo
3214 4008 3330 4062 sive
3353 4020 3421 4061 ex

1835 4093 2119 4152 Judaismo
2161 4096 2278 4152 sive
2299 4111 2373 4170 ex
2412 4096 2606 4152 lmresi
2634 4113 2984 4168 quacunque,
3026 4099 3162 4165 hos,
3199 4098 3423 4169 si.epi-

1847 4187 2003 4258 scopi
2039 4188 2242 4243 iuerint
2270 4198 2366 4244 aut
2398 4189 2620 4254 clerici,
2651 4189 2857 4247 alienos
2887 4205 3011 4247 esse
3041 4191 3324 4260 episcopos
3352 4191 3426 4246 ab

1837 4279 2156 4350 episcopatu
2189 4290 2243 4351 et
2279 4281 2513 4337 clericos
2542 4296 2572 4335 a
2607 4281 2776 4346 clero,
2811 4281 2858 4336 si
2885 4296 3016 4339 vero
3044 4282 3304 4338 monachi
3329 4291 3425 4338 aut

1849 4373 1979 4430 laici
2017 4373 2247 4439 fuerint,
2299 4375 2780 4430 anathematizari.
2814 4393 2834 4428 ι

2404 4558 2696 4614 REFUTA
2711 4558 2858 4616 T10.

214 4652 348 4707 ΚΘΕ
387 4649 529 4722 Εὗγέ
559 4670 663 4719 σοι,
693 4653 973 4724 ἄνθρωπε,
1007 4655 1087 4708 ὅτι
1110 4656 1202 4709 τὸν
1235 4654 1412 4727 μέγαν
1435 4655 1730 4711 Βασίλειον

1908 4649 2108 4707 XXIX.
2150 4651 2296 4708 Bene
2349 4651 2447 4708 tibi
2500 4654 2603 4720 sit,
2649 4669 2682 4708 ο
2733 4654 2922 4721 homo,
2973 4654 3116 4724 quod
3164 4669 3425 4727 magnum

144 4744 419 4816 θαλάμοις
463 4746 646 4816 ψυχῆς
686 4746 968 4816 ἀκήρατον
1027 4745 1404 4816 συντηροῦντα
1444 4748 1732 4818 ὁμολογεῖς

141 4839 243 4912 τὴν
266 4838 557 4893 εὐσέϐειαν
591 4837 686 4891 καὶ
735 4837 918 4909 ψυχὴν
953 4837 1116 4891 atiith
1154 4837 1337 4905 λέγεις
1387 4838 1532 4892 θεῖον
1573 4839 1732 4904 ζέον-

60 4959 65 4963 -
145 4950 246 4987 σαν
306 4933 557 5003 φίλτρον.
591 4931 704 4984 Καὶ
755 4934 803 4983 εί
839 4930 1012 4984 ταῦτά
1039 4947 1102 5000 γε
1157 4932 1356 5002 ἀληθῆ,
1401 4933 1621 4997 πάντως
1677 4933 1734 4986 δέ

142 5023 348 5094 ἀληθῆ,
379 5021 566 5075 οὐκέτι
593 5037 680 5076 σοι
716 5020 935 5086 ἐξέσται
960 5022 1174 5090 αἵρεσιν
1213 5024 1308 5077 καὶ
1337 5023 1595 5078 ἀσέϐειαν
1623 5025 1735 5078 τῶν

157 5114 453 5184 Ῥωμαίων
488 5115 839 5184 κατηγορεῖν,
867 5113 959 5166 τοῦ
998 5114 1234 5184 μεγάλου
1268 5113 1557 5170 Βασιλείου
1583 5116 1735 5188 διαρ-

146 5207 317 5278 ρήδην
351 5205 730 5275 θεολογοῦντος
765 5208 822 5259 ἐν
872 5205 951 5277 τῷ
997 5206 1166 5278 τρίτῳ
1223 5208 1331 5261 τῶν
1387 5209 1531 5262 κατὰ
1571 5207 1734 5262 Εὐνο-

149 5301 275 5372 μίου
310 5301 718 5373 ἀντιρρητικῶν
761 5300 822 5355 τδ
854 5300 1084 5369 Πνεῦμα
1113 5302 1266 5373 παρὰ
1301 5300 1396 5356 τοῦ
1446 5300 1577 5356 Υίοῦ
1611 5302 1735 5372 ἐχον

145 5396 208 5448 τὸ
238 5391 385 5449 εἶναι
423 5395 521 5448 καὶ
550 5396 700 5466 παρά
729 5394 823 5448 τοῦ
855 5395 988 5449 Υίοῦ
1033 5395 1310 5466 λαμϐάνον
1340 5397 1435 5450 καὶ
1466 5395 1735 5464 ἀναγγέλ-

146 5486 239 5541 λον
278 5489 412 5559 ημῖν
455 5489 550 5541 καὶ
574 5488 732 5551 61w;
786 5489 1002 5556 ἐκείνης
1031 5489 1130 5559 τῆς
1173 5487 1357 5554 αἰτίας
1393 5490 1732 5561 ἐξημμένον.

145 5579 210 5631 Τί
249 5579 308 5630 δέ
342 5595 426 5631 σοι
459 5577 519 5631 τὸ
549 5579 742 5647 ὄφελος
769 5579 1020 5647 ἀλλήλοις
1046 5582 1174 5648 τοὺς
1229 5580 1481 5652 Πατέρας
1535 5584 1734 5635 ἀνταν-

150 5671 391 5738 ιστῶντι,
430 5671 615 5744 ὥσπερ
657 5676 707 5728 εί
746 5674 968 5728 ἐναντία
1023 5669 1164 5745 ἦσαν
1217 5674 1466 5746 ἀλλήλοις
1491 5672 1736 5728 τεθεολο-

146 5763 424 5834 γηκότες;
474 5761 550 5816 To
598 5764 709 5834 γὰρ
759 5766 938 5818 είπεῑν
982 5763 1074 5817 τὸν
1107 5765 1256 5818 δεῖνα
1297 5767 1393 5819 κα)⁵
1435 5766 1583 5820 δεῖνα
1626 5767 1736 5820 τῶν

148 5853 324 5924 ἀγίων
357 5855 454 5908 καὶ
481 5855 575 5908 τὸν
597 5857 693 5923 τῆς
732 5855 956 5926 Ῥώμης
988 5855 1180 5929 θρόνον
1207 5858 1614 5930 ἀρχιερατικῶς
1644 5875 1735 5911 κο.

151 5947 480 6018 σμησάντων
511 5947 575 6003 ἐκ
627 5946 721 6004 τοῦ
747 5948 961 6022 Πατρὸς
991 5951 1048 6004 τὸ
1082 5949 1306 6024 Πνεῦμα
1339 5951 1399 6006 τὸ
1446 5950 1601 6022 ἅγιον
1633 5955 1730 6008 ἐκ·

1839 4741 2100 4800 Basilium
2137 4747 2342 4800 mentis
2369 4746 2628 4802 thalamis
2657 4747 3040 4802 intemeratam
3069 4763 3427 4806 conservasse

1835 4838 2096 4908 pietatem
2159 4837 2352 4893 fateris
2409 4848 2464 4894 et
2520 4838 2762 4893 animam
2820 4855 2946 4894 eum
3018 4856 3184 4897 vocas
3243 4842 3428 4898 divino

1836 4947 2024 4987 amore
2071 4938 2422 4987 astuantem.
2465 4932 2534 4986 Et
2576 4933 2622 4988 si
2675 4931 2791 4987 haac
2835 4933 3057 5004 quidem
3101 4949 3252 5000 vera,
3297 4940 3429 4992 sunt

1837 5034 2023 5096 autem
2051 5025 2278 5080 omnino
2305 5040 2454 5092 vera,
2489 5040 2599 5082 non
2633 5026 2875 5095 amplius
2908 5025 3004 5082 tibi
3035 5027 3222 5084 licebit
3252 5031 3430 5084 hatre-

1836 5133 1960 5174 seos
1976 5124 2030 5172 et
2054 5117 2349 5186 impietatis
2377 5131 2634 5173 accusare
2674 5117 2974 5186 Romanos,
3013 5135 3138 5176 cum
3194 5137 3429 5192 magnus

1836 5205 2074 5262 Basilius
2128 5206 2335 5263 diserte
2381 5208 2564 5263 tradat
2595 5208 2737 5264 libro
2795 5213 2956 5266 tertio
2991 5223 3183 5268 contra
3233 5211 3421 5267 Euno-

1835 5300 2008 5354 mium
2041 5337 2058 5367 ,
2117 5297 2383 5370 Spiritum
2433 5315 2464 5355 a
2521 5299 2666 5357 Filio
2705 5303 2906 5359 habere
2956 5305 3359 5368 exsistentiam.
3394 5320 3425 5360 a

1835 5389 1984 5446 Filio
2018 5391 2268 5463 accipere
2313 5401 2369 5448 et
2400 5395 2730 5450 annuntiare
2758 5395 2917 5450 nobis
2943 5405 2999 5451 et
3037 5396 3268 5451 omnino
3299 5411 3429 5450 con-

1839 5499 2045 5539 nexum
2096 5499 2219 5540 esse
2249 5498 2374 5538 cum
2409 5484 2500 5539 illa
2557 5500 2744 5540 causa.
2791 5485 2934 5552 Quid
2973 5480 3106 5540 vero
3152 5487 3253 5540 tibi
3301 5500 3430 5556 pro-

1836 5575 1990 5641 dest,
2045 5575 2092 5631 si
2149 5575 2339 5632 Patres
2391 5575 2748 5648 sibimetipsis
2815 5577 3215 5648 contraponis,
3268 5577 3428 5647 quasi

1835 5669 2112 5724 contraria
2158 5669 2264 5725 sibi
2297 5669 2631 5724 docuerint?
2686 5669 2843 5735 Quod
2873 5669 3019 5724 enim
3056 5670 3180 5725 talis
3205 5679 3259 5725 et
3289 5669 3415 5724 talis

1837 5770 2165 5818 sanctorum
2224 5772 2389 5833 atque
2444 5777 2657 5828 eorum,
2729 5762 2822 5832 qui
2868 5759 3171 5816 Romanam
3232 5758 3458 5817 sedem'

1839 5863 2222 5920 exornarunt,
2266 5853 2589 5924 pontiﬁcum
2635 5869 2702 5909 ex
2755 5854 2916 5911 Patre
2983 5855 3248 5926 Spiritum
3297 5869 3427 5910 sau-

1849 5962 2005 6008 ctuut
2041 5947 2337 6021 procedere
2379 5947 2654 6018 dixerunt,
2687 5949 3272 6038 vet°u£e§atque_iu_
3295 5962 3432 6006 coo-
