3944 6578
471 457 574 522 8ῗ9

1499 461 1706 525 JOAN.
1751 461 1961 523 VECCI
2000 462 2114 525 ΟΡ.
2156 459 2674 524 ΡΔἸἪῘΑΠΠΗΆΕ

3593 464 3688 530 8ἒο

480 587 695 630 ciorum
729 575 976 646 reliquiis
999 575 1187 648 potius
1217 591 1388 647 quam
1423 573 1652 647 integris
1684 574 2054 647 (corporibus)

2166 575 2436 648 θεοφιλὴς)
2475 573 2908 646 διαπορουμένῳ,
2933 573 2988 628 τί
3015 574 3214 646 δήποτε
3251 575 3450 646 μᾶλλον
3476 577 3551 650 τῷ
3581 581 3696 652 ppu.

479 668 870 723 miraculorum
917 668 1146 723 virtutes
1192 668 1398 732 adsint,
1447 669 1759 738 respondet,
1804 669 2052 737 utrisque

475 775 606 816 sane
632 763 823 815 adesse
852 759 1092 814 divinam
1125 759 1385 830 gratiam,
1425 761 1599 829 magis
1629 770 1812 815 autem
1853 774 2054 829 opera-

477 857 679 910 tionem
729 853 942 908 ostendi
974 855 1027 908 in
1083 853 1296 924 exiguis
1350 852 1708 922 reliquiarum
1762 851 2050 917 frustulis;

478 962 605 1002 nam
667 946 734 1000 de
767 944 992 1013 integris
1054 960 1216 1000 nemo
1269 945 1520 1014 ambigit,
1569 943 1702 1015 quin
1737 954 2052 1000 sanctorum

476 1039 694 1091 illorum
727 1037 855 1099 sint.
874 1051 1108 1107 quorum
1135 1036 1414 1101 dicuntur,
1431 1045 1486 1091 et
1504 1037 1634 1106 quin
1656 1037 1868 1107 possint
1885 1036 2054 1090 mira-

474 1127 614 1182 culis
647 1128 1090 1182 manareintuitu
1127 1128 1496 1198 gloriosarum
1543 1129 1851 1184 animarum
1875 1168 1890 1192 ,
1933 1143 2056 1199 qua

475 1218 530 1272 in
560 1218 669 1273 illis
703 1219 1028 1288 corporibus
1059 1221 1276 1276 labores
1329 1235 1393 1277 ac
1429 1220 1731 1278 certamina
1772 1222 2056 1278 sustinue-

475 1318 638 1376 runt;
672 1325 782 1388 non
834 1311 993 1380 pauci
1017 1320 1200 1366 autem
1259 1311 1622 1369 infirmiorum
1673 1315 1904 1384 exiguas
1932 1313 2056 1369 illas

476 1391 742 1472 spernuni
799 1405 1101 1474 particulas
1152 1405 1609 1474 dubitando,--~~ne
1648 1407 1790 1463 forte
1830 1407 2053 1463 illorum

483 1510 592 1549 non
625 1495 736 1549 sint
761 1505 1106 1562 sanctorum,
1126 1513 1364 1568 quorum
1399 1499 1718 1554 nominibus
1748 1499 2058 1568 insigniun—

485 1597 597 1650 tur.
654 1603 790 1642 neve
841 1589 955 1642 sint
975 1587 1164 1643 eadem
1216 1589 1388 1659 gratia
1420 1597 1476 1645 et
1523 1590 1727 1646 virtute
1783 1589 2053 1660 praeditas;

475 1678 683 1734 idcirco
715 1679 804 1733 ubi
849 1679 1076 1734 dubium
1121 1680 1373 1736 obtinere
1407 1680 1717 1747 videbatur,
1759 1683 1833 1736 ibi
1874 1682 2058 1751 potius

475 1783 642 1837 supra
722 1785 940 1826 onmem
996 1787 1147 1842 spem
1193 1773 1744 1842 supersubstautialis
1775 1775 2060 1844 (persona-

475 1859 564 1928 lis)
597 1870 672 1914 et,
697 1862 1058 1918 inexhaustus
1091 1866 1359 1920 bonorum
1403 1863 1529 1920 fons
1572 1865 1822 1920 uberiora
1849 1874 1904 1920 et
1937 1881 2057 1920 ma-

2153 669 2241 738 χεῖ
2270 666 2379 720 τῶν
2407 668 2579 737 ἁγίων
2607 667 2876 738 λειψάνων
2903 666 2935 739 ἧ
2971 668 3085 731 τοῖς
3113 667 3434 740 ὁλοκλήροις
3459 670 3562 724 τῶν
3587 674 3703 728 θαυ-

2157 760 2344 830 μάτων
2371 760 2627 832 πάρεισιν
2659 762 2716 815 αί
2746 760 3024 830 δυνάμεις,
3058 760 3228 831 ἄμφω
3274 761 3376 832 μὲν
3407 762 3555 817 λύσιν
3582 766 3701 821 ἑπά-

2153 869 2238 922 γει
2264 855 2364 925 τῆς
2387 855 2538 919 θείας
2560 855 2782 926 χάριτος
2808 855 3126 918 ἀπολαύειν,
3153 855 3354 927 μᾶλλον
3377 856 3434 910 δὲ
3455 855 3549 929 τὴν
3567 859 3702 927 ἐνέρο

2154 960 2311 1013 γειαν
2341 944 2749 999 ἐπιδείκνυσθαι
2772 944 2849 1015 τῷ
2876 944 3071 1016 βραχεῖ
3092 962 3105 976 ·
3138 945 3329 1017 ἐπειδὴ
3359 948 3487 1018 περὶ
3517 947 3608 1017 μὶν
3637 947 3703 1020 (ί)

2154 1036 2266 1091 τῶν
2323 1036 2640 1109 ὁλοκλήρων
2691 1037 2871 1093 ούδενὶ
2929 1038 3272 1092 διανίσταται
3319 1039 3596 1107 λογισμὸς,
3639 1042 3703 1114 μὴ

2154 1130 2265 1182 τῶν
2303 1130 2498 1198 ἁγίων,
2532 1124 2608 1186 ὧν
2654 1130 2893 1198 λέγεται,
2927 1125 3088 1196 εἶναι,
3142 1129 3251 1183 οὐδ’
3299 1129 3384 1184 ὅτι
3418 1130 3496 1202 μὴ
3542 1131 3706 1202 βρύειν

2158 1221 2336 1276 ταῦτα
2365 1221 2590 1276 δύναται
2617 1222 2914 1292 θαυμάτων
2947 1221 3243 1294 ἐπιστασίᾳ
3272 1223 3384 1276 τῶν
3407 1223 3705 1281 καλλινίκων

2155 1311 2368 1382 ψυχῶν,
2401 1311 2457 1366 αἶ
2486 1316 2600 1377 τοῖς
2628 1314 2736 1368 τῶν
2786 1313 3058 1384 σωμάτων
3107 1313 3504 1385 συνδιήθλησαν
3552 1318 3704 1386 ἀγῶσι

2156 1405 2250 1458 καὶ
2275 1405 2481 1469 πόνοις·
2506 1407 2606 1458 ούκ
2624 1405 2828 1474 ὀλίγοις
2846 1405 2901 1460 δὲ
2922 1406 3033 1460 τῶν
3048 1406 3444 1478 ἀσθενέστερον
3465 1407 3623 1462 ταῦτα
3639 1410 3702 1481 (2)

2155 1495 2515 1567 διακειμένων
2569 1497 2649 1567 τῷ
2681 1496 2968 1568 δισταγμῷ
2998 1497 3058 1550 τὸ
3107 1496 3282 1568 βραχὺ
3317 1499 3701 1570 καθυϐρίζεται,

2155 1586 2352 1657 ὅτιπερ
2405 1585 2581 1654 ἁγίων
2614 1588 2714 1640 ούκ
2745 1584 2915 1650 ἔστιν,
2973 1585 3069 1655 ἀφ’
3107 1579 3196 1654 ὧν
3225 1585 3597 1655 ὀνομάζονται,
3627 1589 3705 1642 καὶ

2155 1679 2240 1732 δτι
2273 1679 2350 1749 μὴ
2381 1678 2481 1749 τῆς
2526 1677 2699 1750 αὐτῆς
2728 1680 2823 1732 καὶ
2870 1676 3050 1732 ταῦτα
3098 1678 3458 1745 καταξιοῦται
3509 1679 3704 1750 χάριτός

2155 1785 2216 1823 τε
2271 1770 2367 1824 καὶ
2401 1771 2804 1840 δπιφοιτήσεως
2831 1785 2846 1800 ⁸
2892 1769 2980 1825 διὰ
3012 1769 3170 1823 τοῦτο
3224 1770 3426 1840 μᾶλλον
3458 1772 3514 1823 ὲν
3543 1769 3618 1836 οἷς
3653 1775 3702 1827 τὸ

2159 1859 2459 1931 ἁμφίόολον
2511 1859 2688 1914 ἐδόκει
2717 1861 2965 1930 κρατεῖν,
2997 1859 3054 1913 ὲν
3078 1860 3308 1924 ἐκείνοις
3356 1861 3495 1932 ὑπὲρ
3539 1863 3702 1917 ἐλπίδα

473 1953 591 2022 jora
617 1952 844 2008 eﬂ’undit
877 1955 1166 2011 miracula.
1193 1958 1516 2012 Praedictam
1554 1957 1722 2028 igitur
1755 1959 2054 2014 dubitatio-

2166 1953 2343 2006 πᾶσαν
2368 1951 2448 2022 τῷ
2478 1969 2539 2005 τε
2571 1949 2768 2022 πλήθει
2807 1951 2903 2005 καὶ
2933 1951 3209 2025 μεγέθειή
3237 1953 3601 2020 ὲνυπόστατας
3627 1958 3704 2009 καὶ

475 2061 601 2100 nem
645 2047 803 2112 alter,
839 2057 899 2102 ut
930 2049 1065 2114 dixi,
1114 2048 1303 2103 Latina
1335 2049 1542 2120 lingua,
1586 2051 1725 2104 alter
1759 2050 1946 2107 Graeca
1973 2041 2055 2104 in-

475 2139 890 2207 terpretatione,
939 2140 1126 2194 multis
1159 2156 1378 2211 quoque
1405 2141 1529 2197 aliis
1573 2141 1834 2198 exhibitis
1883 2142 2057 2212 expli-

474 2230 785 2287 cationibus
846 2231 938 2285 ubi
994 2232 1295 2298 solverunt,
1353 2232 1468 2288 hac
1504 2233 1672 2288 verba
1723 2234 1887 2304 paulo
1933 2243 2058 2305 post

478 2320 722 2376 subdunt
753 2339 768 2375 :
804 2321 1111 2377 Paraclitus
1173 2323 1405 2396 Spiritus
1438 2341 1472 2381 a
1522 2323 1690 2380 Patre
1726 2326 1962 2394 procedit
2005 2334 2057 2381 et

475 2412 529 2465 ia
567 2411 708 2467 Filio
737 2425 1032 2484 permanet.

552 2690 640 2749 85.
702 2692 926 2748 Sacram
981 2693 1124 2751 hanc
1164 2693 1472 2750 doctrinam
1527 2693 1767 2753 Joannes
1817 2695 2060 2769 Baptista

479 2789 694 2856 primus
753 2787 806 2842 in
839 2789 955 2857 lege
1003 2789 1191 2859 gratiae
1249 2789 1584 2856 declaravit,
1647 2790 1716 2844 ab
1764 2790 1882 2860 ipso
1931 2807 2062 2848 vero

480 2880 720 2934 fideliqu
773 2881 1068 2935 multitudo
1119 2881 1305 2936 hausit
1342 2894 1395 2938 et
1451 2881 1585 2939 ﬁdes
1642 2885 1909 2940 catholica
1939 2901 2065 2956 per-

480 2980 644 3040 petuo
673 2971 728 3025 in
760 2986 825 3026 ea
856 2973 1142 3041 gloriatur.
1192 2973 1406 3029 Etenim
1437 2976 1526 3030 ille
1557 2978 1719 3033 homo
1773 2994 2064 3048 propemo-

479 3062 606 3117 dum
641 3065 1082 3132 superliumanus
1117 3065 1319 3121 fontem
1347 3067 1473 3122 vita:
1534 3076 1697 3139 atque
1739 3070 2065 3126 immortali-

481 3156 629 3220 tatis,
664 3154 978 3220 Dominum,
1021 3155 1261 3212 universi
1295 3159 1444 3215 orhis
1477 3161 1815 3217 conditorem
1845 3163 2063 3218 mundi-

479 3245 585 3316 q'ue
612 3247 946 3316 expiatorem
992 3245 1154 3302 undis
1206 3247 1463 3304 Jordanis
1526 3250 1813 3321 baptizans
1870 3253 2066 3309 ctelos-

479 3351 588 3408 que
641 3346 861 3406 apertos
908 3337 1126 3394 intuens
1169 3379 1186 3405 ,
1240 3341 1547 3411 prodigium
1615 3343 1879 3412 prodigiis
1911 3359 2058 3399 cont-

480 3431 788 3501 probatum,
823 3431 874 3484 iu
916 3432 1096 3501 specie
1135 3433 1408 3489 columba:
1436 3435 1845 3492 sanctissimum
1890 3436 2064 3507 Spiri-

482 3532 594 3576 tum
621 3521 1046 3577 descendentem
1083 3524 1257 3591 vidit;
1299 3526 1482 3580 emisit
1507 3535 1688 3582 autem
1723 3543 1910 3583 vocem
1933 3544 2063 3584 vera

481 3611 642 3666 Verbi
681 3626 806 3677 vox,
835 3611 966 3666 dum
1001 3613 1116 3668 haec
1140 3622 1393 3682 portenta
1425 3614 1559 3668 vidit
1595 3633 1608 3668 :
1642 3613 1762 3668 Vidi
1795 3614 2061 3684 Spiritum

482 3713 736 3774 tanquam
771 3702 1071 3756 columbam
1120 3687 1517 3758 descendentem
1546 3705 1608 3774 et;
1636 3715 1933 3761 manentem
1965 3723 2061 3761 su-

483 3813 575 3866 per
608 3798 802 3865 ipsum.
840 3795 1022 3850 Manet
1046 3797 1213 3866 igitur
1238 3797 1578 3853 descendens
1621 3812 1651 3852 a
1701 3799 1858 3854 Patre
1886 3799 2064 3870 Spiri-

485 3899 572 3944 tus
595 3903 760 3956 super
786 3885 1012 3952 Filiutu,
1064 3887 1149 3941 vel
1200 3889 1247 3943 si
1291 3889 1486 3953 mavis,
1520 3889 1576 3944 in
1625 3886 1804 3958 Filio;
1856 3892 2060 3946 nullam

483 3981 628 4036 enim
661 3980 766 4034 hoc
794 3981 916 4034 loco
944 3978 1263 4034 varietatem
1296 3980 1601 4034 differentia
1637 3995 1864 4036 casuum
1898 3982 2062 4038 indu-

483 4073 582 4129 cit.
613 4071 672 4125 Et
705 4071 878 4126 Isaias
911 4072 1175 4142 propheta
1229 4073 1448 4128 cmlitus
1496 4073 1691 4128 similia
1737 4074 1822 4128 his
1873 4074 2064 4129 vatici-

485 4179 624 4219 nans
662 4173 717 4219 et
747 4163 1066 4218 vaticinium
1120 4163 1174 4218 in
1225 4163 1427 4220 Christi
1461 4180 1749 4236 personam
1800 4166 2059 4232 referens,

486 4255 717 4326 Spiritus
754 4256 993 4322 Domini,
1021 4259 1219 4328 inquit,
1255 4275 1412 4327 super
1441 4276 1541 4325 me,
1580 4277 1639 4315 eo
1674 4260 1812 4330 quod
1845 4261 2060 4315 unxerit

486 4349 747 4406 Dominus
789 4368 890 4406 me.
915 4352 1129 4408 Audisti
1163 4352 1462 4420 aliquando
1510 4354 1747 4423 inclytos
1782 4352 1903 4408 illos
1930 4351 2066 4406 Gre—

487 4447 700 4517 got-ium
734 4454 786 4500 et
809 4444 1127 4501 Zachariam
1168 4447 1248 4514 (hi
1282 4445 1428 4500 enim
1476 4444 1663 4501 forsan
1698 4447 1872 4516 magis
1902 4454 2065 4500 erunt

489 4538 721 4608 appositi
777 4548 881 4594 tua:
940 4538 1288 4609 impudentia:
1353 4539 1408 4593 in
1469 4540 1852 4595 verecundiam
1901 4539 2064 4595 resti-

489 4633 756 4700 tuendae),
795 4633 1018 4698 audisti,
1070 4632 1317 4701 inquam,
1352 4631 1478 4686 illos
1523 4643 1853 4698 asserentes,
1890 4630 2064 4702 Spiri-
2093 4665 2144 4724 ι)

491 4732 603 4776 tum
637 4723 689 4776 in
717 4721 859 4777 Filio
889 4738 1147 4790 manere;
1179 4734 1234 4778 et
1256 4723 1530 4792 quomodo
1565 4737 1674 4777 non
1721 4721 1846 4777 inde
1877 4721 2064 4778 confe-

493 4816 619 4870 stim
657 4817 724 4868 ad
757 4814 908 4870 Pauli
933 4816 1306 4887 commigrasti
1340 4829 1549 4880 vocem,
1585 4829 1696 4886 quo
1741 4815 1876 4870 dicit
1901 4813 2074 4885 Spiri~

422 4911 427 4915 '
495 4917 604 4961 tum
627 4905 758 4962 Filii
781 4910 864 4962 sui
885 4909 1089 4966 Hieme
1109 4911 1231 4966 loco
1253 4910 1537 4979 eflingendi
1563 4919 1926 4966 monstrosam
1953 4925 2075 4980 pro-

494 4999 796 5054 cessionem
834 5001 987 5055 facile
1034 5003 1394 5058 intellexisses
1445 5002 1638 5057 merito
1661 5001 1770 5056 dici
1807 5000 2072 5072 Spiritum

494 5091 640 5158 Filii,
671 5092 927 5162 quoniam
959 5092 1192 5162 Spiritus
1214 5103 1396 5150 manet
1426 5093 1478 5148 in
1507 5092 1666 5149 Filio.
1693 5093 1905 5150 Mansio
1925 5093 2072 5149 enim

494 5185 729 5254 Spiritus
767 5184 819 5238 in
858 5182 996 5238 Filio
1031 5199 1194 5240 causa
1259 5201 1370 5239 non
1421 5184 1634 5240 occulta
1689 5200 1790 5242 nec
1842 5183 2072 5239 nimium

493 5278 741 5333 abstrusa
799 5275 982 5342 fuerit,
1037 5291 1136 5334 cur
1190 5277 1407 5333 dicatur
1467 5279 1712 5348 Spiritus
1750 5277 1893 5333 Filii.
1932 5276 2074 5343 Quid

495 5388 733 5442 namque
756 5372 983 5443 propius
1014 5371 1422 5441 intelligendum
1458 5373 1683 5428 exhibet
1742 5373 1901 5434 illud.
1928 5374 2077 5441 Apo-

495 5465 621 5521 stoli
648 5465 1040 5528 testimonium,
1097 5465 1359 5534 Spiritum
1413 5481 1636 5522 manere
1686 5467 1742 5521 in
1774 5464 1950 5531 Filio,
2004 5481 2070 5522 ac

499 5557 794 5627 procedere
847 5557 1034 5611 aFtlio
1064 5557 1088 5611 'l
1119 5555 1233 5610 lmo
1265 5566 1318 5612 et
1381 5557 1495 5612 haec
1547 5557 1662 5626 ipsa
1705 5561 2070 5627 comportatio

569 5715 643 5781 (l)
667 5716 784 5770 Μὲν
815 5717 990 5772 omitt.
1022 5717 1140 5774 Col.

570 5787 644 5859 (gi
671 5788 805 5859 Περὶ
837 5788 1010 5841 ταῦτα
1029 5789 1154 5859 legit
1183 5792 1298 5849 Col.

571 5855 649 5926 (ὅ)
702 5857 838 5911 Nota
885 5855 1198 5929 margin-alis
1255 5864 1376 5920 cod.
1423 5863 1681 5918 Laurent.
1733 5860 1934 5930 Ἕτερα
1957 5859 2075 5913 ἀνθ’

501 5927 710 5996 έτέρων
757 5927 1107 5985 παντάπασιν
1166 5932 1416 6008 φθέγγῃ·
1469 5935 1566 6006 οὐχ
1611 5933 1756 5989 οὕτω
1799 5927 1909 6004 γὰρ
1959 5933 2077 5984 ἐκεῖ

2161 2042 2434 2107 ἁκένωτος
2482 2043 2634 2115 πηγὴ
2667 2043 2777 2096 τῶν
2832 2042 3060 2112 ἀγαθῶν
3093 2043 3175 2108 είς
3227 2043 3290 2097 τὸ
3351 2043 3702 2117 δαψιλέστερον

2160 2132 2398 2204 πηγάζει
2429 2131 2502 2186 τὰ
2560 2134 2836 2205 θαύματα.
2890 2133 3002 2205 Τὴν
3033 2130 3129 2188 οὖν
3167 2133 3470 2205 είρημένην
3502 2136 3703 2207 ἀπορίαν

2159 2226 2188 2279 6
2216 2228 2334 2296 μὲν,
2385 2225 2460 2291 ὡς
2495 2225 2667 2298 ἔφθην
2700 2225 2894 2295 είπὼν,
2922 2227 3188 2292 Λατινίδι,
3233 2233 3262 2282 6
3290 2229 3348 2283 δὲ
3381 2229 3450 2282 δι’
3493 2223 3705 2302 Ἕλληνι·

2161 2317 2250 2382 δος
2281 2318 2583 2389 ἑρμηνείας
2642 2320 2782 2390 μετὰ
2839 2321 2936 2373 καὶ
2998 2319 3210 2374 πολλῶν
3273 2321 3454 2378 ἄλλων
3479 2325 3701 2396 προδιευ-

2163 2411 2535 2482 κρινηθέντων
2579 2412 2974 2483 ὲπιλυσάμενος
3033 2408 3138 2468 ὧδέ
3167 2432 3317 2480 ,πως
3374 2417 3494 2488 μετ’
3551 2418 3701 2488 ὀλίγον

2163 2505 2360 2573 ὲπάγει
2388 2519 2402 2534 ο
2457 2503 2530 2559 Τό
2584 2505 2986 2575 Παράκλητον
3047 2509 3291 2579 Πνεῦμα
3348 2510 3456 2566 τοῦ
3502 2510 3700 2579 Πατρός

2164 2596 2514 2666 προέρχεται
2537 2599 2633 2652 καὶ
2660 2597 2730 2651 ἐν
2755 2597 2834 2664 τῷ
2860 2599 2971 2665 Υιῷ
2999 2599 3260 2670 διαμένει
3283 2603 3382 2673 (5).

2246 2695 2352 2744 πε⁸.
2382 2689 2602 2759 Ταύτην
2631 2691 2732 2761 τὴν
2763 2691 3066 2762 ίερολογίαν
3093 2696 3121 2748 6
3153 2694 3463 2766 πρόδρομος
3488 2696 3582 2766 μὲν
3616 2697 3698 2751 τῶν

2169 2782 2228 2835 έν
2277 2785 2343 2853 τῇ
2379 2782 2561 2854 χάριτι
2590 2783 2810 2854 πρῶτος
2848 2785 3060 2848 ἀνεῖπε,
3112 2784 3226 2838 τῶν
3253 2785 3462 2840 πιστῶν
3509 2787 3562 2841 δὲ
3593 2791 3697 2861 παρ’

2167 2873 2334 2927 αὑτοῦ
2362 2874 2427 2927 τὸ
2470 2874 2673 2946 πλῆθος
2709 2875 2946 2947 ἐμυήθη,
2974 2876 3070 2931 καὶ
3101 2877 3134 2948 ὴ
3164 2876 3416 2933 εὐσέϐεια
3445 2879 3694 2944 διαπαντὸς

2167 2969 2358 3039 ὁρᾶται
2393 2969 2569 3040 ταύτῃ
2590 2969 3044 3042 λαμπρυνομένη.
3079 2973 3190 3026 Καὶ
3220 2973 3330 3044 γὰρ
3362 2974 3602 3036 ἐκείνοςό
3625 2992 3693 3045 μι-

2170 3061 2301 3135 κροῦ
2331 3061 2436 3117 δέω
2456 3063 2621 3134 φάναι
2647 3063 2790 3134 ὑπὲρ
2813 3064 3100 3134 ἄνθρωπον
3125 3065 3415 3136 ἄνθρωπος
3429 3067 3524 3139 τὴν
3546 3068 3692 3139 πηγὴν

2167 3155 2269 3222 τῆς
2299 3153 2445 3225 ζωῆς
2475 3155 2570 3208 καὶ
2593 3157 2694 3226 τῆς
2717 3155 3042 3223 ἀθανασίας,
3073 3156 3164 3211 τὸν
3191 3157 3286 3214 τοῦ
3310 3160 3506 3224 παντὸς
3523 3161 3694 3214 Δεσπὸο

2174 3263 2273 3318 την
2305 3247 2402 3303 καὶ
2431 3249 2810 3318 Δημιουργδν,
2835 3249 2897 3302 τὸ
2931 3249 3028 3304 τοῦ
3068 3251 3275 3318 κόσμου
3301 3252 3585 3326 καθάρσιον
3611 3256 3695 3326 pti-

2169 3338 2319 3408 θροις
2351 3339 2629 3411 βαπτίζων
2671 3341 2937 3412 Ἰορδάνου
2973 3344 3068 3396 καὶ
3115 3345 3244 3408 τοὺς
3290 3347 3547 3417 οὐρανοὺς
3583 3348 3695 3421 ὀρῶν

2167 3433 2568 3504 ἀνεῳγμένους,
2625 3433 2814 3505 θαῦμα
2873 3435 3118 3506 θαύμασι
3168 3441 3622 3512 μαρτυρούμενον,
3651 3446 3696 3496 ἐν

2167 3525 2298 3578 είδει
2331 3526 2433 3596 μὲν
2468 3529 2803 3597 περιστερᾶς
2857 3527 2920 3582 τὸ
2959 3529 3230 3599 πανὰγιον
3264 3532 3490 3599 Πνεῦμα
3531 3551 3695 3605 καταρ-

2170 3616 2406 3686 χόμενον
2437 3616 2703 3672 ἐθεάσατο
2723 3633 2738 3648 °
2771 3619 2953 3689 ἀφῆκε
3002 3621 3060 3675 δὲ
3109 3623 3295 3694 φωνὴν
3327 3625 3360 3696 ἡ
3400 3625 3598 3693 άληθῶς
3623 3627 3695 3680 τοῦ

2169 3710 2345 3778 Λόγου
2403 3710 2556 3782 φωνὴ
2601 3712 2660 3764 ὲν
2717 3711 2795 3781 τῷ
2841 3713 2976 3783 ὀρᾷν
3023 3713 3095 3767 τὰ
3147 3715 3355 3770 ἀθέατα
3383 3733 3398 3748 ·
3456 3715 3620 3773 Εἶδον
3647 3718 3697 3772 τὸ

2167 3801 2418 3873 Πνεῦμα
2446 3803 2815 3860 καταϐαῖνον
2835 3805 2979 3860 ὡσεὶ
3025 3810 3386 3878 περιστερὰν
3431 3813 3524 3865 καί
3547 3812 3700 3883 μένον

2167 3896 2262 3950 ἐπ’
2289 3897 2498 3952 αὐτόν.
2533 3898 2703 3952 Μένει
2735 3899 2918 3954 τοίνυν
2949 3900 3280 3957 κατασατνον
3331 3903 3442 3957 ἀπὸ
3474 3903 3564 3958 τοῦ
3611 3907 3697 3959 Πα-

2167 3990 2297 4062 τρδς
2332 3990 2392 4044 τὺ
2427 3993 2653 4062 Πνεῦμα
2680 3992 2777 4046 ἐπὶ
2817 3991 2914 4046 τὸν
2957 3993 3086 4046 Υίόν
3119 4009 3135 4025 ο
3175 3994 3224 4047 εί
3275 3995 3456 4064 βούλει
3505 3996 3578 4061 δὲ,
3627 3997 3700 4051 καὶ

2169 4082 2228 4134 ἐν
2255 4081 2334 4152 τῷ
2387 4081 2536 4153 mp;-
2577 4081 2837 4154 οὐδεμίαν
2881 4081 2990 4154 γὰρ
3035 4083 3270 4138 ἐνταῦθα
3318 4087 3694 4158 παραλλαγὴνὴ

2167 4175 2279 4228 τῶν
2321 4175 2583 4230 πτώσεων
2621 4178 2834 4244 εἰσάγει
2866 4177 3124 4251 διαφορά.
3157 4179 3266 4232 Καὶ
3299 4181 3327 4233 6
3357 4182 3626 4252 προφήτης
3655 4179 3698 4233 δι

2184 4268 2416 4334 Ἡσαΐας
2453 4269 2661 4324 ἄνωθεν
2700 4271 2770 4324 τὰ
2821 4271 3180 4343 παραπλήσια
3212 4274 3596 4344 χρησμολογῶν
3627 4272 3700 4327 καί

2169 4361 2262 4414 τὸν
2315 4361 2567 4432 χρησμὸν
2619 4364 2701 4426 είς
2761 4364 3056 4434 πρόσωπον
3103 4364 3398 4436 ἀναφέρων
3451 4365 3697 4437 Χριστοῦ·

2169 4453 2414 4522 Πνεῦμα
2466 4455 2712 4523 Κυρίου,
2775 4457 2965 4525 φησὶν,
3017 4455 3114 4510 ἐπ’
3165 4457 3306 4527 ἐμέο
3375 4455 3448 4516 οὗ
3505 4451 3699 4514 εἵνεκεν

2169 4543 2378 4613 ἕχρισέ
2428 4561 2529 4613 με.
2586 4545 2868 4610 Ἱικουσὰς
2921 4563 3053 4602 ποτε
3085 4548 3197 4602 τῶν
3231 4548 3460 4604 κλεινῶν
3509 4551 3697 4604 ἐκείνων

2169 4635 2475 4707 Γρηγορίου
2514 4636 2547 4707 ἢ
2583 4636 2855 4707 Ζαχαρίου
2891 4637 3055 4710 (τάχα
3087 4639 3196 4708 γάρ
3230 4657 3324 4694 σου
3363 4640 3557 4712 μᾶλλον
3586 4634 3701 4695 οὗτοι

2171 4727 2232 4780 τὸ
2257 4726 2476 4790 ἀναιδὲς
2503 4726 2813 4781 διαλύουσιν
2863 4728 2944 4792 είς
2982 4729 3138 4798 αίδὼ)
3163 4745 3176 4760 ·
3209 4729 3450 4799 ἤκουσας
3477 4731 3702 4801 λεγόντων

2175 4816 2356 4871 αὐτῶν
2382 4834 2397 4849 ο
2432 4819 2505 4872 Τὸ
2543 4819 2768 4889 Πνεῦμα
2794 4820 2852 4872 έν
2871 4820 2960 4890 ’τῷ
2999 4820 3114 4892 Υίῷ
3142 4822 3296 4892 μένει
3321 4839 3336 4854 ο
3371 4823 3466 4877 καὶ
3498 4824 3603 4883 πῶς
3629 4823 3702 4876 εύ-

2176 4908 2270 4973 θὺς
2300 4909 2402 4964 οὐκ
2432 4909 2731 4981 ἁνέδραμες
2769 4912 2980 4966 ἐκεῖθεν
3014 4913 3094 4977 είς
3127 4913 3229 4986 τὴν
3255 4913 3352 4968 τοῦ
3387 4916 3589 4970 Παύλου
3615 4934 3704 4986 φωο

2176 5001 2292 5073 νην,
2329 5001 2397 5056 δι’
2422 4998 2492 5074 ἧς
2529 5019 2684 5073 φησι,
2724 5003 2796 5058 Τὸ
2833 5004 3078 5074 Πνεῦμα
3117 5007 3224 5061 τοῦ
3254 5007 3395 5063 Υίοῦ
3423 5007 3704 5072 αὐτοῦ,κιιὶ

2175 5095 2297 5148 ἀντὶ
2329 5095 2422 5150 τοῦ
2459 5097 2842 5167 τερατολογεῖν
2879 5097 2976 5170 τὴν
3005 5099 3334 5169 ὲκπόρευσιν
3353 5100 3622 5171 διανέστης
3643 5099 3705 5160 τίς

2176 5185 2236 5240 τὸ
2265 5188 2429 5254 νοεῖν,
2459 5187 2534 5250 ὡς
2571 5189 2692 5240 ἐπεὶ
2723 5188 2785 5242 τὸ
2817 5187 3044 5257 Πνεῦμα
3076 5189 3228 5260 μένει
3269 5190 3329 5243 ἐν
3373 5191 3456 5262 τῷ
3501 5190 3623 5259 Υίῷ,
3645 5190 3705 5240 εί-

2179 5275 2356 5340 κότως
2393 5277 2460 5331 ἂν
2489 5276 2703 5346 λέγοιτο
2732 5279 2792 5330 τὸ
2825 5278 3048 5350 Πνεῦμα
3089 5280 3185 5332 τοῦ
3232 5280 3362 5334 Υίοῦ
3389 5297 3404 5347 ;
3453 5281 3512 5335 'H
3543 5280 3638 5350 γὰρ
3663 5279 3706 5328 ἐν

2175 5367 2254 5439 τῷ
2281 5369 2395 5439 Υἱῷ
2427 5369 2524 5424 τοῦ
2557 5371 2872 5441 Πνεύματος
2907 5373 3042 5444 μονὴ
3097 5371 3247 5427 αίτία
3296 5373 3364 5428 ἃν
3393 5373 3494 5429 οὐκ
3531 5373 3707 5442 ἀφανὴς

2177 5464 2264 5535 είη
2298 5464 2418 5517 οὐδὲ
2454 5465 2546 5518 διὰ
2580 5464 2700 5534 βίας
2731 5465 2944 5533 ἄγουσα
2973 5466 3109 5537 πρὸς
3133 5464 3307 5519 πειθὼ
3333 5465 3424 5520 διὰ
3440 5466 3494 5519 τί
3524 5465 3706 5532 λέγεται

2175 5556 2237 5610 τὸ
2269 5555 2493 5627 Πνεῦμα
2523 5557 2620 5610 τοῦ
2651 5557 2780 5610 Υίοῦ
2802 5575 2817 5590 ο
2855 5560 3009 5612 ποῖον
3069 5557 3176 5630 γὰρ
3210 5558 3506 5628 ἐγγύτερον
3539 5557 3569 5627 ἡ
3595 5556 3705 5608 ἀπο·

2177 5717 2406 5782 κεῖνται,
2469 5717 2603 5770 ἁλλὰ
2661 5715 2959 5788 διαρρήδην
2997 5717 3150 5780 οὗτός
3181 5734 3349 5788 φησιν
3374 5719 3401 5770 6
3429 5713 3704 5788 Γρηγόριοςο

2176 5789 2240 5839 ὲκ
2270 5788 2481 5860 Πατρδς
2499 5789 2592 5860 καὶ
2615 5785 3084 5860 ΥίοῦτὸίΠίνεῦμα
3109 5785 3501 5858 ἐκπορεύεσθὲι
3532 5785 3703 5860 λέξεσιν

2178 5851 2501 5924 αὑταίςξκαι
2521 5857 2769 5928 είσεταιρ
2795 5859 2860 5913 τὰ
2876 5851 3155 5930 Ῥωμαϊκὰ
3178 5851 3556 5927 ἀναγινώσκειν
3575 5851 3700 5905 δινά-

2182 5945 2340 5998 μενος
2367 5932 2691 6004 γράμματα.
