3944 6568
249 447 346 513 Sil

1029 440 1459 504 REFUTATIO
1500 437 1866 500 ΡΠΟΤΙΑΝΙ
1907 436 2119 496 LIBRI
2155 435 2250 496 DE
2287 434 2598 495 SPIRITU
2638 435 2701 496 S.

3370 431 3479 498 842

250 554 476 628 στολικὴ
502 554 695 627 χρῆσις
718 552 998 624 χαρίζεται
1029 554 1190 618 νοεῖν,
1215 551 1276 606 τὸ
1304 549 1524 616 Πνεῦμα
1555 549 1736 619 μένειν
1756 548 1813 599 ὲν

1926 559 1998 598 est
2033 545 2232 614 inepta.
2263 544 2394 597 Illud
2423 544 2565 597 enim
2590 552 2643 599 et
2670 539 2977 599 communis
3000 540 3214 615 Domini
3242 541 3480 612 Baptista

249 649 326 717 τῷ
359 649 496 718 Υἱῴ,
534 648 567 718 ἦ
600 646 1006 717 ἐκπορεύεσθαι
1035 644 1128 697 τοῦ
1167 643 1337 705 Υἰοῦς
1388 642 1588 713 μᾶλλον
1616 639 1672 692 δὲ
1720 636 1813 689 καὶ

245 743 388 810 αὐτή
425 758 490 809 γε
517 743 548 811 ἡ
585 741 870 810 σύγκρισις
900 735 1280 807 ἀπειρόκαλος.
1310 734 1353 786 'l‘
1357 735 1384 785 ὸ
1422 732 1519 801 μὲν
1551 731 1659 813 γὰρ
1688 729 1716 781 ὃ
1754 743 1813 781 τε

244 830 341 883 τοῦ
367 829 554 885 κοινοῦ
581 829 853 882 Δεσπότου
897 827 1146 890 σαλπίζει
1175 823 1482 890 Βαπτιστὴς
1508 822 1600 874 καὶ
1631 822 1658 872 6
1683 836 1817 892 προσ

245 924 428 993 φήτης
462 922 631 977 παλαι
665 919 1044 991 προθεσπίζει,
1081 919 1174 971 καὶ
1211 916 1373 977 αὐτὸς
1394 917 1423 969 6
1448 913 1639 984 Σωτὴρ
1679 914 1814 967 dwa-

242 1015 537 1083 γινώσκων
563 1014 623 1067 τὸ
654 1013 831 1080 λόγιον
887 1009 1319 1081 ἑπισφραγίζειο
1372 1007 1469 1061 καὶ
1525 1005 1730 1077 ταύτην
1780 1004 1815 1075 ἡ

243 1106 507 1161 εὐσέϐεια
529 1105 629 1176 τὴν
654 1103 1077 1175 ,μυσταγωγίαν
1135 1102 1349 1156 ἐκεῖθεν
1406 1098 1647 1153 λαϐοῦσα
1680 1098 1816 1152 πᾶσι

243 1201 464 1263 πιστοῖς
497 1197 823 1259 διδάσκαλος
848 1196 1170 1265 πρόκειται·
1206 1194 1270 1247 σὺ
1313 1193 1371 1247 δὲ
1410 1192 1519 1245 τῶν
1566 1188 1817 1260 ζοφερῶν

244 1293 352 1363 τῆς
381 1291 707 1354 δυσσεϐείας
739 1288 936 1352 ἀναδὺς
961 1286 1168 1353 πυλῶν,
1204 1287 1328 1341 ἀντὶ
1364 1284 1460 1339 τοῦ
1513 1282 1817 1350 δοξολογεῖν

244 1402 311 1438 σε
334 1384 397 1437 τὸ
436 1382 661 1453 Πνεῦμα
697 1381 882 1451 μένειν
912 1382 971 1433 ὲν
1005 1378 1085 1450 τῷ
1112 1378 1227 1449 Υἱῴ
1259 1380 1354 1433 καὶ
1400 1376 1493 1429 ἐπὶ
1531 1374 1623 1427 τὸν
1664 1371 1815 1437 Υἱὸν,

242 1474 543 1543 θεομαχεῖς
578 1470 974 1539 ἐκπορεύεσθαι
1010 1469 1184 1538 λέγων
1213 1468 1306 1522 τοῦ
1336 1465 1490 1520 Υίοῦ.
1562 1463 1816 1534 Διαμένει

243 1568 305 1620 ἐν
326 1566 406 1635 τῷ
431 1565 578 1635 Υίῷο
611 1563 699 1618 διὰ
729 1563 884 1617 τοῦτό
935 1565 1052 1616 ἐστι
1083 1561 1178 1615 τοῦ
1228 1559 1358 1613 Υἱοῦ
1379 1575 1394 1590 ’
1422 1557 1541 1630 ,καὶ
1597 1558 1679 1610 ὅτι
1715 1554 1816 1623 τῆς

243 1658 442 1726 αὐτῆς,
466 1657 540 1720 ὡς
571 1656 739 1727 ἒςθην
765 1654 955 1719 εἰπὼν,
987 1652 1199 1724 φύσεώς
1222 1652 1281 1705 τέ
1308 1653 1424 1703 ἐστι
1450 1649 1542 1702 καὶ
1568 1648 1818 1717 θεότητος

248 1752 347 1804 καὶ
380 1748 541 1818 δόξης
591 1749 685 1800 καὶ
714 1746 994 1819 βασιλείας
1038 1742 1447 1812 καὶδυνάμεως
1473 1758 1487 1772 ·
1532 1740 1581 1793 εί
1639 1737 1819 1808 βούλει

238 1839 326 1902 δὲ,
356 1839 453 1892 καὶ
474 1839 558 1892 ὅτι
583 1838 724 1907 χρίει
753 1838 846 1891 τὸν
874 1837 1106 1906 Χριστόν
1134 1852 1148 1866 θ
1171 1835 1415 1903 Πνεῦμα
1437 1832 1547 1901 γὰρ
1574 1831 1817 1900 Κυρίου,

1918 637 2182 706 praedicat
2217 646 2273 691 et
2300 637 2562 707 pr0pht-ta
2612 636 2724 704 jam
2755 635 2885 691 olim
2940 637 3265 691 vaticinatus
3299 643 3385 691 est
3426 643 3482 691 et

1917 731 2143 801 ipsemet
2198 730 2447 787 Salvator
2494 732 2780 787 oraculum
2820 731 2953 790 illud
2990 731 3175 801 legens
3227 729 3480 801 obsignat
3553 790 3561 805 ι

1914 829 1969 878 ct
1998 824 2353 892 comprobat;
2390 824 2641 893 hancque
2682 822 2986 878 doctrinam
3017 820 3260 878 Ecclesia
3292 820 3482 876 ortho-
3550 824 3555 829 ”

1916 915 2058 969 doxa
2084 917 2210 970 inde
2244 926 2402 971 nacta
2454 916 2667 973 cunctis
2716 915 2969 972 ﬁdelibus
3000 914 3317 969 discendam
3352 926 3481 983 pro-

1918 1004 2061 1063 l‘ert:
2097 1018 2152 1062 tu
2184 1022 2311 1063 vero
2339 1023 2369 1064 e
2400 1008 2712 1079 calig'inosis
2742 1006 3037 1079 impietatis
3073 1005 3259 1075 januls
3292 1018 3482 1074 egres-
3561 1014 3565 1018 ’

1919 1113 2013 1154 sus
2045 1100 2164 1153 loco
2188 1098 2514 1167 praedicandi
2562 1098 2823 1168 Spiritum
2854 1113 3074 1156 manere
3122 1099 3179 1153 in
3232 1097 3376 1153 Filio
3426 1105 3483 1151 et

1918 1206 2085 1262 super
2113 1189 2339 1252 Filium.
2392 1190 2504 1247 Deo
2533 1205 2841 1262 repugnans
2865 1192 3068 1248 asseris
3098 1190 3252 1246 illum
3282 1205 3314 1244 a
3341 1187 3485 1244 Filio

1918 1282 2234 1353 procedere.
2262 1280 2552 1337 Permanet
2595 1284 2649 1337 in
2687 1282 2863 1349 Filio;
2896 1283 3100 1339 idcirco
3139 1291 3222 1339 est
3251 1281 3399 1345 Filii,
3428 1290 3486 1337 et

1917 1374 2043 1443 quia
2103 1372 2367 1443 ejusdem,
2431 1381 2489 1426 ut
2546 1373 2793 1442 superius
2851 1373 2986 1439 dixi,
3025 1381 3109 1429 est
3173 1381 3384 1427 natura:
3430 1380 3487 1425 ct.

1918 1466 2133 1520 deitatis
2162 1473 2216 1519 et
2239 1464 2423 1535 gloriae
2440 1472 2495 1518 et
2523 1464 2778 1536 potentiae.
2800 1473 2853 1519 et
2882 1464 3120 1530 virtutis,
3136 1464 3222 1519 vel
3247 1464 3410 1518 etiam
3436 1463 3485 1518 si

1920 1556 2023 1618 vis,
2050 1556 2173 1626 quia
2226 1556 2379 1625 ungit
2428 1553 3010 1626 Christum:Spiritus
3066 1556 3206 1611 enim
3246 1554 3483 1619 Domini,
3569 1556 3575 1564 ‘

1920 1647 2288 1717 iuqnit,super
2315 1663 2414 1710 me,
2436 1656 2711 1717 propterea
2740 1648 2891 1702 unxit
2920 1656 3105 1713 me;et
3136 1647 3263 1718 quia
3291 1647 3487 1702 obum-

1919 1742 2110 1794 brante
2139 1741 2256 1808 ipso
2290 1739 2498 1809 Virgini
2530 1739 3107 1809 incomprehensibilis
3132 1748 3355 1810 peracta
3380 1739 3486 1794 luit

1916 1833 2205 1902 conceptio
2223 1839 2278 1885 et
2310 1830 2603 1887 ineﬂabilis
2626 1832 2746 1888 sine
2786 1831 2995 1893 semine
3025 1841 3215 1902 partus
3249 1833 3485 1903 prodiit;

243 1933 433 2001 φησὶν,
480 1930 575 1984 ἐπ’
607 1928 744 2000 ἐμέ·
782 1926 855 1986 οὗ
881 1930 1117 1984 εἵνεκεν
1143 1925 1353 1995 ἔχρισέ
1380 1942 1457 1999 με
1485 1940 1500 1957 ο
1539 1924 1635 1978 καὶ
1679 1922 1816 1975 διότι

1926 1940 2020 1981 nec
2061 1939 2168 1979 non
2205 1924 2331 1994 quia
2362 1933 2418 1978 et
2470 1924 2645 1992 ipsum
2704 1924 2891 1979 mittit.
2940 1923 3077 1980 Nam
3126 1925 3489 1997 euangelizare

240 2022 673 2084 ὲπισκιὰσαντος
725 2019 894 2074 αὐτοῦ
954 2021 1021 2090 τῇ
1069 2016 1331 2088 Παρθένῳ
1390 2016 1594 2087 ηύπὲρ
1654 2012 1813 2082 λόγον

239 2114 459 2183 ὑπέστη
500 2112 790 2184 σύλληψις,
843 2111 939 2166 καὶ
976 2112 1005 2163 6
1032 2111 1409 2181 ἁνέκφραστος
1447 2109 1543 2161 καὶ
1580 2108 1816 2176 ἄσπορος

240 2205 491 2275 προῆλθε
512 2205 672 2268 τόκος
700 2220 715 2236 ·
747 2204 835 2258 ναὶ
864 2205 929 2275 δὴ
956 2202 1051 2257 καὶ
1092 2203 1231 2256 δ;ότι
1263 2200 1586 2256 ἁπιστέλλει
1627 2199 1811 2252 αὐτόν’

241 2296 726 2366 Εὑαγγελίσαθαι
743 2293 873 2365 γὰρ,
897 2294 1050 2364 φησὶ,
1076 2295 1335 2362 πτωχοῖς
1357 2292 1703 2347 ἀπέσταλκέν
1718 2307 1814 2360 με.

240 2388 422 2441 Πόσον
453 2387 545 2441 οὖν
575 2387 801 2457 ἄμεινόν
854 2403 936 2440 σοι
994 2388 1090 2440 καὶ⁸
1141 2383 1564 2453 ἀκολουθότερον
1616 2379 1682 2453 ἦν
1722 2384 1818 2435 καὶ

241 2483 391 2532 νοεῖν
421 2481 516 2533 καὶ⁸
554 2479 757 2547 λέγειν,
791 2479 866 2542 ὡς
894 2478 964 2532 δι’
1006 2477 1066 2530 ἓν
1093 2494 1144 2530 τι
1170 2478 1278 2530 τῶν
1326 2476 1567 2546 τεθεωρη
1578 2474 1750 2545 μένων
1782 2473 1814 2544 ἢ

241 2573 342 2624 καὶ
374 2570 465 2623 διὰ
510 2572 681 2623 πλείω
729 2569 951 2636 λέγεται
984 2569 1211 2637 Πνεῦμα
1253 2567 1380 2622 Υξοῦ
1445 2571 1539 2620 καὶ
1587 2566 1814 2635 Πνεῦμα

240 2660 509 2731 Χριστοῦ,
544 2661 682 2715 ἀλλὰ
713 2662 789 2731 μὴ
818 2660 989 2713 ταῦτα
1013 2658 1238 2712 τοιαῦτα
1273 2659 1404 2712 ὄντα
1436 2658 1531 2711 καὶ
1558 2655 1817 2726 τηλικαύ-

1918 2016 2234 2086 pauperibus
2268 2015 2409 2071 misit
2459 2032 2559 2069 me.
2596 2012 2812 2080 Quanto
2846 2016 3009 2086 igitur
3046 2018 3249 2072 rectius
3284 2032 3490 2072 conve-

1919 2112 2268 2181 nientiusque
2309 2117 2524 2179 poteras
2559 2118 2615 2164 et
2657 2107 2861 2164 sentire
2899 2120 2952 2165 et
2980 2110 3184 2177 dicere,
3215 2110 3285 2166 ob
3314 2125 3479 2165 unam

1920 2203 2160 2272 aliquam
2202 2210 2299 2256 aut
2327 2202 2514 2272 plures
2545 2202 2814 2257 dictarum
2849 2202 3257 2276 expositionum
3304 2201 3485 2258 nomi-

1924 2296 2041 2349 nari
2072 2293 2334 2363 Spiritum
2369 2293 2490 2349 Filii
2514 2305 2569 2349 et
2594 2293 2859 2362 Spiritum
2901 2294 3128 2358 Christi,
3166 2308 3275 2349 non
3300 2303 3479 2365 autem

1926 2387 2012 2441 his
2043 2386 2180 2442 adeo
2211 2385 2405 2441 validis
2435 2398 2488 2441 et
2526 2387 2907 2442 consentaneis
2944 2387 3250 2442 rationibus
3286 2387 3488 2457 spretis

1921 2479 2249 2535 commentis
2323 2479 2557 2549 propriis
2625 2479 3220 2550 imaginationibusque
3283 2479 3486 2533 nullam

1923 2568 2248 2622 habentibus
2273 2568 2685 2623 subsistentiam
2731 2568 2918 2623 conari
2951 2567 3207 2625 Ecclesia:
3234 2569 3488 2640 dogmata

1924 2672 2274 2726 corrumpere
2298 2659 2311 2712 l

239 2773 346 2826 την
384 2758 537 2827 ἰσχὺν
563 2756 754 2827 ἔχοντα
780 2758 875 2810 καὶ
897 2754 1223 2809 ἀκολουθίαν
1289 2752 1418 2824 παρ’
1474 2753 1627 2806 οὐδὲν
1659 2753 1885 2822 θέμενον
1923 2751 2304 2824 ἀναπλασμοῖς
2358 2754 2509 2818 ἰδίοις
2570 2757 2666 2811 καὶ
2722 2757 3044 2826 φαντασίαις
3095 2755 3489 2820 ἀνυποστάτοις

242 2846 555 2917 ἐπιχειρεῖν
621 2847 723 2918 τῆς
790 2846 1115 2917 Ἐκκλησίας
1166 2847 1236 2898 τὰ
1284 2846 1533 2915 δόγματα
1575 2842 1947 2915 διαφθείρεινς

800 2942 1255 2997 ΑΝΤΙΡΡΗΣΙΣ.

320 3031 453 3086 AA'.
485 3034 548 3087 Oi
580 3034 682 3104 τῆς
720 3032 940 3104 Ῥώμης
964 3035 1244 3109 αρχιερεῖς
1297 3037 1576 3107 Ζαχαρίας
1620 3054 1676 3090 τε
1721 3040 1816 3092 καὶ

2484 2943 2933 3025 aerumna.

1994 3029 2190 3087 XXXI.
2232 3031 2462 3091 Romani
2516 3040 2801 3108 pontiﬁces
2835 3035 3130 3096 Zacharias
3169 3048 3223 3095 et
3280 3040 3488 3110 Grego-

244 3125 553 3197 Γρηγόριος
571 3127 802 3180 τοιοῦτοι
828 3127 1269 3199 μαρτυρούμενοι
1291 3134 1441 3200 παρὰ
1473 3131 1587 3195 σοῦ,
1607 3126 1818 3202 οἷοίπερ

1926 3124 2061 3188 rius,
2091 3141 2230 3195 quos
2259 3128 2395 3183 tales
2425 3128 2592 3184 fuisse
2624 3130 2867 3194 testaris,
2889 3132 3079 3198 quales
3124 3144 3184 3184 re
3215 3130 3331 3200 ipsa
3373 3132 3491 3185 l’ue-

245 3220 346 3270 καὶ
379 3218 595 3287 ἀληθῶς
644 3214 806 3288 ἦσαν,
869 3219 899 3270 6
937 3218 1034 3287 μὲν
1069 3220 1316 3272 Λατινίδι
1378 3224 1553 3291 φωνῇ,
1590 3221 1618 3273 6
1649 3223 1704 3273 δὲ
1752 3221 1818 3274 δι’

247 3311 645 3382 ἐλκηνιζούσης
700 3312 1000 3382 ἑρμηνείας
1054 3309 1115 3363 τὸ
1170 3310 1531 3379 Παράκλητον
1593 3312 1821 3381 Πνεῦμα

1925 3229 2074 3288 runt,
2102 3220 2236 3275 alter
2258 3221 2475 3290 quidem
2506 3220 2698 3277 Latina
2727 3222 2936 3290 lingua,
2986 3223 3122 3277 alter
3152 3238 3277 3278 vero
3303 3221 3491 3278 Graeca

1922 3314 2413 3381 interpretatione,
2486 3313 2751 3383 Spiritum
2817 3314 3148 3369 Paraclitum
3204 3329 3271 3368 ex
3336 3311 3492 3369 Patre

247 3403 350 3456 τοῦ
378 3404 590 3472 Πατρὸς
620 3402 986 3473 προὲρχεσθαι
1033 3396 1186 3455 εἷπον
1218 3402 1312 3453 καὶ
1370 3403 1427 3454 ἐν
1459 3400 1535 3472 τῷ
1566 3401 1678 3473 Υίῷ
1708 3402 1818 3457 δια-

1926 3407 2173 3475 prOgredi
2206 3417 2261 3461 et
2297 3408 2349 3461 in
2386 3404 2530 3461 Filio
2567 3422 2785 3461 manere
2810 3415 3188 3486 asseruerunt,
3215 3416 3268 3461 et
3297 3406 3490 3461 exinde

251 3492 467 3560 μένειν·
504 3490 803 3545 κάντεῦθεν
830 3490 1102 3570 ἀριδήλως
1122 3491 1587 3560 διαγιγνώσκεται
1628 3494 1688 3546 τὸ
1725 3496 1820 3548 τοῦ

246 3582 621 3651 προέρχεσθαι
650 3584 744 3636 καὶ
778 3582 1171 3654 ἐκπορεύεσθαι
1204 3581 1545 3652 ίσοδύναμον,
1582 3585 1678 3638 καὶ
1711 3586 1820 3638 τῶν

244 3675 382 3744 παρ’
417 3676 552 3744 ἡμῖν
580 3674 844 3743 θεολόγων
876 3677 942 3729 ἐκ
966 3676 1179 3747 Πατρδς
1217 3677 1315 3730 καὶ
1340 3676 1469 3729 Υίοῦ
1501 3678 1562 3729 τὸ
1596 3676 1821 3745 Πνεῦμα

247 3768 652 3836 θεολογούντων
683 3769 1105 3841 προέρχεσθαι,
1132 3772 1215 3835 τίς
1241 3772 1426 3834 ἱκανὸς
1461 3772 1542 3824 ἔτι
1564 3771 1820 3825 ἀσέϐειαν

249 3858 510 3926 ἐγκαλεῖν
539 3862 649 3923 τοῖς
680 3862 745 3914 ἐκ
792 3862 1003 3932 Πατρὸς
1059 3863 1155 3917 καὶ
1196 3862 1328 3916 Υίοῦ
1367 3864 1617 3931 λέγουσιν
1644 3864 1822 3917 ἐκπο·

246 3954 575 4019 ρεύεσθαι;
602 3955 764 4025 Καὶή
796 3956 949 4026 φωνὴ
981 3956 1059 4023 δὲ,
1083 3956 1151 4026 ἢν
1179 3958 1238 4009 ὲν
1266 3956 1343 4026 τῷ
1372 3957 1464 4010 τοῦ
1504 3956 1753 4027 Σωτῆρος
1791 3958 1821 4010 6

252 4043 572 4116 Πρόδρομος
611 4045 792 4115 ἀφῆκε
837 4047 1197 4117 βαπτίσματι,
1255 4045 1459 4113 Εἶδον,
1514 4047 1704 4116 εἰπὼν,
1756 4048 1819 4105 τὸ

253 4141 504 4209 Πνεῦμα
535 4141 900 4197 καταϐαῖνον
929 4143 1072 4197 ὡσεὶ
1111 4145 1472 4212 περιστερὰν
1510 4145 1609 4199 καὶ
1632 4145 1821 4214 μένον

251 4228 348 4282 ἐπ’
379 4230 590 4297 αὐτὸν,
623 4231 820 4303 πολλὴν
852 4234 953 4304 τὴν
978 4236 1305 4307 συνηγορίαν
1336 4236 1426 4288 διὰ
1450 4235 1544 4289 τοῦ
1578 4237 1820 4305 μεγάλου

261 4320 591 4375 ’Δθανασίου
628 4324 740 4385 τοῖς
801 4322 1095 4393 Ῥωμαίοις
1147 4326 1425 4394 είσφέρεν
1461 4324 1536 4387 ὡς
1572 4326 1682 4394 γὰρ
1731 4326 1821 4376 ὲν-

251 4412 430 4466 ταῦθα
461 4416 525 4467 σὺ
552 4415 613 4466 τὸ
647 4417 711 4468 ὲκ
733 4415 826 4470 τοῦ
857 4416 1065 4488 Πατρδς
1109 4418 1463 4473 καταϐαίνειν
1503 4417 1564 4471 τὸ
1599 4417 1821 4487 Πνεῦμα

250 4508 330 4568 εἰς
351 4505 632 4571 ἀπόδειξιν
648 4507 943 4577 λαμϐάνεις
962 4508 1055 4561 τοῦ
1073 4512 1136 4562 ὲκ
1157 4510 1251 4562 τοῦ
1272 4509 1483 4581 Πατρὸς
1504 4506 1643 4563 εἶναι
1665 4509 1818 4575 αὐτὸ,

1928 4512 1981 4557 ct
2013 4503 2266 4570 Romani,
2298 4503 2344 4558 si
2379 4503 2556 4573 magni
2577 4496 2859 4558 Athanasii
2889 4500 3315 4557 commentarios
3331 4502 3484 4556 evol-
3591 4494 3602 4504 ’

249 4597 394 4652 οὕτω
429 4600 527 4651 καὶ
566 4600 825 4669 Ῥωμαῖοι
884 4601 962 4671 τῷ
1008 4601 1231 4671 μεγάλῳ
1276 4601 1581 4672 Ἀθανασίῳ
1625 4602 1821 4669 ἐντυγ-

247 4693 509 4763 χᾶνοντες
559 4692 767 4758 λέγοντι
819 4694 950 4763 περὶ
995 4693 1088 4747 τοῦ
1129 4694 1260 4747 Υίοῦ
1287 4705 1301 4725 ⁸
1346 4695 1449 4757 Ἐξ
1489 4693 1676 4748 αὑτοῦ
1704 4691 1821 4749 οὖν

246 4784 337 4848 είς
370 4783 566 4836 αὐτὸν
590 4785 816 4853 κατῄει,
847 4784 917 4838 ἐκ
941 4783 1052 4852 τῆς
1079 4788 1359 4852 θεότητος
1385 4786 1570 4840 αὑτοῦ
1595 4789 1682 4852 είς
1706 4786 1823 4855 τὴν

244 4873 683 4942 ἀνθρωπότητα
710 4874 899 4928 αὐτοῦ
930 4876 1030 4945 (1),
1057 4880 1138 4939 εὶς
1168 4875 1444 4941 ἀπόδειξιν
1492 4876 1649 4930 τοῦτο
1678 4878 1821 4947 λαμ-

246 4964 479 5017 ϐάνουσι
505 4963 601 5017 τοῦ
636 4968 730 5019 καὶ
767 4968 832 5020 ἐκ
863 4968 957 5019 τοῦ
985 4967 1113 5020 Υἰοῦ
1148 4964 1291 5021 εἶναι
1324 4969 1477 5024 αὑτό.

848 5058 1228 5116 ΚΕΙΜΕΝΟΝ.

321 5155 450 5214 πς’.
486 5150 632 5222 Πλὴν
658 5146 812 5216 αὖθις
844 5152 871 5204 6
892 5152 1099 5216 κλεινὸς
1116 5154 1389 5224 Ζαχαρίας
1406 5155 1500 5207 καὶ
1524 5156 1820 5228 Γρηγόριος

254 5244 481 5312 παρίτω
510 5258 525 5273 ο
566 5242 667 5311 τῆς
723 5243 821 5313 σῆς
860 5242 1019 5308 δόξης
1070 5245 1197 5306 τοὺς
1246 5246 1504 5315 ἐλέγχους
1556 5250 1672 5300 ὲστί
1731 5267 1820 5319 μοι

257 5333 731 5405 συνεργαζόμενος
756 5352 770 5368 ο
794 5338 823 5390 6
852 5340 959 5408 γὰρ
984 5340 1046 5390 ἐκ
1077 5338 1185 5390 τῶν
1223 5341 1443 5392 οἰκείων
1476 5341 1694 5411 ἔλεγχος
1725 5345 1820 5396 xui.

247 5430 365 5492 τοῖς
407 5428 813 5492 ἀναιδεστάτοις
861 5429 1310 5500 αἰδεσιμώτερος.
1370 5438 1491 5495 σις’.
1537 5433 1599 5485 Εί
1641 5433 1821 5487 τοίνυν

250 5519 536 5590 Ζαχαρίας
588 5520 685 5573 καὶ
710 5520 1014 5592 Γρηγόριος
1043 5523 1319 5587 τοσούτοις
1369 5522 1547 5577 ἐτεσιν
1578 5524 1821 5596 ἀλλήλων

251 5610 605 5683 διεστηκότες
632 5612 732 5665 οὐκ
762 5612 923 5689 ἔσχον
970 5615 1068 5677 τὰς
1116 5613 1341 5684 γνώμας
1393 5616 1523 5685 περὶ
1576 5616 1673 5685 τῆς
1726 5615 1819 5670 τοῦ

253 5705 531 5771 παναγίου
559 5705 878 5759 Πνεύαατοί·
912 5706 1297 5776 ἐκπορεύσεως
1324 5707 1696 5777 διισταμένας,
1730 5708 1825 5778 δη-

1918 3496 2197 3553 evidenter
2225 3499 2576 3568 cognoscitur
2607 3499 2770 3553 verba
2811 3497 3183 3568 progrediendi
3219 3505 3274 3553 et
3306 3513 3491 3565 prore.

1919 3586 2079 3641 dendi
2134 3590 2519 3660 requipollere,
2580 3604 2817 3660 cumque
2868 3589 3105 3659 theologi
3162 3588 3341 3645 nostri
3395 3592 3491 3645 do-

1920 3690 2080 3735 ceant
2129 3697 2192 3736 es
2240 3682 2402 3737 Patre
2453 3691 2506 3737 et
2561 3681 2701 3737 Filio
2760 3681 3007 3752 progredi
3048 3681 3333 3751 Spiritum,
3365 3682 3490 3751 quis

1921 3775 2101 3829 adhuc
2137 3774 2204 3831 iis
2234 3775 2326 3844 qui
2359 3790 2425 3830 ex
2473 3775 2632 3830 Patre
2665 3776 2908 3844 Filioque
2936 3775 3286 3830 eumedicunt
3310 3791 3492 3843 prore-,-
3603 3809 3607 3813 -

1920 3865 2043 3919 dere
2090 3866 2420 3934 impietatem
2470 3867 2800 3936 exprobrare
2860 3866 3105 3921 valebit?
3141 3864 3207 3919 Et
3238 3881 3339 3921 vox
3374 3866 3488 3930 illa,

1922 3974 2086 4028 quam
2124 3958 2176 4011 in
2228 3956 2526 4012 Salvatoris
2578 3957 2902 4027 baptismate
2931 3962 3239 4013 Praecursor
3282 3958 3488 4020 emisit,

1924 4063 2048 4105 Cum
2074 4048 2279 4104 diceret
2314 4065 2327 4102 :
2370 4047 2489 4103 Vidi
2524 4047 2780 4119 Spiritum
2813 4049 3202 4104 descendentem
3235 4060 3489 4119 tanquam

1922 4140 2221 4194 columbam
2259 4149 2309 4194 et
2344 4150 2639 4195 manentem
2668 4157 2825 4211 super
2868 4142 3060 4210 ipsum,
3088 4141 3239 4195 valde
3284 4140 3487 4196 Roma-

1923 4246 2119 4286 norum
2150 4246 2329 4287 causa:
2385 4234 2527 4287 lavet
2585 4233 2855 4288 mediante
2916 4247 3113 4302 magno
3161 4233 3485 4287 Athanasio.

1922 4321 2059 4375 Nam
2099 4322 2261 4377 sicuti
2294 4329 2347 4374 tu
2383 4336 2526 4375 nunc
2552 4321 2959 4375 descensionem
2992 4319 3229 4388 Spiritus
3258 4334 3287 4372 a
3330 4318 3490 4374 Patre

1926 4411 1978 4465 in
2011 4421 2389 4482 argumentum
2420 4411 2620 4477 sumis,
2665 4411 2812 4480 quod
2852 4411 2969 4480 ipse
2990 4426 3055 4464 ex
3085 4409 3247 4463 Patre
3286 4410 3380 4474 sit,
3413 4410 3485 4463 ita

1924 4606 2059 4650 vunt
2105 4596 2288 4665 ibique
2331 4595 2397 4650 de
2451 4594 2588 4650 Filio
2637 4596 2838 4650 dictum
2873 4594 3161 4649 inveniunt
3198 4593 3322 4648 :Ex
3369 4600 3485 4667 ipso

1922 4690 2086 4758 igitur
2111 4689 2167 4741 in
2206 4688 2380 4758 ipsum
2423 4688 2787 4754 descendebat,
2818 4703 2882 4741 ea:
2908 4687 3190 4744 divinitate
3218 4688 3382 4758 ipsius
3432 4694 3488 4741 in

1922 4784 2086 4852 ipsius
2124 4783 2529 4849 humanitatem,
2587 4783 2691 4836 hoc
2736 4785 2803 4837 ad
2852 4781 3338 4837 demonstrandum
3391 4796 3492 4836 su-

1928 4888 2106 4947 munt,
2146 4879 2310 4934 etiam
2345 4894 2410 4932 ex
2446 4875 2581 4931 Filio
2609 4890 2732 4932 esse
2761 4874 3048 4947 Spiritum.

2557 5065 2859 5121 TEXTUS.

1999 5132 2089 5211 86..
2117 5155 2382 5210 Cancrum
2417 5156 2677 5226 prodeant
2711 5171 2903 5211 rursus
2930 5155 3164 5226 inclytus
3197 5154 3492 5211 Zacharias

1929 5256 2093 5318 atque
2139 5248 2457 5317 Gregorius,
2515 5264 2727 5303 mecum
2766 5248 2942 5303 adhuc
3000 5248 3309 5318 opinionem
3341 5260 3490 5302 tuam

1931 5339 2264 5395 conlutaturi
2301 5340 2622 5412 (conlutatio
2653 5341 2798 5395 enim
2826 5356 2856 5395 e
2894 5339 3215 5395 domesticis
3244 5337 3491 5407 proiecta

1929 5432 2092 5485 etiam
2124 5432 2616 5500 impudentissimis
2652 5432 2914 5499 pudorem
2947 5432 3138 5499 creat).
3162 5428 3251 5484 86.
3277 5429 3331 5484 Si
3360 5444 3490 5499 ergo

1932 5522 2228 5577 Zacharias
2277 5532 2331 5577 ct
2383 5524 2677 5592 Gregorius
2735 5533 2811 5578 tot
2866 5537 3133 5576 annorum
3191 5521 3368 5590 spatio
3422 5521 3495 5577 ab

1933 5616 2164 5669 invicem
2219 5612 2485 5669 distantes
2547 5630 2651 5668 nou
2711 5615 3021 5667 habuerunt
3073 5612 3371 5666 sententias
3423 5611 3498 5667 do

1932 5706 2265 5763 sanctissimi
2323 5708 2558 5778 Spiritus
2604 5706 2950 5776 processioue
2981 5705 3223 5769 dissitas,
3257 5711 3407 5760 certe
3434 5712 3494 5761 et

328 5860 407 5931 (Ι)
474 5858 669 5911 Athan.
704 5858 1008 5912 Deint-aru.
1044 5858 1255 5912 Citatnr
1297 5860 1447 5915 lorus
1505 5859 1808 5931 frequenter

1926 5863 2089 5919 i'ecco
2124 5864 2187 5920 ϐ.
2223 5862 2287 5919 Ο.
2315 5865 2350 5917 l.
2374 5864 2632 5920 οδε-529.
2678 5864 2717 5917 ιι
2755 5863 3015 5918 33t-5-27.

579 5957 842 6017 i‘mttot.
886 5955 998 6015 Gtt.
1041 5955 1251 6015 CXLI.

2960 5961 3026 6023 1:7
