3944 6584
456 459 571 527 ’817

1516 448 1726 512 JOAN.
1769 441 1979 511 VECCI
2024 442 2115 506 CP
2177 439 2684 510 ΡΑΤΠΙᾹΠΟΗιΕ

3604 438 3697 504 848

466 576 596 636 bolo
623 576 829 646 absque
861 573 1231 631 additamento
1258 569 1487 627 recitato
1522 567 1848 631 sensissem,
1868 564 2049 634 ipsum

2158 562 2293 617 αὐτό
2306 580 2374 625 τε
2408 563 2467 617 τὸ
2491 563 2611 633 δίχα
2639 561 2741 631 τῆς
2776 557 3095 631 προσθήκης
3136 554 3493 627 κατήρτησαν
3520 551 3581 606 ἂν
3600 555 3686 605 καὶ

473 669 576 724 hoc
624 667 933 738 symbolum
991 665 1198 735 absque
1256 662 1627 718 additamenta
1688 657 2046 714 sustulissent

470 770 634 830 atque
689 759 744 813 in
797 757 1215 825 Evangeliorum
1282 768 1505 825 quoque
1570 750 1761 806 codice
1809 748 2047 819 adjicere

473 851 606 905 illud
635 847 881 915 Filioque
915 848 1139 902 minime
1163 845 1529 901 dubitassem.
1576 840 1733 897 Nunc
1758 854 1887 895 vero
1913 854 2048 909 quo-

472 944 617 997 niam
651 957 681 996 a
711 940 890 995 Leone
914 950 968 996 et
989 938 1247 1009 deinceps
1288 953 1317 992 a
1341 937 1588 992 Romana
1614 933 1856 990 Ecclesia
1906 930 2047 986 nihil

474 1035 694 1092 diﬂ‘crrc
742 1033 1019 1099 censebat.
1063 1031 1226 1087 modo
1269 1045 1335 1085 ex
1360 1028 1521 1084 Patre
1566 1026 1750 1082 dicere
1783 1023 2046 1094 Spiritum

475 1134 727 1183 sanctum
762 1132 822 1180 et
852 1124 972 1194 ejus
1000 1121 1331 1193 principium
1361 1119 1611 1191 principii
1642 1129 1838 1188 expers
1873 1113 2047 1185 signi-

474 1217 658 1281 lieare,
681 1216 846 1271 modo
867 1228 1000 1270 vero
1032 1230 1093 1269 ex
1135 1212 1297 1268 Patre
1346 1227 1443 1280 per
1475 1209 1671 1265 Filium
1707 1217 1761 1264 et
1790 1220 2049 1278 progres-

474 1309 643 1364 sionis
668 1307 1044 1364 diversitatem
1074 1305 1402 1376 exprimere,
1432 1300 1780 1357 manifestum
1800 1307 1902 1365 est,
1925 1312 2046 1352 eam

473 1400 704 1454 recitare
738 1397 870 1453 illud
908 1394 1068 1451 modo
1099 1393 1264 1451 simul
1294 1408 1419 1449 cum
1457 1390 1622 1448 Patre
1654 1388 2048 1459 intelligentem

473 1492 697 1555 Filium,
744 1480 995 1545 licei‘hic
1026 1501 1136 1543 non
1180 1486 1254 1543 sit
1291 1484 1456 1541 simul
1491 1482 1830 1546 enuntiatus,
1886 1478 2049 1534 modo

472 1584 642 1642 simul
665 1597 791 1638 eum
820 1581 981 1636 Patre
1010 1578 1176 1635 simul
1197 1576 1574 1633 enuntiantem
1607 1572 1830 1637 Filium,
1863 1579 2050 1641 utpote

470 1675 639 1729 etiam
694 1671 861 1729 simul
909 1668 1265 1725 intellectum.
1297 1665 1414 1721 Hoc
1454 1679 1692 1736 namque
1754 1662 2050 1718 manifeste

470 1776 613 1830 erat,
631 1763 776 1835 quod
797 1759 1035 1817 Leonem
1059 1759 1289 1831 ejusque
1302 1772 1679 1816 successorem
1694 1755 2047 1811 Benedictum

471 1855 662 1921 movit,
715 1863 776 1909 ut
825 1850 1131 1923 symbolum
1180 1848 1378 1905 Graece
1441 1846 1659 1904 recitari
1705 1861 1735 1901 a
1786 1843 2050 1900 Romanis

2150 654 2258 707 οὐδ’
2291 656 2349 707 ὲν
2380 655 2445 725 τῇ
2495 652 2829 723 εὐαγγελικῇ
2869 650 2936 704 ἂν
2970 648 3291 720 προσθεῖναι
3337 645 3516 713 πυξίδι
3553 644 3690 698 ἀπώ-

2150 762 2357 815 κνησαν
2387 745 2482 798 καὶ
2510 746 2569 798 τὸ
2596 744 2664 798 ἐκ
2693 743 2803 798 τοῦ
2829 741 2985 796 Υιοῦ.
3007 740 3123 796 Νῦν
3148 740 3193 793 δ’
3210 742 3293 795 ὅτι
3320 738 3427 791 ἀπὸ
3446 738 3536 791 τοῦ
3552 737 3695 789 Λέον-

2148 854 2241 900 τος
2257 837 2355 891 καὶ
2381 836 2579 907 ἐφεξῆς
2611 834 2763 888 οὐδὲν
2793 833 3053 903 διαφέρον
3080 833 3113 903 ἡ
3153 829 3447 899 Ῥωμαῖκὴ
3484 829 3692 899 Ἐκῖιληο

2153 928 2243 980 σία
2275 928 2491 1000 ἡγεῖται
2522 926 2581 979 τὸ
2612 924 2707 980 νῦν
2731 925 2831 995 μὲν
2864 926 2929 977 ὲκ
2959 923 3171 995 Πατρὸς
3206 922 3268 975 τὸ
3295 920 3517 989 Πνεῦμα
3544 923 3693 973 εἰπεῖν

2151 1020 2243 1074 καὶ
2268 1020 2371 1091 τὴν
2409 1020 2646 1089 ἀναρχον
2685 1018 2850 1072 αὑτοῦ
2887 1016 3069 1071 αἰτίαν
3126 1015 3392 1088 δηλῶσαι,
3437 1012 3530 1066 νῦν
3566 1013 3614 1067 δὲ
3641 1015 3692 1068 lx

2151 1114 2365 1185 Πατρὸς
2392 1111 2461 1166 δι’
2488 1112 2620 1165 Υίοῦ
2647 1113 2743 1166 καὶ
2767 1111 2829 1164 τὸ
2864 1111 2962 1180 τῆς
2993 1109 3223 1180 προόδου
3249 1107 3488 1179 δηλῶσαι
3534 1106 3693 1175 διάφοο

2168 1221 2282 1275 ρον,
2313 1203 2581 1276 πρόδηλόν
2608 1205 2723 1258 ἐστι
2758 1202 2820 1257 τὸ
2852 1202 2949 1272 μὲν
2978 1200 3380 1270 ἀναγινώσκειν
3404 1198 3564 1271 αὐτὴν
3588 1216 3691 1252 συν·

2154 1297 2483 1352 επινοοῦσαν
2540 1297 2621 1368 τῷ
2649 1296 2827 1367 Πατρὶ
2853 1296 2946 1350 τὸν
2972 1295 3103 1349 Υἱδν
3147 1293 3223 1365 μὴ
3266 1293 3692 1362 συνεκφωνούμι-

2150 1406 2262 1454 νον,
2288 1388 2350 1442 τὸ
2395 1389 2453 1442 δὲ
2488 1387 2946 1457 συνεκφωνοῦσαν
2986 1386 3066 1458 τῷ
3112 1385 3295 1456 Πατρὶ
3326 1384 3419 1437 τὸν
3464 1383 3590 1438 Υίδν
3614 1384 3692 1438 ἁτε

2151 1483 2248 1536 καὶ
2279 1480 2766 1552 συνεπινοούμενον
2789 1496 2805 1513 ο
2852 1478 3015 1534 τοῦτο
3046 1479 3157 1549 γάρ
3194 1479 3310 1543 ἔστι
3355 1476 3692 1547 προσανιῖκβ

2151 1577 2250 1630 καὶ
2279 1576 2487 1629 Λέοντα
2513 1577 2610 1629 καὶ
2664 1574 2980 1628 Βενέδικτον
3002 1572 3095 1627 τὸν
3121 1571 3332 1626 ἐκείνου
3358 1569 3589 1639 διάδοχον
3611 1569 3694 1622 πέ-

2153 1685 2337 1736 πεικε,
2406 1668 2499 1721 καὶ
2533 1665 2656 1721 καθ’
2700 1664 2991 1736 Ἑλληνίδα
3030 1662 3393 1736 παραδιδόναι
3425 1663 3535 1725 τοῖς
3584 1660 3696 1713 Ῥω-

2158 1763 2340 1830 μαίοις
2367 1759 2766 1830 ἀναγινώσκειν
2793 1759 2857 1811 τὸ
2886 1757 3157 1826 σύμϐολον
3178 1755 3274 1810 καὶ
3303 1756 3366 1808 τὸ
3398 1754 3534 1807 κατὰ
3554 1753 3696 1805 Λατι-

2155 1855 2273 1908 νίδα
2302 1855 2378 1925 μὴ
2404 1856 2702 1927 καταργεῖν
2719 1853 2818 1923 (1).
2847 1851 3054 1916 Ψεῦδος
3076 1851 3186 1921 γάρ
3206 1850 3321 1903 εστι
3348 1847 3409 1901 τὸ
3430 1847 3581 1902 ἄλλον
3598 1848 3698 1900 me

471 1946 791 2017 praeciperet
848 1951 902 1997 et
957 1952 1135 1996 tamen
1178 1938 1435 1994 Latinum
1490 1936 1799 2008 symbolum
1852 1950 1957 1990 non
2013 1950 2043 1990 c

2156 1948 2272 2018 μετ’
2301 1947 2542 2011 ἐκείνους
2570 1946 2833 2018 ἀρχιερέα
2855 1945 2917 1998 τὸ
2940 1945 3105 2015 ῥηθὲν
3128 1943 3285 1997 τοῦτο
3311 1939 3698 1995 οεοτεϐἑστατον

474 2039 656 2095 medio
683 2037 917 2093 tolleret.
951 2032 1293 2090 Mendacium
1339 2031 1485 2087 enim
1524 2040 1632 2098 est,
1655 2029 1821 2085 alium
1853 2044 2051 2101 quem—

470 2131 616 2204 piam
647 2139 775 2201 post
817 2128 953 2185 istos
994 2125 1310 2197 pontiﬁcem
1340 2122 1661 2194 praedictum
1699 2121 1804 2177 lioc
1838 2120 2050 2190 religio-

471 2225 754 2280 sissimum
800 2230 856 2277 et
889 2218 1245 2276 utilissimum
1288 2232 1427 2288 crus
1460 2214 1836 2271 Eeelesiarum
1896 2227 2045 2269 rese-

369 2351 389 2367 -
468 2318 649 2375 cuisse
693 2325 748 2370 et
775 2312 1130 2369 destruxisse.
1167 2308 1323 2379 Viget
1352 2309 1496 2363 enim
1532 2307 1840 2376 hucusque,
1886 2314 2050 2375 atque

471 2408 685 2465 tabellae
736 2405 865 2470 illae,
901 2419 1024 2475 quae
1065 2403 1121 2457 in
1160 2400 1508 2471 repositoriis
1547 2407 1863 2454 sanctorum
1904 2397 2049 2452 Petri

472 2511 527 2556 et
555 2498 707 2553 Pauli
741 2495 995 2568 reposita:
1042 2503 1295 2550 erantex
1338 2505 1447 2546 aere
1487 2488 1675 2555 lactat,
1732 2489 1787 2543 in
1846 2489 2049 2559 quibus

471 2608 691 2652 sacrum
750 2589 873 2646 ﬁdei
921 2585 1229 2660 symbolum
1258 2584 1446 2639 Graeca
1484 2582 1667 2653 lingua
1721 2582 2047 2651 inscriptum

472 2700 592 2746 erat
621 2698 786 2758 atque
814 2684 1084 2749 Romana,
1112 2682 1183 2736 ibi
1215 2680 1460 2735 locorum
1499 2686 1648 2741 sunt,
1687 2676 1781 2732 ubi
1811 2690 1906 2732 eas
1939 2674 2049 2730 Leo

473 2783 619 2852 Papa
644 2777 953 2840 collocarit,
987 2784 1043 2831 et
1080 2772 1387 2844 symbolum
1419 2770 1720 2825 secundum
1761 2780 2050 2840 utramque

474 2875 791 2937 disiectum,
821 2871 966 2926 sicut
996 2867 1157 2922 nobis
1189 2866 1225 2920 ii
1250 2864 1344 2935 qui
1395 2864 1450 2918 in
1484 2862 1606 2918 loco
1637 2863 1688 2916 id
1716 2862 2046 2928 didicerunt,

477 2972 889 3034 asseverarunt,
932 2963 1137 3033 ubique
1173 2959 1315 3030 apud
1346 2958 1628 3014 Romanos
1664 2956 1925 3012 recitatur
1947 2956 2045 3025 (a).

1092 3049 1392 3108 TEXTUS.

542 3153 636 3210 89.
681 3152 863 3221 Atque
904 3150 977 3205 ita
1026 3147 1080 3203 lii
1134 3144 1354 3215 pictatis
1402 3142 1710 3215 fulgoribus
1739 3142 2050 3199 emicabant

2152 2040 2248 2093 καὶ
2270 2038 2701 2111 ὠφελιμώτατον
2722 2038 2884 2111 ἔργον
2908 2038 3019 2091 τῶν
3052 2035 3395 2107 Ἐκκλησιῶν
3419 2031 3698 2104 περικεῖραί

2151 2149 2211 2185 τε
2238 2135 2331 2185 καὶ
2368 2130 2714 2203 λυμήνασθαι
2742 2148 2757 2162 ·
2795 2132 2993 2201 κρατεῖ
3019 2129 3129 2199 γὰρ
3173 2130 3254 2191 εἰς
3309 2125 3504 2197 δεῦρο·
3533 2124 3621 2178 καὶ
3652 2124 3696 2177 αἱ

2151 2221 2767 2294 ἀποτεθησαυρισμέναι
2802 2224 2859 2276 ἑν
2880 2225 2994 2285 τοῖς
3021 2220 3231 2291 Πέτρου
3262 2219 3360 2273 καὶ
3390 2217 3594 2272 Παύλου
3619 2217 3696 2286 θη-

2153 2316 2613 2387 σαυροφυλακίοις
2661 2315 2758 2368 καὶ
2798 2312 3004 2385 χαλκοῦ
3052 2310 3424 2382 πεποιημέναι
3480 2307 3694 2371 ἀσπίδες,

2155 2403 2246 2473 αἷς
2278 2412 2337 2460 τὸ
2367 2409 2511 2479 ἱερὸν
2539 2409 2635 2477 τῆς
2670 2408 2912 2469 πίστεως
2959 2403 3232 2475 σύμϐολον
3266 2400 3579 2474 Ἑλληνιστὶ
3622 2401 3698 2467 ἔγ·

2151 2503 2468 2574 γέγραπται
2511 2501 2607 2554 καὶ
2643 2499 2965 2568 Ῥωμαϊστὶ,
3023 2497 3144 2550 ἐκεῖ
3185 2494 3295 2549 τῶν
3329 2495 3508 2547 τύπων
3560 2493 3695 2556 εῖσὶν,

2150 2592 2286 2645 ὅπου
2321 2590 2525 2652 ταύτας
2559 2592 2589 2642 6
2627 2591 2863 2650 πάππας
2896 2588 3049 2641 Λέων
3074 2585 3340 2652 ἁπέταξε,
3373 2585 3467 2637 καὶ
3501 2584 3557 2637 τὺ
3578 2582 3693 2650 σύμ-

2153 2684 2308 2739 ϐολον
2339 2683 2460 2737 καθ’
2494 2683 2768 2752 ἑκατέραν
2815 2681 3122 2746 διάλεκτον,
3153 2679 3230 2743 ὡς
3259 2683 3308 2733 οἱ
3354 2677 3495 2733 κατά
3525 2675 3695 2738 τόπους

2156 2777 2419 2847 μαθόντες
2475 2777 2609 2847 ἡμῖν
2640 2774 3231 2847 πεπληροφορήκασιν,
3269 2767 3578 2841 ἁπανταχοῦ
3604 2767 3695 2823 τῶν

2164 2870 2448 2941 Ῥωμαίων
2467 2867 2919 2938 ἀναγινώσκεται.

2747 3052 3140 3108 KEIMENON.

2224 3147 2336 3203 πθ’.
2377 3149 2520 3203 Ἀλλ’
2566 3148 2712 3203 οὕτω
2778 3149 2879 3218 μὶν
2945 3149 3041 3201 καὶ
3084 3138 3232 3200 οῦτοι
3284 3145 3383 3216 τὴν
3444 3143 3693 3199 εὐσέϐειαν

420 3240 426 3245 ’
476 3255 641 3317 atque
689 3241 954 3313 Spiritum
1010 3252 1040 3292 a
1103 3235 1264 3291 Patre
1317 3233 1614 3305 procedere
1659 3233 2045 3304 praedicabant.

2154 3246 2467 3317 ἧστραπτον
2512 3241 2607 3296 καὶ
2651 3240 2712 3294 τδ
2741 3240 2967 3313 Πνεῦμα
3004 3239 3099 3293 τοῦ
3136 3240 3350 3309 Πατρδς
3406 3235 3690 3306 ὲθεολόγουν

473 3338 626 3396 Meus
646 3330 1119 3409 quoqueJoannes
1153 3330 1330 3399 (meus
1364 3328 1510 3382 cnim
1548 3335 1627 3381 est
1673 3334 1789 3379 tum
1837 3325 1907 3379 ob
1942 3324 2048 3380 alia

471 3439 588 3483 tum
613 3425 742 3496 quia
773 3420 986 3478 cateris
1027 3416 1311 3474 ardentius
1343 3430 1493 3472 meas
1525 3424 1703 3486 partes
1745 3414 2051 3485 sustinuit),

475 3537 632 3577 meus
665 3520 828 3589 igitur
853 3515 1127 3581 Joannes,
1168 3511 1347 3566 virilis
1379 3518 1591 3575 mente,
1630 3508 1805 3564 virilis
1834 3523 2055 3578 quoque

475 3615 694 3686 pietate,
762 3607 935 3664 virilis
980 3607 1199 3660 demum
1248 3602 1304 3657 in
1354 3601 1719 3671 oppugnanda
1763 3616 1828 3654 ac
1872 3599 2057 3670 proﬂi-

476 3705 648 3777 gauda
673 3700 865 3771 quavis
900 3696 1174 3768 injustitia
1200 3690 1261 3748 et
1287 3694 1586 3763 impietate,
1624 3692 1923 3762 valensque
1945 3708 2051 3748 non

474 3796 651 3852 sacris
681 3794 859 3847 solum
882 3832 898 3857 ,
941 3790 1036 3845 sed
1067 3789 1233 3844 etiam
1263 3787 1520 3842 civilibus
1550 3786 1761 3855 legibus
1792 3786 2054 3857 opitulari

478 3891 868 3957 turbatumque
895 3885 1143 3940 ordinem
1169 3882 1494 3947 restituere;
1530 3881 1639 3943 liie,
1661 3881 1902 3951 inquam,
1933 3895 2057 3951 gra-

478 3990 653 4039 tiosus
698 3979 882 4034 Romae
928 3975 1179 4032 Pontifex
1231 3989 1326 4044 per
1352 3988 1484 4029 suos
1515 3973 1961 4043 religiosissimos
2001 3984 2055 4029 et

477 4076 721 4131 illustres
776 4070 983 4140 legatos
1034 4065 1290 4130 Paulum,
1345 4065 1646 4136 Eugenium
1699 4073 1754 4120 et
1808 4063 2051 4132 Petrum,

477 4165 741 4237 praesules
767 4170 821 4216 et
863 4158 1184 4215 sacerdotes
1212 4155 1326 4225 Dei,
1382 4156 1477 4227 qui
1516 4155 1583 4211 ad
1615 4167 1853 4211 nostrain
1879 4171 2055 4228 syno-

480 4258 604 4313 dum
680 4265 1020 4316 convenere,
1110 4247 1566 4320 quemadmodum
1649 4245 1891 4303 Ecclesia
1959 4247 2056 4303 Dei

478 4349 744 4407 catholica
764 4345 996 4416 ejusque
1035 4341 1470 4414 praedecessores
1496 4340 1733 4396 Romani
1764 4337 2056 4396 Pontifices

477 4428 788 4514 symbolum
819 4438 941 4494 lidei
977 4436 1247 4507 recipiens
1275 4443 1531 4490 meutect
1554 4433 1739 4505 lingua
1775 4431 2057 4503 sacrisque

480 4533 733 4588 manibus
761 4531 1148 4603 praedictorum
1176 4527 1674 4583 illustrissimorum
1698 4535 1752 4582 et
1779 4525 2056 4580 admiran-

480 4627 673 4682 dorum
708 4624 995 4679 hominum
1028 4619 1361 4689 subscripsit
1389 4627 1443 4674 et
1478 4619 1812 4689 obsignavit.
1866 4618 1978 4673 lino
2001 4628 2056 4672 et
2088 4608 2131 4665 Β

478 4719 596 4789 ejus
629 4730 922 4772 successor
972 4728 1131 4769 sacer
1189 4713 1461 4767 Adrianus
1504 4710 1815 4781 synodieam
1849 4711 1917 4765 ad
1950 4725 2054 4767 nos

479 4824 629 4866 more
654 4816 834 4864 vetere
862 4808 1085 4863 mittens
1106 4806 1395 4877 epistolam
1421 4806 1668 4860 eamdem
1711 4806 1970 4875 pietatem
1997 4803 2051 4857 in

479 4901 595 4971 ipsa
622 4900 955 4970 praedicabat
998 4910 1047 4953 ct
1079 4896 1344 4968 Spiritum
1380 4912 1410 4951 a
1445 4895 1607 4951 Patre
1637 4898 1932 4966 procedere
1960 4896 2056 4950 do-

480 4993 654 5048 cebat.
706 4991 840 5045 Cum
893 4992 1061 5062 igitur
1122 4992 1296 5045 sancti
1371 4991 1462 5044 isti
1516 4990 1771 5060 beatique
1824 4988 2053 5043 Romani

479 5083 765 5156 pontiﬁces
790 5084 861 5137 ita
887 5086 1016 5137 dum
1062 5084 1306 5137 viverent
1335 5074 1614 5137 senserint
1657 5091 1709 5136 et
1742 5080 2050 5143 docuerint.

389 5216 395 5223 .
477 5184 642 5248 atque
672 5192 701 5231 e
734 5176 912 5247 lragili
954 5175 1056 5231 hac
1091 5176 1156 5229 ad
1184 5175 1549 5231 immortalem
1587 5175 1750 5230 vitam
1787 5175 1839 5228 in
1862 5173 2053 5230 eadem

547 5332 624 5402 (α)
683 5333 764 5406 An
812 5348 938 5388 vera
993 5333 1383 5406 retulerintqui
1412 5332 1584 5389 Veceo
1612 5334 1711 5388 ista
1737 5345 2052 5406 narrarunt,

478 5403 714 5458 dubitari
762 5415 972 5475 potest,
1018 5415 1252 5459 attamen
1284 5403 1347 5459 ea
1376 5418 1485 5458 non
1522 5405 1670 5475 omni
1710 5419 1897 5475 carere
1925 5405 2052 5459 lun-

476 5475 735 5528 damento
763 5472 943 5529 'facile
972 5478 1189 5543 sapiens
1222 5475 1392 5543 lector
1431 5473 1697 5527 admittet.
1733 5472 1807 5527 De
1854 5475 2054 5531 tabulis

476 5544 585 5598 illis
613 5559 710 5598 seu
732 5545 903 5598 scutis
931 5541 1125 5614 praeter
1145 5544 1342 5598 librum
1367 5541 1755 5614 Pontiliealem
1786 5546 1838 5599 in
1874 5544 2057 5601 Leone

477 5613 547 5667 ΙΙΙ
597 5615 654 5684 S.
700 5614 898 5668 Petrus
932 5612 1103 5667 Dum.
1163 5615 1383 5684 ()puse.‘
1421 5612 1639 5678 XXXII,
1662 5630 1710 5684 c.
1734 5613 1789 5683 2,
1816 5616 2055 5670 Δὺαειιιτ-

474 5686 579 5737 dus
609 5683 911 5737 lutroduct.
940 5683 995 5737 in
1030 5682 1225 5738 Tlieuli
1252 5683 1313 5739 L.
1341 5682 1385 5739 ll
1413 5697 1462 5736 c.
1495 5684 1562 5737 14
1585 5692 1637 5739 et
1665 5682 1856 5741 Petrus
1888 5685 2054 5739 Lom-

475 5754 680 5808 bardus
740 5753 801 5806 L.
859 5752 899 5817 Ι,
946 5755 1071 5809 dist.
1107 5753 1166 5805 ll
1200 5793 1216 5820 ,
1272 5754 1602 5807 mentionem
1678 5754 1923 5821 faciunt,
1999 5765 2054 5811 et

477 5824 783 5889 symbolum
837 5828 1061 5892 utraque
1120 5824 1302 5893 lingua
1334 5825 1403 5877 'in
1452 5822 1614 5877 Missa
1652 5827 1877 5880 solemni
1920 5826 2050 5880 uliin

478 5897 768 5952 recitatum
824 5895 1017 5962 fuisse,
1052 5894 1131 5950 uti
1179 5893 1344 5951 liodie
1370 5894 1548 5952 adhuc
1578 5898 1633 5952 in
1674 5896 1835 5953 Missa
1878 5897 2052 5967 papali

2160 3335 2590 3408 ἐκπορεύεσθαι.
2627 3330 2687 3388 '0
2714 3335 2775 3388 δὲ
2797 3334 2929 3404 ὲμδς
2960 3333 3213 3404 Ἰωάννης
3236 3331 3311 3402 (2)
3347 3330 3498 3402 (ἐμὸς
3523 3330 3621 3397 γὰρ
3641 3326 3694 3378 τά

2154 3447 2214 3483 τε
2245 3429 2378 3499 ἄλλα
2402 3429 2498 3482 καὶ
2527 3428 2611 3481 ὅτι
2640 3427 2805 3481 πλέον
2837 3426 2948 3479 τῶν
2970 3426 3147 3480 ἄλλων
3179 3424 3482 3495 ἐξῳκείωτο
3507 3423 3568 3475 τά
3586 3420 3692 3491 ἡμέ-

2154 3522 2313 3594 τερα)
2342 3539 2356 3554 ο
2387 3516 2546 3585 οὗτος
2566 3516 2746 3574 τοίνυν
2766 3520 2794 3573 6
2832 3519 3087 3590 Ἰωάννης
3113 3519 3405 3590 ἡμέτερος,
3435 3519 3462 3569 6
3492 3516 3576 3569 τὸν
3593 3512 3691 3567 νοῦν

2160 3615 2260 3684 μὲν
2294 3615 2561 3686 ἀνδρεῖος,
2600 3611 2846 3682 ἀνδρεῖος
2897 3611 2955 3663 δὲ
2987 3611 3087 3681 τὴν
3130 3609 3433 3675 εὐσέϐειαν,
3469 3607 3692 3678 ἀνδρεῖος

2154 3706 2213 3761 δὲ
2247 3709 2425 3776 μισεῖν
2456 3707 2534 3776 (ὅ)
2596 3706 2692 3758 καὶ
2745 3702 3110 3757 καταϐάλλειν
3155 3701 3375 3755 ἀδικίαν
3412 3701 3581 3753 πᾶσαν
3616 3698 3691 3751 καὶ

2155 3798 2497 3863 δυσσέϐειαν,
2536 3797 2632 3852 καὶ
2665 3797 2765 3867 οὐχ
2796 3798 2961 3867 ίεροῖς
2991 3794 3219 3865 Θεσμοῖς
3252 3794 3434 3865 μόνον,
3465 3792 3590 3846 ἀλλὰ
3613 3792 3687 3843 καὶ

2158 3892 2461 3954 πολιτικοῖς
2488 3891 2755 3960 ιπαρκεῖν
2792 3889 3095 3959 δυνάμενος
3128 3888 3224 3941 καὶ
3275 3890 3337 3941 τὸ
3386 3887 3602 3942 ἄτακτον
3627 3884 3691 3944 εἰς

2156 3982 2312 4049 τάξιν
2364 3982 2769 4052 μεταϐάλλειν⁶’
2829 3978 2985 4043 οὗτος
3024 3983 3053 4034 6
3116 3978 3547 4050 κεχαριτωμένο;
3611 3974 3691 4041 τῆς

2168 4073 2388 4145 Ῥώμης
2436 4073 2735 4146 ἀρχιερεὺς
2788 4074 2879 4126 διὰ
2924 4073 3035 4127 τῶν
3075 4072 3246 4126 αὐτοῦ
3297 4068 3692 4123 εεοσεϐεοτάτων

2157 4166 2254 4220 καὶ⁵
2284 4165 2584 4236 περιδόξων
2632 4164 3025 4238 τοποτηρητῶν
3062 4163 3281 4217 Παύλου
3330 4161 3429 4217 καὶ
3467 4159 3690 4228 namus

2157 4259 2251 4313 καὶ
2288 4259 2494 4329 Πέτρου
2526 4257 2635 4311 τῶν
2657 4257 2965 4328 ἀρχιερέων
2995 4256 3091 4312 καὶ
3140 4257 3330 4328 ίερέων
3381 4254 3514 4310 Θεοῦ
3555 4253 3607 4306 εν
3636 4250 3689 4319 τῇ

2158 4350 2280 4405 καθ’
2298 4351 2446 4420 ἡμᾶς
2471 4349 2679 4421 συνόδῳ
2709 4350 3170 4420 παραγεγονότων
3196 4347 3273 4412 ὡς
3304 4349 3336 4414 ἠ
3358 4344 3603 4414 καθολικὴ
3616 4338 3692 4392 τοῦ

2157 4440 2292 4495 Θεοῦ
2339 4438 2641 4509 Ἐκκλησία
2670 4439 2765 4493 καὶ
2790 4439 2839 4491 οῖ
2876 4438 2985 4509 πρδ
3011 4438 3180 4492 αὑτοῦ
3209 4440 3309 4509 τῆς
3364 4437 3575 4507 Ῥώμης
3615 4436 3694 4503 ἀρα

2158 4532 2365 4601 χιερεῖς
2424 4529 2487 4582 τδ
2537 4530 2636 4600 τῆς
2687 4530 2930 4592 πίστεως
2988 4528 3400 4599 ἀποδεχόμενος
3459 4523 3692 4596 σύμϐολον

2157 4622 2350 4692 γνώμῃ
2391 4622 2485 4674 καὶ
2513 4619 2733 4692 γλώσσῃ
2788 4621 2885 4674 καὶ
2920 4621 3115 4690 χερσὶν
3157 4621 3331 4689 ἱεραῖς
3355 4619 3464 4673 τῶν
3505 4617 3693 4689 εἰρημέο

2158 4734 2265 4770 νων
2293 4716 2787 4784 περιφανεστάτων
2845 4718 2942 4769 καὶ
2978 4715 3303 4785 θαυμασίων
3358 4712 3560 4784 ἀνδρῶν
3585 4712 3692 4763 ὑπέ-

2158 4808 2343 4879 γραψε
2370 4825 2426 4861 τε
2469 4809 2565 4862 καὶ
2626 4805 3235 4878 ὲπεσφραγίεατο.Ναὶ
3283 4806 3348 4877 δὴ
3392 4808 3483 4858 καὶ
3539 4804 3565 4855 6
3597 4800 3691 4870 μετ’

2155 4901 2363 4953 ἐκεῖνον
2391 4898 2537 4969 ἱερὸς
2583 4898 2873 4970 ’Λδριανδς
2895 4897 3182 4969 συνοδικὴν
3225 4898 3360 4967 ἡμῖν
3409 4893 3690 4960 ἐπιστολὴν,

2155 4991 2344 5061 ὥσπερ
2378 4990 2498 5053 ἔθος
2546 4990 2807 5053 παλαιὸν,
2842 4987 3195 5059 ἀναπέμψας,
3228 4989 3329 5057 τὴν
3379 4986 3543 5055 αὐτὴν
3566 4982 3692 5036 eiici-

2155 5082 2309 5137 ϐειαν
2343 5082 2411 5135 δι’
2446 5083 2621 5153 αὐτῆς
2654 5082 2998 5154 ἀνεκήρυττε
3024 5078 3212 5134 καὶκτδ
3241 5078 3466 5149 Πνεῦμα
3493 5075 3576 5130 τοῦ
3601 5075 3690 5127 ιΙα⁴

2154 5175 2283 5247 τρὸς
2313 5175 2584 5245 ἑθεολόγει
2612 5174 3031 5246 ἐκπορεύεσθαι.
3066 5171 3288 5229 Τούτων
3323 5172 3389 5243 δὴ
3418 5170 3524 5224 τῶν
3560 5165 3690 5236 ιερῶν

2156 5333 2503 5405 Evaugelium
2537 5332 2721 5389 Graece
2752 5341 2805 5388 et
2829 5329 3021 5388 Latine
3052 5329 3290 5397 canitur,
3336 5327 3504 5384 multa
3548 5323 3688 5379 docn-

2155 5413 2339 5460 menta
2364 5407 2591 5459 suadere
2620 5412 2869 5475 possunt:

2229 5475 2339 5547 (ι)-
2358 5475 2569 5547 Similia
2620 5462 3031 5547 'habet_Yt_2eeus
3046 5479 3197 5547 erat.
3218 5470 3317 5547 _De_
3350 5485 3444 5547 un.
3476 5462 3623 5547 _Et:_e|_.
3649 5476 3687 5547 οε

2154 5533 2248 5600 4ἳῖ
2278 5533 2397 5616 (Gr.
2427 5546 2571 5599 ortli.
2599 5553 2639 5599 t.
2674 5543 2693 5597 l
2722 5559 2772 5613 p.
2799 5543 2922 5612 173)
2949 5545 3016 5598 ad
3046 5541 3254 5597 Tbcod.
3283 5539 3448 5611 Sugd.
3471 5535 3529 5591 L.
3549 5533 3687 5602 lll,c.

2155 5616 2209 5670 4.
2239 5616 2353 5685 (ui,
2375 5626 2413 5669 ι.
2451 5614 2517 5679 ιι,
2547 5630 2600 5684 p.
2632 5615 2778 5683 ιιυ.)
3052 5684 3073 5685 7
3129 5684 3139 5685 γ
3290 5682 3318 5685 _
3360 5681 3373 5685 _

2239 5630 2338 5685 μυ.
2375 5630 2413 5669 ι.
2451 5630 2517 5679 ιι,
2547 5630 2600 5684 ρ.
2632 5630 2778 5683 nu.)

2228 5687 2304 5757 (Ξ)
2336 5684 2505 5757 Laur.
2536 5685 2617 5739 ὅτι
2640 5685 2740 5739 δὲό
2767 5687 2923 5757 ὲμρμς,
2961 5694 3020 5739 ιιι
3047 5684 3167 5739 Pal.
3197 5692 3251 5737 et
3279 5681 3397 5757 Col,
3464 5751 3485 5757 _
3562 5754 3571 5757 Α

2229 5749 2304 5828 (ὅ)
2332 5756 2519 5828 Laur,,
2570 5766 2638 5828 put
2670 5749 2814 5825 apud
2829 5754 3268 5828 _Veeeum,_deest
3304 5749 3687 5828 ἀνδρεῖοςέθηξξ

2154 5811 2308 5952 vice;
2352 5834 2407 5881 et
2480 5811 2722 5899 legitur;
2786 5824 2889 5897 τὴν
2954 5811 3274 5879 εὐσέϐειανο
3357 5811 3590 5894 πρὸςήδδ
3638 5811 3686 5863 τὸ

2160 5913 2282 5952 uice
2310 5915 2356 5952 ν.

2158 5913 2356 5969 μισειν.
