3944 6568
253 397 354 461 849

1034 390 1463 483 ΒΕΕΗΤΑᾙΟ
1501 389 1868 485 ΡΗΟΤΙΑΝΙ
1908 394 2120 455 LIBRI
2161 395 2258 456 DE
2299 396 2609 458 SPIRITU
2643 397 2697 458 S'.

3391 394 3507 455 850’

254 510 341 563 καὶ
369 507 665 577 μακαρῖων
692 505 993 579 ἀρχιερέων
1036 506 1260 576 Ῥώμης
1288 506 1431 559 οὕτω
1458 507 1545 560 διὰ
1575 507 1692 578 βῐου
1728 507 1821 560 καὶ

1944 509 2271 566 :onl‘essione
2303 509 2644 573 transierint,
2678 521 2946 577 quosnam
2975 515 3209 577 possunt
3241 506 3510 559 haeretica-

253 599 680 671 πεφροντικότων
711 600 804 653 καὶ
830 598 1155 663 διδαξάντων
1182 600 1278 652 καὶ
1325 598 1434 652 ἀπὸ
1468 599 1577 652 τῶν
1620 600 1819 668 ἐπική-

253 710 356 765 ρων
384 690 522 761 πρὸς
555 692 659 762 τὴν
680 690 956 762 ἀκήρατον
981 688 1127 761 ζωὴν
1168 692 1226 744 ἐν
1276 692 1344 760 τῇ
1385 689 1520 760 αὐτῇ
1557 689 1820 761 ὁμολογίᾳ

251 781 670 853 μεταστάντων,
697 781 849 845 τίνας
879 781 947 836 ἂν
974 783 1153 852 σχοῖεν
1180 781 1352 834 εἰπεῖν
1382 780 1433 833 οἱ
1464 782 1565 850 τὴν
1608 781 1818 851 αἱρετι-

249 872 348 941 κὴν
374 872 531 924 νόσον
559 871 914 943 νοσήσαντες,
952 870 1011 938 ἐξ
1037 866 1112 925 ὧν
1140 872 1200 926 τδ
1223 871 1557 943 δηλητήριον
1596 872 1822 942 φάρμα-

1927 602 2240 671 aegritudine
2266 604 2582 658 laborantes
2612 602 2667 656 in
2695 601 2928 656 medium
2956 598 3220 670 proferre,
3249 615 3278 651 a
3301 596 3498 667 quibus
3578 614 3589 676 ς

1926 694 2238 749 lethil’crum
2268 695 2398 750 illud
2426 695 2549 751 talis
2572 692 2866 763 impietatis
2891 705 3156 747 venenum
3190 688 3500 750 hauserint.

1925 786 2056 855 quin
2090 786 2210 842 illos
2243 785 2534 841 confestim
2570 784 2916 840 adversarios
2949 782 3235 852 propalent
3269 783 3360 844 iis,
3404 778 3500 849 qui
3585 772 3588 777 ’

1930 876 2180 946 regiones
2207 876 2572 931 occidentales
2611 885 2758 930 recta
2791 874 2894 929 lide
2924 872 3309 928 illustrarunt?

249 981 338 1016 κον
365 964 464 1035 τῆς
520 964 860 1031 τηλικαύτης
902 965 1161 1030 ἀσεϐείας
1222 965 1457 1032 ἐξέπιον,
1514 967 1607 1020 καὶ
1674 967 1779 1022 οῦκ
1837 968 2037 1025 αὐτίκα
2065 971 2288 1035 τούτους
2348 970 2676 1034 ἀντιπάλους
2707 974 2822 1035 τοῖς
2856 969 3139 1041 ὀρθοδοξία
3166 967 3234 1021 τά
3269 967 3499 1036 ἑσπέρια

250 1055 668 1124 κατατρωτίσασι
702 1056 1130 1128 θριαμϐεύουσιν
1158 1076 1175 1124 ;

314 1146 382 1215 ιζ.
422 1147 593 1201 Ἀλλά
620 1151 731 1219 γὰρ
750 1146 811 1202 οὗ
822 1167 906 1203 πω
929 1149 1028 1218 τὴν
1056 1150 1266 1222 πλάνην
1287 1150 1493 1223 ταύτην
1516 1150 1819 1206 ἀποθέσθαι

254 1238 504 1308 βούλεσθε
528 1254 543 1301 ;
565 1239 708 1308 Ἐγὼ
732 1238 865 1309 γοῦν
893 1240 989 1296 καὶ
1015 1240 1207 1312 ἑτέρας
1234 1241 1369 1312 ὑμῖν
1391 1241 1607 1313 ἐπῳδὰς
1626 1243 1691 1295 ὲκ
1713 1242 1822 1295 τῶν

254 1328 338 1381 τοῦ
369 1327 688 1398 Πνεύματος
719 1328 914 1397 λογίων
942 1329 1239 1401 ἐπᾴσομαι,
1265 1330 1322 1382 εί.
1343 1330 1436 1382 xui.
1460 1331 1558 1400 τῆς
1587 1329 1821 1401 βυούσης

250 1420 469 1483 ἀσπίδος
513 1421 585 1474 τὰ
617 1413 735 1474 ὦτα
794 1420 931 1490 πρὸς
980 1422 1077 1485 τὰς
1130 1421 1239 1474 τῶν
1285 1420 1589 1492 ἐπᾳδόντων
1640 1420 1823 1490 φωνὰς

254 1529 303 1575 π,
326 1507 474 1579 ὁτῆς
509 1508 910 1581 μετανοίαςῌ)
934 1510 1034 1581 τὴν
1092 1510 1324 1581 μίμησιν
1365 1509 1691 1580 μελετήσετε
1724 1510 1830 1583 (2).

255 1600 491 1667 Πνεῦμα
534 1600 691 1655 Θεοῦ
739 1600 960 1670 λέγεται
991 1601 1053 1654 τὸ
1087 1601 1355 1669 πανάγιον
1395 1601 1620 1671 Πνεῦμα
1644 1617 1658 1632 °
1696 1603 1830 1672 emat

254 1691 356 1759 γὰρ
382 1691 415 1743 ὁ
443 1691 643 1762 Σωτήρ
671 1708 687 1724 ο
721 1692 791 1746 Ei
823 1690 891 1745 δὲ
935 1690 1050 1761 ἐγὼ
1083 1692 1154 1746 ἐν
1191 1693 1489 1762 Πνεύματι
1539 1693 1689 1747 Θεοῦ
1731 1692 1831 1747 ἐκ·

256 1783 450 1835 ϐάλλω
479 1780 555 1834 τὰ
582 1782 885 1851 δαιμόνια.
910 1813 977 1823 --
1026 1783 1268 1853 Πνεῦμα
1298 1783 1408 1838 τοῦ
1449 1786 1681 1852 Πατρός
1706 1799 1719 1814 ·
1746 1784 1830 1837 Οὐ

2000 1149 2089 1205 90.
2123 1148 2197 1202 At
2219 1161 2348 1202 vero
2375 1147 2617 1203 nondum
2646 1148 2813 1204 vultis
2854 1161 3095 1201 errorem
3132 1145 3293 1199 istum
3330 1146 3502 1213 depo-

1928 1240 2093 1296 nere?
2123 1239 2235 1310 Ego
2260 1240 2424 1311 igitur
2440 1240 2575 1295 alias
2601 1254 2818 1309 quoque
2842 1238 3183 1293 conlationes
3212 1236 3504 1306 eSpiritus

1930 1331 2104 1388 sancti
2131 1331 2361 1401 eloquiis
2390 1330 2544 1386 vobis
2566 1331 2834 1394 accinam.
2890 1330 3109 1387 tametsi
3140 1345 3237 1385 vos
3274 1331 3395 1384 loco
3419 1343 3504 1384 τοο
3618 1347 3624 1354 ·

1929 1422 2222 1493 sipiscendi
2252 1422 2458 1477 malitis
2494 1422 2736 1492 aspidem
2787 1421 2990 1475 imitari
3052 1436 3213 1477 aures
3249 1436 3379 1477 suas
3434 1421 3502 1476 ad

1929 1530 2092 1571 voces
2127 1514 2520 1569 incantantium
2546 1514 2916 1569 obturantem.
2947 1511 3178 1582 Spiritus
3214 1513 3310 1568 Dei
3365 1512 3504 1569 dici-

1931 1613 2020 1660 tur
2048 1604 2429 1660 sanctissimus
2492 1602 2761 1673 Spiritus;
2793 1603 2924 1656 dicit
2954 1603 3100 1657 enim
3120 1602 3368 1658 Salvator
3396 1621 3408 1656 :
3445 1602 3505 1657 Si

1926 1712 2019 1765 ego
2037 1696 2092 1751 in
2123 1695 2328 1767 Spiritu
2360 1694 2453 1748 Dei
2485 1695 2637 1764 ejicio
2658 1693 2919 1748 diemonia
2940 1711 2973 1759 ;_
2992 1692 3224 1762 Spiritus
3249 1703 3505 1764 prasterea

1932 1785 2133 1841 Patris.
2186 1784 2309 1839 Non
2342 1786 2480 1840 enim
2506 1801 2593 1839 vos
2635 1786 2784 1850 estis,
2810 1785 2899 1854 qui
2952 1784 3249 1854 loquimini,
3282 1800 3501 1839 rursum

256 1872 359 1942 γὰρ
385 1873 561 1941 ὑμεῖς
590 1874 737 1929 ἐστε
781 1877 837 1928 οἱ
879 1876 1241 1953 λαλοῦντες,
1297 1876 1523 1946 πάλινέίι
1565 1874 1700 1945 αὐτὴ
1727 1874 1828 1944 τῆς

1944 1877 2011 1932 ait
2050 1876 2193 1932 idem
2230 1877 2473 1933 veritatis
2508 1875 2651 1942 fons,
2688 1878 2777 1931 sed
2819 1876 3065 1946 Spiritus-
3111 1875 3289 1931 Patris
3327 1879 3506 1939 uestri,

255 1965 508 2034 ἀληθείας
582 1964 759 2036 πηγὴ.
811 1965 974 2020 ἀλλὰ
1024 1965 1094 2020 τὸ
1140 1967 1386 2037 Πνεῦμα
1441 1966 1551 2020 τοῦ
1600 1965 1833 2034 Πατρός

256 2055 417 2125 ὑμῶν
434 2056 498 2110 τὸ
522 2057 765 2112 λαλοῦν
797 2057 1058 2127 ἐι·,ᾑμῖν.
1085 2060 1217 2121 Καὶ,
1239 2057 1484 2128 Πνεῦμα
1514 2057 1621 2112 τοῦ
1643 2056 1793 2112 Θεοῦ
1815 2073 1829 2088 ·

270 2145 494 2210 Ἡσαΐας
555 2146 701 2218 βοᾷ’
750 2146 860 2202 Kal
937 2146 1441 2203 ἐπαναπαύσεται
1494 2146 1589 2202 ἐπ’
1649 2147 1839 2201 αὐτὸν

261 2237 499 2306 Πνεῦμα
527 2237 642 2293 τοῦ
664 2238 834 2294 Θεοῦ.
871 2269 942 2279 --
970 2238 1216 2309 Πνεῦμα
1255 2238 1321 2292 τὸ
1370 2240 1440 2293 ἐκ
1485 2237 1593 2294 τοῦ
1644 2237 1791 2293 Θεοῦ
1817 2252 1833 2268 ⁸

263 2328 468 2391 Παῦλος
488 2328 518 2381 δ
548 2329 936 2400 μεγαλόφωνος
963 2333 1072 2384 τῶν
1093 2330 1270 2403 ὀρθῶν
1298 2331 1587 2402 δογμάτων
1620 2329 1798 2403 κῆρυξ
1815 2346 1830 2362 ⁸

272 2418 467 2486 Ὑμεῖς
489 2419 561 2472 δὲ
592 2422 707 2477 οὐκ
730 2419 973 2476 ἐλάϐετε
1002 2421 1066 2476 τὸ
1120 2422 1368 2493 Πνεῦμα
1423 2423 1533 2478 τοῦ
1578 2425 1835 2492 κόσμου,

266 2509 418 2563 ἀλλὰ
444 2511 510 2564 τὸ
550 2510 799 2580 Πνεῦμα
850 2513 916 2566 τὸ
972 2512 1043 2566 ἐκ
1101 2513 1208 2568 τοῦ
1250 2513 1439 2568 Θεοῦο
1476 2514 1592 2578 καὶ,
1645 2516 1716 2567 Et
1770 2512 1839 2566 δὲ

268 2603 559 2671 Πνεύματι
613 2604 764 2659 Θεοῦ
787 2604 1030 2674 ἄγεσθε,
1086 2607 1197 2660 οὐκ
1248 2605 1392 2661 ἐστὲ
1431 2606 1501 2661 ἐν
1529 2606 1731 2675 σαρκί.
1769 2635 1840 2646 -

270 2694 503 2764 Πνεῦμα
549 2697 804 2765 Κυρίου’
864 2696 1093 2761 Ἡσαΐας
1148 2698 1280 2769 βοᾷ’
1338 2698 1577 2767 πνεῦμα
1617 2698 1838 2766 Κυρίου

270 2784 359 2838 ἐπ’
405 2786 531 2855 ἐμὲ,
575 2782 653 2842 οὗ
709 2788 946 2842 εῖνεκεν
993 2788 1205 2859 ἔχρισε
1242 2805 1340 2859 με.
1400 2788 1568 2845 Πάλιν
1622 2787 1839 2857 λέγεται

275 2874 506 2944 Πνεῦμα
569 2878 684 2933 τοῦ
747 2880 907 2944 Υίοῦ,
957 2879 1202 2949 Πνεῦμα
1271 2881 1556 2949 Χριστοῦ,
1599 2878 1841 2949 Πνεῦμα

273 2965 372 3018 τοῦ
394 2966 746 3037 ἐγείραντος
781 2969 1019 3037 Ἰησοῦν
1047 2970 1328 3039 Χριστὸν,
1380 2968 1458 3035 ὡς
1499 2969 1710 3036 Παῦλος
1735 2971 1850 3031 πά-,

272 3054 349 3106 iw
374 3062 750 3127 μυσταγωγευ
788 3059 1258 3124 Ἐξαπέστειλεν
1282 3063 1315 3115 ὁ
1339 3061 1486 3127 Θεὸς
1506 3062 1573 3116 τὸ
1596 3062 1842 3130 Πνεῦμα

275 3143 373 3198 τοῦ
405 3146 542 3201 Υίοῦ
566 3147 761 3202 αὐτοῦ
808 3149 879 3201 ἐν
910 3148 1043 3215 ταῖς
1072 3146 1347 3217 καρδίαις
1401 3149 1571 3219 ὑμῶν
1603 3151 1838 3221 κράζονο

285 3233 477 3301 Ἀϐὄᾶ,
512 3240 545 3292 ὁ
566 3238 776 3308 Πατήρ
796 3254 809 3269 '
839 3240 956 3305 καὶ,
993 3241 1064 3294 Τὸ
1092 3239 1336 3311 Πνεῦμα
1363 3242 1470 3296 τοῦ
1495 3242 1840 3314 ἐγείραντος

286 3328 526 3394 Ἰησοῦν
557 3329 826 3398 Χριστὸν
867 3330 1021 3386 οικεῐ
1046 3331 1273 3401 ἐνὺμῖν
1295 3346 1310 3363 ·
1341 3332 1460 3398 καὶ,
1495 3333 1683 3403 Ὑμεῖς
1728 3336 1841 3388 οὐκ

275 3418 410 3473 ἐστὲ
442 3422 512 3476 ἐν
537 3422 749 3491 σαρκὶ,
792 3424 960 3491 ειπερ
1004 3424 1246 3494 Πνεῦμα
1301 3426 1558 3493 Χριστοῦ
1589 3425 1740 3480 οἰκεῖ
1773 3427 1843 3481 ἐν

276 3510 440 3578 ὑμῖν·
482 3514 598 3576 καὶ,
623 3515 694 3568 El
724 3532 815 3581 τις
831 3515 1075 3585 Πνεῦμα
1114 3517 1373 3584 Χριστοῦ
1400 3518 1512 3572 οὐκ
1553 3519 1701 3589 ἔχει,
1739 3515 1843 3576 οὗ·

276 3617 369 3664 τος
412 3605 522 3658 οὐκ
553 3605 730 3659 ἐστιν
771 3606 980 3662 αὐτοῦ.
1007 3608 1246 3679 Προσέχε
1295 3609 1508 3673 πάντως
1544 3611 1640 3681 ('5),
1669 3611 1750 3665 ὅτι
1784 3614 1843 3665 τὸ

282 3693 493 3765 Πνεῦμα
522 3697 741 3765 λέγεται
763 3700 859 3752 τοῦ
899 3699 1058 3765 Θεοῦ,
1096 3702 1161 3754 ἐκ
1190 3701 1285 3755 τοῦ
1338 3701 1475 3757 Θεοῦ
1514 3720 1571 3756 τε
1611 3707 1705 3757 καὶ
1731 3704 1845 3758 Πα-

278 3786 396 3854 τρδς
428 3789 529 3860 (4),
575 3791 673 3844 καὶ
703 3791 908 3861 Κυρίου
939 3793 1032 3845 καὶ
1055 3793 1147 3847 τοῦ
1176 3794 1488 3864 ἐγείραντος
1525 3794 1757 3865 Χριστὸν
1781 3797 1844 3848 ὲκ

277 3877 473 3946 νεκρῶν
497 3880 593 3934 καὶ
621 3881 842 3951 Πνεῦμα
864 3883 955 3936 τοῦ
988 3884 1201 3954 Πατρός
1214 3879 1382 3958 ,τΑρα
1409 3885 1503 3939 οὖν
1531 3885 1838 3956 ὅτανλὲγῶ

279 3968 511 4039 Πνεῦμα
538 3971 692 4026 Θεοῦ
716 3973 748 4041 ἢ
780 3973 1010 4041 Πατρὸς
1036 3972 1068 4043 ἦ
1102 3976 1327 4042 Κυρίου
1358 3976 1392 4046 ἦ
1442 3975 1550 4030 τοῦ
1579 3975 1844 4044 ἐγείραν-

281 4077 374 4128 τος
403 4064 653 4131 Ἰησοῦν
677 4066 955 4135 Χριστὸν,
981 4067 1016 4137 ῆ
1045 4068 1287 4138 Πνεῦμα
1315 4068 1382 4123 τὸ
1417 4069 1484 4122 ἐκ
1523 4067 1629 4124 τοῦ
1674 4066 1843 4135 Θεοῦ,

281 4155 407 4209 αὐτδ
450 4158 615 4212 τοῦτο
642 4158 896 4228 δηλοῦσιν
952 4160 1010 4213 αἱ
1051 4160 1250 4230 φωναὶ,
1294 4162 1431 4231 ὅπερ
1468 4162 1766 4232 ἐσήμαινεν
1811 4162 1845 4232 ὴ

281 4245 505 4314 λέγουσα
524 4251 959 4320 ἐκπορεύεσθαι
982 4254 1089 4307 τοῦ
1121 4255 1387 4323 Πατρός;
1417 4252 1450 4323 ἢ
1489 4253 1664 4317 οὐδεὶς
1704 4250 1848 4306 οὓτω

283 4336 500 4407 ἀνόητος
527 4341 651 4394 οὐδὲ
678 4342 861 4395 αὐτῶν
890 4342 1000 4397 τῶν
1045 4343 1232 4399 ἁπλῶν
1262 4344 1525 4416 ῥημάτων
1558 4344 1645 4407 εἰς.
1676 4344 1846 4414 ἐσχά-

282 4443 376 4497 την
408 4431 635 4501 ἄγνοιαν
662 4434 836 4505 ἥκων,
871 4435 947 4499 ὡς
985 4436 1060 4507 μὴ
1090 4437 1218 4506 ῥᾷον
1274 4436 1420 4507 ἔχειν
1477 4439 1731 4508 συνορᾷν,
1765 4439 1847 4491 ὅτι

1934 1970 2024 2040 qui
2048 1969 2280 2040 loquitur
2313 1970 2366 2024 in
2398 1969 2537 2024 vobis
2559 1969 2808 2035 ;,dicitur
2839 1968 3076 2040 Spiritus
3122 1969 3217 2023 Dei
3239 1970 3509 2025 clamante

1936 2060 2071 2117 Isaia
2100 2077 2115 2116 :
2145 2060 2212 2115 Et
2243 2063 2525 2130 requiescet
2551 2058 2708 2132 super
2746 2076 2865 2115 eum
2898 2061 3128 2129 Spiritus
3185 2060 3305 2127 Dei,
3336 2060 3508 2130 Spiri~

1936 2159 2041 2217 tus,
2075 2153 2167 2223 qui
2193 2168 2258 2207 ea;
2296 2152 2400 2208 Deo
2417 2164 2515 2206 est.
2560 2151 2660 2205 Vos
2678 2161 2875 2215 autent,
2904 2154 3221 2222 aitmaguus
3239 2160 3506 2208 rectorum

1935 2242 2244 2312 dogmatum
2294 2258 2472 2312 praeco
2530 2242 2750 2306 Paulus,
2805 2258 2907 2296 non
2956 2243 3226 2312 accepistis
3264 2245 3509 2313 spiritum

1938 2335 2147 2399 mundi,
2171 2335 2260 2389 sed
2285 2333 2540 2405 Spiritunt
2563 2337 2653 2405 qui
2683 2352 2747 2389 ea:
2779 2334 2883 2388 Deo
2901 2344 3000 2400 est,
3027 2343 3080 2389 et
3109 2334 3234 2389 alibi
3263 2351 3276 2388 :
3301 2333 3359 2389 Si
3385 2334 3505 2404 Spi-
3569 2369 3583 2379 .

1938 2426 2047 2479 ritu
2093 2424 2191 2478 Dei
2225 2424 2503 2488 ducimini,
2546 2441 2649 2479 non
2687 2425 2811 2478 estis
2852 2425 2903 2478 in
2929 2440 3107 2479 carne.
3148 2453 3218 2468 -—
3248 2424 3507 2494 Spiritum

1938 2515 2155 2570 Domini
2197 2515 2396 2570 clamat
2450 2514 2617 2570 Isaias
2648 2532 2663 2569 :
2694 2515 2927 2584 Spiritus
2981 2516 3195 2571 Domini
3231 2532 3387 2586 super
3424 2532 3506 2571 me

1938 2623 1997 2663 eo
2026 2608 2163 2678 quod
2189 2607 2398 2660 tinxerit
2425 2621 2523 2661 me.
2552 2605 2788 2661 Rursum
2823 2605 3026 2660 dicitur
3053 2624 3066 2661 :
3101 2605 3329 2676 Spiritus
3359 2607 3505 2674 Filii,

1941 2696 2172 2767 Spiritus
2197 2694 2394 2751 Christi
2404 2739 2416 2758 .
2438 2694 2668 2765 Spiritus
2685 2698 2990 2751 suseitantis
3019 2695 3200 2752 Jesum
3215 2695 3505 2761 Christum.

1940 2797 2000 2843 ut
2023 2787 2222 2843 Paulus
2253 2802 2443 2843 rursus
2480 2787 2683 2843 tradit:
2717 2787 2866 2842 Misit
2897 2788 3033 2844 Deus
3074 2787 3328 2858 Spiritum
3378 2788 3507 2844 Filii

1941 2878 2026 2932 sui
2061 2877 2117 2931 in
2150 2878 2310 2931 corda
2357 2887 2550 2944 uestra,
2587 2878 2906 2933 clamantem
2939 2894 2963 2935 :
2993 2879 3139 2943 Ablta
3179 2878 3385 2946 Pater;
3423 2887 3499 2944 et.

1943 2968 2175 3040 Spiritus
2196 2970 2499 3026 suscitantis
2526 2969 2710 3025 Iesum
2744 2970 3012 3028 Christum
3034 2972 3235 3027 habitat
3263 2974 3316 3027 in
3340 2972 3505 3036 vobis.

1941 3070 1997 3117 et
2023 3079 2038 3117 :
2069 3061 2132 3117 Si
2161 3064 2273 3133 quis
2305 3061 2565 3133 Spiritum
2601 3063 2922 3120 Christinon
2949 3064 3125 3128 habet,
3168 3062 3251 3117 hic
3286 3079 3389 3118 nou
3427 3071 3507 3117 est

1942 3152 2076 3222 ejus.
2103 3154 2319 3209 Attente
2360 3156 2583 3210 omnino
2615 3155 2758 3222 vide,
2795 3155 3061 3224 Spiritum
3115 3155 3220 3211 dici
3270 3154 3386 3219 Dei,
3439 3169 3507 3209 ex

1943 3242 2079 3310 Deo,
2099 3254 2160 3299 et
2189 3230 2282 3301 Dei
2310 3243 2591 3313 Patris,.et
2624 3247 2858 3314 Domini,
2886 3256 2939 3302 et
2975 3248 3329 3303 suscitantem
3353 3245 3510 3301 Chri-

1943 3341 2088 3389 stum
2115 3350 2180 3389 ex
2209 3336 2463 3403 mortuis,
2491 3345 2549 3413 et
2590 3337 2851 3406 Spiritum
2892 3335 3087 3393 Patris.
3119 3338 3275 3392 Anne
3320 3336 3507 3407 igitur,

1943 3426 2162 3496 quando
2186 3426 2421 3482 dicimus
2453 3426 2716 3495 :Spiritus
2743 3427 2841 3481 Dei
2866 3430 2949 3483 vel
2983 3427 3166 3482 Patris
3196 3428 3279 3483 vel
3303 3427 3524 3483 Domini.

1944 3516 2028 3571 vel
2050 3516 2355 3570 suscitantis
2377 3515 2561 3572 Jesum
2600 3518 2890 3585 Christum,
2922 3519 3007 3575 vel
3052 3518 3280 3588 Spiritus
3332 3522 3419 3592 qui
3446 3537 3512 3579 ea:

1945 3608 2053 3663 Deo
2073 3619 2171 3675 est,
2206 3624 2375 3666 voces
2410 3610 2491 3664 liae
2529 3609 2582 3665 id
2620 3612 2792 3681 ipsum
2826 3611 3108 3679 denotant,
3133 3613 3276 3681 quod
3303 3612 3514 3683 signiti-

1945 3718 2134 3759 camus
2157 3719 2280 3760 cum
2312 3705 2545 3762 dicimus
2584 3723 2598 3760 :
2642 3704 2899 3777 Spiritum
2928 3725 2960 3761 a
3008 3707 3168 3763 Patre
3202 3706 3503 3777 procedere,

1946 3811 2014 3852 an
2046 3811 2176 3853 vero
2206 3797 2386 3866 potius
2415 3815 2573 3855 nemo
2601 3810 2680 3855 est
2704 3800 2775 3855 ita
2807 3800 3069 3870 insipiens
3100 3814 3199 3855 nec
3218 3799 3352 3855 adeo
3372 3800 3515 3869 ipso-

1946 3904 2067 3944 rum
2094 3892 2385 3946 verborum
2411 3892 2740 3962 simplicium
2793 3894 3034 3963 ignarus,
3066 3904 3129 3948 ut
3167 3904 3396 3962 nequeat
3426 3892 3512 3948 i1»

1947 3981 2150 4037 cillime
2179 3984 2511 4054 conspicari,
2551 3986 2696 4056 quod
2722 3986 2975 4056 quaelibet
3023 3986 3239 4040 illarum
3285 3985 3516 4040 locutio-

1949 4090 2101 4141 num,
2145 4077 2365 4132 tametsi
2398 4078 2544 4134 circa
2603 4080 2822 4136 easdem
2867 4094 3127 4149 personas
3175 4079 3514 4140 enuntietur.

1950 4166 2224 4221 diversum
2259 4177 2438 4223 tamen
2467 4169 2688 4225 exhibet
2742 4170 3112 4241 signiﬁcatum
3141 4185 3249 4226 vox
3303 4184 3367 4226 ea
3395 4184 3518 4239 qua:

1948 4258 2136 4314 dicite
2165 4259 2326 4314 Patre
2357 4260 2649 4329 procedere
2686 4261 2976 4331 Spiritum,
3030 4272 3083 4319 et
3105 4262 3381 4317 diversum
3411 4276 3517 4316 vox

1949 4364 2036 4415 ea,
2080 4365 2203 4419 qum
2233 4350 2368 4406 dicit
2396 4350 2661 4421 Spiritum
2692 4351 2788 4407 Dei
2828 4353 2914 4408 vel
2962 4352 3180 4408 Domini
3211 4353 3296 4407 vel
3324 4353 3517 4421 quaeli-

1950 4443 2039 4498 bet
2068 4442 2172 4496 alia
2229 4453 2658 4499 memoratorum
2676 4444 2706 4497 'l-
2734 4443 2872 4500 illud
2917 4443 3063 4500 enim
3110 4443 3517 4514 processionem

285 4519 393 4574 τῶν
422 4525 736 4595 εἰρημένων
769 4525 1023 4593 ἕκαστον,
1049 4530 1098 4581 εί
1122 4530 1216 4583 καὶ
1261 4529 1388 4599 περὶ
1420 4530 1487 4583 τὰ
1528 4530 1667 4583 αὐτά
1693 4530 1836 4597 λέγε-

1951 4545 2207 4603 expresse
2233 4533 2502 4599 enuntiat,
2541 4534 2659 4590 lucc
2689 4549 2953 4611 vero.non
2981 4534 3107 4589 item
3141 4551 3157 4601 ;
3199 4533 3294 4590 sed
3323 4548 3517 4603 quam-

284 4626 370 4664 ται
391 4616 679 4686 πρόσωπα,
714 4617 831 4671 ἀλλ’
862 4614 955 4673 οὖν
984 4618 1172 4684 ἕτερον
1195 4621 1228 4690 ή
1256 4617 1402 4685 λέξις
1430 4620 1729 4691 παρίστησι
1748 4638 1846 4691 ση-

1954 4622 2036 4677 vis
2062 4623 2175 4677 haec
2216 4622 2489 4687 dicantur,
2519 4624 2647 4695 quia
2700 4622 2936 4695 Spiritus
2980 4625 3049 4679 ab
3094 4623 3211 4694 ipso
3250 4622 3531 4693 procedit,.

290 4706 607 4776 μαινόμενον
660 4709 694 4779 ἡ
759 4710 829 4763 ὲκ
880 4708 975 4763 τοῦ
1054 4711 1267 4783 Πατρὶς
1331 4711 1733 4783 ἐκπορεύεσθαι
1786 4712 1836 4766 τί

1948 4721 2185 4766 attamen
2233 4711 2379 4767 nulla
2424 4713 2641 4769 illarum
2698 4729 2890 4769 vocum
2956 4713 3233 4783 conceptis
3287 4711 3520 4771 allirmat

289 4791 523 4866 llvsiipa,
552 4799 644 4852 καὶ
680 4798 877 4871 ἕτερον
899 4799 1184 4871 ήνΠνεῦμα
1214 4801 1350 4854 Θεοῦ
1379 4801 1411 4872 ἢ
1435 4801 1642 4873 Κυρίου
1678 4803 1711 4874 ἢ
1741 4803 1836 4856 τῶι

1951 4802 2131 4859 verbis
2175 4805 2617 4874 processionem;
2673 4805 2874 4863 etenim
2919 4803 3206 4862 manifeste
3236 4803 3382 4859 aliud
3438 4809 3520 4857 est

287 4879 584 4953 ειρημένων
617 4887 849 4943 ἕκαστον
878 4888 1114 4958 λέγουσα
1135 4907 1159 4956 ς’
1180 4891 1253 4943 Τὸ
1293 4892 1390 4961 μὲν
1411 4892 1519 4962 γὰρ
1547 4893 1647 4963 τὴν
1680 4893 1836 4947 ἐκπό-

1952 4892 2154 4961 dicere,
2188 4892 2452 4965 Spiritum
2495 4910 2527 4950 a
2577 4893 2740 4951 Patre
2779 4897 3089 4966 procedere,
3135 4904 3187 4951 οι
3210 4892 3356 4949 aliud
3387 4893 3520 4963 ipsis

292 4986 470 5038 ρευσιν
497 4979 578 5049 τῷ
607 4980 815 5051 ῥήματι
849 4982 1207 5051 ἀπαγγέλλει,
1232 4983 1305 5037 τὰ
1348 4984 1404 5038 δὲ
1448 4985 1550 5038 οὐκ
1579 4984 1661 5038 ἔτι
1681 5002 1696 5018 ’
1734 4985 1835 5040 ἀλλ

1954 4986 2140 5042 verbis
2175 4988 2485 5056 signiﬁcant
2511 4996 2708 5055 ,‘voces,
2752 5002 2871 5058 qua:
2902 4987 3162 5057 Spiritum
3217 4980 3517 5045 dicuntDci

289 5062 336 5116 εί
361 5069 453 5121 καὶ
478 5070 612 5125 διότι
643 5071 813 5126 αὑτοῦ
844 5073 1224 5144 ἐκπορεύεται,
1255 5074 1429 5128 ταῦτα
1450 5076 1687 5145 λέγεται,
1712 5076 1836 5148 πῖὴι

1955 5090 2008 5135 et
2041 5079 2277 5145 Domini,
2313 5091 2366 5135 et
2397 5096 2517 5150 quae
2545 5082 2651 5138 illis
2668 5092 2795 5137 sunt
2829 5081 3051 5141 similia.

290 5155 402 5212 ἀλλ’
437 5165 665 5236 οὐδεμία
693 5185 754 5222 τε
785 5168 895 5223 τῶν
953 5169 1146 5238 φωνῶν
1172 5169 1284 5224 τῶν
1324 5172 1631 5241 εἰρημένων
1664 5175 1727 5226 τὸ
1784 5174 2185 5245 ἐκπορεύεσθαι
2241 5177 2360 5239 ταῖς
2430 5177 2638 5243 λέξεσιν
2688 5179 3002 5249 ἐρμηνεύει.
3044 5178 3155 5231 Καὶ
3221 5188 3328 5244 γαρ
3364 5190 3519 5242 περι-

293 5258 466 5323 φανῶς
492 5262 679 5334 ῑτερόν
707 5266 861 5319 ἐστιν
890 5267 1067 5319 εἰπεῖν
1096 5267 1490 5338 ἐκπορεύεσθαι
1521 5267 1613 5321 τοῦ
1635 5268 1847 5341 [πατρὸς
1885 5271 1944 5324 τὸ
1981 5268 2219 5342 Πνεῦμα,
2251 5272 2346 5325 καὶ
2416 5271 2546 5326 ἀλλο
2570 5273 2895 5343 σημαίνουσι
2951 5276 3063 5337 τοῖς
3091 5270 3347 5341 ὀνόμασιν
3379 5268 3436 5321 αι
3458 5267 3519 5321 τδ

290 5348 506 5422 Πνεῦμα
527 5354 781 5424 λέγουσαι
814 5356 909 5410 τοῦ
936 5356 1070 5410 Θεοῦ
1093 5357 1188 5411 καὶ
1213 5359 1420 5430 Κυρίου
1441 5362 1533 5413 καὶ
1562 5362 1630 5415 τὰ
1656 5363 1842 5432 ὅμοια.

358 5443 459 5511 ια’.
498 5449 687 5504 Καίτοι
717 5466 776 5519 γε
808 5452 858 5504 εἰ
891 5455 983 5505 καὶ
1004 5450 1208 5520 ἑκάστη
1236 5453 1344 5505 τῶν
1369 5455 1561 5523 φωνῶν
1586 5458 1850 5527 ἐσήμαινε

2026 5454 2115 5509 9|.
2148 5457 2470 5526 Quanquam
2493 5457 2621 5513 licet
2646 5458 2905 5529 quaelibet
2932 5457 3123 5511 harum
3149 5470 3340 5510 vocum
3394 5470 3518 5524 pro-

295 5530 387 5604 τὴν
413 5539 760 5614 ὲκπὸρευσιν,
788 5542 983 5613 ὅτιπερ
1032 5544 1214 5605 aii-eoi,
1257 5544 1465 5615 ῥήμασι
1500 5548 1668 5613 θείοις
1694 5551 1848 5622 ἀνερ-

1957 5550 2263 5606 ccssionem
2332 5553 2685 5623 significaret,
2720 5554 2981 5623 quoniam
3006 5552 3118 5622 jam
3157 5551 3289 5622 ipsis
3322 5549 3519 5605 divina:

364 5693 437 5834 (li
470 5699 630 5753 Laur.
686 5701 846 5758 habet
881 5721 895 5758 :
922 5706 1060 5775 πρ’ς
1087 5706 1186 5776 τῆς
1227 5710 1537 5777 μετανοίαςο

364 5766 409 5832 t‘i
461 5768 621 5828 Laur.
659 5775 793 5829 utin
832 5785 999 5832 textu.

359 5712 437 5832 gf
461 5712 630 5824 Ilitat".
686 5712 846 5784 habet
881 5712 1060 5775 :rrp'c
1087 5712 1186 5776 τῆς
1227 5712 1537 5777 μετανοίας.
2025 5713 2102 5778 (5)
2131 5713 2205 5769 lta
2227 5729 2349 5769 cum
2385 5712 2549 5767 Laur.
2582 5713 2907 5784 ponendum.

503 5786 621 5828 aur.
659 5787 793 5829 utin
832 5785 999 5832 testu.
2031 5784 2107 5832 Ml
2138 5782 2299 5832 Laur.
2338 5792 2393 5832 ut
2435 5783 2604 5832 Palat.

2031 5784 2107 5854 (4)
2138 5782 2299 5839 Laur.
2338 5792 2394 5840 ut
2435 5782 2607 5838 Palat.
