3798 6572
443 413 551 480 855

1469 423 1681 487 JOAN.
1726 423 1940 488 VECCI
1980 423 2041 486 Cl

2130 422 2641 488 memnonis
3518 442 3599 505 εδδ

443 540 603 626 turpe
621 533 939 600 arbitratus,
969 550 1031 592 ea
1058 536 1240 592 omnia
1271 517 1528 609 tanquam
1577 541 1856 597 mendacia
1883 556 2019 611 prae-

2123 543 2263 598 κατά
2284 544 2381 611 τῆς
2410 544 2727 615 Ῥωμαῖκῆς
2777 541 3107 613 Ἑκκλησίας
3153 544 3602 626 προόεὸλασφήμηχε

443 623 611 681 terire
649 636 871 716 propter
925 628 1091 683 unius
1136 628 1236 682 viri
1265 626 1493 686 Joannis
1521 620 2016 703 papae'susceptio-

443 730 590 782 nem,
616 734 834 774 rursum
876 721 949 789 (ο.
980 720 1069 787 9ο)
1105 721 1172 775 ad
1197 736 1491 780 commune
1516 724 1775 781 Ecclesiae
1807 741 2019 781 sermo-

443 823 565 864 nem
589 809 797 880 dirigit,
852 810 1240 884 Romanosque
1275 813 1349 886 (τι)
1403 831 1589 871 errore
1625 817 1804 873 adhuc
1829 818 2019 874 deten-

442 909 530 956 tos
561 901 819 970 appellat,
848 911 1013 973 atque
1035 918 1158 959 cum
1191 906 1379 975 aspide
1410 908 1477 963 ad
1533 923 1696 964 voces
1729 908 2018 965 incantan-

342 982 355 1061 "
445 993 577 1044 tium
609 1008 773 1049 aures
807 1010 936 1051 suas
967 996 1265 1052 obturante
1307 1009 1618 1069 comparat;
1660 1002 2013 1072 multiplicem

441 1082 697 1139 exliibere
745 1085 937 1141 nititur
974 1087 1342 1147 differentiam
1399 1092 1542 1147 inter
1567 1094 1871 1150 locutiones
1896 1110 2018 1165 quae.

443 1173 707 1241 Spiritum
742 1176 858 1241 Dei,
889 1170 1150 1245 Spiritum
1180 1178 1378 1247 Patris,
1406 1180 1669 1251 Spiritum
1694 1200 1757 1239 ex
1790 1183 1901 1239 Deo
1931 1200 2019 1241 as-

439 1275 633 1319 serunt
660 1265 921 1337 Spiritum
956 1278 1230 1336 sanctum,
1261 1281 1316 1327 et
1349 1288 1463 1339 eas,
1493 1289 1614 1344 quae
1665 1277 2019 1332 manifestant

439 1370 505 1410 ex
531 1357 689 1413 Patre
717 1360 1031 1428 procedere,
1059 1370 1223 1432 atque
1253 1372 1554 1420 extremam
1587 1368 1885 1436 exprobrat
1928 1368 2017 1423 in-

439 1449 653 1506 saniam
687 1451 1098 1525 (ignorantiam)
1123 1471 1311 1512 eorum
1334 1459 1425 1528 qui
1462 1470 1739 1529 nequeunt
1764 1459 2019 1519 facillime

439 1542 774 1613 conSpicari,
800 1545 945 1615 quod
980 1547 1109 1604 licet
1142 1550 1295 1605 circa
1319 1552 1537 1607 easdem
1567 1568 1830 1623 personas
1862 1554 2016 1609 dica-

438 1643 528 1688 tur
556 1635 795 1704 Spiritus
823 1636 917 1693 Dei
941 1648 996 1695 et
1015 1655 1081 1694 ex
1121 1640 1252 1706 Deo,
1281 1643 1556 1700 diversum
1586 1634 1767 1701 tamen
1797 1646 2018 1702 exhibet

438 1726 804 1796 significatum
841 1746 943 1786 vox
969 1746 1030 1785 ea
1065 1748 1186 1802 qum
1223 1734 1355 1789 dicit
1403 1751 1469 1790 ex
1529 1734 1690 1792 Patre
1722 1739 2019 1807 procedere

439 1819 731 1890 Spiritum.
766 1833 821 1878 et
850 1825 1124 1880 diversum
1152 1842 1274 1897 quae
1325 1826 1587 1897 Spiritum
1620 1829 1714 1885 Dei
1773 1830 1855 1886 vel
1886 1831 2017 1902 ,Βο-

440 1913 575 1968 mini
614 1915 698 1969 vel
729 1916 994 1985 quidlibet
1030 1919 1413 1987 praedictorum
1448 1921 1719 1976 enuntiat.
1779 1922 1836 1976 Si
1874 1922 2017 1978 enim

443 2005 626 2061 adhuc
680 2022 902 2079 quoque
953 2007 1184 2065 Romani
1246 2026 1435 2067 errore
1492 2012 1814 2070 circumacti
1868 2021 2020 2081 sunt,

438 2105 729 2168 postquam
755 2097 994 2157 Joannes
1018 2117 1155 2173 papa
1191 2103 1245 2158 in
1294 2106 1586 2170 pontificali
1643 2121 1835 2162 eorum
1893 2105 2024 2162 sede

437 2188 740 2246 collocatus
773 2189 969 2258 fuerat,
1002 2202 1058 2248 et
1106 2194 1153 2249 si
1187 2194 1417 2251 Romani
1456 2197 1760 2269 symbolum
1811 2196 2021 2267 absque

438 2283 720 2342 additione
750 2288 980 2344 recitare
1031 2289 1347 2356 noluerunt,
1387 2289 1567 2362 qualis
1606 2304 1768 2361 porro
1826 2286 1925 2343 fuit
1957 2303 2020 2343 ea

439 2375 735 2446 impietatis
768 2390 930 2448 atque
983 2381 1291 2451 iniquitatis
1324 2380 1657 2451 profligatio,
1689 2394 1875 2457 quam
1923 2376 2022 2434 Jo-

440 2465 743 2537 annipapae
782 2482 884 2523 suo
915 2468 1144 2524 Photius
1179 2470 1411 2525 solemni
1449 2470 1765 2526 testimonio
1807 2469 2022 2523 adscri-

439 2559 589 2628 psit?
626 2558 681 2613 Si
728 2576 874 2625 vero,
914 2576 1038 2616 cum
1075 2561 1209 2617 nihil
1249 2577 1316 2617 ex
1368 2563 1436 2618 iis
1466 2579 1588 2634 quae
1618 2563 1685 2618 ad
1719 2561 2018 2617 Ecclesiam

441 2654 717 2721 pertinent
751 2668 778 2705 a
801 2650 1012 2709 Joanne
1051 2670 1187 2725 papa
1241 2654 1593 2711 immutatum
1655 2653 1840 2717 fuerit,
1876 2655 2022 2709 hunc

441 2746 662 2811 quidem
694 2746 927 2803 Photius
958 2747 1059 2803 sibi
1092 2748 1368 2818 proprium
1400 2746 1526 2802 facit
1557 2762 1620 2802 ac
1643 2745 1873 2802 summis
1906 2745 2024 2799 lau-

443 2836 607 2892 dibus
643 2837 819 2905 cﬂ‘ert,
845 2838 1103 2895 Ecclesia
1134 2853 1267 2894 vero
1298 2838 1690 2910 plenitudinem
1724 2847 1777 2893 et
1805 2839 2023 2892 univer-

444 2930 666 2986 sitatem
721 2932 774 2986 in
812 2940 994 3001 partes
1042 2931 1393 2988 inimicorum
1448 2927 1614 2985 refert
1648 2943 1713 2982 ac
1769 2927 2021 2991 collocat,

443 3024 723 3092 quomodo
775 3039 883 3079 non
938 3022 1292 3081 manifestum
1338 3032 1424 3078 est
1490 3035 1655 3093 agere
1708 3030 1765 3075 et
1819 3020 2024 3075 sentire

445 3117 626 3186 ipsum
660 3118 845 3172 omnia
885 3125 1043 3187 prout
1078 3116 1182 3187 ipsi
1213 3114 1385 3171 libet?

2118 636 2216 689 καὶ
2237 636 2498 707 αἰσχύνην
2522 637 2786 707 ἄντικρυς
2815 637 3169 707 ἡγησάμενος
3192 639 3356 695 πάντα
3381 644 3603 718 ἐκείναὼς

2117 727 2288 800 ψευδῆ
2341 727 2590 800 παριδεῖν
2639 729 2728 783 διὰ
2793 730 2892 798 τὴν
2944 729 3062 792 ἐνὸς
3110 729 3294 800 ἀνδρὸς
3347 737 3428 790 τοῦ
3452 741 3605 800 item

2092 822 2382 877 .’1ωάννου
2409 821 2697 894 άναδοχὴν,
2734 822 2897 877 πάλιν
2923 822 3059 892 πρὸς
3091 822 3150 876 τὸ
3183 826 3351 879 κοινδν
3399 832 3483 901 τῆς
3511 836 3606 892 Ἕκ.

2120 915 2352 986 κλησίας
2398 914 2461 968 τὸ
2500 914 2594 968 τοῦ
2634 914 2796 983 λόγου
2852 915 3147 986 πρόσωπον
3198 915 3496 991 ἀποστρέφει
3540 931 3610 984 καὶ

2118 1005 2200 1061 ἔτι
2239 1007 2674 1079 συνισχημένους
2711 1010 2780 1077 τῇ
2828 1007 3008 1079 πλάνῃ
3053 1007 3177 1069 τοὺς
3214 1008 3488 1079 Ῥωμαίους
3516 1019 3613 1074 ἁπο-

2119 1082 2279 1153 καλεί
2313 1100 2408 1154 καὶ
2439 1100 2520 1162 είς
2559 1098 2762 1152 ἀσπίδα
2786 1099 2925 1170 πρὸς
2957 1098 3056 1159 τὰς
3093 1096 3201 1151 τῶν
3231 1100 3501 1172 ἐπᾳδόντων
3534 1126 3615 1175 φω-

2119 1191 2218 1255 νὰς
2256 1191 2491 1262 βύουσαν
2523 1190 2591 1246 τὰ
2612 1187 2725 1246 ὦτα
2752 1194 3078 1263 παρεικάζει
3114 1192 3325 1257 αὐτοὺς,
3354 1197 3441 1249 καὶ
3462 1200 3615 1273 πολλὴν

2118 1287 2385 1358 διαφορὰν
2422 1287 2775 1358 παραστῆσαι
2816 1287 3111 1357 φιλονεικεῖ
3141 1286 3247 1340 τῶν
3285 1287 3481 1348 Πνεῦμα
3513 1293 3615 1347 θεοῦ

2119 1379 2218 1432 καὶ
2256 1379 2477 1449 Πνεῦμα
2516 1379 2731 1453 Πατρδς
2761 1380 2858 1433 καὶ
2890 1377 3115 1447 Πνεῦμα
3151 1377 3216 1432 ἐκ
3248 1378 3373 1432 Θεοῦ
3405 1381 3618 1448 λεγουσῶν

2120 1474 2337 1544 ῥήσεων
2373 1470 2439 1525 τὸ
2475 1471 2701 1542 Πνεῦμα
2739 1470 2801 1524 τὸ
2839 1472 2997 1539 άγιον
3037 1473 3135 1525 καὶ
3189 1471 3295 1524 τῶν
3354 1472 3410 1524 ἐκ
3458 1475 3618 1544 Harpe;

2119 1564 2521 1637 ἐκπορεύεσθαι
2551 1564 2684 1619 αὐτὸ
2718 1562 3018 1635 δηλουσῶν,
3055 1563 3152 1619 καὶ
3200 1564 3418 1635 ἐσχάτην
3442 1583 3621 1636 κατηγο-

2122 1660 2207 1731 ρεῐ
2246 1657 2433 1712 ἄνοιαν
2463 1655 2538 1729 (1)
2572 1655 2680 1709 τῶν
2710 1657 2784 1727 μὴ
2814 1657 2944 1727 ῥᾷον
2974 1656 3204 1727 συνορᾷν
3241 1654 3469 1724 ἐχόντων,
3500 1657 3559 1719 ὡς
3586 1661 3620 1711 εί

2119 1751 2214 1805 καὶ
2247 1748 2380 1821 περὶ
2423 1749 2493 1802 τὰ
2531 1748 2672 1802 αὐτὰ
2708 1746 2927 1816 λέγεται
2984 1746 3255 1818 πρόσωπα
3291 1746 3492 1817 Πνεῦμα
3523 1748 3623 1801 Θεοῦ

2121 1845 2214 1898 καὶ
2250 1845 2313 1897 ἐκ
2367 1839 2529 1905 Θεοῦ.
2570 1841 2687 1894 ἀλλ’
2748 1836 2841 1895 οῦν
2886 1840 3074 1910 ἓτερον
3110 1840 3145 1910 ἡ
3199 1837 3338 1903 λέξις
3389 1839 3625 1909 παρίστησι

2125 1936 2527 2008 σημαινόμενον
2583 1936 2616 2006 ἡ
2671 1935 2736 1989 ἐκ
2783 1932 2882 1988 τοῦ
2921 1932 3138 2001 Πατρδς
3185 1930 3544 2001 ἐκπορεύεσθαι
3584 1931 3627 1984 τδ

2122 2026 2379 2097 Πνεῦμα,
2429 2025 2526 2079 καὶ
2562 2025 2751 2094 ἕτερον
2802 2025 2840 2094 ἡ
2893 2021 3116 2091 Πνεῦμα
3150 2019 3288 2073 Θεοῦ
3326 2020 3359 2091 ἢ
3395 2021 3565 2089 Κυρίου
3600 2021 3625 2089 ἦ

2120 2118 2230 2174 τῶν
2288 2117 2599 2189 εἰρημένων
2665 2117 2901 2170 ἕκαστον
2937 2115 3202 2182 λέγουσα.
3243 2111 3303 2164 Ei
3339 2112 3438 2181 γὰρ
3470 2112 3547 2165 καὶ
3571 2113 3629 2165 ἐτι

2134 2212 2399 2283 Ῥωμαῖοι
2457 2209 2805 2280 πεπλάνηντο
2845 2205 2986 2278 μετὰ
3023 2204 3083 2258 τὸ
3118 2203 3215 2258 τδν
3245 2201 3458 2257 πάππαν
3498 2202 3630 2255 Ἰωάν-

2122 2322 2222 2378 νην
2270 2303 2351 2376 τῷ
2387 2299 2764 2372 ἀρχιερατικῷ
2801 2302 2903 2370 τῆς
2969 2295 3197 2367 Ῥώμης
3244 2295 3413 2364 θρόνῳ
3459 2291 3632 2359 ἐγκαθε·

2125 2396 2344 2467 σθῆναι,
2369 2393 2462 2448 καὶ
2487 2393 2533 2446 εί
2565 2390 2641 2463 μὴ
2677 2390 2941 2459 Ῥωμαῖοι
2966 2387 3028 2441 τὸ
3065 2386 3192 2455 δίχα
3228 2382 3517 2454 προσθήκης
3536 2382 3631 2433 ἁνα-

2124 2488 2416 2558 γινώσκειν
2459 2486 2521 2539 τὸ
2564 2482 2837 2554 σύμϐολον
2884 2478 3271 2544 κατεδέξαντο,
3333 2474 3453 2528 ποία
3493 2471 3635 2524 λοιπον

2122 2577 2192 2652 ἦν
2242 2582 2274 2650 ἠ
2316 2579 2416 2648 τῆς
2476 2575 2802 2639 δυσσεϐείας
2866 2578 2962 2626 καὶ
3020 2569 3241 2630 ἀδικίας
3305 2561 3634 2632 καταϐολὴ,ἧν

2124 2669 2668 2745 προσμεμαρτύρηκε
2690 2666 2897 2728 Φώτιος
2917 2681 2934 2731 ;
2954 2665 3017 2717 El
3046 2664 3102 2717 δὲ
3137 2660 3305 2731 μηδὲν
3324 2658 3423 2712 τῶν
3435 2655 3518 2725 τῆς
3546 2654 3637 2708 ἐιν

2125 2767 2353 2835 κλησὶας
2386 2764 2467 2834 τῷ
2525 2764 2727 2831 πάππα
2773 2760 2997 2830 Ἰωάννῃ
3029 2752 3347 2822 ἐναλλαγέν,
3385 2750 3525 2805 eam
3565 2747 3639 2813 μὲν

2123 2859 2324 2922 Φώτιος
2362 2857 2703 2911 ίδιοποιεῖται
2748 2853 2844 2906 καὶ
2883 2852 2999 2915 τοῖς
3034 2845 3335 2916 ἐγκωμίοις
3377 2841 3570 2910 ἐξαίρει,
3597 2838 3643 2890 τὸ

2125 2954 2183 3008 δέ
2216 2950 2395 3006 κοινὸν
2433 2949 2530 3020 τῆς
2578 2944 2911 3017 Ἐκκλησίας
2939 2944 3019 3007 είς
3047 2939 3342 2998 ἀντιδίκων
3377 2935 3535 3005 τίθησι
3552 2932 3641 2999 μοί-

2129 3062 2255 3117 ραν,
2294 3042 2413 3108 πῶς
2442 3041 2504 3097 ού
2528 3038 2795 3113 πρόδηλόν
2827 3039 2999 3102 ἐστιν,
3035 3034 3195 3103 ἄγειν
3234 3032 3330 3084 καὶ
3358 3028 3548 3100 φρονεῖν
3573 3023 3644 3079 αὖ·

2127 3135 2217 3190 τὸν
2245 3135 2422 3189 πάντα
2452 3133 2589 3205 πρὸς
2627 3131 2689 3186 τὸ
2727 3128 3067 3200 αύτάρεσκον
3090 3144 3104 3157 ·

516 3210 669 3267 Talia
705 3226 924 3282 quoque
955 3220 1084 3266 sunt
1116 3226 1236 3280 qua:
1256 3211 1322 3264 de
1351 3206 1674 3263 differentiis
1698 3205 1833 3260 dicit
1875 3204 2020 3260 locu-

2198 3224 2301 3283 Οἷα
2339 3228 2397 3281 δέ
2428 3204 2523 3281 καί.
2562 3224 2708 3295 ἆπερ
2739 3223 2868 3296 περὶ
2902 3222 3014 3275 τῶν
3039 3216 3319 3289 διαφορῶν
3358 3216 3460 3268 τῶν
3494 3210 3647 3275 λέξεων

444 3305 684 3372 ιίοηυῐη,
712 3315 826 3359 tum
859 3305 980 3375 ejus
1015 3318 1138 3374 qua:
1162 3301 1291 3357 dicit
1317 3299 1580 3370 Spiritum
1611 3314 1676 3354 ex
1706 3297 1867 3353 Patre
1901 3310 2026 3365 pro-

447 3398 663 3465 cedere,
695 3409 810 3453 tum
851 3397 971 3468 ejus
1006 3411 1128 3466 qua:
1163 3393 1427 3464 Spiritum
1461 3393 1556 3447 Dei
1590 3399 1644 3446 et
1684 3390 1900 3445 Domini
1935 3402 2029 3442 vo-

446 3502 534 3547 cat
567 3491 830 3560 Spiritum
856 3499 1132 3544 sanctum.
1170 3486 1384 3541 Nuilam
1435 3501 1499 3541 ex
1536 3486 1813 3555 pratdictis
1867 3485 2027 3540 locu-

447 3585 691 3642 tionibus
722 3584 908 3639 verbis
939 3582 1074 3652 ipsis
1105 3580 1508 3651 processionem
1541 3579 1782 3634 indicare
1813 3594 2032 3635 assere-

448 3688 555 3744 rat,
605 3680 700 3734 sed
745 3674 1035 3731 manifeste
1092 3674 1240 3728 aliud
1278 3688 1400 3727 esse
1437 3671 1701 3741 Spiritum
1753 3685 1820 3725 ex
1874 3670 2034 3725 Patre

448 3771 745 3843 procedere
771 3769 927 3840 tlegis
969 3768 1035 3824 ad
1072 3767 1247 3822 instar
1292 3765 1485 3820 statuit
1531 3765 1654 3833 (pro
1714 3763 1829 3833 lege
1886 3772 2036 3819 certe

447 3878 691 3927 statuere
734 3875 820 3923 est
853 3879 1048 3934 magna
1078 3878 1200 3920 cum
1232 3860 1427 3916 fiducia
1479 3870 1532 3914 et
1555 3858 1767 3928 absque
1796 3858 1903 3912 ulla
1940 3874 2035 3912 ve-

448 3958 778 4017 verecundia
832 3953 1170 4012 differentias
1200 3949 1474 4020 etIingere,
1508 3963 1647 4016 quas
1685 3960 1845 4000 nemo
1885 3944 2027 4000 San-

2129 3322 2280 3391 λέγει
2320 3319 2419 3389 τῆς
2457 3336 2516 3372 τε
2545 3321 2610 3372 ἐκ
2647 3316 2745 3369 τοῦ
2791 3314 3008 3387 Πατρδς
3048 3307 3448 3383 ἐκπορεύεσθαι
3476 3304 3649 3371 καὶτῆς

2130 3414 2359 3487 Πνεῦμα
2395 3413 2531 3468 Θεοῦ
2572 3413 2669 3467 καὶ
2723 3410 2931 3481 Κυρίου
2985 3405 3259 3476 λεγούσης
3309 3404 3369 3455 τὸ
3398 3397 3590 3467 Πνεῦμα
3610 3394 3653 3446 τὸ

2132 3512 2313 3577 ἆγιον,
2351 3507 2607 3578 οὐδεμίαν
2646 3505 2754 3559 τῶν
2789 3501 3100 3575 εἰρημένων
3157 3499 3358 3568 φωνῶν
3391 3490 3664 3578 διίσχυρίζετ.

2132 3619 2224 3654 ται
2262 3602 2383 3662 ταῖς
2410 3598 2622 3665 λέξεσιν
2649 3593 2983 3666 ἑρμηνεύειν
3014 3591 3075 3645 τὺ
3124 3584 3536 3659 ἐκπορεύεσθαι,
3571 3576 3654 3632 ἀλλ’

2134 3693 2325 3762 ἓτερον
2353 3688 2667 3759 περιφανῶς
2692 3683 2836 3740 εἶναι
2857 3684 2923 3738 τὸ
2948 3680 3357 3753 ἐκπορεύεσθαι
3382 3676 3470 3729 τοῦ
3491 3668 3655 3741 Πατρὺς

2136 3785 2197 3838 τὸ
2225 3782 2450 3854 Πνεῦμα
2480 3780 2784 3852 νομοθετεῖο
2812 3775 3124 3847 νομοθετεῖν
3166 3773 3284 3842 γάρ
3327 3772 3439 3824 ἐστι
3468 3767 3523 3820 τὸ
3552 3764 3660 3817 mi

2135 3875 2335 3946 πολλὴν
2376 3873 2563 3927 ἄδειαν
2601 3870 2869 3941 διαφοράς
2914 3868 3076 3921 αὐτὸν
3125 3860 3481 3923 πλάττεσθαι,
3519 3854 3660 3926 μηδενὶ

2129 3970 2242 4023 τῶν
2275 3968 2448 4037 ἁγίων
2481 3965 2743 4037 ῥηθείσας
2773 3980 2787 3994 ·
2813 3962 2911 4016 καὶ
2956 3960 3085 4016 ἄλλο
3135 3956 3428 4029 σημαίνειν
3455 3954 3552 4016 τοῖς
3578 3948 3662 4000 civ-6-

451 4064 667 4112 ctorum
711 4051 892 4118 dixit),
950 4057 1004 4105 et
1048 4048 1194 4103 aliud
1248 4046 1476 4103 vocibus
1522 4043 1657 4114 ipsis
1723 4041 2032 4113 significare

2136 4076 2271 4129 μασι
2327 4057 2625 4129 διορίζεται
2664 4055 2762 4118 τὰς
2804 4050 3034 4122 Πνεῦμα
3069 4049 3211 4103 Θεοῦ
3254 4048 3354 4103 καὶ
3387 4043 3569 4114 Κυρίου
3594 4038 3663 4129 καί

455 4160 626 4201 voces
654 4142 865 4206 definit,
896 4157 1019 4213 quae
1073 4139 1339 4211 Spiritum
1395 4137 1487 4191 Dei
1513 4145 1565 4191 et
1599 4133 1810 4189 Domini
1843 4142 1896 4187 et
1926 4131 2032 4186 alia

2132 4125 2203 4205 τά
2233 4125 2423 4221 ὅμοια⁷
2458 4145 2730 4216 λεγούσας
2768 4142 2978 4213 φωνάς.
3010 4140 3121 4193 Kal.
3166 4140 3198 4192 ὁ
3229 4137 3336 4207 μὲν
3368 4131 3531 4187 ταῦτα
3552 4144 3563 4156 '
3586 4125 3666 4221 bis

453 4236 769 4308 ltujusmodi
790 4235 1001 4291 dicunt.
1040 4233 1217 4302 Atque
1240 4230 1321 4286 sic
1369 4228 1588 4296 quidem
1626 4225 1880 4280 Photius.
1918 4223 2032 4276 Ma-

2140 4219 2316 4312 μέγας
2343 4239 2620 4301 Βασίλειος
2649 4237 2707 4291 ἐν
2729 4236 2810 4289 ἐνὶ
2835 4231 3114 4304 κεφαλαίῳ
3160 4229 3284 4284 τῶν
3307 4226 3428 4281 κατ’
3453 4219 3668 4312 Εὐνομίου

396 4316 401 4364 έ
451 4342 595 4400 gnus
626 4336 807 4382 autem
851 4323 1171 4381 Basiliusdn
1234 4322 1473 4391 quodam
1524 4318 1702 4386 capite
1748 4315 2031 4379 librorum,

2123 4310 2367 4400 νάγώνων
2405 4328 2571 4383 αὐτοῦ
2594 4326 2739 4380 οὕτω
2771 4325 2921 4393 λέγει
2948 4321 3135 4391 σαφῶς
3155 4334 3173 4350 ο
3212 4337 3233 4370 ε
3251 4317 3411 4385 ,υὺδέ
3433 4314 3527 4382 γὰρ
3550 4310 3667 4361 ἐλατ-

400 4486 405 4495 λ
452 4435 594 4493 quos
627 4429 818 4476 contra
864 4416 1196 4479 Eunomium
1222 4413 1471 4468 exaravit
1510 4410 1583 4464 ita
1626 4406 1910 4478 perspicue
1955 4406 2037 4459 lo-

2137 4423 2230 4477 τόν
2256 4440 2310 4476 τι
2338 4421 2479 4485 ἕξειν
2526 4419 2797 4491 μέλλομεν
2834 4417 2916 4479 είς
2948 4415 3008 4468 τὸ
3057 4414 3360 4483 γινώσκειν
3412 4410 3470 4461 τὸ
3496 4402 3671 4495 Πνεῦμα

454 4515 683 4586 quitur:
721 4532 740 4565 ι
778 4511 967 4582 Neque
1014 4509 1160 4565 enim
1219 4508 1401 4562 minus
1454 4503 1732 4574 quidpiam
1794 4498 2033 4556 habituri

2141 4518 2411 4588 ὑπάρχειν
2466 4518 2530 4570 ἐκ
2588 4515 2751 4579 Θεοῦ,
2800 4511 3028 4582 Πνεῦμα
3058 4508 3154 4564 τοῦ
3216 4509 3489 4578 στόματος
3542 4494 3671 4553 αὑτοῦ

387 4588 405 4675 ,Ὗ
454 4623 650 4667 sumus
699 4606 770 4662 ad
813 4604 1249 4675 cognoscendum
1289 4598 1550 4668 Spiritum
1613 4609 1735 4650 csse
1775 4608 1842 4648 ex
1900 4594 2032 4656 Deo,

2141 4610 2433 4673 ἀκούοντες
2484 4607 2636 4668 αὐτὸ,
2665 4604 2781 4659 ἀλλ’
2810 4602 2996 4658 ίκανδν
3024 4596 3118 4656 καὶ
3146 4600 3315 4655 τοῦτο
3343 4598 3403 4651 τὸ
3431 4596 3579 4663 ὄνομα
3602 4588 3676 4655 τὴν

453 4717 581 4759 cum
632 4699 889 4755 audimus
931 4711 1057 4750 eum
1093 4693 1359 4764 Spiritum
1390 4705 1515 4746 esse
1569 4688 1683 4744 oris
1716 4688 1897 4750 illius;
1939 4686 2032 4742 sed

2145 4702 2383 4775 ὓπαρξιν
2409 4699 2575 4755 αὐτοῦ
2612 4699 2854 4771 δηλῶσαι
2883 4697 2986 4770 τὴν
3017 4697 3082 4749 ἐκ
3112 4691 3254 4748 Θεοῦ
3292 4691 3427 4762 (2).»
3458 4685 3553 4740 Τοῦ
3576 4682 3676 4751 γοῦν

454 4810 657 4852 nomen
697 4792 803 4848 hoc
863 4788 1142 4846 suﬂiciens
1200 4786 1368 4842 fuerit
1413 4785 1481 4841 ad
1513 4782 1753 4853 Spiritus
1803 4798 1869 4836 ex
1908 4780 2034 4836 Deo

2148 4795 2389 4866 μεγάλου
2420 4792 2635 4864 Πατρὺς
2656 4788 2940 4846 Βασιλείου
2969 4788 3140 4853 αὐτὴν
3160 4784 3265 4856 τὴν
3290 4787 3357 4838 ἐκ
3387 4777 3515 4834 Θεοῦ
3545 4775 3681 4866 ῦπαρ-

451 4886 828 4945 exsistentiam
856 4883 1256 4940 indicandam.»
1277 4880 1413 4935 Cum
1438 4878 1604 4948 igitur
1627 4892 1857 4947 magnus
1876 4874 2038 4930 Pater

2149 4888 2232 4954 ειν
2256 4886 2350 4941 τοῦ
2379 4886 2701 4956 Πνεύματος
2741 4880 3033 4951 δηλοῦσθαι
3062 4875 3464 4946 διασαφοῦντος
3493 4868 3586 4925 ἀπὸ
3604 4863 3680 4930 τῆς

456 4982 689 5039 Basilius
718 4980 892 5052 ipsam
919 4980 988 5034 de
1016 4978 1125 5031 Deo
1158 4974 1392 5056 Spiritus
1415 4971 1783 5027 exsistentiam
1811 4968 2039 5024 indicari

2146 4976 2413 5047 λεγούσης
2447 4976 2634 5044 φωνῆς
2670 4973 2897 5043 Πνεῦμα
2926 4971 3062 5024 Θεοῦ
3094 4969 3156 5022 τὸ
3201 4966 3436 5035 Πνεῦμα
3464 4962 3521 5014 τὸ
3548 4959 3682 5056 invto“.

454 5094 553 5149 per
575 5090 789 5141 vocem,
821 5086 944 5144 quae
975 5045 1237 5125 sanctuni
1251 5066 1517 5137 Spiritum
1557 5065 1650 5141 Dei
1676 5063 1939 5135 Spiritum
1964 5062 2041 5117 di-

2150 5045 2268 5131 πώς
2306 5045 2378 5120 ού
2399 5064 2683 5136 προδήλως
2731 5062 2882 5132 αὐτῷ
2915 5060 2994 5129 τῷ
3023 5059 3113 5113 διὰ
3163 5056 3261 5110 τοῦ
3303 5053 3532 5126 μεγάλου
3561 5045 3684 5149 Βασι-

458 5170 558 5236 eit,
592 5167 880 5239 perspicue
902 5169 1139 5226 asserat,
1168 5161 1443 5231 quomodo
1473 5138 1880 5213 nonevidenter
1904 5155 2041 5210 Pho-

2150 5159 2296 5212 λείου
2321 5156 2575 5213 λαλοῦντι
2608 5155 2890 5224 Πνεύματι
2917 5152 3011 5206 τοῦ
3041 5147 3178 5204 Θεοῦ
3200 5147 3416 5208 Φώτιος
3445 5138 3690 5237 ἀντιλέγων

457 5263 570 5318 tius
590 5229 822 5331 ipsi,qui
854 5272 951 5329 per
968 5229 1227 5325 magnum
1250 5254 1503 5309 Basilium
1526 5252 1792 5322 loquitur,
1818 5248 2041 5319 Spiritui

2154 5253 2302 5306 ἐστὶν
2330 5254 2406 5323 (5)
2439 5254 2497 5304 ἐν
2518 5252 2639 5313 ταῖς
2666 5248 2770 5320 ἤδη
2795 5246 3077 5319 ῥηθείσαις
3108 5240 3441 5311 διαφοραίηςς
3472 5254 3489 5285 ι
3514 5229 3689 5294 Πνεῦμα

462 5356 560 5411 Dei
587 5325 939 5415 contradicit,
965 5348 1095 5404 dum
1121 5347 1452 5404 dillerentias
1469 5345 1581 5415 jam
1609 5345 1781 5399 dictas
1805 5341 2001 5412 t-tiingit
2027 5341 2041 5394 ί

2155 5346 2292 5400 Θεοῦ
2325 5385 2341 5411 ,
2379 5365 2398 5397 ι
2437 5345 2622 5414 φησὶν,
2662 5361 2681 5394 ε
2724 5339 3019 5402 ἀκούοντες
3052 5355 3100 5401 ι,
3157 5338 3185 5388 ὁ
3223 5333 3409 5402 μέγας
3439 5325 3693 5382 Βασίλειος.

462 5447 690 5510 Magnus
719 5442 959 5497 Basilius
983 5457 999 5496 :
1023 5459 1042 5492 ι
1066 5438 1324 5510 Spiritum
1348 5438 1441 5492 Dei
1469 5434 1771 5498 audientes,
1806 5451 1825 5484 ι
1852 5432 2041 5507 inquit1

2163 5462 2181 5493 ι
2224 5443 2289 5494 ἐκ
2318 5439 2455 5492 Θεοῦ
2513 5437 2783 5509 ὑπάρχειν
2814 5434 2876 5488 τὺ
2910 5431 3138 5502 Πνεῦμα
3168 5426 3519 5496 γινώσκομεν
3550 5415 3614 5484 (4)
3636 5428 3648 5440 ·
3675 5425 3690 5458 ⁸

467 5564 484 5597 ε
506 5557 572 5597 ex
591 5543 704 5597 Deo
723 5536 983 5594 Soiritum
1002 5535 1263 5594 exsistere
1283 5530 1664 5603 cognoscimus
1678 5546 1692 5595 ;
1706 5546 1724 5578 ι
1752 5537 1804 5581 et
1826 5525 2041 5579 Photius

2159 5534 2254 5587 καὶ
2286 5531 2490 5595 Φώτιος
2523 5530 2676 5598 λέγει
2703 5544 2718 5560 ο
2752 5546 2771 5580 ε
2805 5527 3037 5598 Ἕτερον
3068 5525 3102 5593 ἡ
3129 5520 3285 5586 λέξις
3311 5517 3599 5588 παρίστησι
3624 5520 3698 5573 ση-

2160 5687 2367 5743 Tlteod.
2393 5703 2444 5742 c.
2479 5689 2509 5741 7
2541 5685 2607 5741 G.
2640 5685 2705 5737 Ο.
2737 5681 2800 5747 l',
2834 5680 2955 5736 142.

2236 5760 2312 5828 (3)
2353 5760 2516 5814 Paulo
2548 5757 2701 5809 aliter
2730 5757 2846 5828 |._c.
2877 5768 2925 5805 c.
2961 5751 3016 5816 8,
3054 5765 3105 5818 p.
3139 5747 3260 5803 “5.

2236 5824 2312 5902 (ai)
2348 5831 2424 5886 Ib.
2462 5844 2513 5882 c.
2548 5828 2598 5891 7,
2636 5842 2686 5897 p.
2723 5824 2846 5879 H5.

540 5696 617 5771 (a)
652 5695 931 5771 Romanos
960 5710 1067 5771 non
1104 5689 1384 5771 speciatim
1423 5686 1770 5759 reprehendit
1806 5683 2052 5750 Pltotius,

464 5764 652 5822 terum
684 5767 1062 5822 Occidentales
1097 5764 1414 5817 universim.

540 5839 617 5907 (1)
652 5836 802 5892 Fort.
834 5836 1058 5902 ἄγνοιαν
1096 5844 1154 5887 ut
1184 5832 1321 5907 apud
1360 5829 1634 5907 Plro‘tjttm.

539 5895 615 5977 (23
647 5908 845 5964 Eadem
878 5895 1059 5962 Basilii
1093 5895 1251 5959 verba
1280 5918 1344 5959 cx
1373 5898 1431 5954 L.
1468 5898 1606 5971 lV;c.
1647 5895 1865 5953 Eun.L.
1898 5896 1965 5953 lll
1990 5897 2056 5955 ad
