3798 6564
150 412 233 479 857
268 402 275 409 ’

861 402 1297 472 REFUTATIO
1333 412 1705 478 PHOTlANl
1747 418 1964 483 LIBRI
2003 424 2100 485 DE
2130 426 2441 494 SPlRITU
2482 434 2540 494 S.

3228 446 3333 508 853

153 523 421 601 μαινόμενον
438 517 465 587 ἡ
486 516 541 569 ὲκ
556 513 648 616 τοῦ
665 515 879 589 Πατρδς
891 520 1294 592 ἐκπορεύεσθαι
1314 524 1373 579 τὸ
1398 524 1644 597 Πνεῦμα,

1760 529 1913 587 dicit:
1943 553 1960 586 ι
1984 537 2265 594 Diversum
2289 540 2507 596 exhibet
2524 543 2885 613 signiﬁcatum
2911 562 3008 602 vox
3031 564 3096 604 ea
3117 565 3237 620 qua:
3255 553 3339 608 di‘

151 616 224 671 καὶ
245 606 456 679 ἕτερονή
484 603 698 675 Πνεῦμα
730 606 869 661 Θεοῦ
905 609 936 681 ἢ
970 611 1177 684 Κυρίου
1209 614 1340 669 αὐτὸ
1359 616 1607 686 λέγουσα.
1627 639 1646 672 ›

150 709 235 764 Καὶ
259 704 417 758 πάλιν
450 717 467 751 ι
496 696 734 769 Οὐδεμία
761 716 823 769 γε
849 701 959 758 τῶν
982 706 1182 774 φωνῶν
1206 708 1315 762 τῶν
1345 712 1655 781 εἰρημένων

148 800 197 854 τὸ
230 791 580 865 ἐκπορεύεσθαι
623 795 748 857 ταῖς
792 794 1001 860 λέξεσιν
1052 798 1372 870 ἑρμηνεύει·
1402 805 1499 857 καὶ
1543 806 1654 876 γὰρ

149 886 411 962 περιφανῶς
436 884 619 955 ἔτερόν
646 887 796 940 ἐστιν
844 888 1243 960 ἐκπορεύεσθαι
1275 895 1371 948 τοῦ
1437 899 1652 968 [lett-9’);

145 982 193 1036 τὸ
215 978 427 1047 Πνεῦμα,
458 975 548 1029 καὶ
596 975 727 1030 ἄλλο
784 979 1113 1050 σημαίνουσι
1162 988 1274 1049 τοῖς
1305 988 1567 1058 ὀνόμασιν
1598 994 1654 1045 αἱ

145 1072 192 1125 τὸ
230 1067 425 1134 Πνεῦμα
459 1064 708 1133 λέγουσαι
736 1067 833 1121 τοῦ
883 1068 1019 1124 Θεοῦ
1051 1075 1147 1128 καὶ
1202 1077 1414 1148 Κυρίου
1446 1060 1539 1133 καὶ
1585 1083 1656 1137 τὰ

144 1166 317 1233 ὃμοια.»
350 1159 440 1212 Ποῖ
464 1174 589 1211 ποτε
615 1159 724 1212 τῶν
745 1161 999 1231 Γραφῶν,
1031 1165 1309 1235 σοφώτατε
1337 1170 1490 1243 ἄνερ,
1525 1174 1652 1226 ταύ-

142 1267 238 1316 ταις
258 1254 360 1315 ταῖς
388 1250 662 1319 διαφοραῖς
692 1254 1064 1326 ἐντετύχηκας
1092 1276 1107 1325 ;
1131 1260 1301 1314 Πόθεν
1330 1280 1415 1317 σοι
1450 1266 1650 1334 γέγονε

139 1346 278 1399 ταῦτα
312 1342 642 1412 νομοθετετνξ
703 1345 765 1397 Εί
821 1345 928 1415 γὰρ
958 1351 986 1401 ὁ
1017 1349 1191 1418 λέγων
1223 1354 1451 1425 Πνεῦμα
1490 1356 1650 1424 Θεοῦ,

139 1437 216 1507 τὴν
261 1437 314 1489 ἑκ
345 1434 469 1487 Θεοῦ
516 1433 668 1503 δηλοί
700 1436 796 1489 τοῦ
841 1438 1164 1511 Πνεύματος
1212 1443 1471 1519 ὕπαρξιν,
1530 1450 1655 1504 κατ’

139 1526 417 1600 ὲξηητικήν
449 1524 522 1597 (l)
551 1525 999 1601 ἁξιυπιστότερόν
1036 1550 1129 1587 σου
1184 1536 1328 1589 κατὰ
1365 1539 1522 1605 πολὺ,
1562 1541 1656 1596 τὸν

143 1624 286 1694 μέγαν
314 1617 603 1682 Βασίλειον,
652 1622 814 1674 ποίαν
844 1622 1025 1690 ἕξουσι
1050 1625 1237 1698 χώραν
1275 1628 1334 1681 αί
1362 1630 1515 1702 παρὰ
1558 1632 1654 1686 σοῦ

139 1713 343 1783 ρηθεῖσαι
369 1710 656 1781 διαφοραίς

1755 624 1827 679 cit
1852 641 1917 681 ex
1946 626 2102 684 Patre
2128 633 2417 698 procedere
2444 634 2729 703 Spiritum,
2749 648 2804 693 et
2833 640 3109 696 diversqu
3141 659 3243 699 vox
3270 660 3336 702 ea

1754 730 1871 785 qum
1887 733 2011 772 eum
2031 721 2137 775 dici
2168 720 2430 791 Spiritum
2460 725 2550 778 Dei
2578 727 2656 779 vel
2683 727 2951 783 Domini.»
2980 729 3045 785 Et
3071 748 3289 789 rursum
3315 751 3328 788 :

1761 825 1780 859 ι
1822 808 1980 865 Nulla
2039 827 2228 866 eorum
2273 831 2464 869 vocum
2521 819 2801 887 conceptis
2865 822 3044 877 verbis
3102 823 3337 880 adit-mat

1762 906 2195 974 processionem,
2224 924 2348 963 nam
2374 912 2665 966 manifeste
2699 912 2846 968 aliud
2879 923 2964 970 est
2994 915 3177 970 dicere
3205 932 3335 986 pro-

1755 995 1950 1051 cedere
1979 1012 2042 1053 ex
2074 999 2237 1052 Patre
2276 1000 2559 1068 Spiritum,
2603 1012 2658 1057 et
2694 1005 2840 1059 aliud
2869 1005 3177 1075 signiﬁcant
3202 1008 3336 1078 ipsis

1756 1087 1936 1147 verbis
1962 1103 2123 1143 voces
2153 1106 2273 1160 quae
2316 1092 2503 1146 dicunt
2539 1093 2806 1161 Spiritum
2852 1095 2943 1151 Dei
3001 1107 3055 1152 et
3085 1098 3324 1161 Domini,

1755 1186 1811 1234 et
1843 1194 1962 1248 quae
2003 1180 2088 1234 his
2121 1182 2376 1237 similia.»
2408 1184 2634 1239 Ubinam
2660 1227 2674 1250 ,
2726 1201 2761 1239 ο
2802 1187 2882 1240 vir
2908 1189 3334 1258 sapientissime,

1756 1270 1810 1324 in
1844 1270 2139 1340 Scripturis
2184 1273 2455 1342 ejusmodi
2502 1278 2750 1345 reperisti
2805 1279 3189 1335 diderentias?
3219 1279 3339 1335 Un-

1755 1361 1950 1416 denum
1977 1378 2042 1417 eo
2080 1363 2349 1419 adductus
2379 1381 2458 1429 es,
2518 1375 2574 1419 ut
2599 1367 2735 1421 tales
2796 1368 2943 1434 leges
2993 1371 3341 1425 constituas?

1762 1453 1894 1509 Nam
1924 1456 1968 1510 si
2010 1457 2054 1511 is
2089 1458 2179 1526 qui
2211 1459 2342 1512 dicit
2370 1458 2631 1527 Spiritum
2684 1459 2778 1514 Dei
2815 1462 3186 1515 exsistentiam
3213 1462 3339 1531 Spi-

1764 1547 1900 1601 ritus
1937 1563 2004 1601 ex
2039 1548 2149 1603 Deo
2181 1534 2404 1616 indicat,
2451 1550 2754 1619 secundum
2795 1552 3195 1621 expositionem
3243 1564 3336 1607 tua

1756 1638 1928 1691 multo
1951 1639 2248 1709 digniorem
2277 1638 2397 1703 dde,
2423 1642 2602 1709 magni
2625 1640 2869 1696 videlicet
2898 1641 3335 1711 Basilii,qualem

1767 1728 2004 1797 amplius
2028 1731 2207 1783 locum
2240 1729 2518 1784 habebunt
2538 1730 2858 1786 dlﬂ‘erentiae
2892 1745 2922 1784 a
2955 1741 3006 1784 te
3032 1731 3340 1785 enat-ratae?

199 1802 570 1869 Ἐκπορεύεται
620 1801 690 1857 τὸ
731 1805 977 1874 Πνεῦμα
1013 1807 1081 1861 ἐκ
1117 1809 1224 1863 τοῦ
1257 1813 1480 1880 ΙΙατρος
1512 1829 1527 1844 ·
1572 1816 1649 1870 Τὸ

1826 1820 2072 1875 Procedit
2118 1821 2347 1890 Spiritus
2389 1838 2453 1876 ea:
2488 1822 2689 1889 Patre;
2744 1824 2868 1878 batc
2913 1822 3080 1877 dictio
3116 1838 3340 1892 prorsus

135 1895 357 1965 ὑπάρχειν
386 1893 598 1957 πάντως
622 1895 682 1947 τὸ
708 1896 931 1966 Πνεῦμα
974 1900 1037 1951 ὲκ
1067 1900 1165 1952 τοῦ
1213 1902 1426 1973 Πατρδς
1450 1907 1482 1974 ἠ
1511 1905 1655 1970 λέξις

133 1988 269 2054 δηλοῖ.
284 1985 506 2054 Πνεῦμα
531 1987 685 2040 Θεοῦ
714 1987 780 2040 τὸ
805 1988 1048 2058 Πνεῦμα
1075 2009 1087 2022 ·
1116 1993 1218 2062 τὴν
1238 1997 1301 2047 ὲκ
1317 1995 1452 2049 Θεοῦ
1476 1996 1656 2070 ῦπαρ-

132 2080 196 2143 ξιν
217 2077 299 2131 τοῦ
336 2077 650 2146 Πνεύματος
690 2081 908 2145 πάντως
938 2084 969 2152 ἡ
1012 2082 1155 2148 λέξις
1183 2086 1334 2157 δηλοῖ
1356 2128 1370 2153 ,
1404 2089 1459 2142 ετ
1479 2106 1543 2159 γε
1578 2093 1653 2160 μὴ

131 2170 313 2224 καὶτὸν
347 2168 512 2238 μέγαν
568 2168 851 2225 Βασίλειον
919 2172 1097 2228 ὀπίσω
1150 2176 1324 2233 θεῖναι
1386 2180 1495 2235 τῶν
1547 2184 1655 2237 σῶν

129 2262 394 2333 ἐξηγήσεων
422 2259 638 2331 βούλεισ
691 2264 789 2318 καὶ
828 2266 859 2335 ἠ
894 2265 1129 2337 διαφορὰ
1185 2268 1373 2325 λοιπὸν
1424 2275 1533 2327 τῶν
1566 2275 1647 2330 λέ-

129 2355 234 2417 ξεων
253 2353 381 2421 1:06;
422 2353 483 2407 Ἦ
510 2355 610 2408 τοῦ
652 2355 970 2427 Πνεύματος
1021 2357 1275 2431 ῦπαρξις,
1313 2365 1450 2418 καθὸ
1482 2367 1653 2421 Πνεύ-

129 2462 265 2515 ματος
313 2443 557 2514 ῦπαρξις,
632 2447 774 2518 αὐτῇ
803 2451 868 2519 τῇ
931 2450 1125 2520 κλήσει
1184 2454 1278 2505 τοῦ
1328 2455 1649 2526 Πνεύματος

125 2537 567 2607 συνεπινοουμένην
611 2538 710 2611 τὴν
735 2540 1065 2609 ἑκπόρευσιν
1101 2542 1235 2614 ἔχει,
1263 2548 1357 2600 καὶ
1382 2548 1480 2602 οὐκ
1506 2549 1654 2606 ἔστιν

124 2627 263 2679 εἰπεῖν
290 2625 500 2697 Πνεῦμα
540 2628 640 2680 καὶ
680 2628 755 2699 μὴ
779 2631 1115 2699 ὲκπορευτὸν
1144 2634 1333 2705 νοῆσαι
1360 2638 1512 2692 αῦτᾶ
1542 2631 1676 2695 εἴτε

122 2718 211 2787 γὰρ
247 2718 533 2783 ἀναϐλύξον
590 2721 655 2773 ὲκ
697 2722 793 2774 τοῦ
822 2724 934 2778 Πατ
947 2724 1039 2794 ρὸς
1064 2724 1215 2793 λέγει
1235 2743 1319 2791 τις
1340 2729 1399 2782 τὸ
1424 2731 1647 2801 Πνεῦμα

122 2809 169 2861 τὸ
192 2809 344 2879 ἅγιον,
391 2813 499 2866 εἴτε
542 2811 817 2884 πηγάζον,
855 2816 966 2869 εἴτε
1013 2817 1159 2871 κατά
1184 2835 1305 2873 τινα
1351 2820 1518 2893 ἄλλην
1542 2823 1653 2877 τῶν

121 2904 218 2959 ἱσαι
244 2904 403 2972 λέξεις
436 2906 537 2978 τὴν
588 2907 756 2963 αὑτοῦ
796 2908 1054 2980 δηλοῦσιν
1088 2913 1151 2965 ἐκ
1201 2913 1421 2983 Πατρὸς
1476 2914 1654 2987 ῦπαρ-

122 2996 202 3062 ξιν,
242 2999 332 3052 οὐκ
378 2999 507 3054 ἄλλο
552 3017 610 3055 τι
664 3002 923 3074 σημαίνει
991 3004 1144 3074 παρὰ
1190 3006 1281 3059 τὸν
1320 3007 1548 3073 λέγοντα
1586 3012 1650 3063 ἐκ

120 3089 296 3160 Πατρδς
324 3090 451 3145 αὐτὸ
475 3092 886 3164 ἐκπορεύεσθαι
926 3108 940 3124 ⁸
978 3096 1031 3149 εί
1067 3097 1174 3167 γὰρ
1203 3098 1298 3150 καὶ
1338 3100 1510 3154 πᾶσαι
1553 3102 1650 3170 μὲν

1764 1912 2026 1982 Spiritum
2061 1916 2323 1969 exsistere
2368 1915 2624 1982 denotat;
2680 1914 2909 1984 Spiritus
2955 1913 3051 1968 Dei
3098 1924 3175 1969 est
3214 1912 3337 1980 Spi—

1762 2006 1937 2071 ritus;
1978 2003 2150 2060 Dictio
2181 2005 2297 2060 haec
2332 2021 2560 2076 prorsus
2595 2007 2816 2061 denotat
2868 2005 3104 2075 Spiritus
3133 2020 3196 2060 ex
3232 2002 3341 2057 Deo

1762 2099 2171 2164 cxsistentiam,
2204 2098 2473 2168 siquidem
2513 2096 2653 2151 haud
2705 2097 2801 2151 tibi
2852 2097 3030 2167 placet
3077 2109 3336 2165 magnum

1765 2187 2033 2242 Basilium
2086 2189 2196 2244 tuis
2243 2198 2573 2259 postponere
2621 2187 3140 2258 explanatiouibus;
3175 2200 3342 2256 porro

1762 2279 1986 2333 ubinam
2044 2295 2191 2334 nunc
2257 2278 2560 2334 dictionum
2624 2278 2956 2334 diversitas?
3008 2277 3341 2333 Exsistentia

1760 2369 2024 2438 Spiritus,
2079 2380 2350 2442 quatenus
2401 2377 2484 2425 est
2515 2370 2752 2440 Spiritus
2814 2370 3170 2434 exsistcntia,
3222 2369 3343 2437 ipso

1762 2460 1996 2529 Spiritus
2043 2461 2316 2517 vocabulo
2351 2461 2515 2516 simul
2564 2460 2914 2530 coniunctam
2967 2452 3133 2514 habet
3167 2458 3343 2512 notio-

1763 2565 1886 2604 nem
1942 2551 2348 2622 processionis;
2383 2565 2483 2606 nec
2512 2565 2808 2621 possumus
2857 2550 3039 2604 dicere
3077 2546 3340 2618 Spiritum

1757 2652 1810 2696 ct
1844 2659 1954 2698 non
1985 2644 2364 2713 procedentem
2397 2656 2522 2697 eum
2559 2641 2880 2712 intelligere.
2907 2640 3032 2695 Sive
3057 2639 3202 2694 enim
3217 2653 3289 2708 qu
3314 2652 3343 2692 8

1761 2736 2154 2790 scaturientem
2205 2749 2270 2790 ex
2325 2732 2490 2789 Patre
2539 2733 2670 2789 dicit
2725 2730 2995 2803 Spiritum
3044 2730 3161 2785 sive
3211 2742 3338 2798 pro-

1757 2827 2013 2882 ﬂuentem
2050 2828 2165 2883 sive
2200 2826 2359 2881 aliam
2395 2825 2689 2896 quamdam
2739 2839 2933 2880 earum
3003 2829 3235 2891 usurpat
3262 2819 3345 2875 di—

1757 2919 2037 2983 ctionum,
2098 2934 2220 2988 qua:
2284 2933 2349 2973 ex
2404 2918 2577 2987 ipsius
2632 2932 2698 2971 ex
2754 2914 2914 2970 Patre
2969 2912 3342 2969 exsistentiam

1756 3011 2055 3074 declarant,
2090 3024 2197 3063 non
2254 3009 2400 3063 aliud
2434 3008 2731 3077 quidquam
2757 3004 3062 3076 signiﬁcat,
3100 3016 3263 3073 quam
3296 3000 3343 3054 is

1755 3101 1849 3171 qui
1877 3116 2001 3154 eum
2033 3115 2100 3155 ex
2130 3099 2286 3153 l’atre
2317 3098 2453 3153 dicit
2488 3097 2803 3167 procedere.
2837 3095 2972 3150 Nam
3006 3094 3053 3150 si
3100 3100 3155 3148 et
3202 3105 3327 3145 om-

117 3181 161 3232 οί
193 3180 330 3235 mu
379 3181 559 3249 λέξεις
593 3184 654 3237 τὸ
693 3184 881 3250 ἁπλῶς
924 3182 1063 3241 εἷναι
1091 3188 1314 3257 δηλοῦσι
1355 3190 1447 3244 τοῦ
1486 3191 1652 3245 [Lsti-

1760 3208 1853 3245 ues
1882 3192 2001 3246 alite
2048 3190 2319 3246 dictiones
2374 3189 2699 3258 simpliciter
2739 3203 2862 3243 esse
2910 3187 3175 3243 denotant
3222 3184 3338 3254 Spi-

117 3290 274 3342 ματος,
326 3274 652 3345 ἰδιοτρόπως
690 3276 746 3330 δὲ
798 3279 832 3347 ἡ
882 3279 1207 3350 ὲκπὸρευσις
1252 3281 1315 3334 τὸ
1364 3281 1480 3345 πῶς
1515 3278 1657 3337 εἶναι

115 3364 238 3417 σῦοῦι
292 3364 401 3420 ἀλλ’
467 3367 600 3423 επεὶ
674 3368 884 3441 αὐτὴή
942 3370 1035 3423 τοῦ
1087 3370 1401 3441 Πνεύματος
1465 3374 1659 3443 κλῆσις

112 3456 191 3525 τὴν
218 3456 341 3526 πρὸς
365 3458 496 3513 Υίὸν
521 3454 786 3530 ἐμφαίνει
818 3460 1109 3533 διαφορὰν,
1157 3466 1252 3517 καὶ
1291 3465 1419 3535 δίχα
1441 3466 1535 3520 τοῦ
1564 3469 1658 3519 ὲκ-

113 3548 339 3617 πορευτδν
386 3551 629 3623 ῥηθῆναι
688 3550 844 3619 αὐτὸ,
900 3552 1072 3623 αὐτὴν
1144 3555 1244 3625 τὴν
1301 3557 1650 3630 ἐκπορευτὴν

111 3639 464 3712 ὔπαρξιν.δσῳ
502 3645 608 3698 καὶ
664 3643 986 3715 Πνεύματος
1025 3645 1286 3717 ὕπαρξιν,
1323 3651 1418 3702 καὶ
1450 3651 1481 3717 ή
1531 3652 1660 3705 ἀνά-

111 3728 268 3795 6λυσις
295 3732 444 3805 δηλοῖ
490 3735 592 3789 καὶ
620 3737 648 3789 ὀ
691 3736 986 3808 πηγασμδς
1016 3738 1110 3790 καὶ
1141 3739 1175 3808 ὴ
1219 3738 1484 3808 πρόχυτις
1510 3755 1526 3771 ·
1563 3742 1659 3794 καὶ

106 3820 176 3874 διὰ
203 3823 365 3879 ταῦτα
396 3825 460 3878 ού
520 3827 711 3891 καλῶς
760 3829 1218 3900 νενομοθέτηκας,
1258 3832 1287 3884 ὁ
1320 3830 1654 3899 σοφώτατος,

108 3914 191 3968 ὅσα
219 3916 344 3987 δῆτα
388 3918 835 3991 νενομοθέτηκας
890 3922 1019 3992 περὶ⁵
1058 3921 1345 3991 διαφορᾶς,
1380 3922 1558 3990 λέγων
1582 3923 1657 3986 ὡς

107 4004 261 4075 ἕτερον
296 4009 394 4078 μὲν
451 4013 487 4081 ἠ
538 4010 698 4077 λέξις
746 4012 1055 4082 παρίστησι
1095 4015 1500 4083 σημαινόμενον
1530 4016 1563 4085 ἠ
1594 4017 1660 4068 ὲκ

107 4094 183 4147 τοῦ
208 4098 415 4169 Πατρὸς
438 4101 849 4172 ἐκπορεύεσθαι
874 4104 937 4155 τὸ
984 4104 1231 4173 Πνεῦμα,
1261 4104 1356 4156 καὶ
1402 4102 1595 4174 ἕτερον
1622 4106 1657 4174 ἡ

103 4186 297 4258 Πνεῦμα
339 4190 478 4245 Θεοῦ
527 4190 563 4262 ἢ
602 4190 806 4262 Κυρίου
865 4192 998 4245 αὐτὸ
1035 4193 1292 4259 λέγουσα.
1349 4193 1490 4245 Ἀλλ’
1531 4193 1654 4246 οὐδὲ

104 4280 205 4342 ταῖς
238 4284 433 4351 ἐφεξῆς
486 4285 627 4355 περὶ
682 4284 777 4336 τοῦ
813 4283 1102 4353 δμοουσίου
1146 4286 1338 4354 ρήσεσι
1389 4284 1486 4337 καὶ
1538 4286 1658 4346 ταῖς

103 4370 299 4443 Πνεῦμα
331 4374 464 4429 Υίοῦ
519 4376 621 4430 καὶ
648 4375 878 4446 Πνεῦμα
914 4375 1151 4446 Χριστοῦ
1189 4375 1482 4445 δηλούσαις
1538 4393 1656 4445 φω-

102 4466 199 4526 ναῖς
223 4466 438 4536 ἐχρήσω
465 4467 678 4533 καλῶς,
703 4470 833 4540 περὶ
862 4462 938 4522 ὧν
964 4468 1226 4532 πολλάκις
1253 4470 1506 4533 εἰπόντες
1528 4485 1657 4521 σιω-

101 4555 264 4628 πῶμεν
292 4560 360 4614 τὰ
400 4560 523 4619 νῦν.

660 4838 1049 4896 ΚΕΙΜΕΝΟΝ.

152 4928 249 4997 ιιγ’.
281 4930 353 4985 Σὺ
381 4931 441 4986 δέ
480 4947 580 5002 μοι
613 4932 807 4987 σκόπει
833 4932 1147 4987 κάντεῦθεν.
1210 4931 1285 4985 Τὸ
1316 4932 1540 5004 Πνεῦμα
1567 4931 1658 4987 λέ-

94 5033 228 5083 γεται
275 5023 368 5076 τοῦ
409 5022 689 5095 Χριστοῦ,
729 5025 822 5078 καὶ
854 5026 1003 5087 ὅπως
1046 5023 1293 5092 λέγεται,
1335 5026 1395 5078 οὐ
1425 5026 1658 5095 χαλεπὸν

93 5110 146 5163 ἐκ
165 5112 249 5166 τοῦ
293 5114 528 5171 Ἡσαΐου
578 5117 791 5188 μαθεῖν,
828 5117 1036 5185 μᾶλλον
1067 5117 1123 5171 δὲ
1149 5118 1246 5171 καὶ
1274 5117 1333 5184 ἐξ
1358 5117 1530 5187 αὐτῆς
1557 5118 1659 5186 τῆς

97 5208 419 5278 Δεσποτικῆς
449 5209 822 5277 ἀναγνώσεως
878 5210 974 5263 καὶ
1031 5207 1239 5277 φωνῆς’
1272 5207 1517 5277 Πνεῦμα
1544 5209 1655 5278 γάρ

88 5294 166 5347 ἐπ’
197 5297 319 5367 ἐμὲ,
379 5303 583 5372 φησὶν,
639 5297 711 5357 οὗ
756 5301 990 5355 εἵνεκεν
1026 5299 1238 5371 ἐχρισέ
1272 5316 1368 5369 με·
1425 5299 1565 5354 ὥστε
1597 5300 1659 5354 τὸ

90 5385 294 5475 Πνεῦμα
313 5393 482 5471 ἄλλον
509 5394 614 5463 μὲν
633 5394 833 5475 τρόπον
856 5392 1071 5461 λέγεται
1088 5392 1184 5446 τοῦ
1211 5393 1445 5464 Κυρίου,
1466 5392 1657 5464 ἕτερον

89 5474 137 5528 δὲ
164 5480 253 5531 τοῦ
281 5480 442 5535 Υίοῦ·
474 5488 543 5534 τὸ
580 5474 678 5551 μὲν
702 5482 809 5553 γὰρ
844 5482 918 5543 ὡς
939 5482 1227 5553 δμοούσιον
1258 5498 1272 5514 ο
1307 5483 1369 5535 τὸ
1405 5482 1463 5535 δὲ
1492 5483 1539 5535 εί
1565 5482 1659 5536 καὶ

87 5570 376 5639 ὀμοούσιον,
405 5572 559 5626 ἀλλὰ
595 5573 690 5627 νῦν
720 5590 784 5642 γε
813 5573 903 5627 διὰ
928 5572 994 5628 τὸ
1042 5574 1256 5645 χρίσμα
1312 5573 1531 5642 λέγεται
1560 5572 1656 5627 τοῦ

87 5656 227 5713 Υίοῦο
255 5662 511 5717 Χοιστοῦ
558 5662 635 5733 (2)
684 5664 794 5737 γὰρ
842 5663 1091 5738 Πνεῦμα,
1126 5665 1210 5720 ὅτι
1262 5664 1408 5738 χρίει
1469 5664 1654 5721 αὐτόν’

144 5816 214 5887 (l)
240 5818 390 5877 Fort.
418 5821 725 5894 ἐξηγητὴν.

1762 3283 1945 3347 ritus,
1999 3283 2220 3353 proprio
2267 3295 2397 3335 vero
2450 3280 2611 3334 modo
2663 3279 2944 3348 processio
3006 3280 3337 3335 cxsisteutiz

1758 3385 1966 3432 certum
2017 3374 2237 3428 modum
2293 3372 2537 3438 indicat;
2598 3380 2774 3427 tamen
2826 3372 3084 3442 quoniam
3143 3374 3321 3443 ipsum

1760 3467 2002 3536 Spiritus
2060 3464 2386 3519 vocabulum
2436 3464 2799 3518 differentiam
2843 3464 2911 3519 ad
2961 3463 3157 3519 Filium
3210 3479 3329 3519 ma-

1759 3558 2251 3623 nilestat,ctiamsi
2318 3573 2425 3611 non
2486 3557 2702 3612 dicatur
2762 3557 3096 3628 procedens.
3146 3558 3321 3626 ipsam

1760 3650 1901 3703 hanc
1975 3648 2347 3703 exsistentiam
2435 3663 2531 3716 per
2618 3648 3068 3718 processiouem,
3140 3655 3331 3717 utpote

1761 3737 2002 3807 Spiritus
2028 3737 2398 3792 exsistentiam
2422 3776 2438 3802 ,
2467 3736 2630 3791 etiam
2680 3737 3012 3791 scaturiendi
3038 3775 3053 3802 ,
3102 3744 3160 3791 et
3207 3750 3328 3806 pro-

1758 3829 1960 3884 ﬂuendi
2002 3839 2058 3884 et
2105 3830 2443 3898 profusionis
2489 3844 2652 3885 voces
2686 3830 2987 3884 declarant.
3031 3830 3210 3900 Atque
3240 3830 3324 3883 id-

1758 3923 1909 3976 eirco
1961 3937 2066 3977 nou
2115 3930 2265 3977 recte
2308 3922 2455 3991 leges
2486 3936 2616 3986 eas,
2652 3936 2684 3976 ο
2737 3923 3145 3992 sapientissime
3170 3961 3185 3985 ,
3218 3930 3330 3977 sta-

1759 4014 1910 4067 tuisti
1972 4027 2110 4082 quas
2154 4022 2306 4069 certo
2348 4014 2417 4067 de
2471 4013 2774 4068 dill‘erentia
2814 4014 3057 4068 sancitas
3107 4013 3325 4066 voluisti

1758 4123 2040 4173 asserens,
2099 4108 2265 4162 alium
2310 4109 2680 4178 signiﬁcatum
2753 4107 3015 4162 exhibere
3079 4107 3330 4176 proposi-

1762 4199 1963 4252 tionem
1994 4236 2009 4263 ,
2051 4213 2118 4252 ex
2165 4195 2325 4253 Patre
2376 4200 2669 4266 procedere
2717 4198 2978 4269 Spiritum
3007 4237 3020 4261 ,
3056 4207 3113 4252 et
3157 4199 3322 4252 aliunt

1761 4293 2155 4354 assertionem,
2180 4306 2286 4359 qua
2311 4291 2549 4359 Spiritus
2599 4289 2687 4344 Dei
2722 4291 2806 4344 vel
2844 4289 3057 4343 Domini
3109 4288 3330 4343 dicitur.

1768 4383 1967 4437 Verum
2037 4397 2215 4451 neque
2277 4382 2561 4452 sequentia
2629 4381 2722 4447 de.
2756 4378 3334 4436 consubstantialitatc

1761 4475 1903 4527 dicta
1951 4482 2006 4527 et
2055 4488 2255 4538 voces,
2304 4486 2426 4541 quae
2485 4471 2747 4540 Spiritum
2796 4469 2917 4524 Filii
2961 4478 3014 4525 et
3066 4469 3333 4538 Spiritum

1691 4562 1733 4616 D
1760 4564 1961 4619 Christi
1996 4564 2187 4618 dicunt
2246 4563 2317 4632 (c.
2359 4565 2449 4628 9|,
2481 4562 2572 4632 92)
2616 4571 2763 4618 recte
2810 4560 3125 4620 adhibuisti,
3179 4576 3323 4630 quae,

1758 4670 1882 4709 cum
1906 4654 2018 4724 jam
2047 4654 2246 4723 saepius
2275 4653 2342 4708 de
2368 4653 2437 4708 iis
2463 4652 2763 4710 dixerimus
2786 4692 2801 4717 ,
2842 4651 2898 4706 in
2930 4649 3213 4721 praesentia
3257 4652 3330 4708 si—

1757 4748 1929 4805 lentio
1955 4748 2324 4817 praeterimus.

2413 4835 2716 4893 TEXTUS.

1829 4934 1917 4991 93.
1951 4934 2032 4988 Tu
2067 4948 2196 4988 vero
2231 4933 2355 4987 hinc
2380 4946 2601 5001 quoque
2651 4944 2763 4984 rem
2798 4931 3068 5000 expende.
3099 4929 3336 4999 Spiritus
3434 4923 3444 4933 ’

1759 5025 1957 5080 dicitur
2014 5025 2250 5093 Spiritus
2297 5023 2538 5083 Christi,
2586 5032 2638 5075 et
2681 5036 2787 5090 qua
2845 5024 3055 5075 ratione
3102 5020 3336 5085 dicatur,

1758 5132 1870 5170 non
1932 5124 2018 5169 est
2070 5114 2288 5168 dilllcile
2339 5129 2403 5167 ex
2460 5112 2595 5167 Isaia
2656 5112 2886 5177 discere,
2934 5113 3047 5165 imo
3094 5125 3223 5164 vero
3271 5124 3333 5163 ex

1760 5206 1994 5277 ipsamet
2024 5204 2237 5258 Domini
2268 5204 2586 5259 recitatione
2608 5218 2674 5259 ac
2704 5218 2833 5258 voce
2863 5221 2877 5257 :
2914 5200 3148 5271 Spiritus
3190 5199 3332 5254 enim

1760 5298 2023 5361 Domini,
2069 5296 2271 5366 inquit,
2329 5311 2488 5366 super
2543 5312 2659 5361 me,
2698 5308 2972 5366 propterea
3031 5294 3182 5347 unxit
3231 5308 3331 5344 me.

1758 5390 2121 5455 Quamobrem
2175 5388 2409 5457 Spiritus
2461 5388 2570 5444 alio
2620 5387 2783 5442 modo
2831 5387 3032 5441 dicitur
3092 5383 3330 5447 Domini,

1759 5482 1865 5537 alio
1910 5482 2072 5536 modo
2099 5479 2257 5546 Filii;
2295 5481 2532 5549 Spiritus
2585 5478 2795 5534 Domini
2848 5487 3032 5547 utpote
3087 5474 3327 5530 consub-

1758 5572 2074 5637 stantialis;
2119 5570 2355 5642 Spiritus
2408 5585 2537 5624 vero
2588 5568 2754 5635 Filii,
2802 5569 2926 5623 licet
2976 5567 3046 5621 sit
3093 5566 3327 5622 consub-

1761 5667 2055 5733 stantialis,
2082 5675 2266 5723 tamen
2295 5674 2514 5736 propter
2538 5663 2847 5720 unctionem
2876 5663 3094 5720 dicitur.
3123 5658 3326 5716 Christi

1830 5822 1909 5894 (Ξ)
1941 5821 2107 5878 Laur.
2138 5820 2296 5878 habet
2321 5818 2548 5890 Κυρίου.
