3944 6556
159 435 302 499 835
1130 431 1576 494 REFUTATIU
1619 433 1836 496 LIBRI
1877 437 2209 501 GEORGII
2251 441 2531 503 CYPRII.
3372 441 3475 499 866

163 552 302 629 χὰς
348 556 377 608 ὀ
409 552 504 623 τῆς
535 550 693 623 ἡμῶν
724 547 998 621 σωτηρίας
1023 548 1397 623 ἀναρριπίσας
1428 551 1690 623 πολέμιος
1717 555 1798 616 είς

1909 554 2183 614 Ecelesias
2212 559 2521 613 simultates
2554 572 2617 612 ac
2646 556 2836 613 turbas
2864 553 3061 613 salutis
3084 564 3288 612 nostrae
3312 557 3483 614 hostis

163 644 246 697 τὸ
283 647 513 700 πάντων
543 644 654 697 τῶν
681 643 872 697 κακῶν
894 643 1126 713 ἔσχατον
1158 644 1258 715 τὴν
1286 645 1500 699 οἰκείαν
1518 645 1615 698 νῦν
1641 662 1798 715 περι-

1909 652 2218 715 excitasset,
2255 667 2401 705 nunc
2431 651 2650 705 tandem
2693 648 2748 704 in
2783 649 3052 705 malorum
3096 650 3345 704 omnium
3387 665 3483 705 ex-

170 737 407 807 στῆσαι
439 735 697 805 σπουδήν.
732 736 797 788 Εἰ
828 737 939 805 γὰρ
969 736 1063 790 καὶ
1109 734 1279 805 τριῶν
1326 737 1465 790 ὅλων
1507 739 1798 791 ὲκατοντά·

1909 750 2142 797 tremum
2200 743 2381 797 studia
2428 757 2528 797 sua
2580 742 2998 812 omniatatque
3061 742 3485 798 sollicitudinem

166 827 308 879 δων
346 827 538 898 χρόνου
585 826 786 899 μέτρον
817 825 1153 899 ὑπερετάθη,
1187 827 1280 895 ἀφ’
1311 820 1374 880 οὑ
1406 828 1515 880 τῶν
1571 827 1798 899 Ἐκκληι

1909 834 2228 888 collocaret.
2266 833 2420 887 Licet
2449 834 2596 888 enim
2633 834 2794 887 trium
2827 842 2881 887 et
2911 841 3281 888 trecentorum
3315 847 3462 887 anno

170 919 342 972 σιῶν
364 919 573 972 τούτων
601 920 806 990 σχίσμα
839 919 1213 990 κρατύνεσθαι
1245 917 1472 990 ἤρξατο,
1504 919 1621 972 ἀλλ’
1648 918 1798 972 οὔπω

1909 940 2024 978 rum
2053 926 2293 994 spatium
2317 925 2599 979 evolutum
2632 935 2736 991 est,
2764 940 2828 978 ex
2856 940 2967 993 quo
2994 925 3264 979 dictarunt
3293 923 3486 979 Eccle-

1905 1018 2112 1072 siarutn
2181 1016 2475 1071 dissidium
2539 1016 2685 1071 vires
2739 1024 2795 1072 et
2858 1016 3170 1075 firmitatem
3234 1018 3482 1070 nancisci

1907 1105 2102 1177 capit,
2131 1106 2198 1160 ad
2225 1104 2343 1161 haec
2370 1106 2733 1161 nihilominus
2766 1113 3012 1175 tempora
3046 1114 3322 1159 rectorum
3347 1103 3485 1173 dog-

1905 1208 2112 1253 matum
2139 1198 2395 1254 Ecclesiae
2416 1198 2836 1253 fundamentum
2864 1196 3106 1250 nondum
3140 1210 3477 1252 concussum

1905 1290 2116 1358 fuerat,
2169 1293 2264 1349 sed
2309 1308 2510 1363 purum
2554 1292 2839 1348 dissidium
2889 1293 3030 1346 inter
3068 1291 3264 1346 ambas
3308 1297 3489 1359 partes

1913 1385 2327 1448 intercedebat,
2382 1394 2434 1439 et
2496 1398 2780 1439 sermones
2838 1381 3146 1437 dialecticis
3213 1383 3489 1437 methodis

1906 1478 2163 1544 utrinque
2209 1477 2460 1542 revoluti,
2512 1477 2692 1547 pravis
2741 1475 3024 1530 nonnullis
3076 1475 3487 1545 Scripturarum

1905 1569 2452 1638 interpretationibus
2480 1569 2767 1624 Sententia:
2809 1560 3104 1637 puritatem
3146 1567 3488 1630 interturba-

173 1012 372 1083 μέχρι
406 1013 500 1065 καὶ
536 1012 631 1065 νῦν
664 1015 692 1064 ὸ
718 1010 828 1065 τῶν
863 1011 1043 1082 ὀρθῶν
1092 1010 1383 1081 δογμάτων
1427 1010 1528 1080 τῆς
1569 1011 1805 1083 Ἐκκληο

171 1107 330 1169 σίας
363 1104 625 1172 θέμεθλος
661 1104 959 1172 διεσείσθη.
988 1104 1205 1172 Σχίσμα
1228 1103 1285 1156 δὲ
1315 1099 1385 1174 ἦν
1410 1104 1585 1167 ἄλλως
1613 1105 1806 1159 ἑκατέ-

175 1211 323 1264 pot;
347 1198 458 1258 τοῖς
484 1195 713 1266 μέρεσιν
760 1193 1201 1264 ὲμφιλοχωροῦν,
1236 1197 1331 1249 καὶ
1346 1195 1498 1264 λόγοι
1526 1198 1804 1269 ἑκατέρω-

173 1285 297 1338 θεν
344 1285 718 1347 διαλεκτικωτς
745 1283 993 1354 μεθόδοις
1032 1285 1564 1355 παρακῳτοὺμενοι,
1598 1284 1805 1358 παρεξ-

170 1379 440 1448 ηγήσεσί
474 1394 589 1431 τισι
659 1378 772 1431 τῶν
827 1376 1062 1446 Γραφῶν
1095 1376 1158 1428 τδ
1184 1377 1286 1447 τῆς
1316 1379 1528 1442 ἐννοίας
1578 1379 1806 1433 συνετά.-

178 1488 404 1543 ραττον
451 1469 716 1541 καθαρόν.
767 1467 885 1522 Νῦν
938 1468 997 1522 δὲ
1034 1470 1118 1531 είς
1169 1471 1449 1539 φανερὰν,
1485 1468 1661 1539 οἵμοιι
1704 1472 1803 1541 τὴν

176 1565 418 1634 αἵρεσιν
470 1564 499 1615 ό
534 1561 771 1633 πονηρὸς
814 1558 1333 1625 ἁπιυθαδιάζεται,
1388 1563 1482 1616 καὶ
1535 1563 1804 1633 πρόδηλον

179 1656 335 1726 ἄρτι
394 1658 507 1708 τῶν
568 1654 859 1726 πατρικῶν
900 1654 1191 1724 δογμάτων
1244 1654 1644 1725 εἰσηγούμενος
1704 1654 1798 1725 τὴν

1909 1662 2052 1714 bant.
2099 1664 2168 1715 At
2196 1678 2343 1716 nunc
2372 1674 2615 1730 apertam
2642 1661 2917 1723 haeresim,
2964 1675 3043 1712 va:
3074 1659 3248 1713 tnihil
3288 1661 3490 1727 impio-

181 1750 488 1819 ἀθέτησιν,
510 1749 612 1819 τῆς
639 1750 758 1801 ὲντε
770 1747 897 1801 ὑθεν
920 1747 1213 1818 αἱρετικῆς
1235 1747 1437 1811 κακίας
1465 1749 1649 1802 πᾶσαν
1670 1747 1798 1801 ἀνα-

1909 1754 2008 1808 bus
2039 1756 2444 1809 contumaciter
2497 1754 2730 1817 evomit,
2776 1763 2830 1806 et
2877 1752 3118 1822 patet-nis
3142 1751 3489 1822 dogmatibus

181 1842 415 1909 πλῆσαι
466 1841 566 1911 τὴν
617 1839 715 1893 τοῦ
784 1839 923 1893 Θεοῦ
978 1840 1308 1911 Ἐκκλησίαν
1352 1839 1797 1894 ἀπαναιδεύεται.

1909 1849 2083 1915 palam
2114 1847 2486 1901 cxauctoratis
2507 1886 2523 1909 ,
2552 1861 2690 1899 noxa
2723 1860 2845 1914 quae
2905 1860 2969 1896 ex
3015 1843 3205 1898 haeresi
3274 1859 3461 1913 pruina

198 1933 360 1987 Ἀλλ’
396 1933 546 1995 ὅπως
579 1931 679 2002 μὲν
710 1932 807 1984 καὶ
853 1931 945 1985 διὰ
993 1934 1179 1997 στί-λων,
1213 1933 1307 1984 καὶ
1358 1933 1467 1984 τίσι
1516 1930 1798 2001 χρώμενος

1909 1948 2023 2005 nat,
2049 1941 2358 1994 universam
2386 1938 2478 1993 Dei
2506 1938 2803 1993 Ecclesiam
2842 1936 3064 1991 inlicere
3095 1952 3201 1990 non
3232 1947 3484 1990 veretur:

184 2028 318 2089 τοῖς
366 2025 647 2095 ὀργάνοις,
683 2026 709 2079 ό
757 2024 868 2078 τῶν
916 2025 1189 2078 τοιούτων
1221 2025 1464 2096 ἀρχηγὸς
1514 2026 1657 2079 κατὰ
1698 2027 1798 2095 τῆς

1909 2032 2002 2087 sed
2034 2033 2335 2103 quomodo,
2373 2044 2426 2087 et
2461 2031 2663 2101 quibus
2691 2032 2924 2095 artibus,
2958 2029 3074 2085 sive
3105 2029 3488 2084 instrumentis

186 2121 317 2174 τοῦ-
372 2121 512 2174 Θεοῦ
581 2119 914 2191 Ἐκκλησίας
996 2121 1167 2174 ταῦτα
1263 2122 1663 2192 ἐπιτεχνᾶται,
1741 2122 1798 2174 οὑ

1909 2141 2042 2180 usus
2068 2142 2250 2180 rerum
2272 2127 2533 2180 similium
2561 2137 2752 2180 auctor
2771 2130 3033 2181 adversus
3057 2124 3148 2178 Dei
3178 2124 3483 2201 Ecclesium

189 2212 301 2267 τοῦ
361 2213 632 2283 παρόντος
699 2213 882 2282 λέγειν
933 2212 1104 2268 ἐστίν.
1179 2213 1379 2285 Ἀλλης
1440 2214 1550 2287 γὰρ
1603 2215 1669 2269 ἂν
1714 2213 1798 2284 εἴη

1911 2220 2026 2274 haec
2054 2219 2516 2282 comminiscitur,
2550 2234 2657 2272 non
2689 2229 2773 2273 est
2810 2219 3095 2286 praesentis
3114 2217 3375 2287 temporis
3403 2233 3489 2269 re-

188 2306 304 2374 τῆς
389 2305 778 2376 πραγματείας
865 2305 1298 2377 καθιστορῆσαι,
1351 2307 1501 2369 ὅπως
1567 2307 1630 2360 οὑ
1697 2306 1798 2362 τῶν

1909 2312 2070 2373 ferre,
2092 2319 2147 2366 et
2164 2312 2391 2365 alterius
2406 2320 2548 2365 esset
2573 2310 2923 2373 narrationis,
2938 2308 3216 2378 explicare
3237 2322 3343 2376 qua
3369 2308 3484 2376 ipse

190 2398 452 2467 γνησίων
520 2397 694 2467 αὑτῆς
761 2399 1143 2470 γεννημάτων,
1174 2398 1328 2452 νόθον
1366 2399 1424 2451 δὲ
1456 2399 1552 2453 καὶ
1580 2399 1687 2452 τῶν
1709 2401 1798 2452 αὑ-

1911 2405 2155 2467 ratiune,
2192 2418 2317 2456 cum
2351 2418 2459 2456 non
2482 2417 2629 2458 esset
2659 2417 2723 2454 ex
2770 2402 3025 2470 legitimis
3061 2401 3291 2470 hujusce
3334 2400 3485 2454 urbis

192 2489 305 2559 τῆς
361 2488 569 2542 ὠδίνων
618 2488 899 2562 ἀλλότριόν
945 2492 1062 2543 ἐστι
1110 2491 1445 2560 κυοφόρημα
1493 2491 1522 2542 ό
1551 2489 1653 2560 τῆς
1703 2491 1798 2559 ἀρ·

1911 2492 2024 2549 fetit
2048 2509 2136 2554 us,
2188 2493 2282 2547 sed
2319 2496 2563 2562 spurius,
2597 2503 2652 2547 et
2703 2495 2773 2546 ab
2808 2493 3055 2560 ejusdem
3093 2494 3305 2546 alienus
3335 2499 3492 2546 nata-

191 2577 469 2647 τιφανοὺς
536 2579 805 2649 αἱρέσεως
851 2580 1135 2650 ἀρχηγός·
1187 2581 1324 2634 ἀλλὰ
1396 2580 1462 2650 δὴ
1506 2582 1603 2634 καὶ
1659 2581 1798 2644 ὅπως

1913 2584 2090 2649 libus,
2133 2599 2283 2638 novre
2313 2585 2538 2639 haeresis
2566 2593 2758 2638 auctor
2787 2585 3016 2638 emersit
3060 2601 3075 2636 :
3119 2583 3230 2636 imo
3283 2590 3338 2635 et
3379 2597 3488 2651 qua

193 2672 475 2744 ἀρρήτοις
554 2671 691 2725 Θεοῦ
758 2676 994 2744 κρίμασι
1056 2673 1153 2727 τοῦ
1216 2677 1316 2745 τῆς
1392 2674 1798 2728 Κωνσταντίνου

1912 2674 2122 2729 ratione
2153 2675 2269 2737 Dei,
2302 2690 2426 2744 qua:
2467 2676 2649 2730 verbis
2673 2673 2907 2742 exprimi
2939 2680 3239 2742 nequeunt,
3259 2670 3489 2740 judictis

195 2766 406 2833 θρόνου
473 2765 687 2837 ἐπέϐη,
739 2769 806 2837 τῇ
873 2767 1127 2839 εὐσεϐείᾳ
1197 2769 1642 2837 συντυραννήσας
1715 2766 1798 2820 καΊ

1912 2767 2549 2835 Constantinopolitanae
2613 2767 2768 2820 urbis
2818 2764 3002 2820 sedent
3035 2763 3342 2833 occupavit,
3386 2762 3493 2816 sub

195 2858 389 2911 πάντα
468 2860 673 2913 κανόνα
748 2859 844 2914 καὶ
913 2859 1150 2932 θεσμοὺς
1225 2860 1436 2923 πάντας
1507 2860 1798 2930 ὲκκλησια·

1913 2860 2112 2930 pietate
2143 2860 2487 2931 tyrannidem
2513 2873 2800 2926 exercens,
2852 2873 3098 2914 canones
3146 2872 3359 2920 munies,
3411 2856 3493 2908 lc-

196 2950 452 3014 στικούς.
522 2953 732 3007 Ἐκεῖνο
785 2953 854 3021 ,δὲ
918 2954 1080 3025 μόνον
1139 2956 1219 3017 είς
1288 2954 1471 3022 ὀλίγον
1526 2956 1798 3024 εἰρηκότες

1912 2967 2116 3022 gesque
2147 2952 2424 3007 universas
2447 2951 2844 3007 ecclesiasticas
2864 2950 3259 3021 pessumdetlit.
3283 2946 3487 3002 Verum

196 3042 569 3113 γνωρίσωμεν
604 3045 699 3099 τοῦ
740 3045 932 3117 ἀνδρὸς
959 3084 976 3111 ,
1036 3047 1119 3099 ὅτι
1171 3045 1234 3099 τὸ
1280 3046 1446 3099 καλὸν
1490 3044 1649 3099 τοῦτο
1693 3045 1798 3098 δια-

1915 3043 2049 3097 illud
2101 3044 2482 3098 tantummodo
2536 3043 2603 3099 ad
2642 3042 2970 3113 signandum
3030 3042 3305 3095 hominem
3360 3054 3487 3093 cum

114 3190 127 3204 γ
196 3135 429 3188 πόντιον
489 3137 569 3201 είς
631 3140 781 3207 ἡμᾶς
842 3135 970 3210 ἧκε,
1037 3138 1143 3210 θὴρ
1193 3139 1456 3207 ἄντικρυς
1505 3138 1798 3214 θαλόιττιος1

1912 3144 2076 3190 antea
2128 3135 2473 3201 dixerimus,
2522 3144 2731 3205 pestem
2790 3136 2933 3190 hanc
2979 3149 3072 3204 per
3125 3147 3275 3187 mare
3331 3141 3492 3184 antea

198 3222 402 3293 ἄγριον
422 3226 608 3294 κῆτος,
642 3227 742 3297 τῆς
773 3229 1001 3298 Κύπρου
1037 3230 1374 3292 ἑπαναστὰν,
1404 3230 1497 3282 καὶ
1526 3232 1637 3293 τοῖς
1670 3227 1794 3282 καθ’

201 3315 360 3383 ἡμᾶς
407 3315 795 3390 ὲνδεδημηκδς,
833 3321 931 3391 οὐχ
961 3321 1049 3374 ἵνα
1089 3323 1305 3390 φυγάδα
1339 3322 1625 3391 προφήτην
1661 3323 1796 3374 ὑπο-

199 3407 436 3478 δέξηται
487 3412 583 3464 καὶ
639 3412 720 3476 εἰς
769 3411 1080 3483 ὑπηρεσίαν
1117 3411 1254 3465 Θεοῦ
1296 3411 1655 3481 διασώσηται,
1687 3411 1803 3465 ἀλλ’

203 3497 337 3563 ἵνα,
383 3499 718 3569 Ἐκκλησίαν
763 3502 892 3571 ὃλην
924 3501 1215 3566 καταπιδν,
1270 3502 1511 3569 ἄφαντον
1546 3501 1794 3570 ἀπεργά-

202 3607 396 3661 σηται,
426 3591 485 3645 τὺ
518 3593 644 3661 ἑξῆς
670 3594 761 3647 τοῦ
792 3593 953 3664 λόγου
986 3595 1222 3665 σπουδὴν
1243 3594 1582 3665 ποιησόμεθα
1609 3596 1797 3664 σαφῶς

198 3685 390 3753 πάντη
420 3687 772 3756 παραστῆσαι
821 3687 917 3741 καὶ
964 3688 1233 3757 ἀκριὸῶς,
1264 3690 1343 3751 είς
1377 3682 1489 3741 οἷόν
1518 3706 1579 3741 τε
1632 3690 1796 3753 αὐτὸς

202 3776 481 3846 αἱρέσεων
516 3778 709 3848 βόθρον
758 3785 1306 3852 κατακεκρημνηται,
1344 3783 1438 3834 καὶ
1473 3783 1623 3845 ὅπως
1665 3784 1795 3846 τοὺς

200 3868 359 3940 αὑτῷ
390 3869 755 3941 πειθομένους
785 3871 1029 3938 ἐλεινῶς,
1053 3874 1236 3944 οῐμοιί
1287 3876 1673 3945 συγκατασπᾷ.

1915 3241 2105 3297 vagam
2157 3236 2211 3281 et
2238 3227 2514 3295 palantem
2545 3227 2613 3280 ad
2650 3242 2749 3280 nos
2779 3226 2994 3280 tandem
3024 3223 3334 3286 deﬂexisse,
3365 3222 3484 3275 bel-

1911 3318 2056 3371 luam
2120 3321 2284 3387 plane
2340 3317 2635 3383 marinam,
2672 3317 2968 3370 immanem
3023 3323 3203 3369 cetum
3245 3329 3275 3367 e
3312 3312 3492 3383 Cypro

1912 3413 2199 3482 reiectum,
2246 3422 2299 3465 et
2344 3415 2397 3463 itt
2431 3421 2619 3464 nostra
2650 3417 3053 3478 penetrantem,
3106 3420 3214 3460 non
3263 3414 3320 3457 ut
3361 3420 3488 3471 pro-

1903 3503 2121 3575 phetatn
2155 3502 2443 3571 proiugum
2470 3502 2770 3569 exciperet,
2803 3509 2857 3554 et
2890 3499 2958 3554 ad
3000 3498 3089 3552 Dei
3118 3497 3487 3551 ministerium

1902 3598 2115 3653 salvum
2146 3595 2458 3658 deduceret,
2489 3593 2583 3649 sed
2617 3604 2673 3647 ut
2706 3591 3012 3646 Ecclesiatn
3047 3588 3359 3644 universam
3391 3588 3487 3639 de-

1905 3686 2165 3760 glutiens,
2219 3687 2286 3741 de
2343 3686 2521 3741 medio
2572 3686 2794 3755 penitus
2826 3683 3058 3747 tolleret,
3110 3681 3164 3735 in
3213 3694 3301 3760 eo,
3333 3679 3483 3749 quod

1904 3781 2173 3849 reliquum
2202 3786 2287 3833 est
2353 3777 2620 3832 orationis
2663 3784 2887 3831 nostras
2928 3788 3090 3830 curas
3140 3772 3489 3827 inteudemus

1905 3880 1967 3928 ut
1996 3871 2153 3943 plene
2184 3870 2567 3940 exquisiteque
2596 3869 2851 3938 quisquis
2884 3873 3167 3937 agnoscat,
3218 3867 3272 3919 in
3313 3877 3486 3934 quam

201 3976 331 4017 sese
369 3962 645 4019 haereseon
693 3964 1008 4036 voraginem
1048 3966 1381 4037 praecipitem
1449 3967 1642 4038 egerit,
1694 3976 1750 4022 et
1806 3980 1916 4039 qua
1964 3965 2175 4021 ratione
2235 3964 2462 4034 eos,qui
2487 3962 2631 4019 dicta
2681 3962 2826 4018 illius
2881 3961 3133 4024 audiunt,
3164 3975 3272 4016 una
3298 3974 3485 4016 secum

204 4057 465 4127 abreptos
485 4056 804 4125 praecipitet.

282 4150 351 4218 β’.
408 4141 520 4200 Ἦν
558 4148 680 4218 μὲν,
707 4147 784 4213 ὡς
836 4148 939 4220 ήδη
989 4167 1081 4221 μοι
1128 4150 1370 4222 εἴρηται,
1424 4152 1643 4224 χρόνιον
1685 4151 1800 4206 τῶν

217 4239 563 4309 Ἐκκλησιῶν
593 4240 653 4294 τὸ
680 4243 886 4311 σχίσμα
916 4243 1011 4295 καὶ
1033 4242 1094 4295 οὑ
1127 4242 1332 4315 βραχὺ,
1367 4245 1464 4298 καὶ
1509 4245 1613 4314 τὴν
1644 4242 1798 4316 πρώ-

202 4351 309 4404 την
337 4333 450 4387 τῶν
503 4333 595 4386 τοῦ
636 4334 848 4387 Φωτίου
904 4336 1118 4407 χρόνων
1149 4337 1471 4411 ἀναρρῆξαν
1508 4336 1696 4403 ὠδῖνα,
1740 4339 1800 4400 ἐς

203 4426 328 4481 τόδε
369 4424 658 4497 παρετάθη
720 4427 943 4495 καιροῦ,
1003 4429 1098 4482 καὶ⁸
1131 4423 1274 4501 ἦσαν
1319 4433 1440 4500 μὲν,
1477 4429 1667 4500 ὥσπερ
1706 4447 1799 4499 μοι

206 4518 307 4573 καὶ
336 4518 687 4589 προείρηται,
710 4516 861 4586 λόγοι
892 4520 1001 4573 τῶν
1026 4520 1212 4591 μερῶν
1245 4520 1591 4593 ἑκατέρωθεν
1621 4520 1795 4574 διαλε-

1980 4144 2041 4200 2.
2079 4145 2181 4200 Diu
2211 4143 2582 4213 multumque,
2611 4153 2673 4197 ut
2701 4149 2860 4197 antea
2891 4141 3165 4206 dixeram,
3205 4141 3487 4199 Ecclesia-

1908 4253 2033 4292 rum
2084 4237 2369 4302 dissidium
2422 4234 2792 4299 increbnerat,
2827 4241 2881 4287 et
2921 4244 3081 4287 aetate
3126 4233 3307 4288 Photii
3358 4238 3485 4305 pri-

1908 4344 2056 4383 mum
2092 4329 2144 4381 in
2180 4327 2356 4381 lucem
2407 4325 2736 4395 projectum,
2768 4324 2835 4378 ad
2874 4324 2987 4378 haec
3015 4333 3203 4378 nostra
3236 4331 3483 4395 tempora

1907 4422 2182 4492 pervenit,
2214 4421 2310 4475 sed
2363 4420 2552 4483 etiam,
2588 4428 2644 4471 ut
2674 4433 2702 4470 a
2737 4434 2824 4472 tne
2855 4427 3011 4473 antea
3046 4418 3251 4473 dictum
3282 4417 3482 4484 fuerat,

1901 4527 2188 4569 sermones
2207 4509 2511 4566 dialecncis
2541 4509 2811 4565 methodis
2838 4508 3090 4579 utrinque
3111 4510 3340 4563 revoluti
3364 4526 3482 4579 prn-

204 4612 430 4673 κτικαίς
472 4610 719 4681 μεθόδοις
768 4612 1313 4685 παρακροτούμενοι,
1344 4616 1440 4667 καί⁹
1484 4613 1798 4684 παρεξηγή-

1911 4605 1995 4659 vis
2030 4603 2304 4660 nonnullis
2338 4601 2746 4671 Scripturarum
2778 4599 3325 4670 interpretationibus
3350 4616 3480 4655 seu.

206 4704 329 4756 σεσί
348 4719 484 4772 τισιν
504 4702 611 4757 τῶν
634 4704 867 4776 Γραφῶν
890 4705 953 4758 τὸ
978 4705 1077 4776 τῆς
1104 4704 1316 4767 ἐννοίας
1336 4705 1797 4777 συνταράττοντες

206 4794 483 4865 καθαρόν.
533 4794 676 4848 Ἀλλ’
725 4799 775 4851 οί
805 4799 920 4860 τοῖς
967 4796 1197 4860 Ἰταλοῖς
1254 4796 1794 4869 προσδιαλεγόμενοι.

209 4886 553 4957 σοφίσμασιν
598 4889 799 4953 αὑτοὺς
839 4889 914 4943 τὰ
968 4889 1164 4957 πολλὰ,
1199 4890 1294 4943 καὶ
1355 4890 1798 4960 συλλυγιστικαῖς

207 4980 455 5044 ἀπάταις
513 4982 994 5054 παρακρουόμενοι
1039 4984 1111 5037 τὰ
1161 4985 1272 5037 τῶν
1336 4986 1597 5056 Πατέρων
1639 4986 1797 5057 ἡμῶν

207 5073 483 5147 δόγματα,
516 5069 598 5138 οἷς
633 5076 779 5147 πρὸς
809 5077 909 5147 τὴν
967 5077 1180 5131 ἑαυτῶν
1231 5077 1476 5148 ἐχρῶντο
1538 5079 1800 5133 σύστασιν

221 5166 441 5230 Ἰταλοὶ,
471 5166 734 5221 οὐδέποτε
785 5168 1019 5233 ἀναιδῶς
1056 5167 1231 5233 οὕτως
1259 5169 1515 5240 ἠθέτουν,
1540 5170 1616 5233 ὠς
1640 5170 1674 5241 η
1701 5168 1796 5223 τοῦ

207 5255 466 5326 Κυπρίου
515 5256 733 5325 γλῶττα
782 5259 878 5314 νῦν
909 5260 1003 5314 καὶ
1047 5259 1279 5317 διάνοια.
1318 5261 1415 5324 Τίς
1461 5261 1570 5331 γὰρ
1598 5262 1705 5313 τῶν
1738 5260 1798 5325 ἐξ

208 5348 449 5415 ἐκείνου,
493 5350 588 5403 καὶ
622 5349 727 5414 ἕως
768 5355 862 5405 τοῦ
918 5352 1014 5406 νῦν
1036 5372 1056 5405 ‹
1084 5351 1183 5424 τὴν
1221 5354 1285 5406 ὲκ
1327 5354 1543 5423 Πατρὺς
1572 5352 1640 5405 δι’
1667 5352 1795 5405 Υίοῠ

210 5441 542 5511 ἐκπόρευσιν
601 5461 621 5496 ι
655 5443 750 5497 τοῦ
782 5443 939 5513 ἁγίου
991 5443 1307 5515 [πνεύματος
1338 5443 1603 5514 ἀθετῆσαι
1647 5443 1799 5512 εὑρίο

212 5548 440 5599 σκεται;
492 5533 813 5605 Ζητηθήτω,
875 5536 970 5589 καὶ
1020 5534 1197 5599 οὐδεὶς
1261 5533 1642 5606 εὑρεθήσεται.
1698 5531 1797 5598 Τίς

208 5626 321 5679 τῶν
362 5624 619 5679 ἁπάντων
658 5627 773 5680 τὸ”ι
812 5625 903 5680 διὰ
931 5626 1026 5680 τοῦ
1067 5624 1373 5700 προσεχῶς,
1408 5626 1572 5696 μηδὲν
1609 5625 1797 5693 διαφέ-

215 5736 333 5790 ρειν
358 5718 452 5772 τοῦ
484 5718 770 5790 προσεχῶς
807 5737 826 5772 ι
854 5719 1122 5791 εῐρηκεν;
1161 5719 1314 5775 Ὀὐδὲ
1351 5711 1507 5782 οὗτος
1539 5717 1796 5789 ζητηθεὶς

213 5808 595 5880 εὑρεθήσεται.
642 5810 782 5864 Ἀλλ’
814 5812 843 5864 ό
885 5811 1158 5885 Κύπριος,
1206 5808 1251 5862 ὣ
1296 5808 1524 5880 γνώμης
1550 5809 1795 5878 πονηρᾶς

212 5904 307 5956 καί
332 5901 514 5973 ψυχῆς
538 5902 707 5973 μηδὲν
733 5904 1044 5973 ἡγουμένης
1070 5903 1273 5957 δέινόνῑ
1317 5904 1365 5956 εἰ
1388 5903 1562 5957 πάντα
1584 5902 1794 5971 αἱρετι-

1909 4697 2092 4764 tentia:
2131 4697 2424 4753 duritatem
2485 4694 2941 4750 interturhabaut.
2991 4691 3194 4748 Verum
3236 4692 3482 4763 quicum

1908 4789 2058 4845 Italis
2084 4788 2600 4861 congrediebantur,
2648 4786 2870 4859 eosdem
2903 4796 2962 4839 ut
2995 4784 3293 4854 plurimum
3324 4785 3481 4838 falla-

1908 4882 2066 4939 cibus
2098 4878 2587 4943 conclusiunculis,
2621 4884 2675 4932 et
2702 4875 3055 4948 syllogisticls
3084 4874 3367 4930 fraudibus
3395 4891 3479 4929 re-

1909 4976 2168 5037 futantes,
2221 4981 2535 5027 nostrorum
2573 4968 2798 5024 Patrum
2851 4967 3131 5039 degmata,
3164 4968 3365 5037 quibus
3416 4969 3480 5022 ad

1909 5082 2008 5123 sua
2055 5064 2462 5121 corroboranda
2512 5062 2629 5118 Itali
2684 5063 3002 5127 utebantur,
3063 5074 3342 5128 nunquam
3405 5057 3479 5112 ita

1907 5159 2272 5229 impudenter,
2310 5164 2533 5210 utnunc
2554 5153 2738 5223 lingua
2767 5151 2975 5222 Cyprii,
3009 5159 3064 5206 et
3101 5150 3356 5215 audacia,
3388 5165 3479 5203 rc-

1906 5250 2178 5305 futabant.
2228 5247 2366 5315 Quis
2397 5246 2544 5301 enim
2595 5260 2662 5301 ex
2711 5259 2777 5300 eo
2804 5253 3066 5314 tempore,
3101 5242 3167 5296 ad
3203 5242 3305 5295 hoc
3339 5257 3477 5310 prae-

1907 5357 2034 5400 sens
2064 5350 2313 5411 repertus
2356 5350 2461 5406 est,
2514 5340 2606 5409 qui
2640 5336 2816 5393 sancti
2849 5334 3090 5405 Spiritus
3141 5350 3160 5384 ι
3203 5348 3269 5387 ex
3318 5332 3476 5386 Patrc

1906 5450 2002 5505 per
2049 5433 2247 5488 Filium
2292 5433 2699 5503 processionem
2730 5448 2749 5481 ι
2803 5424 3159 5484 amoliretur?
3195 5423 3472 5490 Quaeratut

1907 5527 2033 5581 licet
2060 5567 2075 5589 ,
2123 5525 2305 5580 nullus
2336 5523 2721 5594 comperietur.
2746 5522 2881 5589 Quis
2921 5534 3158 5590 unquam
3210 5515 3475 5572 omnium.

1911 5638 1930 5671 ι
1971 5617 2116 5689 quod
2153 5631 2252 5686 per
2281 5615 2420 5670 illud
2469 5614 2614 5684 quod
2643 5612 2900 5682 contigue
2932 5620 3037 5674 est,
3077 5609 3146 5662 ab
3175 5607 3297 5677 ipso
3342 5620 3471 5661 con.

1907 5709 2055 5777 tigno
2083 5723 2191 5762 non
2223 5706 2461 5770 differre,
2500 5727 2518 5759 ι
2554 5703 2897 5760 enuntiavit?
2924 5700 3111 5771 Neque
3141 5699 3228 5755 hic
3257 5698 3474 5769 quidem
3518 5697 3524 5701 ’

1906 5802 2033 5857 licet
2064 5802 2225 5857 anxie
2256 5801 2635 5870 investigetur,
2688 5796 2897 5865 aderit,
2944 5794 3326 5850 Verumtamen
3365 5789 3472 5859 Cy-

1906 5896 2077 5968 prius,
2142 5911 2175 5953 o
2226 5903 2462 5950 montem
2504 5892 2865 5964 improbam!
2923 5888 3273 5959 animznnquc
3327 5882 3471 5940 haud
