3944 6572
184 434 303 494 εδ)

1128 423 1564 490 REFUTATIO
1603 421 1816 488 LIBRI
1857 425 2181 490 GEORGII
2219 430 2498 494 CYPillI.

3347 441 3452 504 870

187 552 377 617 ἡδέως
429 550 878 621 καταδεχόμενος.
915 550 1179 619 Συστήσει
1233 565 1324 619 μοι
1359 547 1452 601 τὸν
1499 545 1656 614 λόγον
1685 542 1781 596 καὶ

1890 545 2135 610 peruncti
2169 561 2354 600 vocem
2391 563 2490 616 pro
2536 547 2756 603 Christo
2794 549 3124 620 acchientes
3148 592 3161 616 ,
3199 568 3302 606 una
3329 569 3453 609 cum

188 646 219 696 ό
280 643 461 711 μέγας
517 644 733 713 ἀληθῶς
792 637 1067 711 Μάξιμος,
1113 660 1131 693 ι
1170 639 1354 709 φωνὰς
1395 639 1492 709 μὲν
1525 635 1786 697 πολλάκις

189 740 326 796 τσὺς
367 735 667 804 θεηγόρους
715 735 967 804 Πατέρας
999 733 1355 802 παραφωρεῖν
1410 727 1781 798 διαμαρτυρ⁶⁹

193 844 405 896 μενος,
445 828 656 888 ἐννοίας
705 826 761 878 δὲ
803 823 1091 894 οὐδαμῶςο
1139 823 1220 876 ὅτι
1258 823 1331 892 μὴ
1377 823 1436 874 ὲν
1471 818 1782 880 cunmm,

190 917 319 970 ἀλλ’
363 920 421 970 ὲν
464 918 701 987 νοήμασι
731 933 789 968 τε
825 915 920 969 καὶ
961 914 1251 984 πράγμασι
1281 912 1343 964 τὸ
1373 910 1471 979 τῆς
1508 911 1785 978 σωτηρίας

191 1011 367 1081 ἡμῶν
403 1011 640 1078 ὑπάρχει
677 1008 998 1077 μυστήριον.
1038 1025 1056 1057 ι
1091 1005 1358 1070 Συστήσει
1385 1017 1475 1070 μοι
1503 998 1594 1052 τὸν
1627 997 1783 1066 λόγον

189 1103 293 1154 καὶ
335 1102 632 1163 Διονύσιος,
665 1102 692 1152 ό
723 1099 1069 1169 ίερομάρτυς,
1095 1114 1112 1146 ι
1143 1096 1336 1161 ἄλογον
1367 1093 1461 1145 καὶ
1493 1091 1682 1144 σκαιὸν
1709 1109 1726 1140 ι
1759 1094 1786 1142 ό

186 1194 346 1243 πάνυ
370 1190 663 1244 ἀποκαλῶν
698 1207 717 1240 ι
750 1189 810 1240 τὸ
847 1187 922 1257 μὴ
953 1189 1016 1255 τῇ
1047 1187 1272 1254 δυνάμει
1307 1183 1399 1236 τοῦ
1432 1183 1588 1249 λόγου
1613 1196 1784 1251 προσ-

185 1284 369 1353 έχειν,
398 1283 534 1336 ἀλλὰ
555 1283 674 1343 ταῖς
694 1281 894 1345 λέξεσι,
917 1280 1010 1333 καὶ
1029 1279 1186 1330 τοῦτο
1211 1277 1284 1346 μὴ
1299 1277 1405 1328 τῶν
1417 1277 1483 1327 τὰ
1505 1275 1622 1326 θεῖα
1646 1276 1784 1327 νοεῖν

188 1376 497 1427 ἐθελόντων
528 1375 660 1426 ἴδιον
691 1370 851 1438 εἶναι,
892 1371 1025 1423 ἀλλὰ
1053 1369 1161 1422 τῶν
1210 1370 1374 1437 ἦχους
1420 1366 1609 1434 ψιλοὺς
1663 1367 1784 1426 ταῖς

188 1467 394 1528 ἀκοαῖς
421 1465 810 1534 εἰσδεχομένων
829 1460 1328 1528 διαϐεὕαιούμενος·
1347 1459 1530 1528 ῶσπερ
1551 1459 1648 1509 οὐκ
1667 1457 1784 1519 ἐξὸν

187 1555 285 1607 τὸν
322 1555 569 1622 τέσσαρα
593 1550 823 1620 ἀριθμὸν
860 1550 947 1602 διὰ
969 1548 1061 1600 τοῦ
1086 1548 1163 1610 δὶς
1189 1549 1282 1598 δύο
1314 1547 1619 1614 σημαίνειν,
1653 1543 1683 1611 ἢ
1715 1543 1783 1594 τὰ

202 1643 592 1711 εὐθύγραμμα
619 1641 706 1693 διὰ
746 1641 854 1692 τῶν
885 1639 1310 1706 ὀρθογράμμων,
1342 1634 1375 1705 ἢ
1420 1635 1517 1704 τὴν
1549 1631 1783 1702 μητρίδα

190 1736 287 1788 διὰ
311 1735 415 1802 τῆς
435 1732 761 1805 πατρίδος,ἢ
792 1732 949 1801 ἕτερά
1001 1748 1053 1782 τι
1076 1731 1182 1781 τῶν
1205 1731 1315 1788 τοῖς
1347 1727 1556 1789 πολλοῖς
1580 1726 1671 1777 τοῦ
1695 1725 1781 1776 λό⁴

187 1843 294 1894 γου
329 1829 526 1894 μέρεσι
552 1827 715 1878 ταυτὸ
748 1823 1140 1895 σημαινόντων.
1169 1840 1185 1872 ι
1209 1816 1368 1873 Οὗτοι
1409 1819 1472 1886 δὴ
1511 1821 1707 1879 πάντες
1729 1819 1775 1870 οἱ

1892 635 2048 688 nobis
2075 639 2348 691 numerari
2385 639 2598 693 vellent.
2645 659 2663 691 ι
2723 641 3080 695 Ctml‘trmabit
3121 658 3294 694 meam
3335 661 3459 698 ora-

1893 725 2118 791 tionem,
2154 736 2207 780 et
2238 744 2367 782 vere
2403 746 2634 799 magnus
2666 731 2950 793 Maximus,
2999 734 3089 800 qui
3143 736 3459 789 testimonio

1883 831 1988 870 suo
2023 822 2363 887 comprobat,
2409 842 2426 873 ι
2470 823 2836 894 tliviniloquos
2873 823 3058 878 Patres
3082 840 3458 894 smpenumero

1884 924 2048 965 voces
2099 914 2318 981 quidem
2377 917 2716 983 permittere.
2773 919 3074 972 sententias
3125 935 3252 974 vero
3310 937 3453 974 nun-

1887 1017 2050 1070 quam
2088 1023 2100 1055 :
2139 1005 2284 1072 quod
2317 1023 2425 1059 non
2485 1009 2536 1059 in
2585 1010 2806 1077 syllabis
2863 1012 2954 1063 sed
2989 1010 3040 1064 in
3086 1013 3372 1067 sententiis
3407 1024 3458 1068 et

1885 1096 2051 1148 rebus
2087 1097 2280 1151 salutis
2313 1110 2510 1153 nostra:
2542 1105 2858 1171 ll’lysltfl'illlll
2897 1103 3225 1156 continetur.
3267 1124 3284 1154 ι
3318 1103 3459 1160 Con-

1889 1184 2122 1238 llrmabit
2151 1190 2450 1242 orationem
2482 1206 2654 1243 meam
2691 1203 2740 1245 et
2767 1204 2989 1246 sanctus
3017 1204 3220 1265 martyr
3256 1195 3455 1264 Diony-

1886 1278 2019 1342 sius,
2057 1297 2074 1329 ι
2108 1296 2137 1332 a
2169 1282 2375 1334 ratione
2408 1284 2667 1348 alienum,
2703 1302 2721 1334 ι
2755 1301 3095 1356 nuncupatis,
3127 1306 3144 1336 ι
3178 1296 3229 1339 et
3265 1291 3458 1343 absur-

1886 1367 2035 1430 dum.
2064 1387 2170 1424 non
2193 1374 2296 1426 vim
2329 1375 2499 1442 ipsam
2531 1378 2791 1430 orationis
2815 1381 3110 1442 attendere,
3130 1381 3220 1432 sed
3257 1384 3454 1449 verba;

1883 1477 2061 1529 neque
2091 1466 2190 1518 hoc
2241 1469 2520 1534 proprium
2572 1484 2691 1522 esse
2727 1485 2941 1531 eorum,
2975 1473 3066 1539 qui
3098 1488 3183 1524 res
3234 1473 3450 1531 divinas

1886 1552 2181 1623 intelligere
2207 1561 2450 1624 cupiunt,
2473 1563 2566 1614 sed
2592 1576 2774 1614 eorum
2810 1563 2898 1630 qui
2919 1578 3082 1616 sonos
3104 1563 3269 1614 exiles
3287 1581 3458 1620 aucu-

1887 1661 2106 1714 pantur.
2129 1651 2454 1717 eosdemque
2473 1663 2592 1705 extr
2617 1670 2811 1707 nsecus
2831 1657 3141 1720 arlmitlunt;
3166 1661 3318 1729 quasi
3349 1676 3456 1714 non

1887 1738 2046 1790 licrat
2071 1749 2303 1807 quatuor
2328 1758 2421 1810 per
2449 1744 2531 1797 bis
2562 1745 2671 1796 duo
2737 1747 3065 1814 signiﬁcare,
3099 1761 3194 1804 aut
3219 1752 3454 1806 directas

1887 1829 2052 1883 lineas
2069 1847 2161 1898 per
2185 1844 2355 1885 rectas
2383 1833 2573 1893 lineas,
2593 1845 2681 1887 aut
2706 1839 2939 1905 μητρίδα
2970 1854 3063 1906 per
3093 1844 3346 1912 πατρίδα,
3367 1854 3460 1898 aut

190 1919 471 1989 Πατέρες,
514 1918 561 1968 οἱ
597 1893 842 1985 σωτῆρες
864 1917 950 1980 ,οί
984 1913 1231 1983 ἀκριϐεῖς
1263 1913 1360 1978 τῆς
1394 1911 1629 1972 πίστεως
1677 1910 1778 1976 φύε-

1890 1922 2316 1991 aliudquodlibet
2351 1941 2442 1992 per
2469 1926 2518 1979 id
2553 1928 2692 1994 quod
2721 1930 2769 1980 in
2787 1931 3034 1997 pluribus
3054 1893 3313 1988 orationis
3340 1951 3463 2004 par-

186 2013 363 2072 λακες
397 2008 726 2078 συστήσουσί
763 2025 852 2076 μοι
890 2007 979 2059 τὸν
1001 2006 1179 2074 λόγον,
1207 2002 1332 2056 καθ’
1361 2002 1419 2055 ὃν
1453 2000 1562 2069 ἐγὼ
1599 2001 1778 2052 διαϐε-

190 2101 488 2171 Εαιοῦμαι,
530 2102 624 2154 καὶ
651 2101 752 2170 τὴν
788 2100 891 2168 τῆς
951 2097 1251 2167 γενομένης
1312 2094 1592 2164 καταρχὰς
1633 2095 1777 2145 οἰκο-

190 2194 396 2263 νομίας
425 2193 522 2246 καὶ
546 2194 764 2263 εἰρήνης
792 2189 1168 2259 καταδρομὴν,
1194 2187 1268 2249 ὡς
1296 2187 1550 2256 πολέμιον
1570 2184 1781 2252 ἀληθῶς

189 2289 302 2341 τῶν
343 2285 605 2355 Πατέρων
663 2283 941 2336 ποιεῖσθαι
975 2281 1067 2333 τὸν
1103 2280 1370 2350 Κύπριον.
1396 2279 1455 2330 Εἰ
1483 2277 1610 2347 γὰρ,
1641 2277 1715 2338 ὡς
1753 2277 1780 2328 ὁ

189 2381 294 2448 τῆς
331 2376 620 2443 θεολογίας
650 2376 772 2444 ὅρος
808 2373 902 2424 καὶ
934 2369 1117 2423 κανῶν
1148 2385 1312 2438 φησιν
1343 2369 1627 2436 ἄντικρυς,
1657 2365 1780 2417 οὐδὲ

190 2474 292 2533 τὰς
327 2469 624 2539 ἐλαχίστας
653 2465 879 2536 πράξεις
910 2464 1037 2530 εικῆ
1080 2461 1488 2528 σπουδασθῆναι
1512 2462 1623 2522 τοῖς
1653 2461 1782 2511 ἀνα-

193 2565 456 2634 γράψασι
515 2561 738 2629 γέγονε,
792 2556 888 2610 καὶ
937 2559 1097 2626 μέχρι
1129 2553 1224 2607 τοῦ
1271 2553 1538 2623 παρόντος
1595 2551 1786 2622 μνήμῃ

190 2656 556 2724 διασωθῆναι,
583 2651 696 2706 ἀλλ’
730 2651 818 2705 ἴνα
847 2651 1010 2719 ἡμεῖς
1041 2649 1254 2716 ἔχωμεν
1277 2646 1667 2715 ὑπομνήματα,
1692 2643 1786 2696 καὶ

195 2747 552 2813 παιδεύματα.
597 2743 704 2796 τῶν
734 2741 973 2811 ὁμοίων,
1020 2739 1074 2790 εί
1102 2753 1233 2789 ποτε
1277 2735 1552 2805 συμπέσοι
1592 2733 1786 2803 καιρὸς

193 2839 562 2907 ἰιασκέψεως,
590 2831 702 2888 οἷον
734 2835 925 2886 κανόσι
956 2833 1065 2885 τισὶ
1099 2832 1192 2884 καὶ
1224 2829 1413 2890 τύποις
1443 2829 1558 2888 τοῖς
1586 2826 1791 2893 προλα.

195 2935 389 2984 ϐουσιν
418 2931 674 2998 ἑπόμενοι
710 2926 1151 2996 παραδείγμασιν
1173 2964 1186 2987 ,
1217 2923 1267 2976 τί
1308 2921 1454 2984 ξένον
1486 2921 1646 2991 ἡμεῖς
1691 2917 1788 2971 καὶ

193 3029 295 3097 τῆς
345 3023 604 3090 ἀληθείας
655 3019 934 3088 ἀλλότριον
991 3014 1434 3085 διεπράξαμεθα,
1488 3012 1549 3063 τὸ
1583 3010 1678 3063 ἐπὶ
1719 3011 1786 3078 τῇ

193 3117 451 3184 θεολογίᾳ
485 3112 803 3180 ῖσοδύναμον
835 3112 932 3180 τῆς
961 3109 1030 3162 ἐκ
1058 3109 1149 3161 καὶ
1175 3109 1271 3176 τῆς
1309 3105 1408 3157 διὰ
1429 3103 1606 3172 πάντη
1639 3102 1787 3171 εὑρί-

1882 2013 2377 2082 tibusmquiralct.»
2407 2017 2466 2068 Ili
2493 2034 2681 2072 omnes
2711 2019 2916 2086 Patres,
2937 2035 3259 2090 servatores,
3296 2042 3462 2079 accu-

1875 2104 1979 2155 rati
2017 2103 2136 2156 ﬁdei
2165 2106 2442 2170 custodes,
2465 2110 2765 2162 orationem
2808 2127 2978 2164 meam
3003 2117 3459 2181 eomprobabuot,

1881 2206 1986 2260 qua
2013 2207 2108 2261 ego
2127 2194 2201 2245 uti
2223 2205 2428 2248 certum
2456 2201 2698 2263 enuntio,
2720 2202 3040 2255 oeconomiae
3054 2204 3121 2255 ab
3145 2203 3296 2257 initio
3315 2205 3464 2261 initae

1887 2292 1941 2337 et
1967 2287 2113 2352 pacis
2135 2287 2590 2350 criminationem,
2621 2301 2674 2342 ut
2709 2291 2927 2345 Patrqu
2962 2294 3170 2348 bosrem
3201 2295 3461 2365 Cyprium

1879 2379 2153 2443 persequi.
2184 2375 2393 2430 Etenim
2424 2379 2489 2438 si.
2515 2383 2587 2431 uti
2615 2385 2974 2453 tlieologicum
3005 2392 3376 2458 prmscriptum
3408 2401 3462 2446 et

1883 2468 2066 2536 regula
2099 2478 2278 2536 aperte
2317 2471 2574 2535 decernit,
2606 2490 2708 2525 non
2735 2474 2961 2532 fortuito
3015 2495 3142 2531 casu
3168 2482 3363 2536 accidit
3394 2500 3460 2537 ne

1885 2559 2138 2612 minimas
2158 2559 2374 2628 quidem
2403 2563 2642 2616 actiones
2664 2565 2935 2632 neglectas
2967 2567 3134 2621 fuisse
3166 2570 3234 2639 ab
3267 2571 3332 2623 iis
3367 2571 3460 2639 qui

1887 2663 1978 2704 eas
1996 2661 2407 2714 recensuerunt,
2432 2651 2523 2705 sed
2550 2653 2616 2706 ad
2644 2654 2756 2708 haec
2783 2665 3023 2725 tempora
3053 2637 3236 2713 earum
3258 2637 3463 2716 memo-

1894 2748 2032 2795 riam
2072 2752 2496 2806 conservarunt,
2535 2755 2592 2798 nt
2636 2761 2736 2800 nos
2771 2747 3095 2805 haberemus
3127 2763 3465 2810 commenta~

1890 2837 1967 2891 ria
2014 2848 2068 2891 et
2099 2837 2488 2892 insu'uctiones
2531 2841 2596 2893 ad
2648 2841 2869 2907 similia,
2919 2859 3043 2897 cum
3087 2849 3304 2899 occasio
3341 2861 3462 2902 sese

1891 2932 2096 2994 tulerit,
2128 2932 2508 3000 persolvenda,
2542 2934 2706 2988 veluti
2743 2937 2962 3006 regulas
2993 2945 3045 2991 et
3074 2937 3300 3003 formas,
3335 2956 3457 3009 qua:

1891 3039 1992 3078 nos
2051 3037 2446 3093 praecesserunt
2498 3028 2744 3096 exempla
2790 3040 3102 3097 sequentes,
3139 3033 3265 3098 quid
3330 3035 3460 3088 novi

1893 3129 2010 3175 nos.
2043 3123 2137 3168 aut
2168 3131 2196 3167 a
2235 3117 2459 3170 veritate
2491 3118 2651 3171 alieni
2690 3121 3018 3190 peregimus,
3055 3137 3176 3175 cum
3215 3125 3267 3176 in
3298 3125 3462 3180 rebus
3489 3159 3504 3188 ,,

196 3227 425 3271 σκοντες
453 3205 845 3276 ἁναμφίδολον,
878 3202 975 3255 καὶ
1018 3202 1117 3272 τὴν
1154 3199 1290 3269 μετὰ
1335 3198 1442 3251 τῶν
1477 3200 1540 3248 ὲκ
1569 3195 1782 3264 Πατρός

1894 3207 2210 3274 ιίιιιοιοδίοἱε
2230 3210 2665 3277 praepositionum
2689 3225 2754 3264 ex
2781 3221 2835 3265 et
2863 3229 2952 3278 per
2977 3216 3223 3282 aequales
3253 3216 3462 3284 absque

197 3324 291 3358 και
322 3303 453 3355 Υἱοῦ
485 3298 877 3370 ἐκπορεύεσθαι
913 3297 974 3349 τὸ
1013 3295 1234 3363 Πνεῦμα
1259 3294 1526 3360 λεγόντων
1560 3291 1781 3361 εἰρήνην

196 3392 785 3466 πραγματευσάμενοι,
815 3388 889 3451 ὡς
921 3387 1018 3457 τὴν
1039 3389 1102 3438 ὲκ
1125 3384 1333 3450 Πατρὸς
1363 3382 1431 3436 δι’
1463 3381 1590 3434 Υἱοῦ
1618 3381 1783 3432 ἐκπό·

198 3503 391 3558 ρευςιν
439 3485 534 3537 καὶ
594 3482 910 3550 στέργοντες
958 3479 1057 3531 καὶ
1110 3475 1501 3546 πρεσϐεύοντες
1535 3491 1548 3539 ;
1586 3471 1783 3524 Τοιαῦ-

195 3576 291 3629 ταί
332 3576 476 3626 εἰσιν
517 3574 570 3626 αἱ
616 3570 939 3640 κακουργίαι
968 3567 1065 3620 τοῦ
1115 3568 1418 3636 δόγματος·
1449 3565 1671 3617 τοιαῦτα
1716 3563 1785 3616 τὰ

201 3665 416 3732 ἔκφυλα
467 3664 738 3732 δόγματα,
770 3661 914 3730 άπερ
955 3659 1103 3728 ἡμᾶς
1132 3657 1401 3725 τολμῆσαι
1430 3656 1508 3716 είς
1540 3648 1784 3724 ταραχὴν

205 3759 309 3810 οὐκ
361 3755 551 3821 ὀλίγην
596 3754 690 3806 καὶ
736 3752 909 3820 μέγαν
953 3747 1357 3820 ἀναῤῥιπισμὺν
1402 3746 1639 3813 πολέμου
1689 3746 1785 3813 τῆς

214 3846 549 3917 Ἐκκλησίας
605 3847 632 3896 ό
671 3844 770 3913 τῆς
802 3841 1056 3911 ἀληθείας
1105 3839 1295 3908 ἐχθρὸς
1367 3835 1611 3906 Κύπριος
1661 3835 1787 3888 καθ’

203 3938 366 4007 ἡμῶν
390 3933 745 3988 νεανιεύεται.
779 3935 851 3985 Συ
878 3929 1040 3984 δ’ὰλλ’
1068 3930 1228 3992 αὐτὸς
1257 3929 1378 3981 είπὲ
1421 3945 1530 3997 μοι,
1566 3928 1594 3979 ό
1619 3927 1790 3979 ταῦτα

204 4032 332 4085 καθ’
373 4031 530 4101 ἡμῶν
569 4029 1000 4098 νεανιευόμενος,
1050 4027 1147 4096 τὴν
1187 4026 1286 4077 διὰ
1324 4023 1534 4096 ὲκλήψῃ
1573 4025 1664 4075 ἐπὶ
1692 4021 1787 4075 τοῦ

204 4126 356 4190 ι’ῖοῦ,
406 4126 455 4176 εί
511 4123 689 4177 πάντα
734 4121 978 4191 φυσικῶς
1024 4119 1139 4171 ἐστι
1165 4119 1231 4170 δι’
1271 4118 1400 4169 Υίοὺ
1434 4120 1497 4168 ἐκ
1545 4117 1785 4186 lla-pec,

197 4233 300 4291 ζτα
330 4217 395 4284 δὴ
430 4215 522 4267 καὶ
568 4213 811 4284 εἴρηνται
856 4212 921 4264 δι’
967 4209 1117 4274 Υἱοῦ,
1149 4208 1269 4261 οὐδὲ
1299 4210 1408 4272 γὰρ
1443 4208 1538 4277 τὴν
1571 4209 1777 4275 ὑπηρε-

196 4308 361 4376 τικὴν
415 4307 515 4375 τῆς
577 4305 886 4375 προθέσεως
938 4302 1141 4371 ταύτης
1214 4301 1422 4352 ἔννοιαν
1498 4298 1789 4367 τολμήσεις

200 4395 689 4466 παραφθέγξασθαι
739 4395 976 4457 πάντως,
1017 4394 1066 4444 εί
1109 4391 1184 4461 μὴ
1264 4388 1556 4460 προφανῶς
1607 4387 1790 4457 μέμη-

200 4505 298 4548 νας
321 4503 333 4516 ·
382 4488 532 4548 ποῖος
559 4485 619 4538 οὐ
652 4485 828 4536 πείσει
864 4501 923 4536 σε
952 4482 1105 4550 λόγος
1135 4481 1268 4552 πρὸς
1305 4479 1366 4532 τὸ
1395 4478 1501 4532 τῶν
1530 4476 1792 4530 τοιούτων

199 4578 515 4648 προθέσεων
549 4575 870 4645 ίσοδύναμον
889 4593 905 4642 ;

267 4753 335 4809 δ’.
379 4753 540 4807 Ἀλλά
566 4756 757 4825 καιρὸς
784 4753 885 4824 ἥδη
910 4754 1009 4816 τὰς
1035 4754 1332 4824 περικοπὰς
1357 4751 1785 4822 ἁναλεγομένους

197 4847 291 4900 τοῦ
329 4849 437 4900 τῶν
461 4845 818 4917 βλασφημιῶν
856 4845 1106 4908 κῶδικος.
1141 4848 1238 4908 τὰς
1275 4845 1503 4916 πλήρεις
1534 4845 1632 4913 τῆς
1655 4846 1787 4914 ἁλη-

200 4941 350 5003 οείας
373 4941 528 5011 ἡμῶν
555 4939 1026 5012 καταστρωννύειν
1055 4945 1238 5011 γραφῇ
1261 4982 1276 5005 ,
1309 4941 1402 4993 καὶ
1429 4943 1520 4993 τὸν
1544 4939 1629 5007 ἐφ’
1657 4939 1786 4992 ἑκά-

207 5050 309 5103 στῃ
329 5032 515 5086 αὐτῶν
535 5033 851 5102 όρθοτομεῖν
874 5032 1114 5102 ἔλεγχον.
1138 5051 1156 5084 ι
1181 5033 1370 5103 Τολμᾷ
1395 5047 1477 5094 τις
1494 5035 1550 5084 ἐν
1582 5034 1711 5101 ἡμῖν
1729 5074 1741 5096 ,
1757 5050 1776 5084 ι

201 5126 359 5200 φησὶ,
380 5144 426 5191 ,ι
447 5125 625 5198 λέγειν
653 5127 735 5178 ὅτι
772 5127 836 5178 ὲκ
867 5126 962 5179 τοῦ
994 5124 1123 5178 Υἱοῦ
1153 5127 1212 5178 τὸ
1237 5125 1459 5195 Πνεῦμα
1491 5124 1783 5193 ἐκπορεύε-

197 5236 309 5282 ται,
341 5217 531 5290 ῶσπερ
583 5215 775 5288 ἀμέλει
829 5217 927 5272 καὶ⁵
982 5218 1046 5272 ἐκ
1091 5217 1184 5272 τοῦ
1227 5218 1474 5286 Πατρόςς
1516 5217 1597 5274 ὅτι
1633 5217 1726 5268 καὶ
1755 5215 1785 5266 ό

199 5311 511 5382 Μονογενὴς
556 5310 731 5374 αἴτιος
789 5311 976 5375 αὐτοῦ,
1033 5311 1176 5365 καθὰ
1209 5311 1274 5380 δὴ
1301 5313 1392 5363 καὶ
1430 5312 1458 5363 ό
1494 5309 1584 5362 τὸν
1613 5309 1786 5362 Μονο-

201 5405 334 5473 γενῆ
366 5405 631 5472 γεννήσας
668 5403 894 5474 Πατήρς
934 5422 953 5455 ι
991 5404 1054 5455 Ὦ
1091 5397 1202 5456 οἷον
1240 5404 1461 5470 ἀρτύεις
1491 5402 1581 5453 τὸν
1615 5401 1782 5464 δόλον,

201 5500 294 5549 καὶ
336 5499 500 5549 πόσον
561 5514 643 5550 σοι
695 5502 807 5560 τοῖς
851 5499 1064 5568 ῥήμασι
1097 5497 1158 5551 τὸ
1194 5495 1484 5566 περίεργον
1521 5495 1728 5548 ἔνεστιν
1761 5495 1774 5549 l

209 5586 400 5654 Ἡμεῖς
463 5589 551 5641 διὰ
602 5589 792 5641 πασῶν
849 5590 957 5641 τῶν
1013 5587 1296 5658 ἡμετέρων
1349 5588 1578 5657 γραφῶν
1614 5587 1672 5639 τὸ
1721 5589 1783 5639 ὲκ

201 5678 411 5748 Πατρός
442 5677 508 5730 δι’
537 5680 663 5732 Υίοῦ
687 5681 1087 5750 ἐκπορεύεσθαι
1117 5685 1367 5751 στέργειν
1393 5684 1484 5734 καὶ
1515 5682 1784 5751 πρεσϐεύ-

200 5785 280 5819 ειν
323 5770 750 5838 ὁμολογοῦντες,
829 5774 968 5843 πρὸς
1017 5777 1116 5842 τὴν
1164 5775 1388 5843 εἰρήνην
1437 5775 1540 5826 τῶν
1595 5772 1691 5842 τὴν
1731 5771 1789 5835 ἐξ

200 5861 399 5932 ἁμιροῖν
422 5863 686 5932 λεγόντων
710 5866 1062 5936 ὲκπόρευσιν,
1087 5867 1160 5931 ὡς
1217 5868 1401 5919 ὀπαδοὶ
1430 5867 1519 5918 καί
1551 5863 1790 5935 μιμητυὶ

1906 3299 2012 3353 ulla
2049 3300 2392 3354 haesitatione
2442 3302 2583 3354 vires
2616 3303 2974 3370 invenientes,
3006 3321 3112 3359 una
3147 3321 3270 3361 cum
3315 3323 3463 3364 asse—

1888 3393 2134 3447 rentibus
2189 3407 2255 3445 ex
2313 3391 2473 3446 Patre
2530 3404 2584 3446 et
2627 3393 2768 3448 Filio
2830 3395 3092 3463 Spiritum
3143 3399 3454 3465 procedere,

1888 3500 2074 3555 pacem
2110 3485 2545 3554 procuravimus,
2574 3487 2666 3555 qui
2697 3501 2765 3541 ex
2789 3486 3295 3556 Patre.per;Filium
3329 3505 3462 3560 pro-

1891 3578 2196 3631 cessionem
2249 3585 2302 3632 et
2336 3578 2715 3646 amplectimur
2780 3587 2835 3632 et
2885 3582 3236 3648 proﬁtemur?
3267 3580 3464 3635 ΙΙαιοιιο

1892 3678 2020 3722 sunt
2048 3670 2100 3722 in
2125 3671 2374 3741 dogmate
2403 3671 2664 3724 maleficia
2683 3671 2705 3724 ‘I
2724 3670 2850 3726 llaec
2881 3674 3064 3741 spuria
3090 3689 3152 3726 ac
3179 3675 3461 3744 peregrina

1891 3762 2141 3829 dogmata
2163 3801 2176 3825 ,
2219 3776 2342 3830 quae
2387 3777 2489 3816 nos
2522 3777 2687 3816 ausos
2709 3762 2897 3827 fuisse,
2943 3766 3007 3817 ad
3041 3765 3309 3818 maximas
3343 3775 3460 3819 tur-

1891 3852 1991 3908 bas
2023 3862 2078 3906 et
2133 3854 2325 3922 ingens
2373 3852 2498 3906 belli
2535 3854 2888 3909 ecclesiastici
2928 3856 3336 3911 incitamentum
3363 3872 3463 3913 ve-

1892 3946 2070 4001 ritatis
2099 3947 2276 4001 hostis
2301 3945 2533 4017 Cyprius
2571 3948 2879 4015 petulanter
2936 3956 3099 4018 atque
3136 3949 3463 4004 inconside—

1892 4047 2008 4091 rate
2051 4037 2265 4091 elIutiit.
2311 4033 2694 4090 Verumtamen
2739 4047 2813 4102 tu,
2870 4039 2964 4108 qui
3018 4039 3218 4094 similia
3271 4051 3462 4095 contra

1891 4141 1992 4180 nos
2031 4130 2298 4194 jactanter
2331 4125 2587 4192 blateras,
2629 4129 3065 4196 praepositionem
3095 4144 3187 4196 per
3215 4145 3465 4185 assumes

1892 4217 1960 4269 de
2007 4216 2162 4281 Filio,
2208 4216 2254 4270 si
2305 4217 2492 4270 omnia
2545 4219 2868 4272 naturaliter
2895 4229 3027 4274 sunt
3075 4236 3140 4274 ex
3184 4221 3341 4274 Patre
3369 4238 3463 4289 per

1893 4305 2085 4360 Filium
2112 4346 2127 4368 ,
2157 4320 2494 4376 quaecunque
2533 4321 2627 4376 per
2655 4307 2849 4362 Filium
2909 4321 3262 4365 asseruntur:
3290 4327 3465 4381 neque

1891 4397 2035 4451 enim
2087 4399 2335 4452 servilem
2391 4400 2617 4468 hujusce
2667 4403 3069 4471 praepositionis
3127 4405 3460 4460 intellectum

1894 4489 2117 4543 audebis
2151 4503 2388 4558 unquam
2422 4505 2688 4554 asserere,
2737 4493 2788 4546 ni
2837 4509 3065 4560 prorsus
3111 4505 3163 4549 et
3213 4504 3462 4564 patenter

1812 4587 1868 4650 Ῑ)
1895 4580 2096 4649 desipis
2123 4597 2136 4633 :
2162 4595 2412 4648 quaenam
2443 4596 2572 4648 ergo
2589 4581 2725 4636 ratio
2742 4597 2849 4637 non
2874 4584 3126 4644 suadebit
3144 4586 3238 4640 tibi
3263 4588 3456 4640 harum

1884 4668 2324 4738 praepositionum
2355 4670 2499 4724 vires
2527 4671 2804 4739 aequales?

1953 4760 2006 4813 4.
2053 4758 2159 4814 Sed
2190 4771 2401 4828 tempus
2453 4759 2564 4828 jam
2595 4769 2702 4826 est,
2730 4761 2934 4816 codicis
2981 4762 3264 4832 pericopas
3319 4764 3461 4819 blas-

1887 4851 2225 4918 phemiarum
2262 4852 2448 4919 plenas
2471 4853 2750 4921 colligere,
2775 4861 2831 4906 et
2865 4854 3162 4925 unicuique
3188 4857 3243 4909 in
3275 4866 3460 4912 nostra

1884 4942 2110 4996 veritate
2164 4944 2375 4995 lirmata
2424 4943 2718 5012 scriptione
2767 4945 3010 5012 digestae.
3069 4945 3452 5002 refutationem

1886 5051 2050 5104 quam
2117 5035 2402 5103 aptissime
2459 5037 2893 5092 accommodare.
2957 5055 2974 5087 ι
3010 5037 3253 5093 Audetne
3309 5041 3460 5107 quis-

1888 5125 2056 5195 piam,
2093 5144 2112 5176 ι
2147 5126 2242 5187 ait,
2281 5143 2300 5175 ι
2335 5126 2478 5180 inter
2523 5142 2620 5180 nos
2666 5127 2846 5181 dicere
2889 5144 2955 5181 ex
3006 5128 3143 5182 Filio
3197 5130 3457 5194 Spiritum

1892 5218 2207 5288 procedere.
2265 5220 2730 5286 quemadmodum
2779 5221 3042 5289 procedit-
3070 5238 3135 5275 ex
3178 5221 3372 5274 Patre?
3401 5230 3456 5274 et

1893 5310 2236 5380 Unigenitnm
2294 5325 2515 5364 causam
2565 5311 2712 5364 illius
2763 5328 2826 5365 ea
2853 5313 2966 5380 ipsa
2998 5314 3228 5372 ratione.
3263 5327 3370 5378 qua
3398 5321 3458 5364 et

1893 5417 2160 5471 generatis
2196 5398 2544 5471 Unigenitum
2569 5389 2768 5457 Pater?
2800 5421 2818 5455 ι
2851 5402 2895 5456 Ο
2923 5403 2993 5456 nti
3027 5402 3210 5466 homo,
3243 5401 3455 5469 qualem

1885 5495 2104 5549 consuis
2152 5496 2333 5548 dolum
2363 5495 2375 5548 !
2412 5495 2625 5560 Quanta
2657 5497 2767 5550 lucc
2805 5507 2894 5549 tua
2927 5496 3088 5549 Verba
3145 5495 3460 5549 curiositate

1892 5589 2275 5640 deformantur
2311 5590 2324 5640 l
2356 5586 2466 5642 Nos
2514 5588 2569 5641 in
2605 5588 2857 5641 omnibus
2893 5586 3111 5654 scriptis
3157 5586 3356 5638 uestris
3391 5602 3456 5639 ex

1895 5680 2052 5733 Patre
2089 5695 2181 5749 per
2215 5680 2410 5733 Filium
2451 5681 2766 5750 procedere.
2802 5680 2929 5732 dum
2965 5679 3352 5747 amplectimur
3405 5689 3460 5731 et

1901 5775 2141 5841 proﬁteri
2185 5791 2288 5827 non
2316 5776 2668 5842 denegaturus,
2695 5787 2874 5840 pacem
2907 5785 3028 5823 cum
3053 5771 3457 5839 processionem

1901 5885 1961 5921 ex
2002 5876 2230 5935 ut'oquc
2281 5865 2636 5938 tqadsnttbus,
2670 5865 2744 5918 uti
2789 5863 3007 5918 assecla:
3053 5873 3106 5919 et
3159 5863 3460 5918 imitatores
