3944 6576
247 421 358 498 sia
966 476 973 482 .
1193 421 1626 502 REFUTATtO
1668 426 1879 503 LIBRI
1920 425 2240 503 GEORGII
2277 426 2554 503 CYPRII.
3388 427 3498 503 sit

210 578 216 583 ο
247 566 346 617 γος
392 547 533 603 ἄλλο
574 550 671 620 μὲν
703 548 988 621 σημαίνειν
1008 548 1068 603 τὸ
1094 550 1158 603 ἐκ
1203 542 1438 623 Πατρδς,
1473 548 1549 621 μὴ
1577 566 1800 621 προσκει

1903 603 1908 615 _
1938 550 2121 605 omnia
2150 550 2452 614 examinat,
2483 542 2820 619 'l‘beologus,
2850 542 3181 617 expiscatur,
3230 544 3377 601 aliud
3409 565 3511 604 no.

248 639 419 710 μένου
471 643 577 694 καὶ
616 639 707 695 τοῦ
736 640 887 721 Υῖοῦ,
916 641 1050 696 ἄλλο
1077 640 1135 695 δὲ
1165 642 1226 696 τὺ
1254 643 1319 696 ὲκ
1351 644 1566 714 Πατρὸς
1609 628 1677 698 δι’
1698 644 1800 698 Υἰοη

1940 651 2056 697 tare
2082 656 2149 698 ex
2176 640 2358 710 Patre,
2390 656 2517 697 cum
2549 655 2657 695 non
2691 638 2909 694 additur
2942 634 3140 707 Filius,
3182 645 3235 694 et
3262 638 3409 694 aliud
3440 657 3508 697 ex

242 732 740 804 ἔκπορεύεσθαι.ι
791 720 886 787 Ἒκ
939 733 1034 788 τοῦ
1077 722 1315 807 Πατρὸς,
1350 755 1368 790 ι
1420 738 1606 806 φησὶν,
1662 734 1800 791 ὲκπο

1938 714 2098 789 Ῥαιτε
2137 748 2233 803 per
2267 720 2463 788 Filium
2498 729 2815 802 procedere.
2853 749 2871 783 ι
2906 726 2984 784 Ex
3035 727 3218 795 Patre,
3252 748 3271 783 ι
3308 730 3509 804 inquit,

241 810 510 895 petissent
532 827 598 881 τὸ
623 811 891 897 πανᾶγιον
922 826 1149 897 Πνεῦμα
1184 826 1320 899 παρ’
1351 828 1518 882 αὐτοῦ
1538 829 1631 882 τοῦ
1686 828 1800 882 Θεοὶ

1944 842 1964 874 σ
2001 823 2413 880 sanctissimum
2461 816 2724 895 Spiritum
2761 823 3086 894 procedere,
3123 824 3193 897 ab
3242 824 3364 898 ipso
3397 825 3509 885 Deo

235 919 334 971 καὶ
356 907 552 987 Λόγου
583 918 866 990 μαθόντες,
901 921 965 974 ὲκ
987 918 1083 974 τοῦ
1145 918 1360 992 Πατρδς
1395 919 1491 974 καὶ
1521 919 1623 991 τὴν
1650 920 1796 992 ἀρχὴ

1937 906 1995 968 et
2023 912 2201 968 Verbo
2243 908 2444 982 edocti,
2501 930 2568 970 ex
2614 910 2778 972 Patre
2822 922 2876 973 et
2923 916 3254 987 principium
3302 918 3510 976 habere

237 1008 388 1078 ἔχειν
421 1011 826 1083 ὁμολογοῦμεν.
858 1031 877 1063 ι
913 1000 1149 1087 ’Ᾱληθὴς
1205 1013 1242 1083 ἡ
1269 1012 1553 1084 ὁμολογία.
1600 1002 1797 1082 Ἐφεξῆ

1936 1006 2281 1061 conﬁtemur.
2319 1025 2341 1058 ι
2389 1007 2528 1064 Vera
2560 1007 2750 1064 istbmc
2807 1006 3088 1066 confessio
3137 1018 3244 1066 est.
3278 1007 3347 1065 Et
3386 1025 3512 1086 ora-

241 1100 296 1154 δὲ
323 1099 720 1172 παρακατιὼν,
757 1121 776 1154 ι
822 1094 963 1156 Εξδὲ
1006 1104 1100 1156 καὶ
1128 1103 1218 1156 διὰ
1266 1102 1363 1156 τοῦ
1416 1101 1569 1170 Υἱοῦ,
1599 1121 1618 1155 ι
1668 1104 1800 1174 φησι

1937 1097 2139 1152 tionem
2173 1114 2534 1171 prosequens,
2577 1101 2655 1157 ait
2686 1117 2702 1155 :
2742 1118 2763 1154 ι
2792 1095 2943 1157 Licet
2973 1101 3119 1157 enim
3152 1118 3184 1157 a
3231 1103 3511 1161 nonnullis

1934 1190 2139 1245 sanctis
2208 1206 2304 1260 per
2363 1188 2563 1248 Filium
2619 1195 2916 1264 procedere
2978 1189 3220 1266 Spiritus
3281 1206 3510 1253 sanctus

1932 1286 2233 1351 astruatur,
2261 1282 2429 1342 dictio
2468 1288 2559 1344 hic
2598 1287 2652 1342 in
2680 1296 2943 1344 aeternum
2992 1280 3359 1357 efl‘ulsionem,
3393 1304 3505 1348 non

1931 1377 1998 1429 ad
2047 1392 2169 1433 esse
2214 1394 2350 1448 pure
2382 1368 2656 1451 signiﬁcat
2692 1389 3069 1452 pregressum.
3103 1398 3123 1435 ι
3175 1374 3308 1449 Quae
3352 1380 3506 1439 hisco

1931 1469 2112 1525 verbis
2153 1464 2595 1542 complectuntur
2646 1478 2785 1543 pura
2834 1482 2967 1544 puta
3015 1472 3301 1528 mendacia
3350 1482 3517 1529 sunt;

1890 1548 2148 1618 'Verttas
2198 1563 2471 1633 siquidem
2521 1567 2699 1636 poscit
2754 1565 3001 1621 eamdem
3062 1564 3388 1621 sententiam
3448 1565 3503 1619 iu

229 1653 324 1707 καὶ
342 1653 435 1706 ἐπ’
467 1655 678 1724 ἀμφοῖν
697 1655 810 1707 τοῖν
838 1654 1154 1723 προσώποιν
1173 1656 1515 1726 σημαντικὴν
1546 1658 1644 1727 τὴν
1673 1657 1800 1724 λέξιε

1933 1651 2205 1708 ambabus
2230 1654 2485 1724 personis
2513 1655 2758 1712 dictione
2803 1645 2971 1709 simili
3007 1651 3315 1710 connotari.
3346 1648 3504 1721 Quod

232 1745 494 1814 βούλεται
524 1743 690 1801 εἶναι.
727 1747 790 1801 Et
814 1746 870 1799 δὲ
906 1748 1001 1803 καὶ
1039 1732 1203 1803 πάλιν
1255 1748 1357 1816 τὴν
1391 1750 1800 1822 ὲπινενοημένηι

1926 1740 1972 1795 ei
2015 1746 2208 1799 rursus
2239 1746 2669 1802 commentitiam
2720 1746 2863 1827 banc
2895 1740 3262 1801 diﬂ‘erentiam
3302 1747 3504 1801 oonce~

226 1837 439 1909 ταύτην
469 1840 744 1912 διαφορὰν
794 1844 1266 1916 συγχωρήσωμεν,
1328 1828 1551 1913 ἔλεγχός
1599 1861 1682 1906 τις
1718 1844 1800 1896 κα¹

1927 1834 2144 1900 damus,
2177 1834 2258 1890 sic
2300 1835 2464 1891 etiam
2521 1838 2650 1891 novi
2703 1834 2940 1905 hujusce
2993 1827 3375 1894 baresiarcha:
3416 1852 3501 1894 se-

228 1928 372 1984 οὔτω
428 1934 535 1986 τοῦ
595 1936 717 1988 νέου
756 1922 1113 2007 αἱρεσιᾶρχου
1166 1936 1289 1990 κατ’
1344 1935 1501 1990 ἄλλον
1551 1934 1795 2005 ἀνακύψε

1922 1928 2165 1983 cundum
2208 1923 2370 1985 aliam
2413 1932 2682 1987 ratiOnem
2715 1928 2978 1987 refutatio
3023 1939 3301 2003 assurget.
3330 1928 3502 1985 Detur

225 2025 317 2075 τὸν
374 2024 572 2091 λόγον.
642 2010 829 2081 Ἔστω
885 2044 991 2093 σοι,
1029 2020 1076 2082 ὦ
1105 2021 1283 2095 οὗτος,
1339 2030 1373 2098 ἡ
1419 2028 1483 2081 ἐκ
1509 2029 1720 2097 Πατρὸς
1747 2029 1799 2082 δι

1921 2016 2046 2085 tibi,
2074 2033 2108 2073 ο
2140 2015 2362 2088 Cyprio,
2397 2018 2669 2101 ex‘Patre
2695 2034 2794 2091 per
2824 2010 3026 2074 Filium
3057 2018 3497 2091 processionem,

228 2112 355 2167 Υἱοῦ
391 2115 766 2187 ἐκπόρευσις,
791 2117 1055 2186 ἔκφανσις
1079 2120 1173 2172 τοῦ
1208 2119 1532 2191 Πνεύματος
1562 2121 1644 2174 δι’
1679 2121 1800 2176 Υἱοξ

1920 2103 2265 2166 eﬂulsionem
2297 2118 2423 2168 esse
2459 2110 2702 2202 Spiritus
2732 2127 2796 2168 ex
2826 2103 2990 2168 Patre
3014 2126 3115 2183 per
3139 2106 3365 2202 Filium.
3397 2106 3499 2167 As.

226 2208 290 2261 ὲκ
316 2211 568 2281 Πατρός.
597 2212 856 2284 Εἰλήφθω
884 2231 971 2268 σοι
1018 2216 1111 2269 καὶ
1159 2217 1195 2286 ή
1240 2214 1519 2285 ἔκφανσις,
1575 2217 1723 2281 ὅπως
1750 2217 1800 2272 an

1920 2213 2170 2257 sumatur
2221 2204 2411 2269 etiam,
2464 2211 2523 2259 ut
2574 2195 2668 2259 tibi
2709 2204 2881 2272 lubet,
2930 2204 3035 2261 ista
3090 2198 3330 2270 eﬂ'ulsio,
3361 2206 3494 2276 quid

240 1212 261 1247 ι
293 1198 457 1265 παρὰ
486 1213 608 1251 τισι
672 1195 780 1251 τῶν
805 1196 982 1265 ἁγίων
1025 1196 1427 1266 ἐκπορεύεσθαι
1481 1197 1546 1251 τὸ
1600 1197 1826 1269 Πνεῦμα

230 1286 294 1339 τὸ
326 1286 497 1352 ἅγιον
543 1287 784 1359 εἴρηται,
814 1286 916 1359 τὴν
963 1275 1135 1342 ἀΐδιον
1164 1288 1429 1358 ἐκφανσιν
1468 1291 1502 1361 ἡ
1540 1278 1689 1354 λέξις
1746 1291 1823 1369 ενι

230 1378 432 1443 ταῦθα,
467 1379 536 1432 οὐ
570 1380 671 1449 τὴν
701 1381 781 1444 εἰς
804 1379 867 1434 τὸ
886 1377 1031 1433 εἶναι
1082 1380 1342 1452 καθαρῶς
1375 1381 1665 1452 σημαίνειν
1698 1381 1823 1451 βού-

232 1454 387 1524 λεται
443 1471 698 1541 πρόοδον.
743 1490 762 1524 ι
804 1471 919 1525 Οὐκ
941 1470 1153 1543 ἀληθὴς
1189 1470 1428 1527 ἐνταῦθα
1452 1473 1487 1542 ἠ
1524 1473 1635 1526 τῶν
1673 1474 1821 1528 οὕτω

229 1549 556 1629 λεγομένων
577 1560 894 1632 περίληψις.
971 1549 1040 1616 Ἦ
1057 1561 1163 1633 γὰρ
1192 1549 1420 1633 ἀλήθεια
1446 1564 1577 1634 μιᾶς
1612 1565 1822 1629 ἐννοδας

227 2301 322 2354 καὶ
357 2304 588 2377 ἀρέσκῃ
619 2321 723 2359 σοι.
779 2305 844 2359 τι
884 2307 1078 2376 φήσεις
1126 2306 1315 2361 ἔκτοτε
1367 2308 1499 2379 περὶ
1538 2309 1640 2378 τῆς
1680 2307 1815 2376 διὰῖ

235 2393 555 2465 Ύπουργδν
587 2398 735 2468 ἐρεῖς
758 2398 848 2453 τὸν
890 2399 1171 2468 Μονογενῆ
1224 2398 1328 2468 τῆς
1382 2402 1813 2472 ἑπινενοημὲνης

228 2502 309 2539 σοι
343 2503 364 2537 ι
397 2486 468 2539 δι’
506 2487 676 2542 αὐτοῦ
708 2490 1024 2558 ὲκφάνσεως
1043 2490 1137 2544 τοῦ
1166 2490 1514 2561 Πνεύματος,
1552 2510 1573 2545 ι
1611 2493 1677 2546 ὲκ
1702 2494 1815 2548 Πα-

224 2574 370 2645 τρὸς,
429 2576 599 2648 ἢτὴν
662 2572 913 2634 ἐντεῦθεν
970 2579 1373 2650 εὐλαϐούμενος
1424 2580 1806 2654 βλασφημίαν,

227 2666 466 2740 φυσικὴν
527 2668 621 2721 τοῦ
662 2670 1003 2739 Μονογενοῦς
1057 2672 1153 2725 ἐπὶ
1215 2675 1282 2743 τῇ
1306 2672 1573 2744 ὲκφάνσει
1604 2676 1809 2748 ταύτην

225 2755 320 2826 τὴν
347 2759 636 2828 μεσιτείαν
665 2760 1058 2832 ὁμολογήσειςς
1110 2764 1174 2817 Εἰ
1207 2763 1265 2817 δὲ
1319 2766 1564 2835 φυσικῶς
1619 2767 1811 2837 ἐκφαι-

225 2864 373 2902 νεται
400 2850 493 2904 διὰ
527 2851 682 2918 Υῑοῦ,
719 2854 916 2908 ταυτὸν
953 2854 1012 2907 δ’
1072 2855 1269 2922 εἰπεῖν,
1317 2856 1680 2929 ἐκπορεύεται
1720 2860 1810 2915 διὰ

226 2938 352 2993 Υἱοῦ
384 2942 539 3023 κατὰ
568 2943 628 2996 σέ
648 2957 664 2973 ⁸
692 2940 802 3016 ἆρα
849 2947 1262 3019 ζυγομαχήσεις
1294 2950 1386 3003 καὶ
1414 2949 1497 3004 ἔτι
1524 2951 1663 3023 πρὸς
1707 2952 1806 3024 τὴν

226 3033 332 3086 τῶν
360 3020 422 3100 ἐξ
474 3036 687 3107 ἀμφοῖν
748 3038 1145 3110 ἐκπορεύεσθαι
1184 3041 1247 3096 ea
1298 3041 1521 3114 Πνεῦμα
1539 3020 1807 3112 λεγόντοιν

225 3129 496 3199 εἰρήνην;
548 3132 582 3201 ἡ
639 3134 746 3202 γὰρ
795 3133 894 3187 διὰ
941 3135 1187 3204 φυσικῶς
1245 3137 1548 3209 εἰλημμένη
1613 3157 1695 3195 σοι
1746 3137 1806 3193 te

229 3221 361 3293 πρὸς
388 3223 495 3295 τὴν
526 3224 596 3290 ἐξ
655 3225 757 3279 οὐκ
794 3227 1177 3297 ἀπαρνήσεται
1241 3231 1559 3301 ἰσοδύναμον
1591 3248 1607 3262 ⁶
1643 3233 1678 3304 ἢ
1702 3232 1799 3289 νῦν

229 3312 325 3382 μὲν
359 3315 563 3379 δώσεις
614 3315 675 3368 τὸ
713 3318 778 3370 ὲκ
836 3319 1052 3389 Πατρὸς
1105 3319 1186 3372 δι’
1219 3320 1355 3375 Υίοῦ
1408 3321 1798 3394 ἐκπορεύεσθαι

225 3404 386 3474 μηδὲν
407 3406 690 3476 διαφέρειν
714 3406 808 3460 τοῦ
840 3407 900 3473 ἐξ
917 3409 1142 3479 ἀμφοῖν,
1169 3409 1264 3465 νῦν
1291 3411 1349 3465 δὲ
1374 3410 1531 3466 τοῦτο
1570 3413 1632 3466 οὐ
1669 3431 1801 3482 συγ-

221 3497 536 3565 χωρήσεις;
582 3497 1009 3565 Ἀλλέἰτοῦτο,
1075 3500 1173 3570 οὐχ
1231 3500 1377 3559 οὕτω
1434 3520 1495 3557 σε
1572 3505 1800 3575 ἀπηνῶς

225 3586 327 3640 ἔδει
357 3588 427 3641 τὰ
451 3589 584 3643 καθ’
650 3590 810 3660 ἡμῶν
858 3593 1263 3662 ἁπερεύγεσθαι
1294 3583 1644 3668 ⁹βλάσφημα,
1705 3602 1798 3653 καὶ

223 3676 316 3730 τοῦ
373 3682 620 3754 πονηροῦ
651 3686 839 3739 καλεῖν
873 3686 1023 3757 ἡμᾶς
1057 3684 1288 3757 ὄργανα,
1335 3689 1428 3742 καὶ
1464 3693 1629 3744 τέκνα
1679 3710 1796 3761 μω-
1840 3740 1848 3748 .

226 3769 368 3839 μητὰ
399 3771 505 3840 τῆς
530 3773 621 3825 τοῦ
653 3773 788 3826 Θεοῦ
832 3774 1181 3845 Ἐκκλησίας,
1206 3778 1302 3830 καὶ
1337 3777 1486 3841 υἱοὺς
1508 3778 1678 3849 αὐτῆς
1701 3779 1796 3834 ἀλ-

221 3854 463 3927 λοτρίους
510 3880 569 3917 τε
599 3867 694 3919 καὶ
723 3867 1090 3937 χωλεύοντας,
1126 3869 1221 3921 καὶ
1276 3871 1526 3938 πονηρὰν
1597 3873 1793 3938 γενεὰν

223 3948 314 3999 καὶ
343 3949 814 4024 διεστραμμένην,
837 3954 934 4008 καὶ
956 3954 1126 4008 τάλλά
1183 3955 1284 4009 ὅσα
1315 3957 1348 4025 ἡ
1390 3957 1457 4025 σὴ
1484 3955 1792 4025 ιγλωσσαλ-

224 4039 313 4106 γία
337 4041 434 4113 τῆς
478 4044 634 4115 ἡμῶν
680 4045 967 4108 εὐσεϐείας
1027 4045 1529 4117 καταθρασύνεται.
1570 4050 1632 4101 Et
1684 4051 1792 4121 γὰρ

220 4134 330 4189 εστι
363 4156 449 4203 τις
491 4139 823 4209 ἒκπόρευσις
847 4139 935 4194 διὰ
962 4141 1302 4213 mamma»
1324 4144 1421 4213 τῆς
1437 4144 1641 4207 certon
1675 4144 1793 4197 δια-

223 4229 481 4299 φέρουσα,
504 4232 573 4284 ὀὖ
598 4232 731 4284 τόσα
754 4233 919 4302 ἡμεῖς
939 4235 1038 4287 ὅσα
1064 4236 1127 4287 σὺ
1159 4235 1341 4303 βούλει
1364 4234 1500 4289 Θεοῦ
1552 4253 1793 4306 προσκε-

219 4322 551 4393 κρούκαμεν.
570 4323 633 4375 Et
652 4322 812 4393 δὲμία
830 4341 911 4387 τις
939 4325 1131 4396 ἔστινὴ
1159 4328 1501 4398 ὲκπόρευσις,
1525 4328 1665 4398 ὅπερ
1695 4324 1790 4383 οὖν

220 4411 329 4471 ταῖς
357 4410 636 4481 ἀληθείαις
658 4415 752 4465 καὶ
811 4411 928 4466 ἔστι
984 4416 1079 4468 καὶ
1137 4418 1383 4486 φυσικῶς
1432 4418 1788 4491 εἰλημμένης,

224 4495 305 4548 ἔπ’
333 4502 508 4571 αὐτῆς
552 4504 649 4572 τῆς
679 4503 798 4566 διὰ,
828 4506 926 4557 οὐκ
952 4506 1066 4576 ἔχει
1117 4524 1203 4569 τις
1233 4508 1549 4579 διαόολικῆς
1590 4512 1789 4565 ἐνστά-

1919 2300 2034 2348 tum
2080 2303 2265 2365 postea
2314 2296 2384 2352 de
2448 2296 2834 2368 prmpositione
2892 2313 2987 2366 per
3040 2298 3497 2354 assevera‘veris?

1907 2373 2291 2444 Allirmabisue
2362 2376 2709 2460 Unigenitum
2759 2389 2989 2460 hujusce
3038 2397 3224 2461 perte
3273 2377 3496 2460 etcogis

1918 2486 2042 2533 tata:
2081 2497 2099 2530 ι
2132 2472 2439 2537 eﬂ‘ulsionis
2484 2478 2725 2552 Spiritus
2764 2496 2861 2552 per
2917 2469 3121 2553 ipsum,
3157 2500 3177 2536 ι
3231 2496 3299 2540 ex
3331 2482 3495 2539 Patre

1914 2569 2215 2628 etl‘ulsionis
2267 2560 2691 2629 administrum?
2723 2572 2819 2630 Vel
2870 2591 2992 2646 quae
3040 2576 3166 2632 inde
3222 2563 3492 2641 exoritur,

1913 2650 2309 2733 biaSphemiam
2351 2665 2551 2729 vitans.
2585 2667 2885 2724 naturalem
2932 2669 3204 2740 Unigeuiti
3245 2670 3298 2723 in
3336 2668 3494 2725 εσυι-

1914 2753 2070 2808 sione
2120 2756 2261 2812 hanc
2310 2757 2696 2814 mediationem
2730 2760 2986 2815 astrues?
3028 2760 3186 2828 Quod
3243 2762 3293 2816 si
3333 2770 3484 2816 natu.

1912 2845 2100 2901 raliter
2133 2861 2230 2917 per
2266 2846 2464 2903 Filium
2500 2833 2740 2921 etl‘ulget,
2790 2852 2844 2907 id
2893 2852 3035 2908 idem
3085 2838 3253 2908 fuerit
3281 2851 3487 2918 dicere,

1911 2943 1963 2991 te
1999 2933 2222 3003 judice,
2272 2938 2527 2995 Procedit
2572 2955 2668 3011 per
2729 2925 2969 3019 Filium.
3003 2940 3073 2995 Et
3119 2941 3489 2997 Contendesne

1919 3032 2086 3097 ultra,
2121 3039 2177 3086 et
2207 3029 2276 3087 ab
2308 3033 2499 3089 eorum
2542 3034 2767 3102 unione,
2794 3035 2889 3107 qui
2923 3051 2986 3091 ex
3040 3046 3274 3105 utroque
3313 3033 3491 3106 Spiri-

1909 3128 2020 3174 tum
2067 3124 2365 3191 procedere
2414 3126 2666 3195 probant,
2715 3134 2767 3183 te
2819 3125 3158 3183 subtrabesi
3202 3143 3297 3196 per
3333 3112 3478 3183 enim

1910 3213 2222 3284 praepositio
2273 3232 2304 3272 a
2358 3227 2409 3272 te
2455 3219 2779 3275 naturaliter
2832 3231 3112 3291 assumpta
3166 3235 3328 3291 pares
3374 3213 3484 3277 sibi

1907 3306 2052 3363 vires
2081 3324 2205 3364 cum
2233 3311 2616 3380 praepositione
2643 3328 2708 3365 ex
2752 3327 2861 3367 non
2902 3312 3136 3368 destruit
3170 3328 3186 3368 :
3222 3324 3315 3370 aut
3339 3330 3485 3370 nunc

1903 3398 2126 3466 quidem
2179 3402 2452 3458 concedes
2500 3418 2565 3456 ex
2615 3388 2776 3459 Patre
2825 3419 2921 3474 per
2974 3390 3176 3459 Filium
3217 3406 3482 3476 procede-

1901 3504 1963 3544 re
2017 3490 2158 3545 idem
2211 3506 2334 3547 esse
2377 3507 2442 3548 ac
2482 3507 2547 3547 ex
2609 3503 2840 3564 utroque
2904 3494 3083 3564 ipsum
3142 3495 3478 3565 procedere,

1900 3596 2050 3638 nunc
2097 3583 2231 3638 illud
2285 3583 2499 3639 inﬁcias
2552 3584 2757 3641 iveris?
2815 3586 3021 3651 Quodsi
3065 3586 3117 3641 id
3166 3598 3280 3655 est,
3332 3586 3478 3642 haud

1901 3671 2202 3727 addcceba‘t
2235 3682 2288 3727 te
2317 3674 2456 3729 adeo
2483 3674 2792 3729 immaniter
2818 3675 2874 3729 in
2903 3690 3005 3731 nos
3034 3676 3352 3747 blasphema
3382 3678 3476 3733 illa

1898 3774 2177 3827 eructare,
2209 3774 2265 3819 et
2316 3765 2551 3835 improbi
2584 3780 2687 3821 nos
2723 3766 3089 3824 instrumenta
3121 3770 3476 3838 compellare,

1897 3868 1951 3914 et
1984 3856 2126 3913 fetus
2160 3860 2252 3913 Dei
2290 3857 2551 3914 Ecclesiae
2599 3860 3022 3929 vituperabilcs,
3058 3871 3113 3917 et
3143 3860 3287 3915 (iiios
3324 3863 3476 3917 illius

1896 3950 2115 4017 spurios
2157 3957 2213 4004 ct
2243 3950 2645 4016 claudicantes,
2695 3958 2749 4004 et
2800 3965 3021 4021 pravam
3067 3953 3474 4023 generationem

1897 4052 1953 4096 et
1978 4046 2319 4110 perversam,
2354 4040 2596 4113 aliaque,
2632 4056 2754 4113 quae
2790 4052 2879 4097 tua
2910 4054 3177 4100 venenata
3208 4046 3474 4103 dicacitas

1896 4146 2088 4190 contra
2122 4143 2366 4190 nostram
2398 4136 2656 4205 pietatem
2701 4135 2970 4193 audacter
3014 4138 3475 4208 impudenterque

1895 4226 2216 4283 deblaterat.
2270 4213 2482 4281 Etenim
2538 4227 2584 4282 si
2646 4236 2731 4283 est
2782 4228 2966 4299 aliqua
3025 4233 3309 4302 processio
3372 4249 3469 4304 per

1892 4315 2093 4372 Filium
2126 4318 2196 4371 ab
2241 4332 2326 4381 ea,
2358 4332 2481 4386 qua:
2510 4326 2595 4373 est
2624 4332 2692 4373 ex
2732 4318 2895 4388 Filio,
2926 4320 3155 4377 minimc
3187 4321 3468 4391 diii'ercns,

1894 4422 2004 4463 non
2033 4415 2113 4462 tot
2142 4407 2303 4463 matis
2338 4418 2464 4472 nos,
2507 4418 2641 4479 quot
2678 4419 2734 4464 tu
2773 4410 2877 4477 vis,
2909 4411 2965 4465 in
3005 4409 3100 4467 Dei
3126 4423 3179 4468 ct
3211 4413 3470 4469 Ecclesia:

1892 4488 2254 4559 oliensiouetn
2305 4502 2624 4558 incidimus.
2656 4502 2865 4583 Quodsi
2907 4520 3015 4559 una
3046 4514 3132 4561 est
3162 4510 3464 4578 processio,

226 4600 355 4650 σεως
396 4593 524 4662 δίχα
573 4595 633 4646 τὸ
663 4595 871 4665 ταύτης
899 4600 1035 4665 πρὸς
1084 4599 1183 4664 τὴν
1232 4597 1301 4661 ἐξ
1359 4599 1789 4669 ἀπαρνήσασθαι

1903 4596 2039 4665 quod
2063 4594 2279 4648 veritati
2301 4594 2480 4665 palam
2501 4595 2718 4662 nititur,
2749 4606 2804 4651 et
2838 4597 3163 4655 naturaliter
3183 4614 3470 4672 assumpta

227 4680 564 4754 ισοδύναμον,
596 4686 671 4757 μὴ
693 4692 854 4758 μόνον
887 4689 949 4740 οὐ
975 4687 1093 4757 Θεῷ
1130 4690 1666 4762 προσκεκρούκαμεν
1691 4690 1789 4745 ἐπὶ

1903 4689 1949 4741 in
1988 4688 2107 4758 ipsa
2141 4704 2257 4758 per,
2314 4704 2478 4743 nemo
2507 4697 2687 4759 potest
2738 4689 2949 4760 absque
2991 4692 3262 4749 diabolica
3296 4694 3469 4749 obsti-

221 4774 285 4841 τῇ
308 4780 436 4847 παρ’
480 4781 639 4850 ἡμῶν
663 4780 1069 4854 σπουδασϐεεσῃ
1095 4782 1287 4834 ἑνώσει
1330 4781 1438 4835 τῶν
1463 4782 1628 4837 αὑτοῦ
1656 4780 1784 4836 Ἐκ-

225 4865 481 4939 κλησιῶν,
532 4875 669 4929 ἀλλὰ
719 4876 812 4929 καὶ
864 4878 1011 4930 πάνυ
1056 4876 1320 4946 Θεοφιλῶς
1371 4878 1474 4930 ἐπ’
1519 4878 1660 4950 αὐτῇ
1687 4878 1790 4951 τὴν

224 4958 324 5012 τῶν
356 4964 612 5035 Πατέρων
642 4965 758 5018 ὁδὸν
793 4966 1157 5037 ⁸ὲὸαδιῖσαμεν.

291 5240 353 5303 ζ’.
403 5261 422 5295 ι
457 5245 594 5315 Οὐχὶ
615 5244 708 5298 τὸν
759 5246 978 5317 Πατέρα
1030 5248 1223 5311 αἴτιον,
1259 5268 1279 5299 ο
1327 5251 1510 5319 φησὶν,
1543 5267 1562 5300 ι
1607 5251 1641 5321 ἡ
1689 5250 1786 5304 τοῦ

224 5326 365 5387 θείου
424 5336 520 5389 τοῦ
567 5338 884 5407 ιινεύματος
914 5338 1003 5391 διὰ
1043 5337 1173 5392 Υἱοῦ
1225 5339 1590 5411 Δαμασκηνοῦ
1624 5324 1795 5413 ιιιςαρίη⁵

225 5434 375 5492 στησι
402 5426 580 5497 ῥῆσις,
604 5431 637 5499 ἡ
662 5494 669 5501 '
694 5431 779 5482 ὅτι
833 5414 1133 5499 προῦολεύς
1160 5434 1279 5485 ἐστι
1307 5435 1399 5486 τοῦ
1463 5435 1788 5505 ἐκφαντορι-

224 5514 317 5566 κοῦ
351 5519 667 5589 Πνεύματος
689 5523 718 5573 ὁ
754 5522 944 5592 Πατὴρ
977 5521 1067 5575 διὰ
1103 5522 1199 5576 τοῦ
1230 5524 1361 5577 Υἱοῦ
1395 5526 1655 5595 λέγουσα.
1705 5530 1781 5582 Oti

222 5603 264 5657 δ’
291 5611 367 5674 εἰς
395 5613 583 5667 τοῦτον
632 5614 886 5685 οὐδαμῶς
930 5615 1072 5686 αὕτη
1126 5621 1284 5690 φέρει
1340 5620 1434 5673 τὸν
1456 5620 1604 5683 νοῦν,
1646 5624 1783 5676 ἀλλά

226 5695 464 5766 βούλεται
495 5707 710 5776 τρανῶς
738 5711 835 5777 τὴν
854 5709 928 5763 δι’
968 5709 1098 5764 Υἱοῦ
1143 5713 1209 5763 ἐκ
1241 5711 1453 5785 Πατρὸς
1483 5714 1576 5768 τοῦ
1609 5717 1783 5769 Πνεῦ-

228 5804 384 5859 ματος
408 5800 766 5869 παριστάνειν
815 5801 1145 5869 φανέρωσιν.
1187 5821 1205 5854 ο
1263 5804 1376 5856 Καὶ
1431 5807 1515 5868 τίς
1566 5806 1781 5884 Exodo»

225 5885 455 5952 τοιαῦτα,
492 5892 587 5943 ἐπὶ
614 5894 679 5961 τῇ
698 5892 948 5962 θεολογίᾳ
970 5892 1114 5945 οὓτω
1139 5895 1558 5965 νομοθετοῦντος
1587 5899 1777 5969 αὑτοῦ,

524 5987 799 6047 Ριτιιοι..
841 5988 955 6049 (in.
990 5988 1189 6050 CXL].

1892 4781 2115 4837 natione
2154 4782 2397 4852 ejusdem
2446 4792 2502 4837 et
2577 4783 2984 4851 praepositionis
3013 4799 3080 4838 ea:
3133 4801 3294 4856 pares
3326 4788 3468 4843 vires

1890 4873 2148 4941 iniiciari,
2192 4884 2405 4930 tantum
2440 4874 2740 4941 abfuimus,
2778 4886 2837 4928 ut
2870 4877 2924 4930 in
2959 4874 3053 4932 Dei
3097 4878 3461 4936 oﬂ‘eusioueui

1891 4967 2288 5036 incideremus,
2316 4984 2440 5023 cum
2488 4967 2860 5024 Ecclesiarum
2907 4972 3162 5027 unionem
3195 4987 3462 5043 procura-‘-

1890 5063 2089 5127 vitnus,
2123 5070 2182 5116 ut
2225 5063 2313 5133 pie
2350 5064 2648 5119 admodum
2690 5064 2743 5118 in
2787 5079 2851 5120 ea
2900 5066 3203 5140 peragenda
3238 5067 3463 5124 Patrum

1890 5165 2198 5227 nostrorum
2230 5155 2373 5208 viain
2403 5156 2826 5212 caicaverimus.

1956 5247 2009 5299 7.
2060 5266 2079 5298 ι
2114 5245 2233 5301 Non
2281 5248 2524 5315 Patrem,
2560 5267 2580 5301 ι
2611 5251 2709 5317 ait,
2763 5270 2781 5304 ι
2820 5268 3043 5309 causam
3092 5257 3330 5326 Spiritus
3363 5273 3463 5328 per

1887 5336 2086 5393 Filium
2117 5339 2286 5395 divini
2318 5339 2642 5398 Damasceni
2670 5344 2880 5402 dictum
2930 5352 3269 5419 comprobat,
3311 5350 3458 5425 quod

1884 5430 2276 5498 productorem
2308 5448 2430 5505 esse
2466 5438 2763 5496 revelantis
2807 5440 3049 5510 Spiritus
3100 5445 3318 5501 Patrem
3357 5465 3453 5518 per

1882 5521 2083 5578 Filium
2117 5526 2303 5582 tradit.
2338 5525 2500 5584 Nullo
2553 5532 2717 5586 modo
2757 5531 2812 5587 id
2847 5535 3087 5591 similem
3119 5538 3458 5596 intellectum

1882 5616 2139 5683 admittit,
2187 5619 2281 5674 sed
2342 5620 2500 5690 plane
2551 5623 2733 5678 innuit
2786 5639 2882 5689 per
2930 5624 3128 5683 Filium
3176 5646 3245 5687 ex
3297 5633 3463 5693 Patro

1884 5706 2121 5777 Spiritus
2174 5711 2697 5770 manifestationetu.
2738 5734 2757 5767 ι
2805 5717 2867 5772 Et
2900 5718 3023 5787 quis
3072 5722 3324 5793 audiens,
3375 5732 3456 5782 si-

1883 5803 2034 5857 milia
2087 5803 2269 5873 ipsutn
2325 5806 2604 5861 in-rebus
2658 5809 2981 5885 titeologicis
3043 5814 3454 5888 decernentetn,

1882 5897 2135 5953 eumdem
2160 5908 2277 5953 atra
2306 5899 2413 5953 bile
2441 5902 2619 5970 palam
2659 5899 2907 5960 laborare
2943 5923 3050 5963 non
3086 5914 3452 5987 exiStimabit,

2970 5997 3046 6060 28

3400 6078 3477 6091 ...ιο
