3944 6580
491 316 597 381 879

1545 316 1755 383 JOAN.
1796 319 2008 381 VECCI
2047 319 2160 385 (ΣΡ.
2201 321 2714 384 ΡΑΤΒΙΑΠΟΙΙίΕ

3597 338 3684 401 880

492 428 707 496 missio,
733 442 842 499 qua
866 405 1088 486 ratione
1112 444 1210 501 per
1244 429 1443 485 Filium
1484 441 1745 501 perpetuo
1769 433 2038 505 eﬂtilgens

2167 434 2326 489 τοῦτο
2382 436 2477 490 καλ⁸
2511 439 2862 509 σιωπήσομεν
2897 455 2909 470 ⁸
2948 440 2994 493 εἰ
3024 441 3069 495 δ’
3101 442 3176 506 ὡς
3200 443 3293 498 τοῦ
3331 446 3450 501 Υἱῶ
3485 455 3686 519 φυσικῶς

490 536 600 576 non
637 520 1009 576 exsistentiam
1075 522 1273 576 habere
1308 536 1400 591 per
1430 519 1627 577 Filium
1662 523 1898 593 Spiritus
1932 539 2062 579 san-

489 621 611 667 ctus
642 612 1017 683 intelligetur?
1045 612 1127 681 Si,
1164 613 1241 668 uti
1277 629 1372 684 per
1400 614 1821 670 instrumentum
1847 616 2061 681 servile,

485 703 814 760 conceditur
852 703 959 759 hoc
992 704 1061 759 ab
1093 704 1194 760 ista
1223 705 1580 772 decernente,
1624 707 1947 762 taeebimus.
2000 706 2058 761 Si

484 812 615 852 vero
652 796 728 851 uti
756 794 897 852 Filio
927 797 1252 851 naturaliter
1289 798 1342 851 in
1373 797 1659 854 eﬂulsione
1698 798 1804 853 hac
1851 815 1913 852 ex
1952 795 2060 854 Pa-

485 899 590 952 tre,
606 895 699 942 aut
718 885 1178 953 manifestatione,
1194 895 1248 941 et
1266 888 1723 958 suppeditatione,
1745 897 1798 943 et
1820 887 2058 953 datione,

482 989 536 1033 et
571 977 828 1033 missione
879 976 1176 1042 mediante,
1209 977 1478 1032 naturalis
1522 979 1626 1033 ista
1666 978 1928 1032 mediatio
1965 992 2061 1047 per

484 1068 680 1124 Filium
715 1085 781 1124 ex
807 1065 968 1124 Patre
1002 1077 1131 1124 ante
1158 1082 1247 1122 res
1275 1082 1468 1125 omnes
1501 1069 1638 1125 alias
1674 1069 2057 1124 exsistentiam

481 1159 802 1223 corroborat
830 1175 844 1213 :
871 1166 924 1214 et
945 1158 1040 1229 qui
1082 1173 1179 1226 per
1222 1155 1420 1211 Filium
1458 1159 1832 1214 exsistcntiaiu
1883 1161 2057 1215 abue-

479 1257 589 1319 gat,
622 1260 734 1303 tum
794 1249 865 1304 ob
920 1249 1239 1304 innovatum
1291 1250 1573 1317 ordinem,
1635 1262 1689 1306 et
1719 1252 2056 1307 exsistentiae

478 1343 957 1413 improbationem,
1006 1352 1060 1400 et
1117 1346 1430 1399 universam
1480 1346 1640 1402 ﬁdem
1690 1348 1944 1419 abnegat,
1998 1358 2058 1404 ut

477 1449 601 1489 cum
636 1450 834 1506 magno
858 1442 913 1490 et
943 1435 1129 1491 divino
1164 1435 1364 1491 Basilio
1386 1436 1598 1507 loquar,
1634 1438 1781 1509 quod
1814 1439 2055 1495 servien-

425 1539 428 1541 λ
477 1528 636 1593 ιίιιιιι,
669 1536 721 1582 et
747 1528 1179 1583 ministrantium
1216 1529 1402 1595 modo,
1425 1532 1610 1598 utjam
1636 1531 2051 1601 supposuimus,

474 1620 793 1675 necessario
850 1619 969 1675 haec
1031 1620 1215 1674 omnia
1258 1621 1677 1692 suppeditentur
1700 1637 1797 1690 per
1827 1619 2051 1686 Filium,

474 1711 862 1782 suppeditatio,
894 1710 1140 1782 inquam,
1164 1711 1314 1768 datio
1339 1752 1354 1778 ,
1399 1712 1612 1779 missio,
1651 1711 2047 1777 manifestatio,

2167 527 2257 579 ἐπὶ
2288 530 2354 598 τῇ
2382 530 2446 582 ὲκ
2480 530 2692 601 Πατρὺς
2721 530 2991 602 ἐκλάμψει
3036 534 3226 607 ταύτῃ,
3258 537 3291 607 ἢ
3324 539 3413 591 καὶ
3449 540 3688 611 ἒκφάνσει,

2172 618 2269 672 καὶ
2306 621 2570 691 χορηγίᾳ,
2609 623 2701 675 καὶ
2728 623 2892 687 δόσει,
2921 625 3015 677 καὶ
3038 627 3307 697 ἀποστολῇ
3341 631 3691 701 μεσιτεύοντος,

2167 710 2440 783 ἠφυσικὴ
2495 712 2632 783 αῦτη
2694 715 2945 783 μεσιτεία
2985 716 3082 787 τὴν
3116 717 3184 771 δι’
3231 718 3363 772 Υἰοῦ
3410 723 3470 774 ἐκ
3516 723 3693 796 [ἰατρὸς

2165 803 2271 872 πρὸ
2320 802 2429 855 τῶν
2480 803 2655 858 ἄλλων
2693 806 2952 859 ἀπάντων
2993 808 3303 879 συνίστησιν
3335 810 3554 883 ὓπαρξιν
3581 830 3593 843 ·
3623 817 3693 869 καὶ

2163 894 2191 946 ὁ
2224 893 2321 964 τὴν
2345 893 2412 946 δι’
2439 893 2569 947 Υίοῦ
2599 896 3010 967 ἀπαρνούμενος
3035 898 3268 969 ὓπαρξιν
3291 901 3379 955 διά
3407 919 3462 954 τε
3487 903 3576 975 τὴν
3594 906 3694 977 περὶ

2161 983 2262 1053 τὴν
2318 984 2471 1051 τάξιν
2528 988 2883 1058 καινοτομίαν
2941 990 3033 1043 κα)⁸
3090 991 3261 1061 αὐτῆς
3316 993 3411 1061 τῆς
3452 993 3695 1064 ὑπάρξεως

2161 1074 2421 1145 ἀθέτησιν
2464 1080 2559 1130 καὶ
2608 1077 2737 1147 ὅλης
2799 1083 3035 1134 ποιεῖται
3092 1085 3192 1153 τῆς
3237 1083 3472 1147 πίστεως
3507 1086 3694 1157 ἄρνησιν

2160 1166 2307 1221 κατά
2339 1168 2430 1222 τὸν
2455 1170 2629 1239 μέγαν
2657 1173 2830 1225 εἰπεῖν
2874 1174 2970 1227 καὶ
2996 1172 3136 1226 θεῖον
3163 1174 3460 1241 Βασίλειον,
3482 1178 3563 1231 διά
3581 1197 3627 1232 τε
3646 1180 3693 1234 τὸ

2162 1259 2518 1330 ὑπηρετικῶς
2554 1262 2647 1315 καὶ
2676 1260 3077 1335 λειτουργικῶς
3096 1267 3235 1320 κατὰ
3267 1266 3368 1337 τὴν
3399 1268 3631 1324 ὑτώθεσιν
3649 1273 3694 1339 ἐξ

2162 1350 2409 1420 ἀνάγκης
2437 1352 2610 1407 ταῦτα
2633 1356 2813 1409 πάντα
2840 1358 3199 1429 χορηγεῖσθαι
3216 1360 3285 1413 δι’
3306 1357 3454 1426 Υἱοῦ,
3475 1366 3695 1435 χορηγίαν

2155 1441 2321 1511 φημὶ,
2356 1442 2524 1509 δόσιν,
2570 1445 2898 1519 ἀποστολὴν,
2950 1450 3278 1521 φανέρωσιν,
3314 1452 3583 1521 ἐκφανσιν,
3621 1457 3693 1509 καὶ

2151 1533 2206 1585 εῐ
2231 1549 2281 1583 τι
2315 1532 2446 1586 ἄλλο
2497 1535 2746 1603 βούλεταί
2795 1556 2880 1601 τις
2927 1539 3109 1608 λέγειν
3147 1542 3414 1606 τοιοῦτον,
3452 1544 3691 1615 προδήλως

2153 1624 2278 1676 κατ’
2334 1626 2521 1679 οὐσίαν
2570 1628 2665 1681 καὶ
2709 1628 2872 1698 φύσιν
2918 1631 3155 1703 διίστησι
3201 1634 3293 1687 τὸν
3334 1634 3461 1688 Υίδν
3502 1638 3597 1689 ἀπὺ
3622 1636 3693 1690 τιῦ

2156 1715 2395 1784 Πατρός.
2432 1717 2581 1783 Τέως
2606 1720 2661 1773 δὲ
2694 1723 2857 1776 ποίαν
2886 1724 2987 1794 οὐχ
3019 1726 3342 1798 ὑπερεαίνει
3383 1730 3477 1799 τὴν
3508 1732 3690 1798 ἀλογίαν

471 1804 711 1869 επιιιεὶο,
754 1813 809 1858 et
841 1803 885 1860 si
926 1803 1054 1875 quid
1095 1803 1240 1859 aliud
1264 1804 1534 1875 quispiam
1573 1805 1839 1869 attulerit,
1867 1804 2044 1859 mani-

2154 1806 2224 1860 δι’
2255 1806 2387 1860 rios
2420 1810 2512 1862 καὶ
2550 1810 2608 1877 ἐξ
2636 1812 2765 1866 rios
2798 1816 3067 1886 ὑπάρχειν
3095 1796 3157 1872 τι
3181 1820 3410 1891 Πνεῦμα
3436 1796 3692 1891 δμολογεῖν,

473 1897 616 1953 festo
663 1896 960 1952 secundum
1016 1896 1316 1950 essentiam
1373 1904 1424 1951 et
1469 1906 1717 1951 naturam
1782 1895 1980 1950 Filium
2016 1911 2048 1951 a

472 1987 633 2045 Patre
665 1988 949 2044 dissociat.
1008 1986 1254 2045 Tandem
1315 2003 1479 2059 quam
1533 2003 1643 2043 non
1701 1998 1928 2058 superat
1954 1989 2049 2043 ab-

472 2079 698 2136 surdam
749 2078 1118 2136 temeritatem
1170 2078 1422 2137 conﬁteri
1478 2094 1574 2150 per
1610 2078 1809 2134 Filium
1868 2090 1922 2135 et
1975 2087 2043 2136 ex

2158 1900 2255 1953 καὶ
2285 1898 2457 1954 ταῦτα
2495 1908 2893 1977 προσκειμένου
2924 1911 2991 1980 τῇ
3030 1910 3121 1963 τοῦ
3155 1911 3421 1981 ὑπάρχειν
3445 1913 3594 1979 λέξει,
3623 1917 3693 1966 καὶ

2155 1992 2251 2046 τοῦ
2280 1994 2526 2063 φυσικῶς
2556 2014 2614 2049 τε
2651 2000 2747 2052 καὶ
2774 2001 3069 2067 οὖσιωδῶς,
3118 2005 3217 2058 καὶ
3246 2005 3348 2075 τὴν
3378 2005 3443 2060 δι’
3482 2006 3597 2059 Υἱοῦ
3621 2008 3693 2059 καὶ

2154 2083 2212 2149 ἐξ
2249 2083 2380 2139 Υίοῦ
2405 2084 2639 2158 ὕπαρξιν
2665 2090 3030 2163 ἀπαρνεῖσθαι
3052 2093 3149 2149 τοῦ
3175 2097 3521 2168 Πνεῦματος;

385 2240 389 2245 θ
472 2173 612 2230 Filio
634 2172 926 2265 iSpiritum
958 2173 1242 2240 exsistere,
1283 2172 1512 2265 cui-jam
1533 2172 1751 2229 additur
1786 2174 1956 2230 dictio
1985 2174 2252 2235 exsistere
2281 2193 2333 2237 et
2394 2184 2716 2241 naturaliter
2780 2195 2835 2241 et
2886 2191 3281 2260 essentialiter,
3313 2203 3368 2249 ct
3391 2209 3504 2248 cam
3531 2236 3547 2261 ,
3599 2210 3693 2265 qna:

472 2281 569 2337 per
615 2264 812 2320 Filium
861 2274 915 2321 et
944 2281 1012 2321 ex
1058 2264 1199 2320 Filio
1254 2274 1358 2333 est,
1392 2264 1629 2336 Spiritus
1664 2266 2043 2322 exsistentiam
2077 2267 2354 2326 iniicrari'!

547 2357 635 2413 10.
675 2376 693 2410 ι
728 2356 833 2412 Sed
852 2372 949 2428 per
979 2356 1200 2421 Filium,
1230 2375 1250 2409 ι
1278 2358 1372 2425 ait,
1405 2381 1425 2409 ε
1460 2368 1513 2412 et
1533 2374 1599 2413 ex
1619 2357 1757 2414 Filio
1790 2360 2055 2414 naturali-

470 2460 553 2505 ter
590 2449 898 2514 exsiStere,
953 2464 1059 2503 non
1094 2464 1222 2503 vero
1282 2466 1377 2519 per
1433 2449 1631 2505 Filium
1679 2460 1730 2506 et
1785 2464 1850 2504 ex
1911 2449 2050 2506 Filio

467 2538 844 2595 exsistentiam
899 2538 1103 2593 habere
1130 2575 1147 2604 ,
1195 2538 1290 2608 qui
1340 2538 1395 2593 id
1436 2540 1795 2594 enuntiat-unt
1827 2539 2046 2609 Patres,

469 2629 599 2684 fassi
653 2639 801 2685 sunt.
840 2646 861 2682 ι
928 2628 972 2685 0
1014 2638 1266 2700 argutum
1308 2629 1431 2684 talia
1488 2630 1851 2686 asserentium
1915 2647 2047 2686 acu-

471 2739 594 2777 men
624 2722 637 2775 !
672 2721 846 2788 Quam
878 2720 1222 2776 admirabilis
1280 2729 1383 2786 cst,
1437 2722 1508 2776 mi
1555 2720 1771 2793 Cyprie,
1811 2733 1903 2778 tua
1932 2724 2046 2780 hanc

468 2814 778 2885 sapientia!
811 2822 871 2868 ut
911 2812 1340 2868 sublimes'sunt
1397 2822 1452 2868 et
1486 2814 1643 2884 plane
1672 2815 1920 2870 tctbereaz
1951 2831 2045 2869 co-

468 2906 808 2975 gitationes!
845 2905 914 2959 At
945 2920 1046 2975 ego
1079 2905 1171 2976 qui
1204 2920 1308 2959 non
1354 2906 1427 2959 ita
1455 2906 1708 2963 curiosus
1739 2923 1860 2961 sum
1883 2947 1899 2973 ,
1945 2906 2042 2962 sed

468 3001 622 3054 rudis
648 2999 944 3069 lrebesque,
977 3000 1109 3053 illud
1138 3015 1152 3053 :
1181 3014 1246 3053 ex
1286 2998 1426 3053 Filio
1453 3002 1767 3055 naturaliter
1782 3000 2042 3071 Spiritum

2236 2361 2287 2419 t'.
2332 2385 2349 2418 ι
2399 2368 2563 2422 Ἀλλά
2589 2369 2658 2424 δι’
2692 2371 2845 2436 Υίοῦ,
2884 2392 2905 2426 ι
2942 2375 3098 2445 φησί,
3133 2396 3153 2430 ι
3190 2377 3286 2431 καὶ
3314 2378 3374 2444 ἑξ
3402 2378 3525 2432 Υίοῦ
3568 2396 3689 2447 φυςι-

2157 2454 2272 2519 κῶς
2325 2457 2615 2529 ὑπάρχειν,
2667 2460 2932 2530 οῦμενουν
2977 2464 3047 2517 δι’
3088 2464 3216 2518 Υίοῦ
3252 2467 3347 2520 καὶ
3396 2465 3454 2531 ἐξ
3481 2465 3595 2520 Υίοῦ
3616 2468 3689 2536 τὴν

2156 2546 2394 2620 ὓπαρξιν
2430 2550 2576 2620 ἔχειν
2619 2554 2670 2605 οί
2702 2552 2991 2624 εἰρηκότες
3020 2556 3271 2628 Πατέρες
3303 2557 3364 2610 τὸ
3410 2557 3611 2627 Πνεῦμα
3643 2558 3689 2609 τὸ

2154 2636 2312 2705 ἅγιον
2356 2638 2585 2710 ἔφησαν.
2621 2659 2643 2694 ι
2698 2642 2813 2713 Τῆς
2849 2643 3054 2715 λεπτῆς
3100 2648 3210 2700 τῶν
3255 2647 3430 2701 ταῦτα
3470 2648 3688 2715 λεγόντων

2153 2729 2365 2793 ἐννοίας
2402 2730 2414 2783 l
2458 2732 2548 2795 Ὠς
2580 2732 2866 2807 θαυμαστή
2905 2753 3020 2802 σου,
3054 2737 3298 2810 Κύπριε,
3324 2742 3358 2810 ἡ
3386 2739 3568 2808 γνῶσις
3592 2741 3602 2790 l
3630 2740 3687 2802 ὡς

2152 2820 2335 2892 ὑψηλά
2363 2839 2456 2877 σου
2486 2825 2553 2879 τὰ
2602 2828 2853 2897 νοήματα
2898 2829 2990 2882 καὶ
3019 2829 3237 2903 αἰθέρια
3270 2833 3284 2886 ἰ
3337 2831 3474 2901 Ἐγὼ
3507 2833 3556 2886 δὲ
3584 2833 3689 2900 ἀφε-

2150 2910 2278 2978 λῶς,
2322 2914 2398 2979 ὡς
2446 2915 2556 2987 ἔχω
2605 2919 2701 2971 καὶ
2730 2918 2904 2984 οὕτως
2952 2922 3262 2990 ἰδιωτικῶς,
3295 2926 3358 2978 τὸ
3384 2927 3445 2978 ὲκ
3479 2925 3562 2978 τοῦ
3584 2922 3684 2977 Υἱοῦ

2150 3006 2399 3073 φυσικῶς
2460 3008 2728 3079 ὑπάρχειν
2783 3012 2845 3065 τὸ
2906 3014 3131 3084 Πνεῦμα
3186 3017 3274 3079 εἰς
3328 3017 3428 3087 τὴν
3483 3016 3537 3081 ἐξ
3581 3014 3683 3068 Υίοῦ

466 3094 752 3157 exsistere,
812 3105 910 3160 pro
974 3088 1296 3145 exsistentia
1346 3106 1411 3144 ex
1469 3089 1606 3145 Filio
1664 3106 1938 3147 assumo:
1990 3100 2043 3145 et

2148 3098 2383 3170 ὓπαρξιν
2413 3102 2741 3175 ὲκλαμόάνω
2766 3124 2779 3137 ο
2815 3106 2907 3161 καὶ
2940 3107 3039 3179 τὴν
3077 3107 3147 3173 ἐξ
3181 3110 3306 3163 ἀντὶ
3329 3110 3424 3180 τῆς
3458 3110 3548 3163 διὰ
3574 3108 3685 3164 κατὰ

465 3172 905 3254 ριιιξροείιὶοιιειιι
934 3194 1018 3244 ex,
1052 3178 1172 3233 loco
1211 3180 1611 3249 praepositionis
1656 3195 1767 3247 per,
1798 3190 1857 3236 ut
1906 3181 2044 3235 scri-

467 3275 575 3345 ptis
619 3274 874 3327 tnandata
939 3271 1161 3326 traditio
1224 3260 1455 3335 intonat,
1516 3273 1583 3327 de
1638 3272 1778 3328 Filio
1831 3289 2044 3344 semper

466 3366 765 3435 accipiens,
816 3379 924 3420 non
980 3364 1118 3419 duas
1166 3379 1362 3420 causas
1396 3362 1657 3433 Spiritus,
1704 3366 1798 3420 sed
1826 3365 2040 3421 Patrem

465 3470 687 3512 causam
727 3470 824 3525 per
852 3454 1054 3510 Filium
1097 3456 1288 3521 multa,
1320 3471 1441 3526 quae
1474 3472 1536 3513 ex
1569 3457 1836 3527 theologia
1866 3460 2043 3512 oritur

464 3546 795 3602 conﬁdentia
829 3587 845 3613 ,
906 3545 1211 3615 deprzcdico
1242 3586 1257 3612 ,
1310 3558 1364 3601 et
1412 3561 1761 3617 progressum
1798 3564 1865 3602 ex
1929 3548 2043 3604 sole

467 3652 564 3708 per
620 3636 834 3691 radium
896 3636 1122 3690 luminis
1156 3651 1254 3705 pro
1308 3638 1627 3693 exsistentia
1672 3653 1768 3707 per
1825 3640 2039 3693 radium

466 3728 821 3796 interpretor,
852 3732 910 3778 ut
941 3733 1133 3794 postea
1166 3725 1337 3779 multa
1366 3741 1488 3781 cum
1523 3726 1770 3784 libertate
1792 3741 1857 3781 ex
1891 3736 2041 3782 utro-

464 3833 593 3890 que,
624 3819 738 3873 sole
763 3831 957 3885 nempe
987 3825 1041 3869 et
1068 3817 1242 3882 radio,
1269 3815 1449 3870 lumen
1489 3831 1610 3870 esse
1640 3817 1990 3885 pronuntiem
2020 3833 2037 3885 ;

463 3917 519 3963 et
550 3917 608 3963 ut
629 3910 791 3962 etiam
826 3907 1037 3961 radium
1065 3904 1269 3961 l‘ontein
1294 3905 1516 3961 luminis
1546 3921 1791 3961 asserere
1811 3909 2037 3977 possim.

464 4001 620 4068 Quod
652 4015 780 4055 vero
818 4013 984 4069 negas
1020 3999 1218 4053 habere
1260 3997 1519 4067 Spiritum
1549 4013 1645 4067 per
1694 3998 1893 4053 Filium
1925 4011 1978 4053 et
2008 4014 2039 4055 a

466 4091 629 4152 Filio.
657 4091 711 4146 id
747 4106 851 4160 ego
895 4089 1201 4145 exosculari
1249 4088 1537 4155 confiteor,
1586 4089 1792 4144 dictum
1856 4091 2038 4161 magni

462 4182 657 4237 Basiiii
696 4198 726 4236 a
755 4181 897 4237 Filio
931 4180 1194 4251 Spiritum
1221 4196 1342 4239 esse
1379 4180 1679 4236 decernens
1709 4183 1849 4235 inter
1889 4183 2041 4236 tbeo—

463 4274 636 4345 lugica
669 4273 818 4328 illius
847 4273 1041 4344 placita
1075 4286 1436 4340 enumerans;
1477 4273 1937 4343 quemadmodum
1986 4282 2040 4327 et

461 4365 594 4422 illud
619 4367 760 4422 beati
785 4364 962 4421 Patris
992 4363 1161 4419 nostri
1189 4362 1442 4436 Nysseni,
1465 4367 1609 4437 quod
1638 4366 1788 4419 illum
1812 4380 1876 4418 ex
1901 4362 2036 4418 Filio

458 4473 582 4515 esse
612 4458 874 4514 declarat.
1535 4466 1542 4474 ‘

534 4550 621 4607 ll.
655 4568 674 4602 ι
711 4550 1050 4611 Communis.
1086 4568 1106 4601 ι
1142 4548 1236 4613 ait,
1273 4567 1292 4602 ι
1315 4549 1549 4604 essentia
1570 4557 1625 4604 et
1653 4558 1844 4603 natura
1867 4549 2036 4629 hypo-

458 4652 668 4700 staseos
700 4659 866 4699 causa
887 4659 992 4697 non
1027 4650 1109 4697 est
1138 4660 1151 4695 :
1176 4658 1299 4696 cum
1332 4656 1507 4710 neque
1528 4657 1767 4711 unquam
1792 4651 2031 4710 generet,

459 4751 638 4808 neque
676 4737 958 4806 producat.
988 4732 1116 4790 Ilazc
1142 4734 1451 4789 communis
1474 4734 1709 4789 essentia
1732 4733 2036 4787 individuo-

462 4844 584 4883 rum
624 4836 727 4883 est.
752 4826 951 4881 Verum
1007 4824 1242 4880 essentia
1270 4840 1394 4879 cum
1437 4825 1885 4894 proprietatibus,
1916 4841 2036 4895 quae

465 4921 626 4990 plane
657 4918 983 4973 auctoritate
1014 4916 1197 4987 magni
1229 4915 1448 4971 Maximi
1490 4916 1665 4987 ipsam
1700 4917 2033 4995 hypostasim

465 5021 654 5077 notat;
683 5011 791 5065 imo
821 5012 985 5066 etiam
1007 5011 1179 5080 ipsius
1204 5010 1384 5081 magni
1414 5010 1617 5067 Basilii.
1640 5011 1740 5067 Hic
1770 5012 2032 5083 siquidem

459 5108 588 5160 item
614 5102 827 5170 deiinit,
856 5102 1192 5174 bypostasim
1219 5117 1360 5170 esse,
1391 5118 1512 5174 quae
1542 5117 1833 5159 commune
1863 5115 1919 5160 et
1950 5106 2033 5161 in-

290 5192 295 5197 .
367 5257 370 5260 .
459 5207 933 5278 circumscriptum
952 5209 1005 5261 in
1023 5222 1083 5262 re
1101 5207 1281 5277 aliqua
1298 5222 1388 5276 per
1404 5220 1723 5278 apparentes
1739 5211 2038 5281 proprieta—

459 5311 543 5357 tes
565 5308 918 5372 repraesentat
951 5309 1005 5354 et
1037 5298 1456 5353 circumscribit.
1482 5318 1501 5350 ι
1538 5298 1683 5372 Euge
1713 5301 1852 5356 hanc
1889 5313 2034 5355 tuam

458 5392 882 5457 confessionem,
912 5392 1041 5447 licet
1068 5389 1137 5445 ad
1193 5390 1362 5453 aiiud,
1397 5404 1495 5444 nec
1544 5391 1716 5460 ipsam
1752 5393 2034 5448 veritatem

459 5485 764 5556 respiciens
810 5487 972 5540 allata
1027 5482 1271 5539 dixeris!
1298 5480 1415 5537 Non
1453 5498 1802 5538 communem
1836 5500 2033 5542 essen-

454 5579 588 5633 tiam
620 5589 674 5632 et
700 5578 974 5639 naturam,
995 5576 1088 5631 sed
1110 5590 1232 5629 cum
1262 5574 1692 5645 proprietatibus
1721 5579 2034 5645 essentiam,

458 5684 582 5740 qua:
618 5670 794 5738 palam
828 5668 997 5738 ipsam
1031 5666 1368 5737 llypostasim
1395 5675 1564 5733 notat,
1592 5682 1812 5722 causam
1863 5669 2032 5739 hypo-

446 5760 622 5845 ﬁtasis
658 5776 778 5817 esse
823 5758 1033 5825 fateris,
1068 5769 1120 5813 et
1146 5773 1408 5832 generare
1460 5772 1512 5816 et
1548 5762 1849 5831 producere
1881 5763 2037 5816 simi-

2146 3194 2449 3263 παράδοσιν
2484 3197 2767 3278 γραφικὴν
2799 3200 2892 3254 ἐπὶ
2919 3201 3015 3254 τοῦ
3050 3200 3179 3255 Υἰοῦ
3210 3202 3506 3272 λαμϐάνων
3525 3202 3681 3266 deLati

2142 3284 2237 3339 δύο
2264 3287 2358 3340 τοῦ
2410 3288 2732 3359 Πνεύματος
2760 3294 2931 3356 αἴτια,
2964 3292 3056 3348 τὸν
3079 3293 3133 3347 δὲ
3166 3294 3391 3366 Πατέρα
3436 3296 3590 3348 αἴτιον
3615 3293 3681 3345 διὰ

2141 3374 2237 3430 τοῦ
2270 3379 2403 3432 Υίοῦ
2439 3383 2578 3451 μετά
2616 3382 2815 3436 πολλοῦ
2848 3383 2940 3438 τοῦ
2977 3386 3069 3438 ἐπὶ
3100 3390 3166 3457 τῇ
3208 3385 3458 3458 θεολογ⁷ᾳ
3487 3386 3680 3456 θάρῥους

2143 3471 2507 3542 ἀνακηρύττω
2536 3489 2551 3503 ·
2595 3475 2691 3526 καὶ
2721 3475 2819 3547 τὴν
2848 3478 2912 3529 ὲκ
2942 3477 3034 3530 τοῦ
3070 3479 3222 3549 ἡλίου
3264 3480 3351 3531 διὰ
3381 3480 3473 3547 τῆς
3500 3480 3679 3537 ἀκτῖνος

2143 3563 2373 3633 πρόοδον
2408 3566 2501 3617 τοῦ
2529 3567 2706 3633 φωτὸς
2738 3570 2818 3631 εἰς
2852 3568 2950 3640 τὴν
2984 3569 3073 3623 διὰ
3106 3573 3201 3640 τῆς
3235 3570 3454 3633 ἀκτῖνος
3486 3569 3678 3640 ὓπαρξιν

2141 3654 2471 3725 ὲξηγοῦμαι,
2536 3657 2624 3710 ἵνα
2685 3660 2823 3712 κατὰ
2887 3661 3093 3731 πολλὴν
3139 3661 3241 3731 τὴν
3285 3662 3468 3715 ἄδειαν
3508 3661 3587 3713 καὶ
3632 3659 3677 3721 ἐξ

2141 3746 2368 3815 ἀμφοῖν,
2415 3747 2513 3801 τοῦ
2543 3748 2696 3818 ἡλίου
2728 3749 2972 3821 δηλονότι
3016 3755 3109 3806 καὶ
3139 3753 3240 3821 τῆς
3266 3755 3480 3817 ἀκτῖνος
3506 3754 3558 3806 τὸ
3586 3752 3674 3820 φῶς

2141 3833 2286 3892 εἶναι
2329 3836 2568 3907 λέγοιμι,
2599 3840 2693 3894 καὶ
2726 3841 2813 3895 ἵνα
2841 3847 2936 3898 καὶ
2959 3844 3057 3913 τὴν
3093 3845 3293 3899 ἀκτῖνα
3326 3845 3501 3914 λέγειν
3528 3843 3674 3912 πηγὴν

2142 3927 2319 3995 φωτὸς
2382 3928 2584 3997 ἔχοιμι.
2640 3932 2704 3982 Ὃ
2752 3932 2810 3985 δὲ
2858 3927 2999 3987 εἶναι
3047 3934 3412 4005 ἀπαγορεύεις
3465 3937 3592 4005 ἔχειν
3627 3933 3674 3985 τὸ

2142 4018 2365 4089 Πνεῦμα
2398 4022 2466 4073 δι’
2495 4019 2624 4074 Υίοῦ
2656 4021 2752 4076 καὶ
2783 4025 2933 4093 παρά
2964 4025 3119 4094 Υἰοῦ,
3149 4028 3263 4096 ἐγὼ
3287 4029 3439 4083 τοῦτο
3464 4028 3674 4099 στέργειν

2142 4107 2548 4180 ὀμολογῶ,λτὴν
2588 4114 2743 4185 παρά
2773 4114 2868 4169 τοῦ
2896 4115 3029 4170 Υἰοῦ
3066 4114 3207 4172 εἶναι
3243 4120 3306 4173 τὸ
3353 4106 3559 4187 Πνεῦμα
3581 4119 3674 4169 θεο-

2140 4200 2414 4272 λογοῦσαν
2448 4206 2609 4276 ῥῆσιν
2642 4206 2735 4260 τοῦ
2769 4208 3014 4277 μεγάλου
3054 4210 3362 4274 Βασιλείου,
3399 4213 3509 4272 ταῖς
3539 4208 3671 4264 αὑτοῦ

2141 4293 2445 4360 θεολογίαις
2470 4294 2741 4366 ἂγκρίνων
2774 4310 2791 4329 ·
2824 4296 3014 4370 ὥσπερ
3039 4299 3132 4354 οῦν
3152 4302 3246 4355 καὶ
3273 4301 3371 4371 τὴν
3398 4301 3486 4353 τοῦ
3526 4314 3670 4367 pauo

2142 4382 2260 4451 ριόυ
2310 4381 2523 4451 Πατρὸς
2577 4383 2734 4453 ἡμῶν
2783 4385 2878 4440 τοῦ
2923 4387 3168 4463 Νύσσης,
3200 4391 3301 4463 τὴν
3350 4393 3414 4445 ἐκ
3455 4388 3539 4446 τοῦ
3570 4387 3669 4442 Υίοῦ

2066 4488 2109 4543 ι)
2139 4468 2283 4526 εἶναι
2313 4473 2446 4525 αὑτὸ
2474 4473 2760 4543 λέγουσαν.

2213 4568 2301 4618 ια’.
2352 4584 2368 4615 ι
2403 4564 2540 4634 Οὐχὶ
2600 4567 2633 4638 ἡ
2689 4568 2868 4638 κοινὴ,
2899 4587 2919 4622 ι
2953 4571 3138 4641 φησὶν,
3173 4590 3193 4625 ι
3225 4574 3382 4628 οὐσία
3421 4577 3507 4629 καὶ
3540 4574 3669 4643 φύσις

2136 4653 2489 4718 ὑποστάσεως
2540 4659 2688 4711 ἐστιν
2711 4660 2858 4714 αἰτία
2905 4662 3040 4731 μηδὲ
3073 4668 3369 4736 γεννητική
3409 4684 3551 4733 ποτε,
3573 4663 3669 4718 obit

2138 4745 2481 4817 προϐλητικὴ
2506 4748 2646 4819 αὕτη
2682 4768 2746 4818 γε
2783 4754 2815 4824 ἡ
2849 4754 3002 4826 κοινὴ
3037 4756 3195 4809 οὑσία
3224 4737 3434 4828 πέφυκε
3457 4760 3551 4812 τῶν
3570 4756 3668 4812 ἀτό-

2140 4849 2280 4903 μων,
2317 4835 2351 4905 ή
2383 4836 2440 4889 δὲ
2468 4841 2588 4908 μετ’
2637 4841 2948 4912 ἰδιωμάτων
2980 4844 3153 4909 οὐσία,
3186 4847 3307 4917 ἥτις
3341 4853 3515 4917 σαφῶς
3555 4846 3666 4899 κατὰ

2134 4927 2227 4981 τὸν
2289 4928 2464 4998 μέγαν
2508 4933 2765 5005 Μάξιμον
2821 4937 2994 5007 αὐτὴν
3030 4942 3179 5009 δηλοῖ
3233 4943 3331 5011 τὴν
3386 4943 3662 4995 ὑπόστασιν.

2149 5018 2314 5074 Ἀλλά
2342 5022 2438 5075 καὶ
2485 5023 2606 5076 κατ’
2635 5026 2799 5081 αὑτὸν
2844 5028 2910 5101 δὴ
2948 5029 3039 5085 τὸν
3076 5033 3248 5102 μέγαν
3279 5035 3561 5097 Βασίλειον,
3589 5032 3665 5083 xt-

2138 5114 2317 5176 κεῖνος
2354 5113 2463 5184 γάρ
2493 5115 2736 5185 ὁρίζεται
2786 5120 3087 5178 ὑπόστασιν
3125 5124 3273 5180 ἐἶναι
3313 5127 3408 5198 τὴν
3438 5129 3491 5181 τὸ
3520 5126 3662 5180 κοινόν

2135 5220 2195 5257 τε
2226 5204 2322 5258 καὶ
2348 5205 2768 5277 ἀπερίγραπτον
2805 5213 2864 5265 ἐν
2912 5214 2988 5283 τῷ
3030 5233 3137 5270 τινι
3169 5219 3452 5289 πράγματι
3478 5219 3556 5271 διὰ
3576 5216 3661 5269 τῶν

2137 5299 2578 5371 ἐπιφαινομένων
2607 5305 2916 5375 ἰδιωμάτων
2948 5311 3300 5380 παρεστῶσαν
3326 5315 3416 5366 καὶ
3439 5309 3662 5381 περιγρά-

2140 5409 2369 5462 φουσαν.
2405 5412 2424 5446 ι
2466 5395 2607 5465 Εὖγε
2638 5399 2734 5468 τῆς
2768 5401 3061 5471 ὁμολογίας
3086 5406 3309 5477 ταύτης,
3346 5401 3389 5460 ὧ
3414 5400 3549 5466 οὗτος
3571 5441 3586 5468 ,
3620 5401 3659 5453 εἰ

2137 5485 2232 5538 καὶ
2262 5484 2398 5556 πρὸς
2431 5486 2561 5542 ἀλλο
2586 5506 2638 5543 τι
2672 5493 2824 5561 παρὰ
2848 5493 2948 5563 τὴν
2977 5495 3234 5567 ἀλήθειαν
3263 5499 3470 5568 ἀφορῶν
3492 5498 3548 5549 τά
3582 5497 3659 5565 ῥη·

2140 5576 2302 5630 θέντα
2349 5580 2616 5650 εἰρήκεις.
2648 5583 2721 5634 Οὑ
2772 5583 2871 5656 τὴν
2912 5586 3099 5658 κοινὴν
3129 5589 3318 5643 οὐσίαν
3374 5590 3461 5642 καὶ
3505 5586 3655 5654 φύσιν,

2136 5669 2235 5736 τὴν
2287 5669 2343 5722 δὲ
2396 5672 2515 5740 μετ’
2560 5671 2869 5743 ἰδιωμάτων
2911 5679 3122 5748 οὐσίαν,
3158 5682 3280 5751 ἥτις
3321 5680 3496 5749 σαφῶς
3517 5674 3657 5743 αὐτὴν

2137 5758 2287 5831 δηλεηῖ
2317 5760 2415 5831 τὴν
2455 5760 2777 5831 ὑπόστασιν,
2809 5767 2991 5822 αἰτίαν
3036 5770 3381 5830 ὑποστάσεως
3408 5763 3656 5824 εἷναιόμο⁴
