3944 6650
191 572 296 641 881-

1112 563 1547 642 REFUTATIO
1586 580 1803 640 LIBRI
1847 579 2174 642 GEORGII
2212 583 2488 645 CYPRII.

3341 580 3449 641 852

189 686 383 755 λογεῖς,
434 684 530 738 καὶ
551 687 884 757 γεννητικὴν
918 686 1013 740 καὶ
1053 689 1427 760 προδλητικὴν
1458 691 1558 761 τὴν
1586 690 1771 744 τοιαύ-

1898 708 1981 747 em
2016 695 2312 748 essentiam
2353 707 2600 750 asserere
2631 708 2741 749 non
2794 695 3019 763 refugis.
3074 692 3277 748 Contra
3333 693 3452 759 haec

188 795 282 850 την
307 776 492 845 λέγειν
522 774 710 831 οὐσίαν
738 777 841 833 οὒκ
875 779 1175 854 ἀνασαλλῃ.
1205 781 1316 834 Καὶ
1346 781 1483 853 πρὸς
1508 780 1680 834 ταῦτα
1711 782 1769 835 οὑ

191 866 354 939 μόνον
387 865 544 920 οὐδὲν
593 866 756 937 ἡμεῖς
793 867 1175 937 ἀντιλέγομεν,
1217 870 1355 924 ἀλλὰ
1389 871 1486 924 καὶ
1542 888 1769 942 συμφω-

188 957 384 1028 νοῦμεν
419 957 512 1011 καὶ
549 957 934 1029 συντιθέμεθα,
1000 960 1210 1014 Ἐκεῖνο
1259 961 1315 1014 δὲ
1354 961 1663 1032 βουλόμεθά
1681 979 1773 1014 σου

191 1049 410 1119 μαθεῖν,
450 1050 497 1101 εἰ
553 1048 699 1119 μόνῳ
729 1048 810 1117 τῷ
839 1049 1038 1121 Πατρί,
1068 1051 1339 1121 οὑμενουν
1384 1054 1479 1106 καὶ
1524 1056 1639 1117 τοῖς
1668 1052 1777 1107 λοι⁶

189 1139 307 1200 ποῖς
332 1135 444 1191 τῶν
473 1134 787 1208 προσώπων
819 1140 919 1210 τὴν
952 1139 1072 1209 μετ’
1108 1141 1420 1211 ἰδιωμάτων
1445 1142 1638 1198 οὑσίαν
1694 1144 1777 1207 εἰς

186 1224 421 1296 δήλωσιν
451 1225 801 1290 ὑποστάσεως
832 1229 1150 1300 ἁφορίζειςς
1183 1231 1245 1284 Εἰ
1281 1231 1381 1302 μὲν
1405 1233 1515 1305 γὰρ
1544 1235 1640 1289 ἐπὶ
1675 1236 1779 1306 μό.

186 1336 257 1387 νῳ
289 1317 372 1389 τῷ
402 1318 577 1390 Πατρί
623 1320 657 1390 ἡ
704 1320 825 1390 μετ’
858 1320 1167 1392 ἰδιωμάτων
1195 1323 1354 1378 οὑσία
1405 1326 1596 1396 σαφῶς
1626 1325 1780 1398 παρά

190 1408 273 1461 σοὶ
303 1408 462 1480 δηλοῖ
484 1409 580 1480 τὴν
602 1411 925 1479 ὑπόστασιν,
957 1416 1014 1467 αἱ
1048 1414 1243 1469 πολλαί
1271 1433 1330 1471 σε
1357 1417 1469 1471 τῶν
1496 1420 1783 1488 πατρικῶν

187 1503 420 1573 γραφῶν
443 1502 776 1574 ψευδόμενον
803 1503 1383 1576 ἀπελέγξουσιν,οῦτω
1401 1510 1495 1565 καὶ
1524 1512 1620 1565 ἐπὶ
1645 1510 1779 1566 Υἰοῦ

188 1597 285 1648 καὶ
314 1594 413 1647 ἐπὶ
458 1595 778 1666 Πνεὺματος
815 1600 915 1670 την
951 1599 1076 1670 μετ’
1116 1601 1426 1672 ἰδιωμάτων
1458 1605 1664 1676 ταύτην
1692 1605 1782 1659 οὑ-

191 1688 317 1739 σίαν
355 1687 641 1755 λέγουσαι,
678 1688 752 1752 ὡς
784 1691 877 1743 ἐπὶ
916 1692 1155 1762 Πατρός,
1188 1694 1245 1748 εῐ
1267 1712 1344 1766 τῳ
1375 1696 1452 1767 μὴ
1486 1696 1784 1770 παρέργως

187 1780 368 1832 ἐκεῖνο
416 1780 852 1850 ἀναγινώσκεται
884 1783 977 1837 τοῦ
1018 1786 1408 1858 Δαμασκηνοῦ,
1444 1790 1528 1856 τὸ,
1560 1790 1615 1840 ι”
1639 1793 1786 1846 Οταν

186 1873 297 1942 γὰρ
352 1874 594 1944 ὲννοήσω
657 1874 787 1946 μίαν
831 1877 940 1929 τῶν
981 1877 1360 1947 ὑποστάσεων,
1409 1882 1616 1937 τέλειον
1650 1884 1787 1937 Θεὸν

1877 784 2014 838 nihil
2048 799 2149 839 nos
2179 786 2532 855 opponimus,
2554 800 2757 855 ,verunn
2808 786 2865 840 in
2918 786 3005 841 bis
3054 794 3108 840 et
3151 784 3457 841 concordao

1875 891 2019 940 mus,
2052 886 2109 931 et
2139 891 2426 932 assensum
2459 879 2796 948 praebemus.
2825 878 2963 935 lllt‘td
3001 894 3170 950 porro
3190 894 3220 933 a
3251 886 3305 933 te
3331 879 3462 933 edo-

1875 965 1990 1022 ceri
2018 969 2295 1036 cupitnns,
2329 983 2397 1022 an
2434 968 2536 1025 soli
2568 968 2742 1035 Patri,
2771 984 2879 1024 non
2902 983 3034 1024 vero
3060 968 3182 1023 aliis
3207 968 3459 1039 personis

1875 1059 2169 1114 essentiam
2200 1074 2323 1116 cum
2345 1061 2769 1131 proprietatibus
2803 1061 2870 1117 ad
2895 1063 3259 1118 denotandam
3283 1062 3457 1134 hypo-

1878 1149 2072 1205 stasim
2119 1150 2402 1206 vindicas?
2460 1151 2672 1207 Etenim
2711 1152 2758 1207 si
2791 1153 2846 1207 in
2896 1153 3016 1209 solo
3056 1149 3220 1208 Patre
3260 1166 3456 1208 essen-

1878 1243 1954 1299 tia
1980 1257 2109 1298 cum
2150 1244 2579 1315 proprietatibus
2621 1245 2801 1316 palam
2835 1244 2980 1314 apud
3022 1255 3074 1300 te
3113 1244 3455 1317 hypostasim
3547 1265 3550 1268 θ

1879 1344 2059 1403 notat,
2100 1337 2362 1408 pleraque
2406 1337 2627 1395 Patrum
2663 1339 2869 1408 scripta
2910 1348 2961 1394 te
2994 1339 3266 1394 mendacii
3308 1338 3461 1395 falsi-

1880 1430 2123 1497 tatisque
2141 1430 2488 1495 convincent,
2523 1447 2645 1501 qua:
2672 1431 2929 1489 similiter
2951 1443 3006 1489 et
3033 1433 3101 1487 de
3130 1432 3271 1488 Filio
3315 1442 3369 1488 et
3392 1433 3460 1489 de

1883 1521 2092 1591 Spiritu
2131 1522 2272 1577 hanc
2316 1537 2442 1578 cum
2474 1524 2904 1594 proprietatibus
2953 1525 3251 1581 essentiam
3307 1541 3464 1595 aeque

1886 1624 2054 1686 atque
2088 1615 2158 1671 de
2195 1615 2357 1672 Patre
2391 1616 2638 1682 tradunt,
2678 1617 2733 1671 ni
2784 1617 2942 1687 quasi
2987 1617 3134 1672 aliud
3162 1634 3330 1688 agens
3363 1617 3471 1672 Da-
3514 1622 3517 1625 '

1884 1707 2255 1765 tuascenicum
2286 1707 2419 1763 illud
2462 1708 2770 1764 versaveris
2803 1725 2819 1766 :
2851 1726 2870 1761 ι
2910 1709 3049 1765 Cum
3089 1710 3235 1765 enim
3267 1725 3471 1766 conce-

1884 1816 2019 1872 pere
2044 1815 2207 1856 unam
2238 1815 2306 1856 ex
2336 1801 2740 1873 hypostasibus,
2761 1801 3062 1873 perfectum
3095 1803 3262 1859 Deum
3289 1803 3470 1874 ipsum

1886 1907 2149 1963 agnosco,
2166 1891 2461 1964 perfectam
2486 1894 2806 1950 essentiam.
2828 1913 2847 1945 ι
2870 1894 2935 1949 Et
2957 1896 3090 1951 illud
3121 1896 3300 1968 magni
3329 1896 3476 1952 Basi-

186 1963 356 2016 αὑτὸν
378 1960 520 2032 οἶδα,
550 1966 762 2021 τελείαν
782 1969 988 2024 οὐσίαν.
1022 1990 1042 2023 ›
1080 1972 1190 2027 Καὶ
1224 1970 1291 2027 αὑ
1324 1974 1385 2027 τδ
1412 1974 1505 2029 τοῦ
1540 1975 1783 2046 μεγάλου

1898 1960 1954 2037 lii
1981 2001 2028 2037 ιι
2052 1960 2238 2038 Donec
2256 1990 2540 2050 tacent,ne
2563 1994 2613 2039 te
2636 1984 2821 2051 lateat,
2842 1985 3136 2041 secundam
3152 1960 3475 2043 szevculorum

187 2056 499 2121 Βασιλείου,
551 2060 633 2125 τὸ,
664 2078 683 2112 ι
721 2060 866 2124 Ἕως
899 2061 947 2114 δ’
1004 2063 1073 2117 ἂν
1120 2065 1392 2135 σκυπῶσι,
1426 2068 1502 2138 μὴ
1528 2039 1786 2124 λανθανέ-

1898 2074 2169 2145 Unigeniti
2192 2075 2486 2130 essentiam
2524 2074 2723 2131 facere.
2755 2094 2776 2129 ι
2816 2074 3037 2133 Necnon
3058 2078 3241 2150 magni
3272 2078 3480 2150 Grego-

188 2167 380 2203 τωσαν
420 2150 681 2223 δευτέραν
711 2152 926 2208 αἰώνων
946 2155 1044 2228 τὴν
1070 2155 1163 2210 τοῦ
1193 2159 1563 2228 Μνονογενοῦς
1598 2161 1788 2215 οὐσίαν

1898 2166 2004 2221 rii:
2044 2184 2063 2218 ι
2102 2165 2390 2222 Herrestu
2442 2168 2891 2238 generationem,
2935 2177 3001 2225 ne
3050 2172 3181 2240 quid
3238 2171 3479 2241 patiatur

188 2241 495 2312 τιθέμενοι.
551 2262 568 2291 ι
604 2245 713 2297 Καὶ
748 2246 915 2299 πάλιν
963 2247 1024 2300 τὸ
1066 2248 1164 2302 τοῦ
1201 2251 1444 2320 μεγάλου
1478 2253 1788 2324 Γρηγορίου

1898 2260 2058 2326 Deus,
2090 2262 2184 2329 qui
2227 2276 2333 2315 non
2369 2262 2577 2329 patitur
2613 2262 2772 2332 :ipse
2808 2261 3009 2318 horreo
3036 2271 3379 2320 creaturam.
3412 2277 3481 2318 ne

189 2331 275 2396 τὸ,
319 2350 340 2385 ι
381 2332 529 2403 Φοδῇ
570 2334 634 2387 σὺ
670 2334 947 2405 γέννησιν,
973 2337 1061 2389 ἴνα
1111 2338 1186 2409 μή
1220 2356 1273 2392 τι
1310 2341 1458 2413 πάθῃ
1489 2341 1621 2405 Θεὸς
1649 2343 1677 2395 ὁ
1713 2342 1790 2414 μὴ

1898 2350 2063 2406 Deum
2106 2352 2472 2422 perinjuriam
2502 2361 2558 2408 et
2588 2331 2848 2424 injustam
2882 2355 3180 2411 sectionem
3231 2353 3478 2425 perdam,

194 2427 453 2495 πάσχων.
484 2427 626 2495 Ἐγὼ
662 2428 718 2481 δὲ
746 2429 1022 2520 φοϐοῦμαι
1052 2429 1149 2500 τὴν
1184 2431 1386 2511 κτίσιν,
1417 2432 1502 2487 ἵνα
1548 2434 1625 2505 μὴ
1656 2435 1792 2488 Θεὸν

1898 2454 1986 2496 aut
2014 2440 2241 2509 ,Filium
2290 2458 2485 2501 secans
2514 2459 2544 2499 a
2577 2445 2762 2511 Patre,
2802 2454 2901 2520 aut.
2944 2461 2975 2501 a
3021 2445 3163 2501 Filio
3184 2447 3480 2502 essentiam

192 2520 459 2573 ἀπολέσω
482 2520 571 2574 διὰ
600 2521 698 2592 τῆς
729 2520 945 2593 ὕϐρεως
977 2523 1072 2577 καὶ
1105 2526 1202 2596 τῆς
1234 2525 1427 2599 ἀδίκου
1452 2527 1791 2597 κατατομῆς,

1898 2533 2156 2604 Spiritus.
2199 2554 2219 2588 ι
2250 2534 2407 2603 Quod
2433 2538 2480 2592 si
2513 2545 2569 2591 tu
2596 2551 2817 2608 quoque
2843 2538 3017 2608 ipsam
3051 2537 3175 2594 Filii
3221 2538 3484 2611 liyposta-

192 2615 226 2683 ἢ
261 2613 353 2666 τὸν
390 2613 519 2667 Υίὺν
554 2615 769 2683 τέμνων
804 2616 913 2670 ἀπὸ
939 2616 1033 2670 τοῦ
1077 2618 1310 2689 Πατρδς,
1340 2620 1371 2691 ἢ
1407 2620 1515 2673 ἀπὸ
1536 2619 1631 2673 τοῦ
1658 2618 1793 2674 Υίοῦ

1898 2627 2000 2682 sim
2027 2627 2329 2698 intelligere
2354 2642 2464 2683 non
2494 2628 2720 2697 refugis,
2749 2644 2874 2685 cum
2905 2629 3007 2684 hoc
3032 2627 3483 2700 totum‘praescri-

190 2706 298 2776 τὴν
334 2706 527 2763 οὑσίαν
558 2707 653 2761 τοῦ
672 2707 1046 2779 Πνεὺματος.»
1088 2711 1150 2763 Εἰ
1183 2710 1240 2764 δὲ
1270 2712 1401 2786 δέχῃ
1442 2712 1542 2784 μὲν
1578 2713 1673 2768 καὶ
1699 2714 1798 2767 αὑσ

192 2796 295 2859 τὸς
333 2797 508 2869 αὑτὴν
537 2797 636 2870 τὴν
664 2799 758 2853 τοῦ
795 2801 1003 2871 Πατρδς
1032 2802 1272 2858 νοεῖσθαι
1313 2805 1637 2873 ὑπόστασιν,
1666 2807 1797 2862 ὅταν

193 2891 262 2941 τδ
288 2890 415 2943 ὅλον
454 2889 615 2945 τοῦτο
649 2892 789 2963 μετὰ
840 2897 935 2948 τοῦ
973 2896 1406 2968 προσδιορισμοῦ
1446 2901 1479 2971 ή
1511 2900 1669 2955 οὑσία
1698 2901 1796 2954 τοῦ

1897 2731 1993 2789 pto
2021 2721 2188 2775 etiam
2221 2721 2381 2790 Filio,
2409 2723 2645 2778 essentia
2671 2720 2794 2776 Filii
2831 2722 3076 2778 dicitur:
3111 2733 3164 2777 et
3196 2722 3374 2793 ipsum
3401 2724 3484 2778 in-

1900 2814 2145 2885 telligere
2175 2813 2413 2883 Spiritus
2446 2814 2812 2885 hypostasitn,
2851 2831 2975 2873 cum
3011 2815 3116 2871 hoc
3157 2824 3329 2870 totum
3357 2831 3481 2871 cum

1901 2906 2315 2979 prescriptione
2366 2905 2628 2976 Spiritus,
2682 2906 2921 2962 essentia
2975 2905 3218 2977 Spiritus
3256 2906 3483 2974 dicitur,

195 2984 341 3038 Υἰοῦ
374 2984 623 3057 λέγηται,
654 2988 750 3042 καὶ
772 2988 941 3060 αὑτὴν
963 2990 1064 3062 τὴν
1094 2991 1190 3045 τοῦ
1225 2993 1544 3065 Πνεὺματος
1561 2994 1796 3050 νοεῖσθαι

1902 3000 2004 3056 soli
2038 3013 2169 3053 vero
2194 2997 2374 3054 Patris
2414 2998 2668 3054 esscntiae
2700 3007 2757 3054 et
2790 2982 3058 3067 generare
3088 3007 3143 3053 et
3183 2998 3488 3068 producere

196 3078 530 3145 ὑπόστασιν,
565 3079 692 3133 ὅταν
718 3080 779 3133 τὸ
821 3081 940 3135 ὅλον
984 3083 1141 3137 τοῦτο
1178 3084 1320 3155 μετὰ
1364 3087 1458 3141 τοῦ
1488 3089 1796 3162 προσδιορι-

1904 3091 2175 3159 ascribis;
2208 3100 2586 3148 verumtamen
2616 3107 2714 3162 pro
2731 3092 2927 3146 harum
2960 3091 3356 3162 pmprietatuin
3388 3090 3488 3146 de—

199 3170 353 3241 σμοῦ
393 3173 427 3244 ἡ
472 3172 565 3226 τοῦ
596 3173 921 3246 Πνεὺματος
954 3177 1117 3231 οὐσία
1159 3178 1389 3250 λέγηται
1422 3194 1438 3210 ⁸
1482 3181 1622 3255 μόνῃ
1647 3183 1703 3236 δὲ
1733 3185 1796 3254 τῇ

1909 3183 2298 3240 terminatione
2344 3184 2555 3256 scripto
2591 3184 2792 3240 tradita
2826 3182 3128 3238 auctoritas
3174 3189 3433 3252 poscetur
3457 3194 3488 3234 a

196 3262 304 3316 τοῦ
369 3263 586 3333 Πατρὸς
626 3265 787 3337 οὐσίᾳ
840 3265 903 3319 τὸ
944 3270 1264 3339 γεννητικὸν
1287 3270 1384 3322 καὶ
1432 3270 1796 3342 προϐλητικὸν

1909 3285 1980 3331 te.
2012 3275 2262 3349 Namque
2307 3277 2605 3347 generandi
2676 3276 2761 3332 vis
2811 3275 2913 3331 soli
2954 3274 3134 3330 Patris
3184 3272 3486 3345 bypostasi,

199 3355 519 3427 ἀφορίζεις.
584 3357 728 3411 Ἀλλ’
776 3360 1014 3413 ἐνταῦθα
1073 3362 1360 3433 γραφικήν
1412 3380 1535 3418 τινα
1578 3364 1675 3418 ἐπὶ
1722 3363 1796 3436 τῷ

1909 3371 2053 3441 quod
2087 3370 2143 3425 in
2169 3368 2423 3427 confesso
2473 3368 2619 3441 apud
2657 3383 2852 3425 omnes
2890 3375 2994 3435 est,
3030 3364 3372 3430 vindicatur,
3436 3373 3515 3441 et;

200 3446 320 3503 τῶν
351 3448 615 3505 τοιούτων
640 3451 952 3523 ἰδιωμάτων
993 3452 1289 3525 ἀφορισμῷ
1315 3454 1671 3527 ἀπαιτηθήσῃ
1694 3456 1796 3527 τὴν

1903 3463 2105 3533 scripta
2149 3463 2335 3517 omnia
2380 3460 2450 3518 de
2506 3460 2868 3534 bypostaticis
2917 3457 3345 3529 proprietatibus
3391 3454 3493 3511 Pa-

205 3542 553 3614 μαρτυρίαν.
607 3544 680 3598 Τὸ
711 3546 820 3615 γὰρ
851 3547 1142 3615 γενητικδν
1176 3547 1316 3620 μόνῃ
1354 3550 1421 3618 τῆ
1448 3546 1546 3601 τοῦ
1580 3547 1796 3618 Πατρδς

1903 3556 1973 3611 tri
2001 3554 2402 3612 inhaerentibus
2435 3553 2729 3610 tractantia
2756 3553 2863 3609 hoc
2893 3551 3247 3608 conﬁrmant.
3278 3548 3492 3605 Produ-

203 3637 517 3691 ὑποστάσει
574 3637 1025 3709 ὁμολογουμένως
1084 3638 1424 3710 ἀφώρισται,
1492 3641 1589 3695 καὶ
1648 3643 1801 3695 πᾶσα

202 3729 404 3801 γραφὴ
456 3731 586 3801 περὶ
629 3730 739 3784 τῶν
779 3732 857 3802 τῷ
900 3731 1079 3805 Πατρ“ι
1130 3734 1365 3789 ἐνόντων
1415 3734 1801 3791 ὑποστατικῶν

206 3821 529 3893 ἰδιωμάτων
582 3822 1034 3894 διαλαμϐάνουσα
1065 3824 1226 3880 τοῦτο
1260 3827 1568 3899 συνίστησι.
1623 3829 1697 3882 Τὸ
1742 3828 1802 3883 δὲ

1901 3647 2061 3703 cendi
2092 3659 2226 3703 vero
2251 3646 2359 3702 vim
2397 3646 2501 3703 soli
2530 3645 2679 3702 Patri
2729 3643 2958 3701 attribui
2985 3644 3198 3699 nullum
3247 3656 3490 3713 unquam

1903 3739 2170 3811 scriptum
2208 3738 2263 3794 id
2312 3752 2573 3796 asserens
2624 3736 2991 3810 produxeris;
3024 3735 3071 3792 si
3103 3733 3373 3806 quidquid
3425 3750 3491 3788 ex

1903 3829 2065 3885 Patre
2090 3845 2186 3901 per
2210 3830 2410 3886 Filium
2441 3830 2666 3893 dicitur,
2697 3829 2986 3895 unionem,
3024 3842 3134 3882 non
3162 3826 3491 3881 divisionem

205 3915 588 3987 προόλητικὸν
617 3916 881 3988 οὐδεμίαν
907 3917 1053 3984 ἔξεις
1082 3919 1362 3985 ἀποδεῖξαι
1405 3920 1628 3992 γραφὴν
1655 3921 1796 3990 μόνῳ

1903 3921 2085 3981 Patris
2113 3936 2168 3980 et
2196 3923 2322 3979 Filii
2356 3923 2624 3985 insinuat.
2662 3924 2974 3979 Productor
3005 3935 3138 3977 vero
3162 3934 3258 3991 per
3289 3918 3493 3975 Filium

201 4011 290 4072 τῷ
316 4011 495 4080 Πατρὶ
523 4010 932 4081 ἀπονέμουσαν,
968 4012 1024 4066 ετ
1055 4028 1120 4081 γε
1159 4014 1269 4067 πᾶν
1300 4013 1362 4068 τὸ
1385 4015 1451 4068 ἐκ
1488 4014 1704 4087 Πατρδς
1732 4015 1796 4070 δι’

1907 4016 2086 4073 sancti
2118 4015 2357 4086 Spiritus
2381 4015 2547 4072 Pater
2573 4030 2603 4072 a
2643 3996 2916 4086 theologis
2963 4012 3299 4070 decernitur.
3334 4008 3496 4066 Nullo

205 4104 347 4159 Υἰοῦ
403 4105 699 4176 εἰρημένον
758 4107 988 4178 ἑνότητα
1055 4106 1181 4178 οὐχὶ
1259 4108 1531 4179 διαίρεσιν
1592 4109 1796 4181 Πατρδς

1907 4111 2075 4168 modo
2107 4110 2408 4175 inveneris,
2433 4109 2561 4166 licet
2607 4107 3186 4165 lnnumeros‘labores
3232 4118 3493 4173 suscepe-

209 4198 508 4267 συνίστησι
556 4201 654 4253 καὶ
704 4197 860 4253 Υἰοῦ.
908 4198 1218 4265 Προδολεὺς
1266 4200 1326 4254 δὲ
1383 4201 1474 4255 διὰ
1520 4201 1652 4255 Υίοῦ
1705 4202 1796 4256 τοῦ

1911 4204 2014 4270 ris,
2069 4204 2388 4259 universam
2442 4202 2711 4257 divinitus
2771 4200 3096 4271 inspiratam
3149 4197 3491 4269 Scripturam

206 4293 375 4360 ἁγίου
423 4291 811 4362 τεθεολόγηται
846 4292 1169 4361 Πνεὺματος
1199 4294 1228 4347 ό
1253 4295 1446 4366 Πατήρ
1467 4311 1484 4327 ο
1519 4295 1621 4349 οὑκ
1661 4295 1796 4366 ἔχεις

1912 4295 2318 4367 pervestigans,
2352 4290 2691 4365 producendi
2746 4292 2860 4348 vim
2894 4300 3136 4363 paternae
3179 4288 3493 4361 ltypostasis

207 4384 460 4447 πάντως,
530 4382 638 4437 κᾶν
700 4385 749 4436 εἰ
818 4383 990 4453 μυρία
1029 4383 1216 4456 κάμῃς
1266 4386 1449 4439 πᾶσαν
1482 4384 1796 4442 θεόπευστοη

1911 4388 2233 4459 proprietati
2257 4387 2550 4458 assignari.
2584 4386 2642 4442 ld
2663 4384 2935 4456 siquidem
2965 4383 3013 4440 si
3040 4390 3205 4447 esset,
3234 4379 3492 4451 Spiritus,

205 4472 515 4545 ἀνιχνεύων
555 4473 782 4546 Γραφήν
832 4475 916 4539 εἰς
969 4475 1069 4543 τὴν
1103 4475 1205 4546 τῆς
1254 4476 1534 4547 πατρικῆς
1567 4477 1796 4532 ὑποστά-

1913 4479 2008 4550 qui
2047 4493 2115 4533 ex
2165 4478 2406 4534 essentia
2462 4476 2647 4533 Patris
2679 4476 2907 4541 dicitur,
2965 4489 3035 4530 ex
3085 4474 3324 4529 essentia
3372 4470 3495 4527 Filii

208 4584 354 4630 σεως
376 4567 614 4638 ἰδιότητα
638 4566 1033 4639 ἀφοριζόμενον
1052 4569 1235 4640 εὑρεῖν
1253 4569 1316 4624 τὸ
1337 4569 1722 4640 προϐλητικόν.
1745 4571 1796 4627 El

1916 4583 2029 4625 non
2075 4568 2372 4624 diceretur.
2423 4568 2492 4624 Et
2558 4582 2629 4623 ne
2676 4566 2812 4622 mihi
2861 4579 3058 4621 rursus
3105 4563 3339 4621 subtiles
3374 4563 3497 4620 illas

206 4660 323 4729 γὰρ
368 4658 517 4713 τοῦτ’
564 4654 655 4729 ἦν,
697 4660 798 4713 οὑκ
828 4661 895 4715 ἂν
926 4662 991 4713 ἐκ
1022 4660 1125 4730 τῆς
1157 4660 1347 4725 οὐσίας
1374 4661 1470 4714 τοῦ
1498 4662 1713 4733 Πατρὶς
1743 4663 1796 4716 τὲ

1918 4661 2322 4732 speculationes
2366 4658 2628 4726 inculces,
2662 4656 2846 4715 Patris
2886 4657 3106 4729 quidem
3151 4657 3406 4713 essentia
3441 4658 3494 4712 in

211 4753 449 4823 Πνεῦμα
476 4753 793 4823 λεγόμενον,
819 4756 884 4807 ὲκ
910 4754 1008 4822 τῆς
1040 4753 1228 4819 οὐσίας
1260 4754 1481 4825 ἐλέγετο
1510 4755 1606 4810 τοῦ
1649 4755 1796 4813 Υἰοῦ.

1911 4754 2192 4827 bypostasi
2243 4767 2369 4810 esse
2418 4753 2686 4817 tribuens,
2736 4766 2862 4808 cum
2913 4765 2981 4806 ex
3032 4750 3271 4807 essentia
3313 4748 3497 4806 Patris

208 4845 308 4914 Μὴ
345 4846 459 4916 γάρ
489 4862 583 4916 μοι
617 4846 713 4900 καὶ
742 4846 903 4901 πάλιν
935 4846 1006 4900 τὰ
1030 4844 1206 4902 λεπτὰ
1235 4847 1419 4902 ἐκεῖνα
1442 4847 1572 4917 λέγε
1600 4848 1806 4920 νοήμα-

209 4955 306 5001 τα,
345 4940 414 5009 τῇ
447 4938 547 5009 μὲν
600 4938 697 4992 τοῦ
732 4939 948 5009 Πατρδς
978 4939 1138 5013 οὑσίᾳ
1161 4939 1224 4994 τὸ
1248 4941 1616 4996 ἑνυπόστατον
1646 4958 1809 5015 χαρι-

212 5029 471 5101 ζόμενος,
497 5029 639 5084 ἐπὰν
669 5030 736 5085 ἐκ
767 5031 871 5101 τῆς
904 5029 1244 5103 τοῦιΠατρὸς
1272 5033 1464 5103 οὑσίας
1488 5034 1549 5088 τὸ
1585 5033 1810 5107 Πνεῦμα

212 5124 278 5176 τὸ
307 5124 468 5192 ἅγιοι
497 5123 728 5196 λέγηται
751 5140 765 5156 ⁸
795 5126 858 5179 τὸ
881 5125 940 5180 δὲ
974 5126 1040 5181 ὲκ
1065 5126 1167 5196 τῆς
1205 5127 1392 5190 οὑσίας
1421 5125 1518 5182 τοῦ
1550 5126 1682 5183 Υἰοῦ
1719 5128 1808 5182 διὰ

214 5220 277 5273 τὸ
301 5219 406 5289 τῆς
433 5218 622 5283 οὑσίας
651 5220 853 5273 ἑνιαίον
885 5219 1285 5289 διατεινόμενος
1313 5218 1592 5289 λέγεσθαι,
1620 5218 1808 5292 ὥσπερ

217 5312 288 5367 ἂν
343 5312 395 5363 εἰ
445 5312 542 5366 καὶ
588 5310 894 5384 διῃρημένη
945 5310 1044 5384 τῆς
1092 5310 1188 5365 τοῦ
1225 5309 1355 5365 Υίοῦ
1388 5310 1742 5375 ὑποστάσεως
1774 5313 1808 5382 ἡ

219 5401 392 5465 αὑτοῦ
430 5403 664 5456 ἑνίοεῑτο
709 5404 893 5458 οὑσία.
941 5402 1125 5468 Ἂπαξ
1150 5402 1261 5473 γὰρ
1292 5404 1517 5467 οἰκείοις
1546 5401 1810 5472 διωμολο-

218 5493 414 5566 γηκὼς
440 5494 641 5564 χείλεσι
674 5496 773 5567 τὴν
805 5496 924 5567 μετ’
951 5495 1258 5566 ἰδιωμάτων
1286 5495 1475 5548 οὐσίαν
1500 5494 1811 5567 δηλωτικὴν

223 5588 422 5657 σαφῶς
456 5587 813 5652 ὑποστάσεως
839 5585 1002 5653 εἶναι,
1035 5588 1136 5642 οὑκ
1164 5587 1308 5657 ἔχεις
1336 5589 1703 5659 ἀρνήσασθαι,
1735 5588 1812 5661 μὴ

220 5680 318 5734 τὸν
350 5679 479 5733 Υἰὺν
512 5679 675 5733 αὑτὸν
722 5679 843 5734 ὃλον
868 5679 1105 5734 νοεῖσθαι
1138 5679 1328 5732 οὐσίαν
1370 5680 1571 5750 δηλαδὴ
1616 5680 1811 5733 ἑνυπό·

224 5785 459 5836 στατον,
482 5769 612 5824 ὃταν
643 5784 731 5833 τις
756 5771 822 5822 ὲκ
849 5770 947 5838 τῆς
975 5769 1164 5833 οὐσίας
1194 5769 1289 5821 τοῦ
1324 5769 1458 5822 Υἰοῦ
1488 5771 1548 5822 τὸ
1588 5770 1831 5854 Πνεῦμα-

222 5856 372 5914 εἶναι
408 5861 541 5931 λέγῃ
566 5863 626 5916 τὸ
656 5864 837 5930 ἆγιον.
859 5863 920 5917 Εἰ
952 5863 997 5915 δ’
1020 5862 1141 5929 οῦν,
1162 5861 1299 5916 ἀλλά
1317 5878 1372 5915 τι
1397 5862 1670 5933 ἀνακύψει
1701 5864 1829 5917 πάι

223 5953 313 6009 λιν
347 5955 535 6026 ἕτερον
565 5958 787 6024 ἄτοπον,
819 5958 867 6010 εἰ
896 5955 1070 6011 διὰςτδ
1103 5957 1232 6028 μίαν
1258 5954 1397 6011 εἶναι
1424 5955 1525 6028 τὴν
1552 5956 1647 6010 τοῦ
1678 5955 1811 6009 Υἰοῦ

110 6096 123 6103 -
228 6050 328 6103 καὶ
358 6048 571 6121 Πατρὸς
601 6051 791 6106 οὐσίαν
815 6054 878 6106 ἐκ
922 6052 1018 6122 τῆς
1064 6054 1270 6122 ἀμφοῖν
1317 6052 1504 6115 οὐσίας
1553 6050 1805 6119 λέγεσθαι

1913 4846 2153 4918 Spiritus
2204 4853 2432 4901 sanctus
2474 4843 2777 4908 asseritur;
2835 4841 3101 4915 Spiritum
3150 4857 3281 4898 vero
3314 4858 3382 4898 ex
3413 4858 3498 4899 es-

1910 4940 2087 4997 sentia
2143 4937 2267 4993 Filii
2321 4937 2394 4993 ob
2449 4951 2620 4992 unum
2656 4935 2912 4992 essentia:
2945 4935 3053 4990 dici
3115 4935 3495 5003 contendens;

1911 5034 2071 5103 quasi
2108 5047 2241 5088 vero
2273 5039 2525 5102 separata
2556 5045 2586 5084 a
2619 5027 2745 5085 Filii
2772 5029 3055 5102 hypostasi
3087 5030 3325 5086 essentia
3348 5030 3494 5087 illius

1914 5126 2332 5197 intelligeretur.
2366 5123 2617 5194 Namque
2664 5137 2791 5179 cum
2847 5123 3016 5179 semel
3064 5124 3304 5195 propriis
3331 5124 3494 5181 labiis

1914 5218 2098 5274 fassus
2157 5216 2275 5281 sis,
2338 5216 2631 5270 essentiam
2682 5228 2807 5270 cum
2867 5215 3293 5286 proprietatibus
3333 5218 3495 5286 plane

1915 5308 2251 5381 bypostasim
2293 5306 2576 5372 denotare,
2619 5320 2730 5362 non
2765 5316 2920 5377 potes
2958 5309 3123 5365 modo
3155 5310 3364 5364 inﬁcias
3391 5309 3489 5373 ire,

1912 5400 2112 5457 Filium
2138 5401 2325 5472 ipsum
2348 5408 2523 5455 totum
2566 5415 2675 5456 non
2710 5399 2964 5473 intelligi,
2996 5401 3293 5458 essentiam
3341 5403 3492 5459 scili-

1913 5502 2001 5550 cet
2036 5509 2168 5549 cum
2197 5494 2499 5566 ltypostasi,
2534 5508 2658 5549 cum
2697 5493 2823 5565 quis
2846 5508 2913 5548 ex
2947 5494 3184 5549 essentia
3209 5492 3331 5548 Filii
3366 5494 3491 5565 Spio

1913 5587 2080 5641 ritum
2112 5596 2361 5641 sanctum
2393 5600 2513 5641 esse
2551 5586 2772 5642 dixerit.
2812 5585 2907 5641 Sin
2945 5585 3153 5652 minus,
3182 5586 3373 5641 saltem
3402 5587 3491 5643 hic

1914 5680 2281 5736 aliudrursus
2308 5680 2516 5735 orietur
2561 5679 2883 5743 absurdum,
2921 5677 2968 5733 si
3016 5687 3304 5748 propterea
3340 5681 3513 5750 quod.

1914 5788 2021 5828 una
2054 5780 2142 5827 est
2166 5770 2404 5827 essentia
2434 5770 2612 5826 Patris
2635 5780 2689 5825 et
2713 5767 2856 5833 Filii,
2888 5782 2954 5824 ex
2987 5767 3273 5837 utriusque
3300 5785 3492 5826 essetr-

1916 5866 1989 5920 tia
2022 5863 2129 5918 dici
2168 5862 2435 5933 Spiritum
2476 5861 2748 5933 quispiam
2781 5859 3100 5925 asseruerit,
3138 5860 3278 5914 ratio
3309 5871 3519 5932 cogctb

1915 5976 1978 6013 es
2030 5968 2244 6014 suamet
2296 5956 2844 6027 essentia~Spiritum
2899 5964 3116 6027 quoque
3165 5970 3308 6012 esse.
3368 5954 3487 6014 Una

1920 6051 2186 6124 siquidem
2217 6062 2298 6109 est
2333 6066 2457 6107 cum
2487 6065 2571 6117 ea,
2605 6064 2726 6121 qua:
2771 6048 2948 6107 Patris
2975 6060 3028 6106 et
3054 6046 3176 6105 Filii
3208 6057 3308 6106 est.
3348 6046 3410 6103 Et
3437 6047 3482 6107 Si
