3944 6646
268 519 368 585 885

1174 523 1323 584 REF
1333 524 1427 583 UT
1432 520 1607 582 ATIO
1646 518 1861 581 LIBRI
1899 515 2220 577 GEORGII
2262 512 2536 575 CYPRII.

3387 500 3491 563 886

268 637 411 693 ὅπως
440 629 611 694 aid-rb;
636 632 703 685 τά
743 630 941 685 ἑαυτοῦ
998 628 1572 705 άνατρέπειέὬσπερ
1605 630 1714 701 γάρ
1739 632 1822 685 αἱ·
1852 682 1855 692 1

1955 627 2130 684 adicio
2178 635 2325 682 stare
2381 622 2517 679 satis
2546 634 2669 681 esse
2708 633 2818 674 non
2860 616 3300 678 demonstraret;
3348 626 3493 667 nunc

258 722 596 796 pxuvdpevo;
627 724 687 777 τὸ
714 726 846 793 παρ’
876 724 1035 778 ἄλλον
1072 726 1167 778 καὶ
1206 724 1281 795 μὴ
1315 724 1446 795 παρ’
1480 721 1676 777 ἑαυτοῦ
1698 723 1828 777 ἀνα-

268 813 566 887 τρέπεσθαι
595 815 693 867 καὶ
720 815 889 884 ψόγον
917 815 1221 885 ἡγούμενος
1252 816 1534 887 ἄντικρυς,
1571 814 1621 868 εί
1664 813 1827 884 μόνος

266 905 423 968 αὑτὸς
448 905 629 975 ἑαυτῷ
656 904 796 975 πρὸς
849 906 1158 961 ἁντιδικίαν
1218 907 1410 975 ἀρκεῖν
1447 906 1641 960 ἑαυτὸν
1690 905 1828 958 ἁπο-

268 973 581 1060 δείξειξίνῦν
603 973 715 1064 μὲν
755 996 1115 1067 ἀπαγορεύει.
1152 973 1346 1061 καλῶς
1376 995 1748 1069 ἀποτρόπαιόν
1777 1012 1831 1050 τι

267 1084 553 1148 διοδελίζει
586 1086 646 1139 τὸ
679 1084 780 1157 τὴν
815 1087 1007 1138 οὐσίαν
1061 1086 1154 1139 τοῦ
1206 1086 1420 1156 Πατρδς
1448 1085 1629 1140 αίτίαν
1689 1079 1831 1138 εἶναι

266 1174 380 1228 τῶν
409 1173 470 1239 ἐξ
515 1173 707 1243 αὑτοῦ,
739 1175 832 1228 νῦν
860 1173 919 1228 δὲ
948 1174 1047 1245 τὴν
1100 1175 1221 1246 μετ’
1282 1173 1591 1245 ἰδιωμάτων
1639 1171 1832 1226 οὑσίαν

270 1266 443 1335 αὑτήν
474 1282 531 1319 τε
556 1264 751 1334 δηλοῦν
788 1265 978 1335 σαφῶς
1009 1265 1111 1337 τὴν
1139 1264 1439 1320 ὑπόστασιν
1468 1265 1705 1337 δέχεται,
1738 1263 1834 1318 καὶ

266 1358 592 1429 γεννητικὴν
623 1353 766 1412 εἶναι
798 1358 1004 1430 ταύτην
1034 1359 1128 1412 καὶ
1152 1357 1525 1430 προϐλητικὴν
1582 1356 1825 1425 ἀποφαίο

264 1465 446 1504 νεται.
499 1447 657 1503 Οῦτω
689 1449 758 1503 τὰ
803 1450 907 1519 τῆς
966 1449 1247 1518 θεολογίας
1279 1448 1473 1503 ἑαυτὸν
1514 1448 1837 1503 ἐπαίδευσεν

266 1536 473 1608 ὑψηλά,
513 1539 541 1590 ό
575 1536 716 1606 μηδὲ
754 1534 908 1607 αὑτῷ
941 1538 1019 1608 τῷ
1058 1538 1275 1609 Σατανᾷ
1311 1538 1423 1594 τῶν
1485 1539 1579 1591 ἐπὶ
1614 1540 1681 1608 τῇ
1720 1536 1841 1607 oti,-

266 1645 352 1682 σει
409 1629 694 1699 πρωτείων
747 1629 1119 1702 παραχωρῶν.
1162 1629 1302 1684 Ἀλλ’
1333 1632 1382 1683 εί
1426 1629 1522 1684 καὶ
1569 1624 1724 1693 οὗτος
1779 1628 1840 1681 εν

264 1715 349 1782 οἷς
389 1719 489 1791 τὴν
525 1719 716 1774 οὑσίαν
750 1721 849 1790 τῆς
890 1723 1160 1792 πατρικῆς
1194 1719 1549 1785 ὑποστάσεως
1578 1719 1669 1773 ἐπὶ
1724 1721 1840 1782 τοῖς

265 1812 324 1877 ἐξ
361 1812 529 1866 αὑτοῦ
586 1814 804 1884 διαιρεῖ,
839 1816 905 1884 τῇ
951 1814 1050 1884 μὲν
1100 1817 1161 1868 τὸ
1188 1813 1493 1884 όμοούσιον,
1523 1814 1589 1884 τῇ
1620 1812 1677 1866 δὲ
1712 1813 1844 1865 ὑπο-

1927 717 2145 789 quidem
2179 722 2462 786 pernegat,
2497 721 2551 767 et
2570 711 2715 766 velut
2736 705 3132 764 exsecrandum
3160 711 3215 759 et
3246 701 3496 772 spurium

1929 808 2130 879 reiicit,
2158 805 2451 864 essentiam
2498 801 2677 859 Patris
2709 813 2930 857 causam
2958 811 3081 854 esse
3119 807 3333 857 eorum,
3377 805 3498 862 qua

1931 916 1998 957 ex
2023 899 2142 970 ipso
2177 906 2346 955 sunt:
2382 910 2529 952 nunc
2559 893 2853 951 essentiam
2891 905 3016 947 cum
3069 886 3495 959 proprietatibus

1932 991 2106 1061 ipsam
2142 990 2291 1045 clare
2323 997 2519 1044 notare
2562 983 2903 1056 hypostasim
2946 981 3161 1051 recipit,
3191 992 3423 1048 eamque
3447 988 3502 1033 et

1933 1096 2218 1153 generare,
2244 1090 2301 1136 et
2336 1080 2635 1149 producere
2663 1080 3023 1134 demonstrat.
3081 1073 3172 1129 Sic
3203 1071 3488 1141 theologia:

1933 1174 2189 1232 sublimia
2229 1172 2468 1242 seipsum
2515 1172 2752 1236 edocuit,
2788 1171 2884 1241 qui
2919 1184 3022 1226 nec
3058 1168 3162 1239 ipsi
3185 1166 3401 1222 Satanae
3446 1163 3501 1218 in

1936 1267 2104 1324 stulta
2137 1266 2221 1324 sui
2258 1266 2647 1335 arrogantiqne
2695 1261 3107 1320 existimatione
3148 1260 3312 1315 cedit.
3351 1254 3416 1310 Et
3439 1253 3504 1310 li-

1936 1367 2024 1415 cet
2071 1350 2182 1419 hic.
2210 1357 2340 1411 dum
2378 1358 2672 1413 essentiam
2703 1369 2733 1410 a
2771 1366 2997 1426 paterna
3027 1354 3310 1426 hypostasi
3336 1352 3390 1405 in
3413 1351 3500 1415 iis,

1937 1465 2059 1520 quae
2080 1467 2146 1504 ex
2175 1464 2242 1504 eo
2278 1460 2426 1515 sunt,
2464 1456 2705 1518 separat,
2736 1448 2829 1503 uni
2875 1447 3094 1517 quidem
3146 1444 3508 1501 consubstan-

1939 1542 2090 1607 tiale,
2131 1541 2308 1604 alteri,
2338 1540 2614 1611 bypostasi
2654 1540 2888 1602 scilicet,
2927 1553 3145 1594 causam
3194 1537 3374 1603 dedat,
3407 1549 3508 1589 nos

1940 1633 2107 1688 veluti
2162 1633 2420 1703 discipuli
2463 1647 2530 1688 ac
2585 1631 2784 1688 famuli
2832 1630 3185 1687 dominorum
3224 1638 3277 1683 et
3303 1641 3507 1699 prace-

1941 1733 2161 1793 ptorum
2186 1733 2500 1777 nostrorum
2534 1721 2756 1777 Patrum
2799 1720 3025 1789 vestigia
3054 1730 3350 1790 sequentes
3385 1718 3510 1772 nul-

1941 1814 2053 1869 lum
2082 1828 2324 1883 unquam
2343 1815 2649 1883 proprium,
2678 1822 2735 1867 et
2762 1814 2831 1868 de
2855 1823 3044 1868 nostro
3072 1812 3127 1866 in
3162 1811 3325 1866 rebus
3355 1810 3513 1866 theo-

271 1904 464 1957 στάσει
505 1906 565 1956 τὸ
595 1903 768 1958 αίτιον
799 1903 1147 1970 ἀποδίδωσιν,
1189 1907 1348 1976 ἡμεῖς
1389 1906 1445 1958 δὲ.
1486 1905 1561 1969 ὡς
1597 1904 1839 1975 μαθηταὶ

1955 1906 2133 1977 logicis
2165 1907 2451 1971 audentes,
2479 1921 2601 1960 cum
2620 1904 2732 1972 jam
2758 1904 3339 1967 demonstra-verimus,
3369 1903 3515 1972 quod

267 1996 371 2048 καὶ
424 1993 600 2048 δοῦλοι
646 1999 756 2059 τοῖς
801 1996 1094 2061 δεσπόταις
1154 1999 1247 2052 καὶ
1285 1996 1633 2060 διδασκάλοις
1684 1996 1843 2067 ἡμῶν

1955 1975 2019 2053 εἰ
2049 1997 2290 2052 essentia
2326 1995 2505 2052 Patris
2547 1997 2771 2063 dicitur,
2807 2008 2874 2052 ex
2926 1996 3043 2064 ipsa
3077 2003 3360 2051 causatum
3397 2007 3518 2047 esse

266 2086 554 2156 Πατράσιν
578 2087 854 2156 ἑπόμενοι,
891 2089 987 2141 καὶ
1019 2090 1217 2142 οίκεῖῃν
1250 2089 1415 2160 μηδὲν
1443 2090 1534 2142 ἐπὶ
1566 2090 1685 2151 ταῖς
1723 2087 1843 2140 θεο-

268 2174 491 2245 λογίαις
544 2176 969 2249 ἀποτολμῶντες
1003 2181 1285 2243 οὐδέποτε,
1322 2180 1845 2251 προαποδεδειχότες

269 2270 407 2341 ἥδη,
437 2271 587 2331 ὅπως
625 2270 687 2324 τδ
714 2273 781 2325 ὲκ
809 2273 908 2342 τῆς
933 2272 1123 2336 οὐσίας
1160 2273 1256 2326 τοῦ
1287 2274 1500 2343 [ἰατρὸς
1530 2269 1669 2327 εἶναι
1695 2272 1852 2342 λεγό-

271 2376 442 2430 μενον
490 2360 550 2413 τὸ
602 2359 663 2425 ἐξ
727 2362 900 2431 αὑτῆς
950 2363 1197 2417 αἰτιατδν
1251 2363 1446 2418 ἑαυτοῦ
1484 2363 1853 2436 ὁμολογουμὲ-

270 2471 387 2511 νω;
424 2452 775 2524 παρίστησιν,
816 2456 1129 2520 ἀκολούθως
1154 2459 1218 2511 ὲκ
1245 2457 1355 2511 τῶν
1391 2456 1572 2513 αὐτῶν
1622 2456 1848 2529 γραφῶν

271 2545 647 2615 ἀπεδείξαμεν
684 2544 800 2613 νῦν,
833 2549 929 2601 καὶ
980 2548 1129 2613 ὅπως
1157 2548 1219 2602 τὸ
1247 2551 1311 2603 ὲκ
1363 2550 1463 2622 τῆς
1495 2551 1851 2613 ὑποστάσεως

270 2636 376 2689 τοῦ
419 2630 629 2706 [ἰατρὸς
656 2637 951 2707 δηλωτικὸν
984 2640 1403 2712 δμοουσιότητος
1437 2642 1715 2712 εῦιηπται.
1788 2641 1848 2694 '0

279 2728 389 2795 μὲν
410 2726 517 2798 γὰρ
539 2727 705 2789 πολὺς
717 2729 783 2782 τὰ
806 2730 921 2782 θεῖα
940 2730 1240 2798 Βασίλειος,
1269 2751 1287 2782 t
1315 2733 1429 2785 Οὐκ
1450 2732 1676 2801 ἀδελφά,
1693 2735 1869 2803 φησὶ,

273 2817 516 2887 λέγομεν
545 2818 634 2870 τὸν
670 2818 891 2891 Πατέρα
920 2822 1014 2873 καὶ
1042 2820 1133 2874 τὸν
1164 2821 1314 2884 Υἰδν,
1347 2822 1483 2876 ἀλλὰ
1512 2823 1731 2892 Πατέρα
1760 2821 1854 2875 καὶ

276 2909 416 2962 Υὶδν
442 2909 830 2977 ὁμολογοῦμεν,
855 2909 914 2963 τὸ
936 2912 991 2965 δὲ
1016 2912 1116 2980 τῆς
1138 2913 1319 2976 οὑσίας
1338 2914 1550 2980 ταυτὶν,
1578 2914 1765 2985 ἐπειδὴ
1791 2915 1856 2966 ἐκ

276 3001 383 3054 τοῦ
414 3001 622 3085 [ἰατρὸς
652 3002 680 3055 ό
705 3000 887 3064 Υἱόςί
924 3004 952 3056 ό
981 3003 1037 3056 δὲ
1067 3004 1221 3071 ἆγιος
1248 3004 1515 3076 Κύριλλος
1542 3022 1555 3037 ο
1590 3025 1610 3057 t
1642 3006 1715 3059 Tb
1746 3007 1856 3078 γὰρ

280 3093 353 3145 ἐκ
391 3092 482 3144 τοῦ
510 3089 774 3162 Πατρδς,›
804 3094 956 3163 φησὶ,
984 3112 1001 3142 t
1024 3094 1384 3163 γεγεννῆσθαι
1414 3096 1506 3150 τὸν
1536 3095 1664 3149 Υἰδν
1691 3097 1859 3165 ἀναγ-

280 3183 452 3236 κάσει
476 3183 539 3252 δὴ
571 3185 786 3247 πάντως
841 3183 937 3238 καὶ
972 3183 1071 3254 οὑχ
1096 3185 1324 3249 ἑκόντας
1357 3187 1508 3256 ἡμᾶς
1563 3187 1858 3241 ἀποδοῦναι

1947 2089 2166 2147 nemine
2225 2089 2569 2159 discrepante
2622 2098 2816 2145 notare
2854 2107 2870 2150 :
2913 2103 3062 2143 nunc
3140 2086 3398 2156 deinceps
3449 2098 3516 2140 ex

1947 2177 2141 2233 iisdem
2168 2179 2577 2235 commentariis
2613 2179 2994 2246 ostendemus,
3032 2178 3181 2249 quod
3235 2193 3302 2231 ex
3344 2176 3518 2248 hypo-

1947 2271 2079 2327 Stasi
2109 2270 2288 2328 Patris
2316 2273 2584 2327 asserilur
2612 2272 2678 2327 ad
2702 2271 2998 2327 notandam
3026 2275 3272 2327 eamdem
3326 2282 3518 2324 essen-

1951 2365 2083 2418 tiam
2117 2364 2350 2419 assumi.
2408 2362 2544 2418 Nam
2578 2365 2631 2418 in
2696 2364 2861 2421 rebus
2888 2363 3089 2419 divinis
3138 2363 3520 2417 examinandis

1949 2438 2236 2524 perspicax
2266 2454 2537 2509 Basilius:
2567 2472 2587 2508 t
2623 2452 2745 2509 Non
2774 2453 2996 2519 fratres,
3036 2471 3055 2505 ι
3092 2451 3291 2521 inquit,
3318 2470 3337 2502 t
3383 2449 3523 2505 dici-

1952 2561 2073 2603 mus
2106 2545 2320 2600 Patrem
2355 2556 2410 2599 et
2445 2545 2668 2609 Filium,
2697 2545 2792 2599 sed
2823 2544 3037 2599 Patrem
3071 2553 3123 2598 et
3161 2541 3360 2597 Filium
3391 2554 3526 2595 con-

1954 2638 2170 2694 ﬁtemur
2198 2652 2411 2693 necnon
2442 2637 2585 2693 idem
2608 2638 2881 2703 essentia),
2914 2652 3037 2693 cum
3069 2651 3133 2690 ex
3156 2637 3313 2693 Patre
3352 2634 3525 2690 Filius

1954 2724 2043 2779 sit.
2073 2743 2093 2777 ι
2127 2722 2191 2778 Ει
2217 2725 2272 2778 S.
2303 2724 2579 2795 Cyrillus:
2620 2744 2637 2776 t
2687 2724 2818 2781 Nam
2852 2740 2916 2779 ex
2953 2723 3134 2789 Patre,
3166 2743 3185 2777 ι
3241 2725 3334 2791 ait,
3378 2746 3395 2777 t
3436 2722 3528 2778 Fi-

1955 2815 2086 2870 lium
2120 2817 2360 2885 genitum
2391 2832 2533 2880 esse,
2567 2827 2717 2888 Coget
2738 2833 2963 2889 prorsus
2990 2833 3090 2873 nos
3110 2818 3271 2873 etiam
3307 2817 3528 2884 Invitos,

1955 2907 2198 2965 eamdem
2231 2907 2309 2962 illi
2343 2917 2590 2962 naturam
2622 2909 2880 2964 tribuere.
2920 2928 2938 2961 ι
2971 2908 3111 2976 Quid
3138 2909 3224 2964 hic
3252 2908 3357 2971 ais,
3391 2923 3529 2961 novo

1958 2997 2230 3069 tlteologe,
2259 3007 2315 3053 et
2342 2999 2533 3054 insana
2584 3000 2993 3057 existimatione
3046 3016 3175 3056 vere
3226 2999 3533 3054 sublimis?

1961 3091 2016 3147 Si
2041 3091 2590 3183 ltypostasim‘Pater
2640 3094 2866 3150 indubie
2897 3094 3187 3163 signiﬁcat.
3221 3102 3277 3147 et
3317 3090 3527 3157 Patres,

1961 3184 2104 3253 quod
2134 3200 2200 3238 ex
2227 3199 2288 3239 ea
2311 3182 2483 3240 Filius
2512 3192 2617 3247 est,
2640 3186 2886 3241 eamdem
2927 3202 3048 3241 cum
3081 3184 3243 3239 Patre
3278 3192 3533 3250 naturam

279 3277 350 3327 τὸ
387 3275 672 3343 ὁμοοὺσιον
710 3276 881 3345 αὑτῷ.
921 3294 939 3326 ι
977 3274 1041 3327 Τί
1082 3278 1210 3346 φὴς,
1245 3270 1291 3332 ὦ
1342 3276 1430 3331 vis
1495 3278 1734 3347 θεολόγε,
1765 3278 1855 3331 καὶ

1962 3275 2323 3344 concludunt,
2363 3278 2637 3348 quomodo
2659 3291 2714 3333 tu
2746 3294 2891 3334 nunc
2923 3279 2976 3333 in
3007 3278 3115 3333 tuis
3143 3277 3367 3347 scriptis
3396 3292 3533 3329 sane

280 3366 392 3436 τὴν
421 3366 595 3437 οἴησιν
636 3366 849 3435 ἀληθῶς
910 3367 1120 3438 ὑψηλέ;
1178 3370 1227 3422 εί
1275 3370 1370 3440 τῆς
1409 3369 1764 3433 ὑποστάσεως
1799 3370 1855 3422 τὸ

1963 3369 2197 3426 blateras
2220 3372 2532 3440 scriptoque
2557 3370 2805 3434 mandas.
2841 3371 2933 3441 qui
2983 3386 3047 3426 ex
3081 3370 3318 3426 essentia
3354 3367 3533 3424 Patris

287 3459 487 3527 Πατήρ
557 3458 705 3511 ἐστιν
763 3459 1213 3529 ὁμολογουμένως
1274 3451 1607 3529 δηλωτικὸν,’
1654 3463 1749 3515 καὶ
1811 3463 1855 3514 ol

1967 3457 2161 3514 Filium
2192 3463 2412 3523 asserit.
2440 3462 2711 3531 duplicem
2738 3463 2976 3517 ostendit
3005 3463 3330 3518 sententiam
3365 3461 3545 3516 simili-

286 3549 540 3615 Πατέρες
569 3550 678 3604 ἀπὸ
705 3549 801 3603 τοῦ
843 3551 901 3615 ἐξ
930 3550 1100 3621 αὑτῆς
1124 3550 1215 3602 τὸν
1248 3550 1374 3605 Υἱδν
1422 3546 1562 3605 εῖναι
1612 3550 1672 3604 τὸ
1724 3550 1855 3625 πρὸς

1964 3550 2204 3609 dictione.
2228 3565 2528 3620 emergere,
2558 3568 2683 3606 cum
2711 3569 2775 3608 ex
2808 3557 3043 3608 essentia
3070 3554 3316 3608 eamdem
3343 3568 3532 3608 essen-

286 3641 387 3692 τδν
421 3640 639 3706 Πατέρα
692 3643 1019 3710 συνάγουσιν
1078 3641 1388 3712 δμοοὺσιον,
1445 3641 1564 3704 πῶς
1601 3641 1762 3704 αὐτὸς
1803 3642 1855 3698 ἐν

1968 3642 2121 3705 tiam,
2146 3652 2259 3695 tum
2291 3658 2355 3696 ex
2389 3641 2549 3697 Patre
2586 3659 2811 3700 causam
2845 3643 2966 3699 Filii
3009 3645 3308 3715 denotare}
3337 3646 3533 3699 Annon

289 3748 412 3785 τισι
444 3734 554 3783 τῶν
585 3732 694 3785 σῶν
747 3733 1201 3805 διαρῤητορεὺεις
1251 3735 1481 3804 γράφων
1520 3734 1595 3798 ῶς
1620 3736 1647 3787 ό
1673 3735 1737 3787 ὲκ
1762 3735 1855 3802 τῆς

1969 3733 2122 3790 vides
2150 3746 2414 3805 quantum
2456 3737 2554 3793 tibi
2607 3739 2975 3809 improbitatis
3020 3740 3172 3795 trabs
3227 3739 3539 3796 intellectus

293 3824 490 3886 ουὺσὲας
547 3825 641 3877 τοῦ
674 3826 888 3898 Πατρδς
918 3825 1009 3878 τὸν
1052 3825 1180 3879 Υίὸν
1210 3825 1385 3893 λέγων
1418 3824 1613 3895 διπλῆν
1661 3826 1855 3896 ταύτην

1972 3826 2161 3882 oculos
2199 3827 2601 3897 obtenebravit,
2638 3841 2828 3886 utnon
2865 3832 3135 3902 percipias
3186 3832 3379 3886 eadem
3412 3846 3538 3888 rere

294 3917 560 3987 ἐμφαίνει
613 3917 1156 3987 συναναφαινομένην
1210 3919 1276 3988 τῇ
1314 3915 1457 3983 λέξει
1502 3916 1600 3988 τὴν
1629 3916 1855 3985 ἔννοιαν1

1974 3930 2025 3974 te
2062 3921 2267 3987 subire,
2295 3936 2415 3990 quae
2441 3922 2494 3976 in
2527 3937 2628 3978 nos
2650 3939 2756 3980 non
2797 3926 3006 3994 absque
3028 3924 3311 3979 mendacio
3340 3922 3543 3993 iactas;

296 4011 444 4064 κατά
466 4009 563 4075 μὲν
593 4008 652 4059 τὸ
682 4007 745 4060 ὲκ
772 4011 869 4077 τῆς
890 4007 1076 4071 οὐσίας
1098 4007 1159 4060 τὺ
1191 4008 1498 4077 όμοοὺσιον,
1531 4009 1672 4063 κατὰ
1709 4008 1765 4062 δὲ
1805 4007 1855 4062 τε

1970 4022 2025 4068 et
2044 4029 2110 4069 ex
2126 4023 2242 4069 atra
2268 4016 2374 4070 bile
2402 4016 2693 4072 manifesto
2714 4017 2983 4081 laborare,
3004 4017 3460 4088 tantumdemque
3486 4028 3539 4072 et

296 4107 368 4158 ἐκ
401 4103 494 4156 τοῦ
533 4102 744 4186 ῌατρδς
762 4100 822 4154 τὸ
842 4100 936 4155 τοῦ
950 4100 1079 4155 Υίοῦ
1113 4100 1379 4171 δηλοῦσαν
1412 4101 1855 4175 αίτιατόν;”ορᾷς

1973 4104 2240 4170 ltostium,
2273 4118 2331 4161 et
2375 4108 2726 4166 inimicorum
2780 4111 2946 4165 semel
2990 4110 3366 4181 cognitionem
3404 4104 3546 4165 δίιιί-

296 4195 454 4254 δπως
515 4192 551 4262 ἡ
599 4192 701 4260 τῆς
752 4190 950 4249 κακίας
1011 4188 1167 4251 δοκὸς
1205 4189 1456 4242 τοσοῦτόν
1497 4205 1580 4242 σοι
1609 4188 1732 4253 τοὺς
1770 4190 1855 4259 τῆς

1974 4192 2136 4259 sisse,
2182 4204 2237 4250 ut
2267 4187 2321 4250 et
2355 4200 2698 4266 temetipsum
2729 4199 3065 4270 ipse-atque
3108 4214 3172 4253 ac
3233 4199 3445 4257 hostem
3491 4208 3545 4254 et

295 4284 540 4347 διανοίας
598 4281 898 4336 ἐσκότωσεν
923 4279 1253 4350 ὀφθαλμοὺς,
1293 4280 1369 4342 ὡς
1401 4279 1565 4332 αὑτόν
1592 4297 1651 4333 σε
1681 4280 1855 4336 παθεῖη

1978 4284 2351 4341 adversarium
2382 4299 2583 4346 tractes
2612 4291 2635 4343 τ

299 4376 542 4449 ἀληθῶς,
569 4376 715 4447 άπερ
736 4377 884 4447 ἡμᾶς
905 4372 1272 4437 ἐπισκώπτεις
1338 4373 1695 4444 ψευδόμενος,
1744 4377 2107 4451 μελαγχολίαν
2144 4382 2385 4451 δηλονότι
2423 4385 2649 4455 νοσῆσαι
2703 4386 2988 4456 ἄντικρυς,
3035 4388 3131 4441 καὶ
3157 4384 3416 4439 τοσοῦτον
3451 4384 3548 4457 τὴν

299 4467 413 4525 τῶν
456 4464 733 4535 πολεμίων
774 4466 868 4517 καὶ
898 4460 1068 4531 φίλων
1116 4461 1378 4526 καθάπαξ
1415 4461 1857 4535 ἀποϐεϐληκέναι
1927 4467 2241 4538 διάγνωσιν,
2301 4472 2376 4536 ὡς
2446 4476 2539 4528 καὶ
2605 4472 2785 4544 ἑαυτῷ
2832 4470 3071 4528 σεαυτὸν
3107 4474 3307 4545 τρόπον
3352 4468 3549 4544 ἐχθροῦ

299 4556 606 4614 διακεῖσθαι
638 4556 733 4611 καὶ
770 4555 1067 4625 πολεμίους

378 4654 472 4719 ιγ’.
499 4647 687 4709 Πάλιν,
719 4664 738 4697 t
773 4647 847 4701 Οὑ
875 4645 1075 4709 καλῶς,
1114 4663 1133 4697 ι
1169 4646 1326 4713 φησὶ,
1363 4665 1382 4698 t
1412 4644 1593 4715 λέγειν
1619 4648 1765 4718 ἡμᾶς
1784 4646 1855 4725 ab

2051 4650 2136 4707 15.
2173 4649 2385 4708 Rursus
2415 4673 2435 4707 t
2481 4668 2593 4709 non
2657 4653 2793 4710 bene
2845 4669 2949 4711 nos
2990 4654 3177 4711 dicere
3220 4672 3244 4708 ι
3277 4655 3358 4710 ait
3414 4670 3437 4706 ε
3477 4656 3552 4712 ila

307 4745 525 4812 Ὠσπερ
552 4742 642 4794 ἐπὶ
662 4741 761 4811 τῆς
782 4740 1139 4811 δημιουργίας
1163 4741 1196 4809 ἡ
1219 4739 1288 4792 δι’
1308 4738 1438 4792 Υἱοῦ
1469 4739 1621 4808 φωνὴ
1645 4739 1855 4808 δήλωσιλ

1986 4737 2102 4805 Iud,
2134 4739 2599 4809 Quemadmodum
2648 4743 2702 4797 in
2736 4743 2926 4798 mundi
2975 4744 3198 4813 opiﬁcio
3257 4745 3426 4800 dictio
3448 4760 3550 4817 per

310 4841 413 4911 μὲν
444 4837 543 4907 τῆς
564 4835 1042 4905 προκαταρκτικῑκ
1071 4832 1248 4896 αἰτίας
1277 4831 1412 4904 ἔχει,
1437 4833 1499 4886 οὑ
1529 4834 1636 4903 μὴν
1664 4831 1722 4885 δὲ
1746 4831 1854 4887 διαι

1985 4830 2181 4886 Filium
2227 4847 2447 4888 causam
2482 4835 2959 4904 procatarctlcam,
2982 4824 3427 4906 seu'primariam
3452 4852 3555 4892 ex-

314 4933 404 5003 ρεί
435 4927 528 4981 τὸν
561 4926 690 4980 Υἱδν
712 4925 818 4979 ἀπὸ
845 4925 939 4977 τοῦ
969 4921 1205 4993 Πατρόςο
1237 4923 1380 4977 οὑτω
1406 4924 1473 4994 δὴ
1519 4925 1614 4977 καὶ
1667 4926 1761 4979 ἐπὶ
1788 4924 1853 4992 τῆ

1986 4920 2173 4992 plicat,
2203 4938 2305 4979 nec
2338 4933 2517 4980 tamen
2542 4923 2737 4981 Filium
2756 4936 2973 4996 separat
3003 4942 3033 4981 a
3061 4926 3246 4992 Patre.
3298 4928 3379 4984 sie
3409 4937 3464 4983 et
3494 4928 3579 4984 in-

311 5019 594 5088 θεολογίας
612 5019 801 5087 αὐτῆς,
820 5018 865 5071 εί
890 5016 984 5071 καὶ
1006 5015 1231 5085 ἀρχικόν
1254 5018 1401 5069 ἐστιν
1434 5014 1562 5069 Υίοῦ
1586 5017 1680 5070 καὶ
1711 5014 1852 5069 Πνεύ

1986 5006 2154 5066 rebus
2220 5011 2353 5081 ipsis
2412 5013 2730 5084 theologicis
2806 5015 3091 5085 primariat
3125 5026 3189 5074 et-
3238 5018 3554 5088 principalis

324 5128 497 5185 ματος
537 5114 564 5164 ὁ
604 5111 790 5181 Πατὴρ
818 5109 1011 5171 αἴτιον,
1048 5106 1163 5161 ἀλλ’
1194 5106 1318 5160 ἐπεὶ
1347 5107 1434 5161 διὰ
1459 5106 1554 5161 τοῦ
1598 5107 1729 5160 Υίοῦ
1787 5124 1855 5160 τοι

1987 5103 2108 5158 Filii
2131 5114 2185 5157 ct
2207 5104 2442 5174 Spiritus
2469 5121 2635 5162 causa
2659 5106 2818 5164 Pater
2834 5108 2942 5177 sit;
2966 5109 3065 5165 sed
3086 5125 3207 5166 cum
3226 5125 3326 5180 per
3353 5110 3555 5168 Filium

318 5203 640 5275 Πνεὺματός
669 5204 816 5256 ἐστιν
842 5201 1037 5264 αἴτιος,
1070 5201 1170 5254 οὑκ
1209 5199 1277 5254 ἂν
1309 5198 1607 5270 διαιρεθείη
1657 5197 1751 5251 τοῦ
1778 5199 1855 5252 Ila

1989 5195 2227 5266 Spiritus
2262 5210 2431 5251 causa
2464 5206 2572 5261 est,
2624 5214 2732 5254 non
2769 5200 3089 5272 sejungetur
3114 5216 3146 5256 a
3183 5201 3342 5257 Patre
3370 5202 3555 5260 Filius

316 5297 449 5368 τρὸς
474 5299 501 5350 ὁ
522 5295 643 5359 Υἱὸς
663 5295 755 5347 ἐπὶ
773 5297 840 5365 τῇ
864 5291 1074 5363 προόδῳ
1093 5291 1185 5345 τοῦ
1216 5291 1555 5361 Πνεύματος.
1591 5294 1730 5364 »Τὴν
1754 5290 1887 5360 γοῦν

318 5389 583 5459 τοιαύτην
612 5384 904 5458 ἐπίπληξιν
942 5387 1002 5438 οὑ
1034 5384 1205 5458 πολλὰ
1258 5385 1378 5438 οὑδὲ
1416 5384 1648 5448 οἴκοθεν,
1685 5382 1890 5455 βραχέα

320 5485 382 5538 δὲ
409 5482 659 5544 εἰπόντες
698 5481 794 5533 καὶ
832 5478 942 5535 ἀπὸ
979 5478 1210 5548 γραφῶν
1259 5476 1771 5546 ἀποσκευασόμεθα.
1826 5477 1886 5531 '0

320 5577 433 5645 γὰρ
471 5575 582 5627 τῶν
610 5571 908 5626 Νυσσαίων
969 5574 1061 5624 καί
1113 5573 1217 5641 τῆς
1266 5570 1593 5639 οἰκουμένης
1636 5568 1889 5640 φωστὴρ»

329 5688 350 5720 ι
399 5667 475 5721 Tb
513 5664 764 5734 Πνεῦμα,
800 5664 1048 5732 ι’λὲγων,
1086 5682 1103 5714 t
1148 5662 1225 5733 τῷ
1260 5663 1436 5732 Πατρὶ
1475 5660 1615 5716 κατὰ
1646 5661 1708 5714 τὸ
1734 5661 1891 5716 ἄκτι-

326 5776 456 5813 στον
490 5759 922 5826 συναπτόμενον,
954 5754 1117 5808 πάλιν
1142 5752 1237 5806 ἀπ’
1273 5751 1440 5806 αὑτοῦ
1470 5752 1548 5822 τῷ
1574 5752 1649 5824 μὴ
1699 5752 1890 5822 Πατὴρ
1928 5825 1932 5829 ι

335 5846 478 5905 εἶναι
508 5849 760 5918 καθάπερ
810 5849 1018 5911 ἐκεῖνος
1079 5847 1485 5916 διαχωρίζεταιο
1532 5847 1629 5914 τῆς
1660 5847 1718 5898 δὲ
1750 5845 1889 5917 πρὸς

323 5945 419 5996 τὸν
458 5942 589 5995 Υίδν
626 5940 765 5994 κατὰ
802 5939 862 5993 τὸ
897 5940 1151 5994 άκτιστον
1202 5939 1527 6006 συναφείας,
1579 5939 1673 5991 καὶ
1706 5939 1765 5990 liv
1812 5936 1889 6001 τῶ

1991 5291 2043 5343 in
2077 5302 2368 5359 progressu
2393 5288 2649 5358 Spiritus.
2691 5308 2712 5344 ι
2745 5292 2825 5346 Ad
2843 5293 3082 5349 similem
3113 5294 3553 5365 obiurgationem

1989 5380 2361 5447 refellendam,
2396 5396 2505 5437 non
2549 5384 2720 5438 multa
2780 5398 2958 5454 neque
3023 5401 3089 5442 ex
3147 5387 3407 5456 propriis,
3457 5385 3553 5443 sed

1989 5488 2162 5544 pauca
2190 5488 2255 5529 ex
2280 5474 2483 5544 scripto
2514 5476 2730 5532 traditis
2762 5479 3182 5534 auctoritatibus
3226 5480 3282 5533 in
3315 5480 3553 5535 medium

1990 5564 2302 5622 aﬂ‘eremus.
2328 5565 2463 5621 Nam
2496 5566 2879 5635 Nyssaensiutn
2903 5579 2959 5624 et
2982 5570 3130 5624 orbis
3157 5570 3361 5635 lumen,
3391 5588 3410 5621 t
3435 5571 3529 5640 Spi

1992 5658 2153 5723 ritus,
2187 5675 2207 5709 ι
2245 5659 2514 5727 scribens,
2546 5679 2564 5712 t
2596 5662 2896 5716 secundum
2938 5662 3240 5717 increatum
3289 5662 3435 5719 Patri
3464 5664 3556 5717 ad-

1987 5748 2236 5819 junctus,
2271 5766 2467 5808 rursus
2491 5752 2561 5807 ab
2586 5752 2801 5815 eodem,
2836 5753 2982 5821 quod
3004 5754 3081 5808 uti
3110 5753 3200 5808 ille
3223 5752 3385 5809 Pater
3443 5769 3553 5809 non

1992 5851 2094 5908 est,
2121 5850 2426 5911 separatur,
2474 5857 2503 5896 a
2537 5841 2924 5912 conjunctione
2957 5858 3085 5899 vero
3130 5859 3254 5898 cum
3305 5843 3442 5907 Filio
3473 5859 3534 5899 se

1994 5933 2227 5989 cundum
2267 5935 2591 5998 incrcatutn,
2630 5950 2838 5990 necnon
2880 5952 3100 5991 causam
3131 5937 3461 5994 essistcntiac
3492 5953 3548 5991 cx
