3944 6594
445 386 548 446 887

1511 395 1718 454 JOAN.
1766 395 1976 455 VECCI
2017 395 2125 454 (ΞΡ.
2165 392 2671 453 ΡΑΤΒΙΑΠΟΗΕ

3243 328 3274 339 η-

3573 393 3668 453 888

447 514 626 552 mrum
659 501 901 556 omnium
935 502 1040 558 Deo
1073 505 1256 569 habet,
1311 521 1505 562 rursus
1560 507 1865 576 seiungitur
1893 521 2015 575 pro-

2119 503 2217 574 τὴν
2269 504 2448 558 αἰτίαν
2502 503 2603 573 τῆς
2659 499 2952 570 ὑπάρξεως
3005 497 3069 551 ἐκ
3117 497 3208 551 τοῦ
3237 498 3378 551 ’Θεοῦ
3411 497 3519 551 τῶν
3546 499 3669 554 ὅλων

450 589 699 654 prietate,
729 593 875 661 quod
935 610 1041 648 non
1109 597 1186 650 uti
1231 595 1556 669 Unigenitus
1581 614 1644 653 ex
1704 599 1861 654 Patre
1895 601 2021 655 sub-

450 681 616 744 sistit,
643 690 705 756 et
739 684 886 753 quod
924 701 1022 754 per
1049 686 1227 756 ipsum
1272 688 1470 744 Filium
1533 700 1782 760 apparet,
1826 705 2020 746 rursus

450 793 478 823 ει
511 782 784 838 creatura,
817 793 938 845 quae
960 780 1029 834 ab
1054 778 1350 851 Unigenito
1401 782 1672 849 subsistit,
1707 784 1853 853 quod
1913 783 2018 838 ali-

450 879 614 931 quam
663 882 787 920 cum
849 868 944 924 illo
995 873 1441 928 communionem
1505 874 1706 929 habere
1750 873 2017 944 Spiritum

448 955 854 1024 existimemus,
885 961 1028 1029 quod
1063 976 1127 1016 ex
1155 961 1318 1018 Patre
1353 979 1448 1034 per
1497 963 1700 1019 Filium
1735 974 2016 1034 appareat,

450 1055 503 1098 et
533 1061 709 1115 neque
748 1047 1048 1115 immutari,
1081 1067 1260 1122 neque
1297 1053 1522 1108 dissolvi
1557 1065 1734 1123 potest
1758 1055 2017 1126 Spiritus,

449 1153 478 1189 a
507 1150 758 1194 creatura
790 1140 1099 1208 dirimatur,
1132 1163 1151 1197 ι
1201 1147 1407 1215 optime
1461 1147 1798 1216 comprobat,
1827 1163 1924 1204 nos
1961 1150 2016 1204 in

450 1231 665 1285 duabus
691 1233 872 1290 causis
902 1250 968 1290 ex
1000 1235 1160 1291 Patre
1189 1237 1424 1292 laudatis
1450 1238 1632 1294 Patris
1667 1248 1720 1295 et
1741 1238 1860 1294 Filii
1885 1255 2018 1296 con-

451 1337 698 1380 servasse
725 1328 1189 1384 communionem.
1222 1328 1434 1384 Etenim
1465 1333 1512 1387 si
1544 1332 1605 1386 in'
1626 1333 1812 1386 mundi
1862 1333 2021 1402 opili-

450 1416 538 1469 cio
559 1431 904 1474 communem
933 1420 1351 1485 causamFilius
1384 1424 1566 1485 habet,
1592 1439 1697 1477 non
1731 1425 1873 1494 quod
1912 1441 2019 1480 una

448 1507 610 1562 simul
637 1520 891 1578 operatur
922 1511 978 1565 in
1037 1512 1244 1582 aliquo,
1274 1523 1327 1567 et
1377 1516 1533 1583 quasi
1569 1516 1820 1584 suppleat
1871 1517 2017 1587 quod

448 1603 502 1654 in
544 1617 724 1656 rerum
742 1618 907 1658 causa
940 1605 994 1658 in
1036 1604 1196 1659 Patre
1225 1605 1613 1660 desideratur:
1656 1605 1816 1661 Pater
1864 1608 2013 1663 enim

449 1693 651 1748 nullius
690 1695 960 1764 indigens,
997 1711 1161 1752 causa
1187 1706 1568 1753 creaturarum
1622 1699 1861 1766 perfecta
1918 1699 2015 1753 ab-

447 1786 734 1857 solutaquc
758 1796 844 1842 est
881 1807 894 1840 :
933 1790 1027 1843 sed
1083 1792 1228 1859 quod
1272 1793 1517 1847 essentia
1569 1806 1880 1862 naturaque
1934 1792 2013 1846 illi

447 1881 778 1949 conjuuctus
809 1891 913 1944 est,
957 1883 1054 1952 qui
1114 1900 1210 1954 per
1245 1885 1423 1954 ipsum
1472 1901 1659 1941 creare
1690 1886 1804 1940 vult
1867 1901 2015 1956 quae-

447 1986 661 2040 cunque
712 1983 987 2039 creantur,
1032 1975 1201 2028 multo
1251 1978 1422 2046 magis
1484 1979 1538 2032 in
1571 1980 1804 2034 naturali
1849 1996 2013 2034 causa

449 2062 684 2131 Spiritus
752 2065 894 2119 banc
955 2067 1397 2122 communionem
1469 2071 1788 2138 possidebit,
1863 2073 1906 2127 si
1963 2081 2015 2126 et

451 2158 565 2224 ipse
591 2157 826 2225 Spiritus
856 2174 951 2227 per
972 2159 1173 2214 Filium
1211 2161 1536 2216 naturaliter
1560 2161 1830 2216 emittitur
1861 2179 1888 2216 a
1922 2161 2018 2214 Pa-

449 2259 549 2301 tre.
588 2248 654 2302 Et
702 2264 801 2304 nos
829 2250 993 2319 plane
1029 2266 1126 2320 pro
1175 2252 1287 2322 jam
1328 2251 1492 2306 dictis
1544 2263 1854 2322 susceptam
1912 2255 2015 2308 ob-

444 2341 809 2409 jurgatiouem
877 2342 1127 2412 quaruli,
1186 2342 1484 2413 ctjocandi
1541 2359 1664 2398 cum
1725 2345 2018 2400 dicacitate

449 2431 684 2486 studiosi
721 2431 816 2485 viri
852 2431 996 2488 hunc
1025 2434 1076 2486 in
1113 2435 1332 2488 modum
1393 2435 1768 2504 reprimimus.
1805 2435 1871 2488 At
1901 2436 2017 2503 ipse

446 2523 577 2591 quid
609 2521 720 2576 Deo
754 2521 808 2577 in
868 2523 1288 2595 futurojudicio
1342 2537 1396 2581 et
1425 2542 1575 2581 nunc
1625 2525 1717 2581 Dei
1763 2526 2018 2582 Ecclesiae

451 2615 818 2686 respondebit,
848 2616 974 2670 dum
1016 2617 1192 2686 ipsum
1230 2630 1480 2673 sanctum
1542 2620 1757 2674 Patrem
1814 2620 2018 2689 Nyssc-

449 2723 578 2761 num
611 2722 794 2766 causa:
824 2724 888 2762 cx
924 2709 1084 2764 Patre
1129 2709 1248 2763 Filii
1281 2718 1335 2764 et
1365 2720 1417 2765 ct
1455 2711 1694 2781 Spiritus
1716 2710 2011 2764 discrimen

451 2808 698 2867 apertum
748 2799 1128 2856 deccrncntcm
1195 2804 1483 2870 comperit,
1519 2819 1642 2857 cum
1676 2803 1805 2857 dicit
1860 2821 1879 2854 ι
1933 2803 2018 2856 Fi-

453 2891 584 2946 lium
629 2893 848 2962 quidem
881 2897 1156 2963 contigue,
1191 2896 1450 2965 Spiritum
1478 2871 1603 2949 vero
1637 2911 1700 2949 cx
1745 2910 1832 2956 eo,
1871 2896 2016 2964 quod

450 2983 704 3053 contigue
731 2994 835 3047 est,
867 3000 932 3039 ex
966 2985 1124 3040 Patre
1147 2988 1422 3051 causari,»
1469 2996 1522 3042 et
1589 2987 1728 3041 hanc
1755 2986 2011 3042 diﬁ'cren-

454 3066 582 3129 tiam
619 3076 912 3145 improbat,
962 3087 1016 3132 et
1049 3078 1208 3147 quasi
1243 3094 1271 3131 a
1308 3078 1511 3133 nullius
1569 3078 1850 3148 dignitatis
1897 3077 2016 3132 viro

2124 597 2268 667 ἔχειν
2305 593 2805 667 ,ἀφίσταται,πάλιν
2871 591 2949 662 τῷ
3009 589 3289 657 ἰδιάζοντι,
3346 593 3403 643 ὲν
3435 591 3512 659 τῷ
3546 592 3672 660 μήτε

2127 687 2440 758 μονογενῶς
2498 688 2560 740 ὲκ
2613 685 2713 738 τοῦ
2749 682 2961 753 Πατρδς
3013 683 3333 752 ὑποστῆναι,
3370 681 3465 733 καὶ
3497 684 3552 733 ὲν
3604 683 3673 752 τῷ

2121 781 2190 833 δι’
2224 777 2394 832 αὑτοῦ
2427 778 2522 832 τοῦ
2586 777 2716 830 Υίοῦ
2774 777 3092 845 πεφηνέναι,
3149 773 3310 828 πάλιν
3349 774 3406 826 δὲ
3443 773 3540 842 τῆς
3573 775 3674 826 κτί-

2122 888 2260 933 σεως
2313 870 2400 924 διὰ
2451 870 2540 922 τοῦ
2596 868 2934 937 Μονογενοῦς
2989 867 3323 936 ὑποστάσης,
3382 865 3458 925 ὡς
3511 864 3574 918 ἂν
3608 864 3674 938 μὴ

2123 961 2412 1032 κοινότητά
2481 979 2605 1014 τινα
2697 960 2834 1030 πρὸς
2881 959 3088 1030 ταύτην
3143 958 3286 1035 ἔχειν
3344 956 3573 1025 νομισθῇ
3622 959 3676 1009 τὸ

2128 1053 2356 1122 Πνεῦμα
2383 1053 2440 1104 ὲν
2466 1051 2547 1120 τῷ
2569 1054 2631 1104 ἐκ
2659 1051 2754 1104 τοῦ
2786 1051 3000 1120 Πατρὺς
3027 1049 3114 1107 διὰ
3140 1049 3233 1102 τοῦ
3279 1047 3410 1101 Υἱοῦ
3445 1049 3669 1116 πεφηνέ-

2121 1159 2229 1202 ναι,
2264 1143 2322 1193 ὲν
2358 1141 2437 1212 τῷ
2467 1142 2724 1211 ἀτρέπτῳ
2756 1139 2849 1193 καὶ
2875 1139 3225 1208 ἁναλλοιώτῳ
3265 1139 3364 1190 καὶ
3391 1136 3676 1207 ἀπροσδεεῖ

2120 1232 2457 1302 διακρίνεται
2511 1235 2572 1285 τὸ
2620 1232 2844 1302 Πνεῦμα
2875 1231 2984 1284 ἀπὸ
3034 1231 3133 1299 τῆς
3185 1229 3438 1292 κτίσεως,
3477 1245 3496 1279 ι
3539 1227 3672 1278 συνί-

2123 1341 2284 1389 στησι
2317 1323 2500 1387 καλῶς
2523 1325 2670 1393 ἡμᾶς
2710 1323 2805 1375 καὶ
2843 1320 2930 1374 ἐπ’
2963 1320 3307 1390 ἀμφοτέραις
3337 1321 3456 1381 ταῖς
3484 1317 3673 1380 αἰτίαις

2119 1415 2187 1470 δι’
2214 1416 2346 1469 Υἱοῦ
2379 1418 2442 1468 ὲκ
2467 1415 2562 1469 τοῦ
2595 1415 2809 1485 Πατρδς
2840 1414 3160 1483 εἰρημέναις
3217 1411 3276 1464 τὸ
3323 1410 3419 1462 τοῦ
3476 1409 3674 1478 Πατρδς

2120 1507 2216 1562 καὶ
2239 1508 2368 1561 Υἱοῦ
2391 1509 2631 1579 τηρῆσαι
2662 1509 2993 1577 ἀδιαίρετον.
3029 1504 3093 1556 El
3124 1505 3231 1573 γὰρ
3254 1502 3312 1555 τὸ
3341 1502 3449 1555 ἀπὸ
3473 1501 3674 1570 Πατρίις

2120 1599 2435 1667 ἀδιαίρετον
2496 1599 2585 1651 ἐπὶ
2647 1599 2745 1666 τῆς
2805 1594 3210 1667 δημιουργικῆς
3272 1593 3387 1661 ἔχει
3448 1590 3672 1651 αἰτίαςδ

2121 1689 2272 1754 Υίδς,
2297 1692 2395 1760 οὐχ
2421 1691 2504 1742 ὅτι
2534 1692 2791 1760 συνεργεῖ
2823 1691 2967 1743 κατά
2997 1705 3070 1752 τι,
3107 1687 3201 1739 καὶ
3232 1680 3344 1736 οἷον
3373 1682 3673 1751 ἀναπληροῖ

2120 1783 2180 1834 τὸ
2229 1783 2322 1835 ἐπὶ
2377 1785 2444 1852 τῇ
2497 1783 2604 1836 τῶν
2631 1782 2803 1835 ὄντων
2861 1781 3012 1852 αἰτίᾳ
3061 1777 3251 1840 ἀτελὲς
3294 1775 3390 1830 τοῦ
3431 1776 3672 1844 Πατρόςο

2047 1836 2092 1896 Β
2123 1874 2368 1938 ἀνενδεὲς
2402 1836 2510 1943 ἕάρ
2554 1875 2646 1925 καὶ
2695 1873 2902 1925 τέλειον
2953 1836 3061 1924 των
3110 1836 3426 1942 κτισμάτων
3448 1836 3616 1919 αἰτίον
3650 1867 3673 1918 ὁ

2117 1966 2308 2035 Πατήρ
2347 1981 2363 1996 ο
2433 1963 2548 2018 ἀλλ’
2618 1966 2699 2017 ὅτι
2773 1967 2894 2017 κατ’
2946 1963 3133 2014 ουσίαν
3177 1961 3269 2014 καὶ
3320 1957 3481 2028 φύσιν
3541 1959 3676 2027 αὐτῷ

2115 2058 2341 2127 ἥνωται,
2385 2058 2739 2127 δημιουργεῖν
2788 2054 2855 2108 δι’
2903 2052 3070 2108 αὑτοῦ
3125 2053 3193 2106 τὰ
3215 2047 3674 2124 δημιουργούμενα

2119 2147 2347 2210 θέλοντι,
2390 2147 2569 2218 πολλῷ
2612 2145 2775 2198 πλέον
2822 2146 2913 2198 ἐπὶ
2951 2145 3052 2214 τῆς
3077 2143 3309 2214 φυσικῆς
3363 2142 3544 2204 αἰτίας
3591 2138 3673 2192 τοῦ

2120 2239 2436 2309 Πνεῦματος
2483 2240 2544 2291 τί)
2567 2237 2811 2290 τοιοῦτον
2879 2235 2990 2300 ἕξει
3026 2235 3361 2304 ἀδιαίρετον,
3427 2233 3542 2298 εἴγε
3592 2231 3673 2284 καί

2119 2334 2252 2389 αὐτο
2282 2337 2343 2386 τὸ
2371 2331 2596 2401 Πνεῦμα
2636 2331 2730 2384 τοῦ
2767 2329 2899 2382 Υἰοῦ
2935 2327 3178 2395 φυσικῶς
3207 2329 3355 2378 ἐστιν
3409 2321 3674 2389 ἐκπεμπό-

2123 2441 2285 2492 μενον
2312 2423 2377 2476 ὲκ
2403 2421 2638 2494 Πατρός.
2676 2421 2790 2476 Καὶ
2821 2420 2983 2490 ἡμεῖς
3018 2418 3115 2488 μὲν
3151 2415 3294 2470 οῦτω
3319 2415 3420 2485 τὴν
3449 2415 3540 2466 ἐπὶ
3563 2414 3664 2474 τοῖς

2119 2515 2364 2586 ῥηθεῖσιν
2391 2513 2687 2582 ἐπίπληξιν
2713 2511 2806 2566 τοῦ
2837 2509 3290 2582 φιλοσκώμμονος
3323 2507 3511 2576 ἀνδρὸς
3545 2505 3669 2557 ἀπο-

2121 2603 2516 2673 σκευαζόμεθα.
2561 2595 2730 2666 Οὗτος
2762 2601 2820 2654 δὲ
2855 2601 2908 2652 τί
2945 2601 3039 2653 καὶ
3085 2597 3202 2667 Θεῷ
3231 2597 3287 2648 ὲν
3317 2595 3396 2664 τῷ
3434 2595 3666 2662 μέλλοντι

2119 2694 2490 2764 δικαιωτηρίῳ
2518 2697 2611 2746 καὶ
2639 2695 2704 2763 τῇ
2770 2689 3068 2766 Ἐκκλησία
3099 2688 3234 2742 Θεοῦ
3280 2687 3374 2741 νῦν
3405 2685 3666 2755 ἀπολογή-

2120 2805 2297 2848 σεται.
2323 2787 2416 2840 τὶν
2473 2787 2638 2840 αὑτὸν
2677 2788 2819 2839 θεῖον
2846 2785 3066 2858 Πατέρα
3128 2781 3221 2835 τὸν
3273 2780 3499 2849 Νύσσης
3536 2779 3593 2830 τὸ
3616 2780 3669 2830 tu

2121 2875 2331 2949 Πατρδς
2366 2881 2606 2933 αἰτιατὸν
2642 2880 2772 2934 Υἰοῦ
2813 2896 2872 2932 τε
2914 2879 3006 2930 καὶ
3039 2876 3358 2944 Πνεύματος
3388 2873 3470 2933 εἰς
3496 2872 3667 2936 διαφο-

2122 2973 2222 3042 ρὰν
2253 2971 2525 3042 εὑρίσκων
2565 2970 2940 3024 ἀποτὰττοντα
2974 2967 3263 3040 πρόδηλον,
3298 2969 3356 3018 ἐν
3410 2963 3492 3033 τῷ
3533 2983 3552 3013 ι
3589 2961 3667 3014 τὸν

2124 3065 2223 3134 μὲν
2259 3063 2382 3116 Υίὺν
2411 3065 2718 3133 προσεχῶς,
2747 3062 2807 3115 τὸ
2838 3061 2894 3114 δὲ
2951 3061 3174 3130 Πνεῦμα
3225 3058 3314 3112 διὰ
3357 3055 3455 3108 τοῦ
3486 3069 3666 3124 προσε-

453 3169 813 3242 pronuntiata
852 3179 1018 3234 esset,
1070 3146 1233 3222 ueluti
1268 3169 1510 3238 spuriam
1549 3146 1706 3224 obelo
1737 3171 1941 3239 signat,
1966 3179 2015 3224 et

2123 3155 2232 3227 χῶς
2267 3156 2510 3209 αἰτιατὸν
2548 3177 2566 3206 ι
2606 3155 2879 3223 θεολογεῖν
2941 3155 3005 3206 ἐκ
3065 3150 3304 3221 Πατρὸς,
3356 3149 3449 3201 καὶ
3482 3146 3667 3215 ταύτην

451 3260 534 3314 sic
565 3261 822 3330 contigue
847 3270 900 3316 et
935 3261 1248 3316 immediate
1289 3277 1354 3316 ex
1391 3261 1572 3326 Patre,
1602 3262 1677 3314 uti
1713 3271 1766 3315 et
1797 3259 2014 3327 Filium,

453 3350 715 3420 Spiritum
763 3367 884 3408 esse
949 3353 1004 3421 (ο
1036 3354 1276 3420 linguam
1335 3353 1578 3408 audacia:
1607 3354 1843 3423 plenam,
1899 3371 2019 3424 qum

449 3443 647 3502 similia
688 3446 917 3502 blaterat
937 3447 975 3517 ἰ)
1013 3446 1253 3503 decernit
1277 3448 1303 3515 3
1491 3441 1493 3444 ⁴

521 3720 612 3774 14.
637 3719 847 3777 invadit
892 3721 1088 3777 iterum
1127 3738 1227 3779 nos
1291 3724 1666 3780 contentiosus
1729 3724 1849 3786 iste.
1886 3725 2014 3778 dum

449 3809 688 3866 dicimus
745 3812 882 3866 nihil
943 3813 1068 3869 inde
1115 3815 1240 3869 novi
1287 3816 1466 3886 sequi,
1496 3816 1541 3870 si
1593 3815 1684 3885 qui
1720 3815 1880 3869 vitam
1919 3831 2016 3884 pro

449 3902 659 3973 Spiritu
720 3912 910 3959 sancto
934 3907 1246 3977 accipiunt,
1274 3908 1578 3963 secundum
1627 3923 1808 3963 causa:
1847 3910 2016 3963 ratio-

451 3995 922 4065 nemintelligaut,
949 4013 1071 4052 cum
1107 3998 1230 4053 fons
1285 4000 1408 4055 vitae
1470 4000 1642 4056 Filius
1709 4011 2010 4068 asscratur,

449 4084 596 4154 quod
651 4101 748 4154 per
776 4083 976 4139 Filium
1029 4102 1094 4140 ex
1129 4087 1286 4144 Patre
1319 4104 1482 4144 causa
1529 4089 1765 4158 Spiritus
1817 4091 1930 4156 sit;
1963 4100 2016 4146 et

451 4179 656 4232 fontem
701 4178 818 4248 ipse
854 4178 979 4232 vita:
1033 4179 1374 4249 rmigeuitum
1408 4180 1500 4234 Dei
1559 4181 1793 4236 Verbum
1840 4186 2015 4236 inter-

449 4276 688 4336 pretans,
728 4271 873 4340 quod
906 4271 1062 4326 nobis
1092 4271 1331 4340 peccatis
1361 4270 1664 4326 demortuis
1695 4288 1860 4326 causa
1890 4272 2013 4326 vita

449 4359 570 4420 t'uit,
604 4361 774 4415 instar
815 4362 992 4416 tluxus
1028 4360 1269 4418 [luminis
1299 4362 1550 4417 omnibus
1588 4362 1639 4416 in
1678 4363 1855 4432 ipsum
1899 4377 2017 4418 cre-

447 4451 724 4519 dentibus,
754 4453 966 4508 velutia
991 4451 1144 4507 fonte
1174 4468 1206 4509 a
1233 4455 1413 4524 scipso
1442 4468 1563 4507 eam
1597 4455 1878 4517 emittens,
1902 4470 2010 4510 non

2124 3245 2332 3301 ἀθετῶν
2361 3246 2460 3316 τὴν
2488 3245 2778 3316 διαφορὰν,
2811 3246 2907 3299 καὶ
2936 3242 3012 3306 ὡς
3059 3243 3211 3314 παρὰ
3255 3259 3347 3293 του
3376 3240 3486 3293 τῶν
3529 3238 3664 3290 οὐδε·

2122 3339 2210 3404 νὸς
2243 3339 2405 3404 ἀξίων
2447 3337 2708 3410 ῥηθεῖσαν
2768 3336 3101 3404 διοϐελίζων,
3156 3334 3252 3387 καὶ
3305 3332 3450 3384 οῦτω
3490 3343 3665 3398 προσε-

2121 3435 2231 3501 χῶς
2272 3431 2369 3484 καὶ
2397 3430 2619 3500 ἀμέσως
2677 3424 2819 3481 εἶναι
2855 3430 2947 3481 καὶ
2993 3426 3053 3480 τὸ
3105 3422 3330 3492 Πνεῦμα
3359 3423 3423 3474 ὲκ
3448 3419 3542 3472 τοῦ
3570 3417 3667 3470 lla.-

2118 3523 2246 3590 τρδς
2291 3523 2366 3586 ὡς
2395 3522 2557 3577 αὑτὸν
2607 3521 2698 3576 τὸν
2747 3520 2875 3573 Υἰδν
2906 3516 2974 3587 (ὣ
3016 3517 3261 3586 γλώττης
3315 3512 3560 3582 θρασέως
3613 3507 3668 3560 τὰ

2121 3616 2342 3669 τοιαῦτα
2379 3613 2815 3684 φθεγγομένηςί)
2850 3611 3284 3680 ἀποφαινόμενος
3313 3625 3328 3672 ;

2193 3709 2274 3766 ιδ’.
2321 3707 2650 3777 Ἑιτιφύεται
2699 3706 2858 3760 πάλιν
2891 3707 3025 3776 ἡμῖν
3075 3707 3101 3757 ὁ
3141 3701 3412 3772 φιλαίτιος
3461 3697 3662 3765 λέγουσι

2124 3801 2291 3873 μηδὲν
2322 3802 2512 3854 καινον
2535 3797 2696 3866 εἰναι,
2733 3799 2783 3851 εἰ
2818 3799 2931 3860 τοῖς
2963 3795 3062 3867 τὴν
3091 3794 3236 3864 ζωὴν
3262 3794 3342 3856 εἰς
3366 3791 3426 3844 τὸ
3457 3787 3664 3855 Πνεῦμα

2118 3892 2178 3945 τὸ
2206 3891 2361 3960 ἆγιον
2399 3891 2803 3957 ὲκλαμὸἁνουσι
2829 3890 2970 3941 κατὰ
3000 3889 3088 3941 τὸν
3115 3887 3214 3955 τῆς
3240 3884 3419 3948 αἰτίας
3464 3877 3660 3950 νοηθείη

2119 3983 2273 4052 λόγον
2335 3985 2486 4054 πηγὴ
2541 3983 2739 4052 ζωῆςὸ
2777 3983 2898 4044 Υἱὸς
2945 3977 3256 4050 εἰρημένος,
3308 3977 3392 4028 ὅτι
3449 3971 3534 4026 διὰ
3579 3967 3658 4022 τοῦ

2118 4073 2249 4126 Υἰοῦ
2299 4076 2362 4126 ὲκ
2415 4074 2624 4143 Πατρός
2685 4075 2835 4125 ἔστιν
2865 4071 3012 4126 αἰτία
3046 4067 3139 4121 τοῦ
3183 4064 3516 4134 Πνεῦματοςο
3576 4056 3658 4112 καὶ

2117 4167 2301 4238 πηγὴν
2355 4166 2497 4236 ζωῆς
2531 4166 2690 4226 αὐτὸς
2748 4164 2840 4218 τδν
2865 4163 3126 4232 μονογενῆ
3162 4157 3256 4212 τοῦ
3288 4157 3423 4211 Θεοῦ
3460 4148 3659 4224 ἐξηγού-

2120 4275 2278 4329 μενος
2347 4259 2538 4326 Λόγον,
2601 4260 2683 4310 ὅτι
2740 4255 2838 4324 τῆς
2891 4254 2998 4307 ἀπὸ
3061 4252 3156 4319 τῆς
3221 4248 3494 4318 ἁμαρτίας
3535 4258 3660 4296 νενε-

2119 4351 2422 4420 κρωμένοις
2451 4353 2578 4418 ἡμῖν
2602 4349 2770 4410 αἶτιος
2811 4345 3019 4415 ὑπῆρξε
3056 4344 3224 4412 ζωῆς,
3257 4338 3524 4408 ποταμίου
3555 4333 3662 4405 ῥεύ-

2121 4459 2285 4509 ματος
2315 4441 2469 4512 δίκην
2518 4443 2629 4502 τοῖς
2678 4443 2757 4501 εἰς
2806 4437 2969 4492 αὑτὸν
3027 4433 3342 4489 πιστεύουσι
3401 4425 3660 4490 πᾶσιν,ὡς

448 4513 720 4614 agnoscit,
752 4546 896 4616 quod
927 4546 1044 4615 ipse
1074 4547 1238 4611 dicat,
1265 4513 1439 4616 neque
1461 4549 1528 4602 de
1554 4547 1756 4617 quibus
1783 4513 2013 4604 statuat.

2122 4533 2229 4586 ἀπὸ
2263 4532 2445 4600 πηγῆς
2473 4531 2665 4582 ἑαυτοῦ
2693 4528 2946 4599 πηγὰσας
2975 4525 3162 4594 αὑτήν.
3201 4521 3343 4577 Ἀλλ’
3406 4522 3505 4574 οὐκ
3537 4513 3658 4617 οἶδεν

447 4634 556 4690 Nos
586 4639 729 4692 enim
753 4638 880 4692 dum
913 4638 1274 4692 asseruimus.
1325 4639 1460 4692 nihil
1489 4653 1610 4693 esse
1644 4639 1765 4692 novi
1811 4637 2013 4693 fontem

451 4727 592 4793 vitae,
623 4728 925 4783 secundum
954 4729 1098 4798 quod
1131 4744 1227 4798 per
1258 4727 1452 4782 Filiqu
1485 4717 1720 4798 Spiritus
1771 4737 1874 4792 est,
1925 4728 2017 4782 Fi-

451 4823 582 4876 lium
614 4823 835 4890 intelligi
865 4822 934 4877 ab
968 4822 1052 4890 iis,
1084 4823 1176 4892 qui
1208 4821 1367 4876 vitam
1403 4821 1453 4875 in
1474 4819 1734 4890 Spiritum
1766 4831 2013 4875 sanctum

451 4910 715 4972 referunt,
770 4927 877 4966 non
939 4920 1224 4982 propterea
1298 4927 1521 4981 prorsus
1584 4911 2015 4980 improbavimus

452 5005 615 5061 etiam
649 5003 855 5060 fontem
883 5005 1009 5060 vita:
1040 5005 1376 5075 unigenitum
1411 5004 1503 5058 Dei
1539 5003 1772 5058 Verbum
1805 5004 2011 5058 dictum

452 5096 643 5158 fuisse.
674 5097 820 5166 quod
861 5100 932 5152 ob
966 5107 1188 5167 peccata
1235 5096 1551 5151 immurtuis
1582 5110 1748 5150 causa
1781 5096 1894 5164 ipse
1932 5105 2016 5150 est

451 5187 598 5254 vitae,
626 5202 694 5243 ex
716 5186 898 5257 seipse
936 5188 1189 5242 omnibus
1221 5203 1340 5242 eam
1372 5187 1648 5240 emittens.
1687 5183 1890 5240 Verum
1925 5187 2014 5240 hic

453 5281 573 5336 suis
605 5279 951 5335 sermonibus
977 5279 1222 5333 inserens
1248 5317 1262 5342 ,
1299 5295 1318 5330 ι
1359 5277 1494 5331 nihil
1527 5277 1651 5331 novi
1687 5290 1808 5331 esse
1841 5291 2018 5348 neque

451 5372 522 5428 ab
549 5388 652 5428 usu
707 5371 1114 5441 Scripturarum
1145 5371 1408 5430 alienum,
1455 5368 1501 5426 si
1530 5367 1776 5435 spiritale
1811 5368 2016 5422 donum

451 5463 728 5532 atquivoce
769 5462 1008 5532 Spiritus
1062 5469 1285 5516 sanctus
1345 5467 1586 5520 vocetur,
1640 5447 1695 5512 et
1749 5458 2017 5525 actionem

454 5549 748 5620 aliquando
779 5551 1009 5620 agentis,
1042 5550 1145 5604 sibi
1182 5563 1380 5602 nomen
1408 5547 1720 5602 adsciscere
1744 5548 2016 5610 videatur,

455 5643 530 5696 uti
559 5643 689 5698 solis
721 5643 1000 5712 splendor,
1057 5654 1108 5697 et
1135 5644 1316 5696 lumen
1372 5655 1747 5710 saepenumero
1804 5642 1955 5704 solis,
1996 5659 2013 5690 ι

456 5733 693 5800 proferat
747 5735 904 5788 nobis
963 5734 1274 5803 Scripturas
1337 5733 1761 5800 exposcentibus
1829 5747 2017 5785 eorum

456 5841 576 5911 qum
608 5826 721 5910 ipso
753 5826 906 5912 dicit,
939 5841 1051 5913 tum
1087 5825 1502 5912 csse_alienurii,
1530 5825 1755 5913 gratiam
1783 5824 2018 5890 Spiritus

2117 4627 2268 4686 ὅπως
2322 4624 2421 4676 οῦκ
2477 4617 2586 4674 οἰδε
2647 4621 2700 4672 τί
2766 4621 2936 4686 λέγει,
3000 4617 3258 4686 καὶπερὶ
3293 4614 3454 4667 τίνων
3490 4607 3660 4681 ⁸διασε-

2118 4715 2389 4769 δαιοῦται.
2431 4715 2624 4784 Ἡμεῖς
2664 4713 2773 4783 γὰρ
2810 4711 2976 4782 μηδὲν
3022 4709 3305 4780 εἰρηκότες
3369 4701 3505 4758 εῖναι
3553 4719 3659 4755 και-

2119 4811 2207 4863 νὸν
2248 4809 2429 4880 πηγὴν
2485 4807 2650 4876 ζωῆς,
2681 4804 2823 4858 κατὰ
2866 4803 2926 4856 τὸ
2979 4801 3049 4854 δι’
3078 4801 3205 4853 Υἰοῦ
3234 4800 3296 4853 τὸ
3318 4795 3557 4866 Πνεῦμα,
3581 4794 3656 4844 τῦν

2119 4900 2247 4956 Υἰὸν
2283 4899 2622 4969 ὲκληφθῆναι
2659 4899 2769 4958 τοῖς
2803 4896 2902 4966 τὴν
2950 4894 3096 4963 ζωὴν
3139 4893 3219 4953 εἰς
3272 4889 3333 4942 τὸ
3370 4885 3585 4955 Πνεῦμα
3609 4881 3658 4932 τὸ

2120 4999 2276 5063 ἅγιον
2309 4993 2768 5062 ἐκλαμϐάνουσιν,
2805 4989 2907 5039 οὐκ
2951 4985 3303 5055 ἠθετὴκαμεν
3351 4979 3562 5038 πάντως
3607 4975 3658 5024 τὸ

2120 5088 2213 5150 καὶ
2243 5085 2426 5156 πηγὴν
2461 5083 2604 5150 ζωῆς
2631 5082 2724 5133 τὸν
2746 5077 3013 5149 μονογενῆ
3031 5076 3139 5128 -τοῦ
3165 5073 3300 5126 Θεοῦ
3331 5073 3500 5140 Λόγον
3527 5065 3658 5137 εἰρῆ-

2121 5179 2248 5231 σθαι
2281 5177 2370 5230 διὰ
2402 5175 2460 5226 τὸ
2489 5176 2598 5235 τοῖς
2625 5171 2733 5237 ἀπὸ
2779 5171 2878 5239 τῆς
2921 5166 3195 5237 ἁμαρτίας
3249 5157 3658 5230 νενεκρωμένοις

2119 5269 2292 5323 αἴτιον
2321 5268 2482 5320 αὐτὸν
2532 5263 2800 5332 ὑπάρχειν
2827 5262 2993 5329 ζωῆς,
3050 5259 3108 5321 ἐξ
3153 5254 3349 5309 ἑαυτοῦ
3396 5256 3505 5314 τοῖς
3543 5250 3658 5300 πᾶσι

2118 5362 2326 5430 ταύτην
2352 5357 2684 5428 πηγάζοντα.
2715 5351 2887 5415 Οὗτος
2909 5351 2967 5405 δὲ
2994 5351 3078 5403 διὰ
3110 5349 3274 5418 μέσου
3300 5347 3409 5400 τῶν
3429 5343 3660 5398 τοιούτων

2121 5456 2286 5508 αὐτοῦ
2316 5453 2510 5519 λόγων,
2542 5469 2559 5502 ι
2606 5449 2774 5520 μηδὲν
2804 5448 2990 5500 καινὸν
3017 5441 3159 5496 εἶναι
3207 5461 3224 5492 ι
3252 5442 3445 5507 λέγων,
3478 5457 3497 5489 ι
3544 5432 3660 5506 μηδὲ

2121 5552 2218 5618 τῆς
2247 5547 2355 5598 τῶν
2382 5544 2610 5613 Γραφῶν
2645 5540 2934 5611 συνηθείας
2982 5537 3277 5606 ἀλλότριον,
3305 5536 3398 5585 ἐὰν
3425 5532 3480 5583 τὸ
3506 5543 3652 5580 πνευο

2125 5637 2351 5708 ματικὸν
2383 5625 2625 5705 χάρισμα
2648 5633 2801 5702 ἅγιον
2820 5629 3126 5700 ὁμωνύμως
3156 5626 3380 5693 Πνεῦμα
3413 5621 3653 5677 καλεῖται,

2123 5733 2213 5784 καὶ
2247 5731 2346 5797 τὴν
2401 5729 2684 5799 ἐνέργειαν
2731 5727 2878 5778 ἔστιν
2935 5727 3023 5776 ὅτε
3078 5721 3410 5774 οἰκειοῦσθαι
3435 5717 3523 5769 τοῦ
3573 5711 3656 5780 τὴν

2120 5818 2470 5887 ἐνεργοῦντος
2503 5816 2696 5885 κλῆσιν
2754 5815 3208 5884 ἀποφαινόμενος,
3257 5812 3331 5873 ὡς
3366 5812 3454 5862 καὶ
3498 5809 3526 5876 ἡ
3568 5820 3645 5860 τον
