3798 6488
180 412 265 479 889

1044 405 1478 469 REFUTATIO
1514 409 1729 473 LIBRI
1769 416 2092 479 GEORGII
2132 420 2412 482 CYPRII.

3257 419 3363 482 8-90

184 518 309 592 ήλέου
329 508 603 582 λαμπηδὼν
637 509 731 565 καὶ
759 510 900 584 αὐγὴ
934 515 1189 578 πολλάκις
1218 518 1315 588 τὴν
1341 519 1433 571 τοῦ
1463 520 1635 591 ἡλίου,
1668 542 1681 576 ι

1797 526 2056 598 Spiritum
2099 541 2351 587 sanctum
2406 529 2615 587 vocari.
2673 528 2829 595 Quod
2876 531 2921 586 si
2974 530 3088 599 ipse
3124 543 3230 583 non
3266 546 3362 599 po.

182 602 490 678 έμφανισάτω
536 599 789 669 ζητοῦσιν
837 606 970 675 ἡμῖν
1018 608 1115 670 τὰς
1143 608 1385 680 Γραφάς,
1423 608 1496 664 ὧν
1528 629 1693 683 φησιν

177 701 260 754 οὐκ
303 694 559 762 ἀλλότριον
614 689 753 747 εἶναι
792 695 855 747 τὸ
903 696 1001 767 τὴν
1042 700 1202 768 χάριν
1240 702 1333 754 τοῦ
1371 703 1693 772 Πνεῦματος

175 788 366 855 Πνεῦμα
395 786 537 852 ἅγιον
559 782 836 851 λέγεσθαι.
876 786 936 839 El
962 789 1018 841 δὲ
1059 791 1156 860 μὴ,
1191 792 1257 845 ὲκ
1292 793 1386 846 τοῦ
1443 796 1688 849 ἐναντίου

173 883 253 943 τὰς
280 877 531 949 γραφικάς
566 877 726 946 ήμεῖς
761 883 1065 953 μαρτυρίας
1095 886 1410 957 παρέξομεν
1455 889 1535 951 είς
1564 890 1695 944 ἀπό·

169 971 309 1035 δειξιν
328 967 415 1021 τοῦ
449 966 536 1020 καὶ
565 968 707 1021 πάνυ
739 970 848 1023 τῶν
875 973 1114 1043 Γραφῶν
1145 976 1427 1046 ἀλλότριον
1460 974 1600 1035 εἶναι
1630 981 1692 1036 τὸ

167 1064 250 1133 τὴν
272 1060 534 1129 ἐνέργειαν
563 1058 664 1129 τὴν
693 1060 787 1113 τοῦ
832 1064 1189 1135 ἐνεργοῦντος
1220 1068 1413 1141 κλῆσιν
1454 1069 1651 1136 ἑξιδιοῦ
1669 1101 1684 1115 ο

167 1155 287 1207 σθαι.
337 1152 389 1202 '0
425 1151 530 1219 γὰρ
562 1152 875 1220 σοφώτατος
936 1158 1029 1209 καὶ
1073 1148 1235 1213 πλέον
1275 1161 1692 1234 δογματικώτα-

163 1263 254 1307 τος,
285 1247 370 1297 καὶ
390 1242 559 1304 οὐδεὶς
589 1245 648 1296 οὐ
682 1252 1179 1322 συμμαρτυρήσειν
1209 1271 1298 1323 μοι
1343 1256 1675 1311 ἀπαναιδεύ-

163 1352 316 1396 σεται,
346 1335 430 1385 τὸν
471 1333 812 1406 Ἀϐουκαράν
844 1340 922 1411 μὴ
941 1338 1082 1396 εἶναι
1115 1344 1290 1400 ταῦτα
1311 1346 1586 1418 Θεόδωρον
1631 1350 1691 1404 ἐν

159 1428 253 1487 τοῖς
275 1425 391 1495 περὶ
421 1424 576 1477 θείων
598 1426 882 1496 ὀνομάτων
910 1431 1301 1499 λόγοις·αὐτοῦ.
1338 1455 1357 1491 ι
1392 1437 1465 1490 Τὸ
1486 1439 1639 1507 Θεὸς,
1664 1457 1683 1489 ι

159 1515 316 1583 φησὶν,
348 1534 364 1565 ι
399 1514 565 1584 ὄνομα
594 1517 703 1568 ἀπό
735 1535 879 1577 τινος
908 1524 1189 1592 ἐνεργείας
1216 1525 1456 1598 εἴρηται,
1487 1529 1548 1585 οὐ
1580 1530 1689 1601 μὴν

157 1609 235 1676 τῆς
262 1606 528 1675 ἐνεργείας
580 1608 698 1660 ἐστὶ
753 1614 1112 1681 σημαντικὸν,
1164 1617 1297 1671 ἀλλά
1330 1619 1429 1689 τῆς
1473 1618 1689 1689 φύσεως

154 1698 237 1766 τῆς
258 1695 590 1767 ἐνεργούσης.
642 1699 705 1751 Εί
746 1701 858 1771 γάρ
909 1703 971 1756 τὸ
1020 1703 1154 1769 Θεὸς
1192 1707 1366 1778 δνομα
1405 1708 1687 1779 ἐνεργείας

152 1787 432 1856 δηλωτικὸν,
469 1790 577 1840 πᾶν
630 1789 686 1844 δὲ
722 1792 897 1863 δνομα
941 1789 1148 1862 οὗτινός
1191 1799 1309 1853 ἐστι
1361 1800 1685 1871 δηλωτικὸν,

1795 628 1919 686 test,
1952 637 2051 678 nos
2086 633 2279 678 contra
2323 623 2532 693 scripta
2575 621 2888 676 testimonia
2922 621 3260 691 proferemus
3291 622 3360 674 ad

1794 714 2208 781 ostendendum,
2233 724 2288 770 et
2315 715 2552 770 maxime
2575 715 2810 770 alienum
2831 727 2954 767 esse
2986 727 3014 765 a
3039 710 3359 780 Scripturis,

1795 806 2062 861 actionem
2092 808 2193 861 sibi
2221 823 2415 862 nomen
2465 807 2676 878 agentis
2706 807 3007 861 vindicare.
3054 803 3362 874 Sapientis-

1792 897 1964 952 simus
1986 898 2229 967 quidem,
2263 908 2317 954 et
2350 901 2405 954 in
2438 900 2778 970 dogmatibus
2810 897 3089 952 tradendis
3137 897 3360 966 praeel-

1790 989 2148 1055 lentissimus,
2195 1004 2372 1059 neque
2401 992 2679 1061 quispiam
2737 989 2949 1045 inﬁcias
2980 988 3138 1043 iverit
3178 988 3358 1057 impu~

1790 1081 1981 1136 denter
2018 1083 2169 1136 hunc
2202 1098 2308 1136 non
2369 1098 2489 1138 esse
2536 1082 2882 1136 Theodorum
2934 1082 3264 1143 Abucaram,
3302 1079 3361 1133 in

1790 1174 2008 1229 dictatis
2039 1189 2068 1227 a
2100 1188 2159 1229 se
2187 1173 2254 1227 de
2275 1174 2477 1229 divinis
2512 1173 2825 1228 nominibus
2870 1173 3178 1238 sententiis,
3216 1170 3360 1224 «No-

1789 1280 1914 1321 men
1947 1264 2062 1330 Dei,
2099 1284 2117 1315 ι
2159 1264 2354 1334 inquit,
2392 1283 2409 1314 ι
2444 1279 2471 1315 a
2505 1263 2742 1332 quadam
2779 1263 3099 1333 Operatione
3149 1262 3355 1321 dictum

1790 1366 1871 1413 est
1898 1374 1914 1423 ;
1946 1372 2055 1411 non
2092 1366 2271 1411 tamen
2313 1354 2584 1425 signilicat
2614 1354 3012 1424 operationem,
3072 1353 3163 1407 sed
3190 1360 3354 1407 natu-

1789 1464 1906 1504 ram
1933 1458 2276 1517 operantem.
2304 1446 2363 1502 Si
2385 1446 2531 1501 enim
2573 1461 2768 1501 nomen
2807 1446 2899 1499 Dei
2928 1445 3202 1519 signiﬁcat
3230 1458 3359 1513 ope-

1789 1542 2080 1604 rationem,
2110 1555 2274 1594 omne
2301 1548 2482 1594 autem
2525 1552 2741 1602 nomen,
2769 1536 2927 1605 cujus
2960 1537 3118 1590 habet
3144 1534 3353 1604 signiﬁ-

1790 1633 2062 1688 cationem
2115 1631 2262 1687 illius
2320 1640 2403 1686 est
2452 1644 2652 1683 nomen
2704 1646 2718 1683 :
2768 1629 2935 1699 igitur
2988 1643 3181 1682 nomen
3215 1626 3361 1683 Deus

1792 1740 1990 1782 nomen
2016 1725 2351 1795 operationis
2372 1735 2474 1781 est.
2504 1723 2682 1791 Quare
2709 1722 2855 1791 quod
2880 1721 3190 1776 nominatur
3215 1718 3360 1773 Deus

1792 1816 2038 1887 operatio
2078 1816 2172 1871 Dei
2196 1826 2299 1870 est.
2333 1815 2588 1884 Operatio
2622 1814 2791 1884 igitur
2856 1813 2949 1867 Dei
2984 1823 3069 1868 est
3105 1811 3271 1880 Deus,
3306 1822 3362 1866 ct

150 1880 330 1933 ἐκείνου
353 1879 503 1932 ἐστὶν
531 1878 705 1951 ὄνομα
736 1898 748 1911 ·
780 1885 960 1939 καὶτὸ
998 1886 1133 1951 Θεὸς
1168 1888 1278 1960 ἄρα
1313 1890 1485 1962 ὄνομα
1524 1894 1681 1966 ἐνερ-

1792 1878 1934 1963 Deus
1980 1916 2067 1971 est
2106 1907 2351 1976 operatio
2400 1921 2522 1961 sua.
2582 1878 2731 1960 Idem
2785 1904 2947 1976 igitur
2987 1911 3069 1959 est
3107 1878 3270 1967 Deus,
3306 1910 3360 1957 et

149 1974 280 2040 τείας
303 1972 446 2024 ἐστὶν
487 1971 686 2042 δνομα.
725 1974 888 2028 Ὥστε
922 1977 982 2031 τὸ
1020 1978 1413 2051 ὠνομασμένον
1464 1984 1595 2047 Θεὸς
1648 1984 1683 2054 ἡ

149 2062 366 2131 ἐνέργεια
388 2062 479 2115 τοῦ
526 2063 665 2117 Θεοῦ
706 2067 879 2121 ἐστιν.
905 2068 1036 2132 Θεὸς
1083 2070 1191 2140 ἄρα
1222 2073 1256 2142 ἠ
1307 2073 1554 2146 ἐνέργεια
1591 2075 1686 2130 τοῦ

147 2153 279 2217 θεοῦ,
309 2154 394 2207 καὶ
430 2156 459 2207 ὁ
504 2154 703 2229 Θεὸςή
751 2158 1007 2228 ἐνέργεια
1046 2162 1211 2216 αὐτοῦ
1255 2165 1425 2220 ἐστιν.
1477 2168 1687 2222 Ταυτὸν
1748 2162 1753 2168 ’

149 2246 238 2315 ἄρα
268 2244 389 2308 Θεὸς
412 2250 505 2299 καὶ
536 2246 796 2317 ἐνέργεια
831 2250 990 2318 Θεοῦ,
1036 2251 1174 2323 ὅπερ
1198 2254 1482 2312 ἀδύνατον.
1523 2257 1586 2312 Εἰ
1629 2259 1687 2312 δέ

148 2355 216 2400 τις
244 2338 523 2407 ἐριστικῶς
564 2338 717 2408 λέγει
741 2339 814 2403 ὡς
845 2343 944 2395 οὐκ
970 2343 1235 2399 ἀδύνατον
1256 2346 1420 2401 τοῦτο
1442 2348 1674 2416 τιθέναι,

149 2429 260 2482 ίστω
288 2428 360 2493 ὡς
392 2431 565 2484 πολλὰ
596 2433 776 2487 ἄτοπα
830 2436 1118 2504 συμϐαίνει
1162 2438 1311 2509 αὐτῷ
1364 2439 1645 2510 ὁμολογεῖν
1666 2456 1682 2473 ⁸

149 2521 334 2591 πρῶτον
363 2523 459 2593 μὲν
481 2524 541 2577 τὸ
573 2527 716 2598 πρὸς
740 2526 800 2581 τὸ
821 2529 957 2582 αὐτὸ
976 2530 1251 2599 λέγεσθαι*
1279 2533 1349 2587 τὰ
1375 2537 1484 2606 γὰρ
1512 2537 1686 2593 ταυτά

144 2614 259 2681 πρὸς
282 2615 338 2666 τὸ
362 2615 491 2669 αὐτὸ
523 2617 769 2687 λέγεται,
814 2622 867 2674 sl’
889 2638 952 2690 γε
979 2622 1070 2676 τὸν
1099 2624 1262 2677 αὑτὸν
1290 2626 1416 2695 ὅρον
1445 2627 1683 2699 δέχεται.

148 2705 272 2759 Ἀλλ’
301 2707 445 2777 ἡτοῦ
483 2709 627 2764 Θεοῦ
669 2712 925 2784 ἐνέργεια
955 2711 1065 2768 τοῦ
1099 2715 1238 2770 Θεοῦ
1279 2717 1499 2786 λέγεται
1530 2722 1687 2791 ἐνέρ-

136 2815 242 2868 γεια
260 2814 277 2831 ο
295 2801 322 2857 ὁ
354 2800 408 2852 δὲ
429 2799 565 2865 Θεὸς
602 2803 665 2857 οὐ
698 2803 914 2873 λέγεται
940 2805 1035 2858 τοῦ
1061 2806 1194 2861 Θεοῦ
1222 2805 1363 2864 εἶναι
1380 2798 1537 2875 Θεὸς.
1561 2815 1685 2869 Ἔτι

135 2892 163 2958 ἡ
193 2889 428 2961 ἐνέργεια
463 2894 830 2965 ἐνεργοῦντος
877 2900 1027 2951 ἐστιν
1057 2901 1312 2971 ἐνέργεια
1338 2922 1352 2935 ·
1407 2906 1435 2958 ὁ
1463 2905 1521 2959 δὲ
1551 2904 1686 2971 Θεὸς

133 2980 217 3033 οὐκ
242 2981 591 3051 ὲνεργοῦντάς
625 2985 742 3038 ἐστι
779 2986 931 3049 Θεός.
970 2988 1091 3043 Ἔτι
1117 2991 1165 3043 εί
1188 2990 1389 3046 ταυτὸν
1421 2992 1553 3057 Θεὸς
1579 2995 1676 3049 καὶ

132 3060 358 3143 ἐνέργεια
376 3074 541 3142 Θεοῦ,
570 3080 971 3150 κατηγοροῖντο
996 3080 1061 3134 ἂν
1084 3082 1370 3154 ἀμφότερα
1401 3086 1541 3139 κατὰ
1565 3086 1673 3140 τῶν

130 3165 306 3219 αὐτῶν.
352 3166 495 3220 Ἀλλ’
528 3169 557 3222 ὀ
588 3169 725 3234 Θεὸς
765 3175 1159 3242 κατηγορεῖται
1186 3176 1326 3229 κατά
1354 3177 1568 3246 Πατρὸς
1589 3178 1681 3231 καὶ

127 3256 239 3311 Υίοῦ
260 3260 350 3311 καὶ
388 3262 745 3332 Πνεῦματος,
770 3264 803 3334 ή
828 3264 885 3317 δὲ
913 3265 1168 3335 ἐνέργεια
1203 3268 1301 3337 οὐχ
1342 3268 1572 3336 ὁμοίως.
1618 3269 1678 3325 '0

126 3349 218 3423 γὰρ
273 3354 462 3426 Πατὴρ
513 3356 678 3420 Θεὸς,
742 3357 944 3425 ὁμοίως
976 3358 1032 3411 δὲ
1098 3362 1192 3413 καὶ
1236 3364 1264 3413 ό
1308 3361 1436 3426 Υἱὸς
1483 3363 1578 3416 καὶ
1620 3363 1682 3416 τὸ

124 3440 341 3512 Πνεῦμα.
368 3444 573 3500 Οὐκέῖι
609 3446 666 3499 δὲ
699 3448 727 3500 ὁ
779 3448 966 3521 Πατὴρ
995 3449 1264 3529 ἐνέργεια,
1311 3453 1396 3524 ἢὸ
1453 3454 1603 3520 Υίὸς,
1639 3454 1673 3526 ἢ

122 3532 174 3584 τὸ
210 3534 452 3606 Πνεῦμα,
506 3536 634 3592 ἀλλ’
682 3540 1033 3609 ἐνεργοῦντα.
1086 3542 1160 3594 'l‘b
1212 3543 1270 3595 δὲ
1322 3544 1581 3613 μέγιστον
1619 3545 1681 3599 τὸ

119 3624 278 3694 λέγειν
312 3628 386 3700 μὴ
416 3625 567 3684 εἶναι
597 3630 691 3683 τὸν
730 3632 864 3685 Θεὸν
887 3633 995 3703 πρὸ
1022 3633 1123 3705 τῆς
1146 3635 1434 3706 ἐνεργείας
1484 3637 1677 3706 αὑτοῦ,

120 3718 220 3771 ἀλλ’
245 3720 379 3790 ἅμα.
417 3722 503 3777 Τά
533 3723 649 3793 γάρ
682 3727 855 3778 ταυτά
880 3726 996 3797 ἅμα
1022 3726 1313 3796 ὁμολογεῖν
1344 3729 1581 3801 ἀνάγκη.
1615 3731 1678 3783 Εἰ

116 3806 196 3863 οὖν
217 3814 241 3866 ὁ
266 3812 399 3878 Θεὸς
426 3815 637 3880 ἀΐδιος,
664 3817 760 3869 καὶ
785 3818 817 3888 ή
850 3817 1104 3886 ἐνέργεια
1137 3820 1305 3874 αὑτοῦ
1334 3822 1445 3892 ἄρα
1483 3822 1675 3892 ἀΐδιος,

119 3898 351 3956 ὥστεκαὶ
379 3906 443 3957 τὸ
477 3906 587 3975 τῆς
634 3906 915 3977 ἐνεργείας
958 3909 1310 3982 ἀποτέλεσμα
1356 3912 1549 3969 ἀΐδιον.
1602 3915 1679 3968 Τὸ

113 3991 161 4046 δὲ
184 3994 536 4069 ἀποτέλεσμα
558 4000 589 4052 δ
621 4000 845 4068 κόσμος.
883 4000 1079 4063 ’Δίδιος
1104 4003 1215 4073 ἄρα
1244 4006 1271 4056 ὁ
1299 4003 1506 4074 κόσμος
1530 4006 1678 4061 κατά

114 4085 196 4155 τὴν
229 4090 603 4157 προτεθεῖσαν
643 4091 924 4147 ὑπόθεσιν.
961 4094 1142 4164 Ὅπερ
1177 4095 1237 4148 οὐ
1287 4096 1450 4164 μόνον
1480 4098 1678 4153 ἀδύνα-

108 4194 205 4243 τον,
236 4181 371 4236 ἀλλά
401 4184 505 4236 καὶ
541 4183 748 4249 ἀσεϐές
778 4185 899 4238 ἐστι
938 4184 1149 4254 λέγειν.
1190 4206 1209 4239 ι
1238 4186 1416 4259 ,Οὕτω
1442 4191 1544 4258 τὴν
1579 4191 1676 4245 ικ-

111 4267 492 4345 χλησιαστικὴν
525 4275 699 4350 ⁴ἡμεῖς
725 4274 977 4330 παιδείαν
1006 4278 1358 4349 ἠσκήσαμεν.
1396 4279 1555 4334 Οῦτω
1575 4281 1674 4353 τὴν

108 4359 408 4437 θεολογικὴν
443 4366 706 4436 μετιέναι
741 4367 861 4421 ὁδὸν
890 4370 1051 4440 ἡμεῖς
1103 4371 1531 4443 ἐπαιδεύθημεν,
1577 4373 1676 4428 καὶ

109 4453 250 4506 πάνθ’
274 4457 376 4511 ὅσα
410 4458 791 4533 θεολογοῦμεν
823 4462 931 4515 ἀπὸ
979 4462 1215 4535 Γραφῶν
1240 4466 1496 4536 συνιστᾷν
1519 4480 1533 4494 ·
1575 4466 1673 4520 καὶ

1792 1998 2035 2069 operatio
2071 1997 2186 2062 Dei,
2217 1998 2363 2068 quod
2407 2007 2491 2053 est
2544 1996 2903 2066 impossibile.
2959 1995 3016 2051 Si
3052 1996 3176 2064 quis
3230 2011 3359 2050 vero

1789 2091 2130 2145 contentiosa
2157 2090 2323 2154 dicat,
2360 2102 2523 2157 posse
2553 2089 2655 2141 hoc
2703 2087 2828 2156 poni
2859 2094 2911 2141 et
2942 2085 3188 2150 concedi,
3215 2085 3359 2140 scia-

1791 2182 1858 2237 tis
1879 2181 2045 2236 multa
2068 2181 2302 2235 absurda
2322 2179 2447 2233 inde
2462 2180 2632 2249 sequi.
2654 2180 2921 2244 Primum,
2948 2177 3013 2231 ad
3045 2178 3186 2231 idem
3213 2176 3354 2233 dici:

1788 2290 1910 2347 qua:
1944 2275 2088 2328 enim
2120 2283 2248 2328 sunt
2286 2270 2500 2335 eadem,
2540 2270 2608 2324 ad
2635 2271 2776 2325 idem
2807 2270 3085 2333 dicuntur,
3125 2269 3170 2322 si
3204 2284 3357 2324 eam-

1787 2369 1909 2424 dem
1934 2366 2302 2422 deﬁnitionem
2331 2365 2648 2419 admittunt.
2710 2362 2779 2416 At
2833 2363 3078 2429 operatio
3126 2359 3220 2414 Dci
3263 2359 3356 2414 Dei

1788 2458 2031 2529 operatio
2061 2457 2256 2512 dicitur
2287 2473 2300 2509 :
2338 2454 2482 2510 Deus
2507 2470 2636 2509 vero
2673 2470 2779 2507 non
2812 2453 3012 2507 dicitur
3046 2466 3168 2507 esse
3213 2450 3356 2507 Deus

1787 2552 1902 2607 Dei.
1934 2550 2202 2608 Praeterea
2231 2547 2474 2618 Operatio
2499 2547 2774 2618 Operant’s
2802 2545 3047 2615 operatio
3069 2556 3150 2598 est
3174 2561 3187 2596 :
3212 2541 3358 2597 Deus

1789 2650 1971 2697 autem
2004 2656 2110 2695 non
2135 2648 2219 2693 est
2243 2638 2381 2694 Deus
2404 2636 2703 2706 aperantis.
2745 2634 2977 2697 Rursus,
3018 2633 3064 2688 si
3097 2632 3239 2687 idem
3267 2632 3350 2698 ip-

1788 2748 1909 2788 sum
1938 2740 2021 2787 est
2050 2731 2215 2797 Deus,
2242 2740 2294 2784 et
2328 2729 2574 2799 operatio
2630 2726 2748 2792 Dei,
2785 2727 3043 2781 dicantur
3096 2724 3256 2778 ambo
3286 2724 3356 2778 de

1784 2824 2003 2886 iisdem,
2037 2830 2093 2875 at
2121 2820 2262 2875 Deus
2291 2821 2354 2874 de
2382 2818 2541 2873 Patre
2563 2817 2764 2872 dicitur
2786 2825 2841 2871 et
2867 2815 3005 2869 Filio
3042 2824 3097 2870 et
3122 2813 3351 2882 Spiritu,

1786 2916 2029 2987 operatio
2050 2928 2178 2967 vero
2207 2927 2316 2967 non
2342 2912 2424 2967 sic.
2456 2929 2470 2966 :
2499 2910 2658 2965 Pater
2680 2910 2824 2965 enim
2860 2910 3005 2963 Deus
3057 2915 3162 2970 est,
3195 2905 3356 2961 simi-

1786 3011 1909 3065 liter
1936 3018 1991 3065 et
2040 3008 2211 3062 Filius
2240 3015 2295 3061 et
2351 3004 2590 3075 Spiritus
2622 3019 2637 3064 ;
2667 3000 2826 3056 Pater
2880 3011 3062 3055 autem
3112 3012 3223 3052 non
3273 3006 3361 3052 est

1786 3100 2055 3172 operatio,
2099 3097 2184 3152 vel
2222 3096 2419 3160 Filius,
2448 3096 2535 3149 vel
2590 3091 2846 3161 Spiritus,
2896 3090 2993 3145 sed
3043 3094 3357 3159 operantes.

1705 3236 1749 3294 ϐ
1788 3190 1944 3259 Quod
1974 3204 2104 3244 vero
2153 3188 2453 3243 maximum
2484 3194 2589 3249 est,
2620 3201 2728 3239 non
2782 3183 2968 3237 dicere
3034 3179 3206 3234 Deum
3236 3194 3359 3234 esse

1862 3292 1866 3294 Α
2291 3279 2351 3294 -0.
2421 3292 2427 3294 _
2476 3293 2483 3294 ,
2550 3291 2565 3294 -
2626 3278 2638 3294 I
2674 3274 2831 3294 -2,._-_l
2856 3288 2869 3294 Α
2899 3286 3011 3294 -..μ
3057 3271 3196 3294 -..2...
3229 3279 3354 3294 μη...

1781 3292 1908 3338 ante
1936 3296 2091 3338 suam
2118 3279 2517 3349 operatibnem,
2544 3278 2638 3331 sed
2669 3274 2870 3329 simul:
2894 3286 3015 3343 quae
3052 3271 3198 3326 enim
3227 3279 3357 3325 sunt

1784 3373 2003 3438 eadem,
2034 3385 2259 3427 necesse
2291 3377 2375 3424 est
2399 3367 2648 3424 conﬁteri
2694 3365 2858 3421 simul
2891 3379 3036 3419 esse.
3066 3362 3126 3417 Si
3195 3362 3359 3433 igitur

1752 3468 1753 3477 ‘
1783 3465 1925 3521 Deus
1963 3455 2046 3519 est
2077 3472 2338 3527 aeternus,
2394 3468 2448 3515 et
2474 3461 2718 3529 operatio
2746 3458 2866 3528 ejus
2899 3466 3101 3511 aeterna
3152 3464 3257 3518 est,
3290 3468 3358 3509 ex

1781 3572 1890 3628 quo
1928 3557 2008 3620 lit,
2040 3563 2099 3609 ut
2133 3553 2360 3609 eﬂ'cetns
2419 3549 2751 3621 operationis
2814 3558 3053 3604 aeternus
3083 3545 3155 3602 sit
3186 3564 3202 3612 ;
3273 3555 3359 3601 est

1782 3656 1962 3705 autem
1994 3645 2218 3701 eﬁ‘ectus
2256 3643 2592 3714 operationis
2622 3641 2880 3707 mundus,
2909 3640 3074 3708 igitur
3121 3647 3359 3694 attentus

1781 3740 2044 3803 mundus,
2071 3747 2133 3794 ut
2160 3737 2394 3808 positum
2420 3743 2522 3792 est.
2554 3734 2720 3805 Atqui
2753 3733 2857 3789 dici
2891 3733 2999 3787 hoc
3030 3746 3140 3787 non
3174 3730 3352 3787 solum

1782 3832 1994 3901 nequit,
2015 3830 2110 3886 sed
2142 3829 2372 3897 impium
2401 3840 2620 3897 quoque
2650 3835 2753 3881 est.
2793 3842 2813 3877 ι
2845 3824 2938 3880 Sic
2966 3839 3065 3879 nos
3099 3825 3151 3878 in
3187 3823 3358 3878 eccle-

1780 3923 1998 3979 siastiea
2020 3921 2327 3977 eruditione
2364 3918 2586 3975 exerciti
2620 3932 2817 3975 sumus
2846 3934 2860 3971 :
2896 3917 3039 3972 bane
3072 3930 3172 3972 nos
3202 3917 3359 3972 theo-

1780 4013 2012 4085 logicam
2046 4012 2188 4067 viam
2218 4011 2425 4067 calcare
2455 4010 2630 4066 edocti
2653 4024 2865 4075 sumus,
2927 4017 2984 4064 et
3014 4022 3359 4078 quaecunque

1781 4106 1848 4162 de
1904 4106 2067 4161 rebus
2115 4104 2436 4174 tlteologicis
2517 4103 2980 4172 pronuntiamus,
3017 4115 3086 4155 ex
3141 4102 3351 4168 scripto

1764 4194 2001 4252 traditis
2026 4193 2356 4249 testimoniis
2386 4191 2752 4256 conﬁrmare;
2785 4200 2840 4246 et
2893 4198 3019 4245 ante
3073 4189 3257 4243 omnia
3290 4190 3357 4244 de

1777 4287 1977 4357 quibus
2007 4286 2077 4341 ab
2107 4284 2436 4339 adversariis
2466 4284 2668 4337 nostris
2710 4281 3058 4344 inl'estamur,
3087 4296 3181 4348 per
3204 4278 3356 4334 Scri-

1779 4387 2064 4448 pturarum
2100 4376 2269 4431 robur
2309 4375 2635 4429 eorumdem
2685 4372 3040 4442 petulantiam
3080 4371 3354 4441 frangere.

1777 4469 1848 4523 At
1880 4468 2147 4534 veritatis,
2180 4475 2240 4522 ut
2267 4466 2383 4536 ipse
2425 4467 2525 4530 ait,
2564 4465 2760 4519 vindex
2807 4464 3104 4534 praeclarus
3140 4464 3357 4519 calum-

105 4545 185 4598 ἐπὶ
210 4548 397 4615 πᾶσιν,
433 4547 523 4613 οἷς
569 4551 727 4622 παρά
750 4550 860 4605 τῶν
894 4552 1342 4625 ἀντιφερομένων
1376 4558 1508 4627 ἡμῖν
1531 4560 1673 4628 sm;-

1789 4560 2024 4614 niatores
2080 4568 2137 4615 et
2202 4560 2257 4612 in
2311 4566 2532 4613 sanctos
2592 4557 2821 4626 injurios
2876 4556 3157 4628 appellans
3221 4571 3355 4621 nos,

106 4632 424 4708 ρεαξὸμεθα,
454 4639 549 4693 διά
586 4638 689 4708 τῆς
711 4638 820 4695 τῶν
866 4641 1099 4712 Γραφῶν
1133 4644 1313 4717 ίσχῦος
1335 4648 1435 4717 τὴν
1468 4647 1675 4705 τούτων

102 4725 352 4796 ἐπήρειαν
397 4729 848 4799 ἀποτρέπεσθαι.
923 4729 984 4785 Ὃ
1026 4730 1082 4786 δὲ
1133 4736 1235 4805 τῆς
1289 4734 1568 4805 ἀληθείας,
1600 4738 1676 4801 ὦς

103 4832 243 4885 φησι,
270 4824 536 4887 γενναῖος
567 4823 860 4896 ὲκδικητὴς
890 4826 1237 4893 συκοφάντας
1261 4829 1411 4897 ἡμᾶς
1442 4832 1538 4883 καὶ
1566 4830 1676 4887 τῶν

101 4906 256 4973 ἁγίων
278 4910 593 4967 ἀποκαλῶν
622 4913 905 4984 ὑϐριστὰς,
923 4917 1048 4980 τοὺς
1069 4915 1213 4975 οὕτω
1235 4919 1332 4990 τὴν
1358 4920 1675 4993 θεολογικὴν

1784 4651 1882 4722 qui
1921 4651 2022 4707 hac
2053 4651 2266 4706 ratione
2298 4665 2386 4704 res
2415 4649 2748 4719 tbeologicas
2780 4656 3195 4718 pertractamus,
3217 4663 3358 4716 quo-

1784 4747 1997 4798 modoa
2033 4743 2193 4798 nobis
2226 4742 2665 4812 compellabitur,
2704 4742 2798 4811 qui
2845 4755 2911 4795 ex
2951 4741 3188 4811 propriis
3243 4750 3295 4796 et
3323 4756 3354 4796 e

1781 4845 1971 4891 ventre
1997 4838 2292 4891 novissime
2352 4847 2577 4890 exortas
2625 4832 2939 4904 dogmatum
2993 4834 3261 4889 dictiones
3297 4834 3350 4888 in

1782 4924 2081 4983 Ecclesiam
2112 4930 2203 4983 Dei
2236 4926 2579 4983 introducit?

104 5008 377 5072 μετιόντας
416 5009 571 5073 ὁδὸν,
614 5007 666 5062 τί
709 5007 776 5064 ἀν
833 5009 966 5081 παρ’
993 5012 1150 5083 ἡμῶν
1202 5014 1430 5088 κληθείη
1458 5016 1619 5081 αὐτὸς
1649 5021 1677 5072 ὁ
1713 5020 1926 5076 οἴκοθεν
1957 5026 2052 5078 καὶ⁵
2081 5023 2192 5077 ἀπὸ
2252 5024 2463 5087 κοιλίας
2520 5025 2647 5088 νέας
2690 5022 2818 5095 ἄρτι
2859 5023 3142 5094 δογμάτων
3173 5021 3356 5091 φωνὰς

96 5104 154 5172 τῇ
184 5102 273 5156 τοῦ
304 5104 448 5159 Θεοῦ
481 5103 886 5174 είσηγούμενος
924 5107 1256 5181 Ἐκκλησίςιῑ

163 5191 241 5247 ιε’.
304 5195 580 5265 Ἐρωτῶ-θ
627 5195 773 5265 ἡμᾶς
815 5190 992 5261 οὗτος,
1038 5198 1146 5251 Ποῦ
1178 5200 1227 5252 οἱ
1284 5200 1534 5274 θεοφόροι
1586 5203 1677 5257 τὸν

95 5281 214 5339 Θεὸν
246 5290 341 5341 καὶ
373 5287 621 5357 Πατέρα
645 5287 733 5341 διὰ
761 5287 854 5341 τοῦ
879 5286 1008 5341 Υἱοῠ
1034 5288 1207 5363 αἴτιον
1230 5291 1326 5344 τοῦ
1357 5294 1678 5364 Πνεῦματος

94 5377 289 5445 ἔφασαν
312 5398 329 5446 ;
356 5380 571 5437 ἀκούει
602 5379 731 5450 παρ’
772 5380 951 5450 ἡμῶν,
973 5384 1106 5436 ὅπου
1136 5384 1297 5438 αὑτὸν
1334 5402 1353 5437 ι
1387 5388 1657 5456 προῦολέα

90 5466 170 5524 διὰ
204 5473 389 5542 Λόγου
451 5474 559 5528 τοῦ
605 5474 1000 5541 ὲκφαντορικοῦ
1056 5477 1370 5548 Πνεῦματος
1427 5496 1447 5531 ι
1500 5476 1673 5535 εἷπον.

101 5562 372 5633 Ἐρωτῶν,
405 5566 532 5620 Ποῦ
568 5565 662 5619 τὸν
713 5568 1074 5639 Παράκλητον
1107 5566 1262 5623 εἷπον
1316 5575 1379 5623 ἐκ
1410 5570 1505 5623 τοῦ
1549 5568 1679 5623 Υίοῦ

90 5653 225 5725 ἔχειν
249 5658 355 5730 τὴν
394 5658 653 5729 ὓπαρξιν
679 5676 694 5724 ;
725 5662 936 5728 ἀκούει,
964 5663 1097 5716 ὅπου
1137 5682 1155 5714 ι
1195 5667 1260 5716 ὲκ
1292 5664 1388 5716 τοῦ
1420 5665 1548 5718 Υίοῦ
1579 5682 1680 5733 φυ-

91 5749 243 5811 σικῶς
278 5754 376 5803 καὶ
434 5751 724 5815 οὺσιωδῶς
764 5753 1033 5825 ὑπάρχειν
1083 5774 1101 5805 ι
1145 5751 1298 5809 εἷπον
1334 5775 1352 5807 ι
1419 5758 1604 5811 αὐτόν.
1655 5776 1672 5807 ι

104 5839 369 5910 ’βρωτώῃ
405 5843 533 5903 Ποῦ
570 5845 735 5899 πάλιν
779 5846 940 5900 αὑτὸν
973 5848 1057 5903 τὸν
1096 5848 1456 5913 Παράκλητον
1491 5851 1551 5903 ἐκ
1588 5850 1674 5903 τοῦ

1316 6124 1341 6155 τι

1858 5204 1946 5259 15.
1997 5202 2284 5262 Postulans
2316 5222 2348 5262 a
2379 5209 2537 5264 nobis
2596 5210 2733 5281 ipse,
2763 5208 2884 5278 Quo
2928 5211 2982 5265 in
3012 5212 3134 5266 loco
3161 5209 3381 5271 ἀεὶίετίο

1782 5298 1971 5354 Patres
2020 5297 2187 5353 Deum
2245 5311 2298 5355 ει
2331 5299 2545 5357 Patrem
2578 5318 2671 5372 per
2719 5304 2915 5359 Filium
2977 5321 3196 5363 causam
3230 5322 3355 5364 esse

1786 5389 2024 5460 Spiritus
2080 5392 2384 5448 dixerunt?
2429 5395 2601 5461 audit,
2643 5396 2696 5451 in
2724 5413 2835 5466 quo
2894 5397 3047 5452 illum
3089 5414 3108 5449 ι
3145 5398 3350 5467 produ-

1784 5489 1990 5537 ctorem
2040 5497 2134 5552 per
2180 5481 2409 5539 Verbum
2442 5486 2731 5542 revelantis
2758 5486 2996 5557 Spiritus
3027 5507 3047 5538 ι
3105 5502 3350 5557 pronun-

1786 5574 2011 5629 tiarunt.
2050 5576 2416 5647 Interrogans,
2449 5577 2549 5633 Ubi
2584 5579 2925 5634 Paracletum
2972 5580 3245 5645 dixerunt,
3282 5597 3350 5637 ex

1782 5661 1920 5719 Filio
1969 5667 2346 5721 exsistentiam
2399 5669 2652 5725 habere?
2707 5670 2881 5736 audit,
2926 5671 3015 5725 ubi
3054 5689 3075 5724 ι
3113 5688 3178 5727 ex
3210 5672 3348 5727 Filio

1785 5755 2106 5810 naturaliter
2139 5767 2193 5811 et
2244 5759 2608 5815 cssentialiter
2661 5762 2928 5817 exsistere
2982 5778 3104 5818 eum
3139 5783 3160 5817 ι
3192 5764 3347 5820 dixe-

1783 5856 1928 5903 runt.
1967 5848 2240 5918 Quaereris,
2281 5851 2377 5907 Ubi
2431 5867 2621 5908 rursus
2671 5853 3009 5911 l’aracletum
3067 5855 3240 5926 ipsum
3283 5871 3347 5912 cx
