3932 6568
219 477 338 544 893

1151 475 1586 540 REFUTATIO
1626 474 1837 534 LIBRI
1881 475 2203 534 GEORGII
2243 473 2521 535 CYPIIII.

3325 516 3332 523 .
3372 460 3476 525 89i

218 608 341 660 γως
376 587 611 646 ἀκοῦσαι
635 592 732 654 τάς
770 590 939 655 ἀκοάς
971 591 1195 661 ὑπέχειν
1225 591 1441 653 αὐταῖς.
1466 588 1548 641 Τὰ
1567 588 1624 641 δὲ
1670 586 1801 657 παρ’
1833 634 1838 648 λ

1944 605 2132 646 entiam
2161 590 2269 645 illis
2298 605 2458 643 aures
2484 586 2725 657 prtebere
2752 601 2765 637 :
2823 596 2944 652 quae
2981 593 3107 634 vero
3135 592 3198 633 ex
3231 592 3311 651 se,
3328 584 3382 629 et
3412 592 3473 627 ex

219 680 401 736 αὐτοῦ
434 681 648 736 οἴκοθεν
701 682 874 753 αὐτῷ,
904 683 1021 747 καὶ,
1069 683 1142 746 ὠς
1170 681 1401 751 ἔφημεν,
1445 678 1553 736 ἀπὸ
1598 677 1804 740 κοιλίας

219 769 637 840 ὲξηρευγμένα,
695 771 950 842 καθάπερ
1005 772 1125 825 τινὰ
1179 770 1401 841 στήλην,
1442 768 1536 822 καὶ
1579 766 1809 837 στερρὸν

219 862 522 924 εὖσεὸειας
574 862 834 932 ὀνομάζει
870 862 1054 930 λόγον,
1089 863 1185 915 καὶ
1229 860 1419 931 ὥσπερ
1471 860 1560 927 ἐφ’
1603 855 1807 927 ὑψηλοῦ

220 954 335 1024 τὴν
357 954 615 1019 τοιαύτην
642 954 901 1024 ἐνιδρύων
934 953 1156 1024 στήλην,
1181 954 1390 1014 πάντας
1417 953 1504 1005 ἐπ’
1522 950 1660 1004 αὐτὰ
1683 948 1810 1010 τοὺς

220 1046 333 1114 τῆς
361 1047 546 1116 ψυχῆς
605 1046 921 1113 ὀφθαλμοὺς
969 1046 1321 1115 ἐπιστρέφειν
1361 1042 1811 1109 καταναγκάζει;

228 1138 296 1190 Εἰ
336 1138 414 1208 μὴ
446 1139 626 1190 ἀδικία
647 1138 918 1208 δόγματος
953 1136 1147 1201 ταῦτα,
1188 1138 1237 1190 εί
1279 1136 1356 1206 μὴ
1400 1136 1498 1205 τῆς
1553 1132 1815 1203 ἀληθείας

226 1230 558 1310 arrabo;qu
581 1231 837 1299 ἀθέτησις
868 1232 1247 1299 ἀναφαίνεται,
1279 1228 1381 1279 οὐκ
1405 1224 1521 1279 οἶδα
1550 1225 1690 1278 τίσιν
1719 1223 1820 1278 ἆλ-

226 1323 353 1384 λοις
397 1326 493 1375 καὶ
520 1324 639 1375 ὅθεν
666 1322 890 1376 ἄλλοθεν
927 1325 997 1375 τὰ
1020 1321 1245 1375 τοιαῦτα
1272 1320 1426 1372 ἔσται
1457 1316 1632 1372 δεινά.

314 1412 412 1479 ις’.
454 1416 561 1468 Κιὶ
589 1414 643 1465 τί
669 1413 840 1466 ταῦτα
864 1413 1027 1480 λέγω,
1066 1413 1165 1482 τὴν
1223 1410 1366 1465 κατά
1411 1404 1510 1479 τῆς
1558 1408 1820 1480 ἀληθείας

235 1508 487 1575 σπουδὴν
513 1505 682 1558 αὐτοῦ
720 1505 1061 1575 πειρώμενος
1117 1504 1412 1575 παριστᾷν,
1464 1504 1523 1569 ὲξ
1556 1496 1631 1555 ὧν
1660 1518 1825 1570 τομε-

233 1601 448 1669 γραςρεῖ
471 1597 591 1650 καθ’
619 1597 798 1667 ἡμῶν,
822 1599 925 1650 κάν
977 1599 1098 1660 ταῖς
1134 1594 1260 1649 καθ’
1302 1594 1539 1662 ἑκάστην
1586 1592 1825 1663 όμιλίατς

236 1692 345 1759 τὴν
377 1688 535 1758 ἡμῶν
577 1688 931 1752 ἐξουδένωσιν
971 1684 1413 1758 διαρρητορεύει,
1465 1684 1539 1747 ὡς
1571 1684 1665 1735 τὸν
1700 1682 1826 1752 θρό-

236 1796 336 1833 νον
369 1777 525 1848 ἡμῶν
558 1778 834 1844 τυραννῶν
867 1776 961 1829 καὶ
990 1776 1050 1827 τὸ
1084 1776 1179 1828 ἐπὶ
1222 1776 1385 1826 πᾶσιν
1419 1766 1501 1834 οἷς
1522 1772 1644 1827 καθ’
1664 1771 1828 1841 ἡμῶν

241 1870 503 1941 βούλεται
538 1870 718 1936 λέγειν
750 1868 887 1938 ἔχων
909 1867 1216 1931 ἀκώλυτον,
1243 1867 1377 1920 ὅπου
1404 1866 1620 1928 ἀδικίας
1657 1865 1831 1932 ὑπερ-

239 1964 415 2033 ϐολὴν
446 1962 581 2033 ἔργα
614 1962 706 2014 καὶ
734 1959 959 2031 πράξεις
988 1961 1206 2029 ἔχουσιν
1250 1958 1420 2012 αὑτοῦ
1448 1956 1822 2028 παραστῆσαι,

239 2055 313 2118 ἃς
336 2055 439 2107 οὐκ
466 2049 582 2106 οἴδα
605 2053 656 2106 εί
677 2070 730 2107 τι
747 2052 928 2124 ἀλλοῆ
960 2052 1160 2125 λῃστοῦ
1188 2052 1284 2106 καὶ
1304 2052 1569 2122 τυράννου
1601 2050 1828 2120 πράξεις

242 2149 475 2203 καλέσει
503 2164 609 2210 τις.
645 2145 707 2198 El
760 2149 868 2221 γὰρ
924 2147 1067 2199 κατά
1089 2147 1326 2215 θεσμοὺς
1367 2144 1461 2197 καὶ
1509 2143 1709 2212 νόμους
1740 2146 1831 2196 ὲκ-

243 2239 678 2310 κ).ησιασεικοὺς
730 2239 915 2308 λέγειν
953 2239 1047 2291 καὶ
1104 2236 1325 2292 ἀκούειν
1358 2239 1486 2306 περὶ
1542 2236 1828 2305 δογμάτων

243 2333 535 2404 ἠϐούλετο,
566 2335 667 2386 οὐκ
694 2333 759 2385 ἂν
789 2332 891 2402 τὴν
917 2330 1002 2401 ἐφ’
1027 2333 1234 2385 ἅπασιν
1267 2330 1449 2384 ἄδειαν
1480 2328 1622 2398 ἔχων
1646 2329 1830 2390 αὐτὶς,

246 2426 285 2495 ἦ
325 2425 663 2495 κυριώτερον
688 2431 788 2491 τξεν
816 2425 962 2477 κατά
993 2425 1215 2476 πάντων
1241 2419 1493 2484 ἐξουσίαν
1517 2418 1833 2488 ἀνεζωσμέ-

247 2534 369 2581 νος,
426 2517 693 2585 φυλακαῖς
742 2516 867 2577 τοὺς
926 2513 1075 2584 αὐτῷ
1134 2512 1515 2580 ἀντιλέγοντας
1560 2510 1834 2579 ἡμᾶςκαὶ

249 2612 524 2679 φρουραῖς
557 2608 864 2677 παρεδίδου.
901 2606 1016 2659 Νῦν
1071 2606 1120 2663 δ’
1147 2607 1295 2674 ἡμᾶς
1329 2605 1426 2675 μὲν
1467 2603 1707 2670 φυλακαὶ⁸
1741 2601 1835 2654 καὶ

251 2705 495 2771 φρουραὶ
534 2702 746 2771 ἡμέραν
777 2700 838 2766 ἐξ
864 2700 1079 2769 ἡμέρας
1109 2698 1509 2765 ἀσφελέστεραι
1557 2694 1835 2762 διαδέχον-

250 2812 350 2849 ται
379 2811 395 2826 ι
424 2794 583 2871 αὐτὸς
615 2792 660 2847 δ’
684 2794 775 2846 ἐπὶ
802 2792 896 2845 τοῦ
929 2792 1120 2860 θρόνου
1143 2791 1381 2860 κάθηται
1412 2788 1677 2858 γαυριῖρν,
1708 2787 1836 2855 ὁμι-

254 2887 372 2940 λῶν
400 2888 606 2956 ἀπατᾷ,
650 2885 996 2954 δογματίζων
1038 2880 1493 2952 παραλογίζεται.
1533 2878 1696 2939 Τέλος
1747 2895 1840 2929 το-

259 2980 563 3048 μογραφεί,
601 2979 693 3029 καὶ
745 2976 952 3037 πάντας
978 2975 1012 3046 ἢ
1048 2976 1168 3036 ταῖς
1200 2974 1291 3026 διὰ
1318 2972 1520 3041 χειρῶν
1551 2970 1839 3040 ὑποσημαο

260 3071 413 3128 σίαις
439 3071 565 3130 τοὺς
591 3073 793 3137 τόμους
820 3066 984 3121 αὑτοῦ
1018 3066 1271 3135 στέργειν
1303 3060 1711 3128 καταναγκάζει
1745 3061 1841 3114 καὶ

258 3161 528 3223 κώδικας,
552 3160 585 3230 ἦ
608 3160 743 3212 ἀλλά
771 3159 863 3211 τὸν
884 3158 951 3211 δι’
973 3158 1267 3210 εὐλὰσειαν
1295 3158 1389 3209 καὶ
1415 3156 1532 3217 δέος
1560 3152 1655 3205 τοῦ
1684 3153 1758 3222 μή
1785 3168 1838 3206 τι

1907 683 2165 755 propriis,
2228 691 2281 736 et
2326 697 2357 736 e
2412 687 2622 742 ventre,
2675 686 2732 732 ut
2782 674 2895 744 jam
2951 672 3212 739 diximus,
3270 658 3501 722 temere

1909 785 2140 839 eructat,
2173 775 2482 831 columnam
2505 781 2560 827 et
2607 768 2853 827 stabilem
2900 765 3119 835 pietatis
3172 774 3478 815 sermonem

1912 868 2224 937 compellat,
2250 876 2303 920 et
2324 865 2378 919 in
2411 862 2643 919 similem
2678 861 2988 916 columnam
3015 854 3180 910 veluti
3213 853 3269 907 in
3305 849 3479 906 subli-

1914 957 2276 1016 tuierectam.
2310 968 2502 1006 omnes
2548 950 2743 1003 animae
2791 946 2980 1002 oculos
3026 948 3347 996 convertere
3385 952 3482 992 co-

1917 1052 1994 1118 git
2026 1047 2049 1099 2
2089 1045 2273 1099 Sinon
2308 1042 2494 1097 isthaec
2516 1049 2646 1095 sunt
2689 1037 2958 1108 dogmatis
3002 1031 3288 1104 iujustitia,
3327 1028 3372 1083 si
3398 1041 3487 1080 ve-

1918 1141 2094 1196 ritatis
2142 1136 2267 1192 inde
2332 1150 2439 1190 non
2500 1141 2723 1203 apparet
2762 1128 3113 1200 itnprobatio,
3164 1123 3350 1178 nescio
3418 1133 3487 1171 ex

1920 1233 2245 1304 quibusnam
2301 1227 2445 1291 aliis,
2493 1233 2548 1280 et
2600 1223 2742 1278 unde
2792 1220 2994 1276 similia
3041 1214 3314 1272 horrenda
3363 1224 3489 1282 pro-

1920 1326 2192 1389 venerint,

1995 1419 2083 1472 16.
2117 1415 2219 1470 Sed
2244 1413 2377 1484 quid
2410 1413 2527 1466 hinc
2553 1408 2767 1464 interim
2802 1419 2989 1466 narro,
3023 1401 3196 1472 ipsius
3226 1400 3490 1453 adversus

1922 1510 2209 1565 veritatem
2268 1505 2508 1560 studium
2578 1499 2820 1555 indicare
2869 1493 3227 1555 contendens,
3283 1505 3349 1543 ex
3402 1486 3490 1550 iis,

1878 1601 1887 1610 “
1922 1618 2045 1673 quae
2066 1609 2256 1657 contra
2286 1612 2389 1651 nos
2420 1597 2477 1650 in
2509 1592 2672 1649 tomis
2702 1606 2732 1645 a
2766 1603 2825 1645 se
2858 1583 3178 1654 compositis
3196 1579 3413 1650 digerit,
3439 1586 3494 1630 et

1927 1695 2067 1749 inter
2145 1690 2342 1745 diurna
2409 1685 2677 1755 colloquia
2744 1683 2799 1736 in
2862 1677 3035 1734 nostri
3123 1683 3493 1740 contemptum

1928 1785 2221 1847 declamat,
2281 1789 2541 1848 tanquam
2589 1775 2682 1845 qtti
2740 1781 2983 1828 nostram
3054 1766 3237 1823 sedem
3304 1769 3496 1817 contra

1926 1880 2017 1947 jus
2060 1889 2220 1930 omne
2278 1872 2541 1925 violenter
2577 1875 2845 1935 occupat,
2897 1870 2951 1916 et
3011 1861 3237 1914 liberam
3297 1855 3489 1911 habet.

1929 1980 2270 2038 quaecunque
2300 1963 2403 2017 sibi
2450 1960 2694 2024 libuerit,
2726 1964 2921 2012 contra
2958 1969 3056 2008 nos
3089 1949 3232 2005 l‘andi
3274 1947 3499 2015 faculta-

1929 2072 2038 2115 tem
2078 2078 2093 2115 :
2125 2074 2249 2113 cum
2286 2055 2432 2109 illius
2474 2051 2758 2122 injustitiae
2786 2044 3228 2116 exsuperantiam
3277 2051 3329 2096 et
3362 2037 3501 2091 facta

1928 2166 1983 2209 et
2009 2155 2279 2213 actiones,
2313 2162 2453 2217 quas
2500 2143 2691 2200 nescio
2738 2158 2806 2196 an
2841 2138 3071 2196 alterius
3105 2150 3268 2206 quam
3303 2131 3494 2201 praedo-

1932 2246 2018 2300 nis
2071 2253 2125 2296 et
2176 2238 2414 2313 tyranni,
2474 2235 2720 2291 actiones
2777 2231 3051 2301 quispiam
3112 2220 3503 2281 nominaverit,

1933 2312 2581 2393 abundedemonstrant.
2628 2326 2762 2381 Nam
2813 2323 2858 2379 si
2893 2320 3128 2375 decretis
3171 2312 3504 2372 ecclesiasti-

1932 2432 2011 2486 cis
2073 2427 2395 2494 legibusque
2439 2418 2844 2479 obsecundans,
2874 2415 3057 2469 dicere
3109 2420 3162 2464 et
3203 2407 3506 2473 intelligere

1934 2524 2001 2576 de
2051 2517 2403 2588 dogmatibus
2455 2513 2683 2566 haberet
2730 2509 2784 2562 in
2835 2505 3051 2586 animo,
3089 2513 3372 2565 nunquam
3416 2496 3507 2551 ille

1936 2614 2039 2668 sibi
2067 2612 2121 2665 itt
2149 2610 2407 2664 omnibus
2438 2605 2745 2659 libertatem
2777 2579 3070 2665 usurpans,
3101 2593 3188 2647 vel
3221 2600 3277 2645 ut
3328 2588 3508 2658 aptius

1936 2709 2140 2769 dicam,
2176 2712 2367 2758 contra
2402 2711 2595 2754 omnes
2625 2692 3011 2747 auctoritatem
3044 2683 3363 2752 accipiens,
3411 2694 3510 2733 nos

1937 2799 2029 2869 qui
2067 2796 2169 2865 ipsi
2213 2790 2665 2852 contradicimus,
2709 2795 2767 2854 et
2803 2781 3073 2837 custodiis
3101 2787 3153 2832 et
3186 2774 3506 2831 carceribus

1939 2889 2363 2957 constringeret.
2413 2883 2482 2936 At
2523 2895 2625 2935 nos
2669 2892 2816 2932 nunc
2861 2886 3111 2928 carceres
3149 2877 3203 2923 et
3248 2864 3512 2920 custodia:

1939 2977 2172 3048 singulis
2201 2955 2366 3029 boris
2418 2970 2736 3027 solertiores
2785 2963 3099 3033 excipiunt;
3152 2959 3240 3013 ille
3280 2972 3408 3009 veru
3457 2955 3512 3006 in

1944 3074 2140 3125 throno
2168 3068 2317 3122 sedet
2350 3062 2656 3122 exsultans,
2682 3066 2735 3112 et
2766 3071 2890 3111 cum
2940 3051 3195 3121 alloquiis
3221 3048 3417 3110 utitur,
3456 3046 3511 3098 in

1944 3161 2185 3217 fraudem
2224 3156 2409 3219 illicit;
2461 3168 2585 3219 cum
2629 3151 2881 3217 dogmata
2926 3144 3136 3214 pandit,
3189 3138 3410 3207 decipit,
3462 3144 3516 3189 et

260 3218 636 3323 δεαμαρτῆσαι
665 3252 759 3304 τοῦ
788 3248 1020 3320 ἀληθοῦς
1074 3249 1173 3317 τὴν
1201 3246 1529 3316 ὑπογραφὴν
1553 3218 1838 3298 διαναὸαλ-

1944 3250 2237 3318 decipitur.
2283 3218 2525 3299 Tandem
2565 3239 2731 3294 etiam
2767 3246 2944 3290 tomos
2973 3233 3353 3301 componit,“
3398 3239 3516 3278 nta-

259 3345 495 3414 λόμενον
518 3347 635 3406 ταῖς
685 3344 974 3418 δοκούσαις
1024 3339 1366 3412 παραδίδωσι
1425 3336 1742 3406 τιμωρίαις.
1775 3333 1841 3386 Τί

265 3439 346 3510 μὴ
374 3438 520 3505 λέγω
550 3440 610 3490 τὸ
636 3438 819 3500 μεῖζον
843 3454 857 3500 ;
880 3436 976 3496 τὰς
1004 3432 1112 3486 ἀπὸ
1134 3433 1242 3485 τῶν
1268 3429 1524 3498 φυλάκων
1542 3426 1842 3496 ἀσφαλείας

261 3533 456 3599 ἀρκεῖν
492 3528 640 3597 αὐτῷ
694 3529 791 3597 οὐχ
826 3526 1152 3597 ἡγούμενος,
1208 3524 1350 3593 πρὶς
1377 3522 1438 3573 τὸ
1468 3524 1540 3588 μή
1581 3537 1703 3571 τινα
1734 3517 1844 3570 τῶν

265 3617 528 3670 ἁπάντων
553 3618 585 3689 ἢ
608 3618 675 3671 δι’
706 3618 952 3685 ἐντυχίας
985 3612 1441 3683 αὑτοπροσὼπου,
1491 3610 1525 3680 ἢ
1548 3609 1614 3664 δι’
1641 3607 1845 3679 ἐγγράρ

263 3726 369 3777 φου
398 3711 722 3780 ἐρωτήσεως
756 3708 946 3776 μαθεῖν
971 3722 1024 3759 τι
1056 3703 1188 3773 παρ’
1222 3706 1251 3772 ἡ
1262 3704 1383 3773 μῶν
1409 3703 1539 3772 περὶ
1580 3700 1691 3754 τῶν
1715 3698 1847 3770 παρ’

263 3801 435 3855 αὑτοῦ
467 3801 852 3871 ἀθετουμένων
876 3797 1159 3869 πατρικῶν
1190 3796 1355 3850 θείων
1384 3793 1693 3862 δογμάτων,
1729 3792 1850 3862 βου-

264 3896 368 3962 λὴν
392 3893 706 3963 βουλεύεται
732 3892 1000 3960 πονηρὰν.
1035 3891 1129 3942 καὶ
1166 3889 1283 3942 οἷαν
1313 3887 1465 3950 οὔτις
1506 3885 1647 3955 παρ’
1684 3884 1846 3936 αὑτὸν

262 3985 449 4046 ἄλλος.
489 3984 571 4037 Τὰ
603 3984 712 4053 γὰρ
742 3983 874 4052 παρ’
904 3982 1060 4051 ήμῶν
1096 3982 1186 4033 ἐπὶ
1218 3980 1483 4034 συστάσει
1509 3977 1616 4030 τῶν
1648 3992 1847 4046 πατρι-

265 4075 382 4128 κῶν
412 4074 680 4144 εἰρημένα
710 4072 1000 4141 δογμάτων
1050 4070 1473 4139 αἰτιασάμενος,
1509 4067 1603 4120 καὶ
1634 4064 1850 4118 καταδίο

266 4181 374 4235 κην
404 4165 500 4234 τὴν
522 4162 670 4233 αὐτῷ
690 4161 951 4216 δοκοῦσαν
971 4161 1151 4222 αὐτοῖς
1175 4156 1675 4230 ὲπιψητρισάμενος,
1699 4154 1847 4224 ἡμᾶς

268 4272 333 4308 τε
364 4256 488 4317 τοὺς
538 4255 647 4307 τῶν
678 4255 940 4323 ῥημάτων
986 4252 1083 4304 καὶ
1127 4250 1302 4317 λόγων
1339 4247 1584 4316 πατέρας
1608 4246 1707 4315 τῆς
1738 4243 1846 4298 τῶν

269 4348 482 4401 πιστῶν
510 4345 750 4415 χορείας,
784 4344 858 4405 ὡς
893 4343 1065 4397 ἐδόκει
1090 4341 1267 4411 αὐτῷ,
1301 4339 1628 4408 ἀποτέμνει,
1660 4338 1755 4390 καὶ
1774 4335 1850 4400 ὡς

268 4439 692 4511 ἀποκηρρυκτους
724 4435 1111 4505 ἀνακηρύττει,
1134 4424 1182 4488 ἃ
1220 4432 1421 4489 παθεῖν
1472 4430 1637 4491 αὐτὸς
1675 4428 1849 4495 ἄξιος,

268 4530 427 4585 ταῦτ’
452 4529 537 4598 ἐφ’
562 4530 693 4598 ἡμῖν
722 4527 861 4582 κατά
883 4525 1084 4598 πολλὴν
1109 4526 1209 4595 τὴν
1236 4525 1427 4585 ἄδειαν
1448 4522 1724 4593 πράττων,
1754 4520 1850 4572 καὶ

1946 3357 2114 3396 nuum
2141 3351 2364 3393 suarum
2397 3331 2805 3400 subscriptione
2838 3326 3080 3381 munitos
3103 3319 3317 3376 admitti
3350 3317 3515 3386 cogit,

1943 3443 1997 3487 et
2026 3431 2243 3487 codices
2289 3443 2317 3483 a
2361 3443 2420 3482 se
2454 3425 2628 3480 factos
2670 3419 3018 3476 subscribere
3045 3415 3116 3470 ob
3155 3414 3412 3483 pietatem
3462 3417 3517 3460 et

1946 3523 2222 3584 timorem,
2263 3534 2330 3572 ne
2369 3532 2397 3568 a
2428 3515 2658 3569 veritate
2692 3511 2973 3571 aberrent,
3023 3507 3076 3559 itt
3118 3503 3263 3557 aliud
3297 3512 3515 3567 tempus

1950 3608 2310 3669 differentes,
2383 3604 2459 3657 uti
2510 3600 2611 3655 sibi
2669 3598 2986 3669 placuerit,
3023 3593 3229 3663 ‘ptenis
3293 3592 3508 3642 multat.

1946 3704 2126 3770 Quare
2169 3715 2279 3753 non
2329 3696 2472 3752 addo
2529 3690 2840 3748 atrociora?
2885 3688 2963 3742 Ex
3022 3685 3342 3741 custolibus
3394 3698 3517 3749 qua:

1947 3795 2049 3850 sibi
2088 3790 2508 3861 promittuntur,
2557 3782 2885 3840 securitates
2922 3779 3063 3832 haud
3098 3774 3199 3829 sibi
3228 3773 3361 3826 satis
3396 3785 3519 3825 esse

1948 3896 2234 3956 reputans,
2269 3896 2336 3935 ne
2370 3879 2515 3933 ullus
2548 3874 2798 3931 omnium
2845 3871 2960 3926 sive
2990 3883 3089 3938 per
3122 3880 3363 3936 praesens
3406 3862 3524 3916 col-

1948 3976 2224 4044 loquium,
2261 3972 2377 4027 sive
2408 3968 2691 4038 scriptam,
2724 3971 2815 4016 aut
2846 3975 2954 4015 non
2996 3958 3252 4026 scriptam
3290 3954 3523 4007 interro-

1948 4068 2224 4138 gationem
2277 4060 2485 4131 aliquid
2534 4073 2565 4112 a
2618 4054 2777 4113 nobis
2829 4052 3078 4107 addiscat
3126 4052 3195 4103 de
3250 4045 3525 4117 perversis

1949 4134 2020 4215 ab
2074 4161 2189 4228 ipso
2221 4152 2465 4224 paternis
2514 4147 2829 4216 divinisque
2876 4140 3245 4211 dagtnatibus.
3291 4134 3525 4189 consilio

1954 4227 2124 4304 utitur
2158 4246 2315 4301 valde
2348 4242 2602 4307 scelesto,
2636 4248 2689 4294 et
2717 4236 2880 4308 quale
2921 4234 3102 4290 nullus
3131 4230 3293 4293 alius,
3342 4227 3524 4295 ipsum

1953 4340 1999 4396 si
2036 4337 2301 4408 excipias,
2341 4330 2760 4403 excogitaverit.
2810 4323 2948 4379 Nam
2991 4336 3112 4392 quae
3159 4335 3190 4374 a
3252 4318 3409 4372 nobis
3457 4314 3526 4369 ad

1959 4405 2335 4487 conﬁrmanda
2387 4434 2610 4493 paterna
2662 4420 2912 4490 dogmata
2960 4414 3163 4468 dictata
3221 4416 3351 4465 sunt
3413 4405 3524 4461 cri-

1957 4517 2197 4575 minans,
2237 4518 2291 4566 et
2318 4510 2537 4564 decreto
2577 4505 2679 4561 sibi
2722 4500 3049 4570 complacito
3078 4496 3366 4558 damnans,
3418 4505 3522 4544 nos

271 4623 403 4684 τοὺς
436 4582 507 4675 τά
536 4582 669 4689 παρ’
707 4618 862 4689 ἡμῶν
906 4582 1179 4688 εἰρημένα
1205 4582 1297 4669 καὶ
1325 4582 1838 4684 γεγραμμέναντολι

1960 4616 2015 4661 et
2056 4602 2346 4658 verborum
2393 4606 2448 4653 et
2496 4595 2809 4651 orationum
2847 4598 3120 4660 parentes,
3154 4596 3212 4640 ut
3244 4584 3319 4636 illi
3350 4582 3527 4635 visum

276 4716 563 4788 μήσαντάς
594 4729 727 4766 ποτε
752 4708 1196 4780 ἀναγορεῦσαινῆ
1220 4706 1536 4769 ἐπαινέσαι,
1572 4706 1607 4779 ἢ
1634 4705 1770 4767 ὅλως
1799 4720 1871 4756 τι.

276 4805 524 4877 μετιέναι
554 4804 627 4873 τῷ
659 4802 806 4857 κατά
834 4802 932 4871 τῆς
965 4800 1158 4855 ἑαυτοῦ
1207 4799 1460 4869 κεφαλῆς
1490 4798 1854 4868 παραδίδωσιν

272 4897 600 4965 ἀναθέματι.
659 4893 979 4962 ’Δποτέμνει
1010 4892 1110 4961 τῆς
1167 4890 1501 4961 Ἐκκληιτίας
1530 4891 1677 4959 ἡμᾶς
1727 4888 1853 4948 τοὺς

272 4998 427 5054 τινας
453 4992 482 5043 ὁ
506 4989 628 5053 sig;
666 4988 804 5049 Τοὺς
840 4985 1095 5053 γνησίους
1143 4987 1172 5035 ὁ
1198 4983 1350 5047 νόθος
1398 4998 1465 5036 τε
1499 4980 1600 5037 καὶ
1644 4980 1854 5051 παρέγ-

275 5098 547 5154 γραπτος.
596 5078 991 5149 Ἀποκηρύττει
1032 5077 1130 5147 τῆς
1179 5074 1274 5128 τοῦ
1330 5071 1575 5145 Χριστοῦ
1615 5072 1857 5141 ποίμνης

274 5181 403 5238 τοὺς
439 5175 705 5243 ποιμένας
733 5173 762 5223 ὁ
788 5169 970 5232 λύκος.
1024 5169 1327 5237 Διαγράφει
1358 5169 1465 5239 τῆς
1520 5165 1629 5218 τῶν
1669 5163 1858 5233 ἱερέων

280 5268 503 5338 χορείας
534 5267 562 5317 ό
588 5263 805 5330 ἀνίερος
836 5262 961 5324 ruit;
987 5260 1173 5330 ἱερεῖς.

1960 4709 2069 4763 est,
2092 4711 2124 4752 θ
2159 4695 2401 4751 ﬁdelium
2436 4702 2579 4747 coetu
2609 4696 2878 4759 segregat,
2921 4693 2976 4738 et
3005 4681 3084 4735 uti
3128 4678 3410 4733 abdicatos
3438 4673 3527 4727 di-

1965 4790 2151 4861 vulgat
2181 4805 2197 4843 :
2226 4802 2347 4857 quae
2396 4784 2514 4854 ipse
2563 4779 2768 4852 perpeti
2824 4776 3025 4846 dignus
3078 4779 3183 4831 est.
3244 4782 3308 4823 ea
3354 4764 3528 4820 multa

1959 4898 2083 4938 cum
2130 4880 2421 4937 securitate
2488 4890 2552 4930 ac
2596 4874 2844 4927 libertate
2890 4868 2944 4921 itt
2986 4880 3087 4921 nos
3124 4872 3367 4933 patrans,
3404 4872 3532 4912 eos-

1961 4991 2068 5048 que
2118 4973 2213 5045 qui
2262 4972 2406 5028 dicta
2471 4977 2659 5023 nostra
2714 4966 2800 5019 vel
2866 4960 3067 5029 scripta
3128 4956 3213 5011 vel
3279 4951 3535 5007 laudibus

1976 5068 2260 5132 extollere,
2296 5065 2380 5117 vel
2428 5061 2731 5132 publicare,
2761 5056 2843 5110 vel
2888 5052 3093 5122 aliquid
3149 5049 3203 5103 in
3255 5048 3365 5100 illis
3398 5058 3536 5100 con-

1967 5158 2219 5228 templari
2256 5156 2483 5219 audent,
2515 5152 2884 5212 anathemate,
2911 5144 3053 5217 quod
3096 5144 3151 5195 in
3183 5141 3330 5195 illius
3372 5142 3537 5205 caput

1969 5227 2238 5314 vertatur,
2300 5246 2445 5301 ferit.
2499 5243 2727 5312 Separat
2778 5256 2878 5296 nos
2917 5238 2985 5292 ab
3041 5232 3305 5292 Ecclesia,
3347 5227 3537 5290 quales

279 5359 445 5429 quis?
479 5357 763 5413 Gt-nttinos
804 5356 1024 5424 spurius
1070 5363 1124 5408 et
1159 5352 1531 5408 adulterinus.
1567 5347 1798 5402 Abdicat
1863 5361 1894 5402 a
1927 5345 2131 5401 Christi
2182 5342 2308 5397 ovili
2381 5348 2630 5409 pastores
2676 5337 2857 5405 lupus.
2908 5331 3072 5404 Ejicit
3117 5344 3147 5382 e
3189 5322 3538 5380 sacerdotum

283 5455 458 5510 cboro
501 5450 763 5521 profanus
792 5450 1127 5504 sacerdotes.

356 5540 445 5606 ιζ’.
487 5541 625 5593 ’Δλλ’
655 5535 811 5603 οὗτος
845 5541 943 5607 μὲν
980 5538 1446 5609 παραχωροῦντος
1477 5535 1693 5599 πάντως
1720 5532 1859 5587 Θεοῦ

284 5634 374 5685 διὰ
402 5632 606 5699 πλῆθος
638 5631 945 5700 ἁμαρτιῶν,
993 5630 1181 5701 ὥσπερ
1215 5627 1455 5692 κανόνεις
1497 5626 1728 5690 πάντας,
1763 5623 1861 5678 καὶ

289 5741 400 5777 πατ
408 5723 540 5793 ρικά
569 5725 909 5792 τυραννήσας
943 5722 1366 5793 προστάγματα,
1411 5718 1504 5788 τὴν
1532 5719 1614 5779 είς
1633 5716 1727 5770 τὸν
1757 5731 1862 5769 πα-

286 5815 611 5885 τριαρχικόν
664 5813 851 5883 θρόνον
904 5816 1175 5883 ἐνίδρυσιν
1212 5809 1374 5866 ἆθλον
1438 5808 1548 5861 τῶν
1578 5808 1672 5860 ἐπὶ
1708 5805 1864 5877 κακῷ

291 5905 726 5977 σπωδασμάτων
751 5904 1105 5975 ἔςχεναύτοῦ,
1131 5904 1272 5957 οὕτω
1301 5903 1409 5957 καὶ.
1426 5901 1527 5972 τῆς
1548 5897 1733 5968 ὑγιοῦς
1755 5898 1863 5952 τῶν

2039 5528 2125 5580 Π.
2172 5527 2239 5577 At
2293 5523 2401 5586 hic,
2453 5530 2675 5591 prepter
2741 5515 3087 5585 ittiquitatum
3136 5506 3538 5563 multitudinem

1970 5620 2050 5674 sic
2085 5616 2196 5671 Deo
2234 5615 2600 5685 permittente,
2651 5610 2857 5679 legibus
2911 5604 3182 5660 universis
3222 5609 3275 5656 et
3317 5598 3540 5653 Patrum

1972 5709 2256 5780 pra-captis
2285 5706 2566 5779 tyrannice
2593 5703 2827 5762 violatis,
2873 5699 2925 5752 in
2963 5698 3162 5750 throno
3190 5688 3542 5763 patriarchali

1974 5804 2274 5859 sessionem
2347 5813 2571 5853 suorum
2635 5794 2941 5850 studiorum
3008 5791 3059 5843 itt
3122 5786 3261 5841 male
3332 5783 3546 5855 agendo

1973 5894 2254 5967 prmmiutn
2302 5888 2562 5954 obtinuit,
2607 5896 2719 5941 tum
2767 5885 3031 5939 adversus
3089 5893 3275 5935 sanam
3322 5875 3544 5931 Patrum
