  <div class='ocr_page' id='page_1' title='image "/cluster/home/n/w/nwhite01/storage/ocr_20150623/141/hvd.32044019208313/456.png"; bbox 0 0 3828 6600; ppageno 0'>
   <div class='ocr_carea' id='block_1_1' title="bbox 158 333 243 399">
    <p class='ocr_par' dir='ltr' id='par_1_1' title="bbox 158 333 243 399">
     <span class='ocr_line' id='line_1_1' title="bbox 158 333 243 399; baseline 0.024 -2"><span class='ocrx_word' id='word_1_1' title='bbox 158 333 243 399; x_wconf 80' lang='lat'><strong>897</strong></span> 
     </span>
    </p>
   </div>
   <div class='ocr_carea' id='block_1_2' title="bbox 1051 329 2404 402">
    <p class='ocr_par' dir='ltr' id='par_1_2' title="bbox 1051 329 2404 402">
     <span class='ocr_line' id='line_1_2' title="bbox 1051 329 2404 402; baseline 0.001 -2"><span class='ocrx_word' id='word_1_2' title='bbox 1051 329 1479 401; x_wconf 70' lang='lat' dir='ltr'><strong>REFUTATIO</strong></span> <span class='ocrx_word' id='word_1_3' title='bbox 1517 339 1731 400; x_wconf 74' lang='lat' dir='ltr'><strong>LIBRI</strong></span> <span class='ocrx_word' id='word_1_4' title='bbox 1766 336 2085 400; x_wconf 69' lang='lat' dir='ltr'>GEORGII</span> <span class='ocrx_word' id='word_1_5' title='bbox 2125 342 2404 402; x_wconf 74' lang='lat' dir='ltr'><strong>CYPRII.</strong></span> 
     </span>
    </p>
   </div>
   <div class='ocr_carea' id='block_1_3' title="bbox 3260 350 3373 413">
    <p class='ocr_par' dir='ltr' id='par_1_3' title="bbox 3260 350 3373 413">
     <span class='ocr_line' id='line_1_3' title="bbox 3260 350 3373 413; baseline 0.009 -1"><span class='ocrx_word' id='word_1_6' title='bbox 3260 350 3373 413; x_wconf 74' lang='lat'><strong>898</strong></span> 
     </span>
    </p>
   </div>
   <div class='ocr_carea' id='block_1_4' title="bbox 159 445 1697 535">
    <p class='ocr_par' dir='ltr' id='par_1_4' title="bbox 159 445 1697 525">
     <span class='ocr_line' id='line_1_4' title="bbox 159 445 1697 525; baseline -0.003 -17"><span class='ocrx_word' id='word_1_7' title='bbox 159 452 719 522; x_wconf 74' lang='grc' dir='ltr'><strong>κεφαλαιωδέστατον,</strong></span> <span class='ocrx_word' id='word_1_8' title='bbox 792 445 892 522; x_wconf 74' lang='grc' dir='ltr'><strong>τὴν</strong></span> <span class='ocrx_word' id='word_1_9' title='bbox 949 452 1041 505; x_wconf 79' lang='grc' dir='ltr'><strong>τοῦ</strong></span> <span class='ocrx_word' id='word_1_10' title='bbox 1096 454 1366 525; x_wconf 79' lang='grc' dir='ltr'><strong>πατρικοῦ</strong></span> <span class='ocrx_word' id='word_1_11' title='bbox 1439 455 1697 524; x_wconf 70' lang='grc' dir='ltr'><strong>συστῆσαι</strong></span> 
     </span>
    </p>
   </div>
   <div class='ocr_carea' id='block_1_5' title="bbox 1803 445 3371 535">
    <p class='ocr_par' dir='ltr' id='par_1_5' title="bbox 1809 453 3371 535">
     <span class='ocr_line' id='line_1_5' title="bbox 1809 453 3371 535; baseline 0.012 -28"><span class='ocrx_word' id='word_1_12' title='bbox 1809 453 1898 508; x_wconf 91' lang='lat' dir='ltr'><strong>ille</strong></span> <span class='ocrx_word' id='word_1_13' title='bbox 1930 457 2158 519; x_wconf 77' lang='lat' dir='ltr'><strong>nesciat,</strong></span> <span class='ocrx_word' id='word_1_14' title='bbox 2202 458 2344 513; x_wconf 82' lang='lat' dir='ltr'><strong>scire</strong></span> <span class='ocrx_word' id='word_1_15' title='bbox 2390 474 2448 513; x_wconf 88' lang='lat' dir='ltr'><strong>se</strong></span> <span class='ocrx_word' id='word_1_16' title='bbox 2483 469 2664 515; x_wconf 86' lang='lat' dir='ltr'><strong>tamen</strong></span> <span class='ocrx_word' id='word_1_17' title='bbox 2715 463 3023 532; x_wconf 75' lang='lat' dir='ltr'><strong>proﬁtetur.</strong></span> <span class='ocrx_word' id='word_1_18' title='bbox 3077 468 3186 525; x_wconf 81' lang='lat' dir='ltr'><strong>Nos</strong></span> <span class='ocrx_word' id='word_1_19' title='bbox 3220 484 3371 535; x_wconf 86' lang='lat' dir='ltr'><strong>vero,</strong></span> 
     </span>
    </p>
   </div>
   <div class='ocr_carea' id='block_1_6' title="bbox 155 536 1688 615">
    <p class='ocr_par' dir='ltr' id='par_1_6' title="bbox 155 536 1688 615">
     <span class='ocr_line' id='line_1_6' title="bbox 155 536 1688 615; baseline 0.002 -19"><span class='ocrx_word' id='word_1_20' title='bbox 155 543 384 615; x_wconf 72' lang='grc' dir='ltr'><strong>ἀλήθειαν</strong></span> <span class='ocrx_word' id='word_1_21' title='bbox 420 543 716 613; x_wconf 84' lang='grc' dir='ltr'><strong>δόγματος,</strong></span> <span class='ocrx_word' id='word_1_22' title='bbox 743 540 865 595; x_wconf 84' lang='grc' dir='ltr'><strong>καθ’</strong></span> <span class='ocrx_word' id='word_1_23' title='bbox 890 536 952 597; x_wconf 76' lang='grc' dir='ltr'><strong>οὗ</strong></span> <span class='ocrx_word' id='word_1_24' title='bbox 1005 543 1158 597; x_wconf 87' lang='grc' dir='ltr'><strong>τόσον</strong></span> <span class='ocrx_word' id='word_1_25' title='bbox 1181 544 1446 599; x_wconf 75' lang='grc' dir='ltr'><strong>ἔπνευσεν</strong></span> <span class='ocrx_word' id='word_1_26' title='bbox 1511 538 1688 609; x_wconf 77' lang='grc' dir='ltr'><strong>οὗτος,</strong></span> 
     </span>
    </p>
   </div>
   <div class='ocr_carea' id='block_1_7' title="bbox 152 632 1677 705">
    <p class='ocr_par' dir='ltr' id='par_1_7' title="bbox 152 632 1677 705">
     <span class='ocr_line' id='line_1_7' title="bbox 152 632 1677 705; baseline 0.001 -17"><span class='ocrx_word' id='word_1_27' title='bbox 152 634 213 697; x_wconf 78' lang='grc' dir='ltr'><strong>ὡς</strong></span> <span class='ocrx_word' id='word_1_28' title='bbox 247 633 402 703; x_wconf 82' lang='grc' dir='ltr'><strong>μηδὲν</strong></span> <span class='ocrx_word' id='word_1_29' title='bbox 422 634 674 703; x_wconf 69' lang='grc' dir='ltr'><strong>ἡγεῖσθαι</strong></span> <span class='ocrx_word' id='word_1_30' title='bbox 704 632 991 704; x_wconf 68' lang='grc' dir='ltr'><strong>βιώσιμον,</strong></span> <span class='ocrx_word' id='word_1_31' title='bbox 1025 635 1074 685; x_wconf 85' lang='grc' dir='ltr'><strong>εί</strong></span> <span class='ocrx_word' id='word_1_32' title='bbox 1109 635 1186 705; x_wconf 77' lang='grc' dir='ltr'><strong>μὴ</strong></span> <span class='ocrx_word' id='word_1_33' title='bbox 1214 635 1331 687; x_wconf 83' lang='grc' dir='ltr'><strong>νέον</strong></span> <span class='ocrx_word' id='word_1_34' title='bbox 1362 637 1560 689; x_wconf 71' lang='grc' dir='ltr'><strong>ἑαυτὸν</strong></span> <span class='ocrx_word' id='word_1_35' title='bbox 1593 640 1677 690; x_wconf 85' lang='grc' dir='ltr'><strong>αξ-</strong></span> 
     </span>
    </p>
   </div>
   <div class='ocr_carea' id='block_1_8' title="bbox 160 721 1684 796">
    <p class='ocr_par' dir='ltr' id='par_1_8' title="bbox 160 721 1684 796">
     <span class='ocr_line' id='line_1_8' title="bbox 160 721 1684 796; baseline 0.002 -20"><span class='ocrx_word' id='word_1_36' title='bbox 160 724 423 796; x_wconf 80' lang='grc' dir='ltr'><strong>ρεσιάρχην</strong></span> <span class='ocrx_word' id='word_1_37' title='bbox 480 726 547 794; x_wconf 82' lang='grc' dir='ltr'><strong>τῇ</strong></span> <span class='ocrx_word' id='word_1_38' title='bbox 599 723 692 777; x_wconf 86' lang='grc' dir='ltr'><strong>τοῦ</strong></span> <span class='ocrx_word' id='word_1_39' title='bbox 722 721 859 777; x_wconf 83' lang='grc' dir='ltr'>Θεοῦ</span> <span class='ocrx_word' id='word_1_40' title='bbox 912 725 1312 794; x_wconf 76' lang='grc' dir='ltr'><strong>καταστήσειεν</strong></span> <span class='ocrx_word' id='word_1_41' title='bbox 1361 726 1684 796; x_wconf 68' lang='grc' dir='ltr'><strong>Ἐκκλησία,</strong></span> 
     </span>
    </p>
   </div>
   <div class='ocr_carea' id='block_1_9' title="bbox 1805 546 3375 628">
    <p class='ocr_par' dir='ltr' id='par_1_9' title="bbox 1805 546 3375 628">
     <span class='ocr_line' id='line_1_9' title="bbox 1805 546 3375 628; baseline 0.015 -32"><span class='ocrx_word' id='word_1_42' title='bbox 1805 546 1898 614; x_wconf 91' lang='lat' dir='ltr'><strong>qui</strong></span> <span class='ocrx_word' id='word_1_43' title='bbox 1936 549 2035 601; x_wconf 83' lang='lat' dir='ltr'><strong>hoc</strong></span> <span class='ocrx_word' id='word_1_44' title='bbox 2075 550 2249 604; x_wconf 89' lang='lat' dir='ltr'><strong>solum</strong></span> <span class='ocrx_word' id='word_1_45' title='bbox 2289 561 2558 615; x_wconf 77' lang='lat' dir='ltr'><strong>tenemus,</strong></span> <span class='ocrx_word' id='word_1_46' title='bbox 2588 569 2858 610; x_wconf 79' lang='lat' dir='ltr'><strong>summam</strong></span> <span class='ocrx_word' id='word_1_47' title='bbox 2887 560 3204 616; x_wconf 77' lang='lat' dir='ltr'><strong>certaminis</strong></span> <span class='ocrx_word' id='word_1_48' title='bbox 3227 577 3375 628; x_wconf 79' lang='lat' dir='ltr'><strong>esse,</strong></span> 
     </span>
    </p>
   </div>
   <div class='ocr_carea' id='block_1_10' title="bbox 1802 639 3372 722">
    <p class='ocr_par' dir='ltr' id='par_1_10' title="bbox 1802 639 3372 722">
     <span class='ocr_line' id='line_1_10' title="bbox 1802 639 3372 722; baseline 0.013 -34"><span class='ocrx_word' id='word_1_49' title='bbox 1802 641 2014 706; x_wconf 90' lang='lat' dir='ltr'><strong>paterni</strong></span> <span class='ocrx_word' id='word_1_50' title='bbox 2048 639 2322 711; x_wconf 76' lang='lat' dir='ltr'><strong>dogmatis</strong></span> <span class='ocrx_word' id='word_1_51' title='bbox 2367 644 2648 698; x_wconf 84' lang='lat' dir='ltr'><strong>veritatem</strong></span> <span class='ocrx_word' id='word_1_52' title='bbox 2684 649 3060 711; x_wconf 85' lang='lat' dir='ltr'><strong>constabilire.</strong></span> <span class='ocrx_word' id='word_1_53' title='bbox 3101 654 3168 705; x_wconf 88' lang='lat' dir='ltr'><strong>ad</strong></span> <span class='ocrx_word' id='word_1_54' title='bbox 3225 655 3372 722; x_wconf 89' lang='lat' dir='ltr'><strong>quod</strong></span> 
     </span>
    </p>
   </div>
   <div class='ocr_carea' id='block_1_11' title="bbox 1799 730 3374 806">
    <p class='ocr_par' dir='ltr' id='par_1_11' title="bbox 1799 730 3374 806">
     <span class='ocr_line' id='line_1_11' title="bbox 1799 730 3374 806; baseline 0.011 -25"><span class='ocrx_word' id='word_1_55' title='bbox 1799 730 2214 785; x_wconf 80' lang='lat' dir='ltr'><strong>convellendum</strong></span> <span class='ocrx_word' id='word_1_56' title='bbox 2263 735 2599 788; x_wconf 83' lang='lat' dir='ltr'><strong>tantumdem</strong></span> <span class='ocrx_word' id='word_1_57' title='bbox 2638 736 2725 789; x_wconf 88' lang='lat' dir='ltr'><strong>hic</strong></span> <span class='ocrx_word' id='word_1_58' title='bbox 2773 737 3071 806; x_wconf 85' lang='lat' dir='ltr'><strong>insudavit,</strong></span> <span class='ocrx_word' id='word_1_59' title='bbox 3107 750 3166 796; x_wconf 91' lang='lat' dir='ltr'><strong>ut</strong></span> <span class='ocrx_word' id='word_1_60' title='bbox 3194 744 3374 798; x_wconf 79' lang='lat' dir='ltr'><strong>vivere</strong></span> 
     </span>
    </p>
   </div>
   <div class='ocr_carea' id='block_1_12' title="bbox 157 814 1697 887">
    <p class='ocr_par' dir='ltr' id='par_1_12' title="bbox 157 814 1697 887">
     <span class='ocr_line' id='line_1_12' title="bbox 157 814 1697 887; baseline 0 -19"><span class='ocrx_word' id='word_1_61' title='bbox 157 815 267 883; x_wconf 81' lang='grc' dir='ltr'><strong>πρὸς</strong></span> <span class='ocrx_word' id='word_1_62' title='bbox 317 815 416 883; x_wconf 78' lang='grc' dir='ltr'><strong>μὲν</strong></span> <span class='ocrx_word' id='word_1_63' title='bbox 443 815 541 877; x_wconf 67' lang='grc' dir='ltr'><strong>τὰς</strong></span> <span class='ocrx_word' id='word_1_64' title='bbox 602 814 793 886; x_wconf 78' lang='grc' dir='ltr'><strong>ὕϐρεις</strong></span> <span class='ocrx_word' id='word_1_65' title='bbox 848 816 941 873; x_wconf 69' lang='grc' dir='ltr'><strong>καὶ</strong></span> <span class='ocrx_word' id='word_1_66' title='bbox 974 814 1350 887; x_wconf 82' lang='grc' dir='ltr'><strong>βλασφημίας,</strong></span> <span class='ocrx_word' id='word_1_67' title='bbox 1397 814 1464 880; x_wconf 84' lang='grc' dir='ltr'><strong>ἃς</strong></span> <span class='ocrx_word' id='word_1_68' title='bbox 1496 816 1697 880; x_wconf 82' lang='grc' dir='ltr'><strong>πολλὰς</strong></span> 
     </span>
    </p>
   </div>
   <div class='ocr_carea' id='block_1_13' title="bbox 1803 814 3372 887">
    <p class='ocr_par' dir='ltr' id='par_1_13' title="bbox 1803 821 3372 887">
     <span class='ocr_line' id='line_1_13' title="bbox 1803 821 3372 887; baseline 0.01 -16"><span class='ocrx_word' id='word_1_69' title='bbox 1803 832 1860 871; x_wconf 79' lang='lat' dir='ltr'><strong>se</strong></span> <span class='ocrx_word' id='word_1_70' title='bbox 1888 833 2046 885; x_wconf 80' lang='lat' dir='ltr'><strong>posse</strong></span> <span class='ocrx_word' id='word_1_71' title='bbox 2100 821 2322 875; x_wconf 88' lang='lat' dir='ltr'><strong>minime</strong></span> <span class='ocrx_word' id='word_1_72' title='bbox 2364 824 2658 887; x_wconf 71' lang='lat' dir='ltr'><strong>existimet,</strong></span> <span class='ocrx_word' id='word_1_73' title='bbox 2691 827 2796 882; x_wconf 86' lang='lat' dir='ltr'><strong>nisi</strong></span> <span class='ocrx_word' id='word_1_74' title='bbox 2832 844 3032 883; x_wconf 83' lang='lat' dir='ltr'><strong>novum</strong></span> <span class='ocrx_word' id='word_1_75' title='bbox 3087 846 3146 885; x_wconf 88' lang='lat' dir='ltr'><strong>se</strong></span> <span class='ocrx_word' id='word_1_76' title='bbox 3198 833 3372 886; x_wconf 69' lang='lat' dir='ltr'><strong>lucre-</strong></span> 
     </span>
    </p>
   </div>
   <div class='ocr_carea' id='block_1_14' title="bbox 155 896 1697 991">
    <p class='ocr_par' dir='ltr' id='par_1_14' title="bbox 155 896 1697 975">
     <span class='ocr_line' id='line_1_14' title="bbox 155 896 1697 975; baseline 0.001 -17"><span class='ocrx_word' id='word_1_77' title='bbox 155 896 283 966; x_wconf 73' lang='grc' dir='ltr'><strong>οὗτος</strong></span> <span class='ocrx_word' id='word_1_78' title='bbox 302 905 382 956; x_wconf 81' lang='grc' dir='ltr'><strong>ὅτι</strong></span> <span class='ocrx_word' id='word_1_79' title='bbox 409 904 674 974; x_wconf 81' lang='grc' dir='ltr'><strong>μάλιστα,</strong></span> <span class='ocrx_word' id='word_1_80' title='bbox 724 906 821 959; x_wconf 86' lang='grc' dir='ltr'><strong>καὶ</strong></span> <span class='ocrx_word' id='word_1_81' title='bbox 877 904 1104 975; x_wconf 86' lang='grc' dir='ltr'><strong>βαρείας</strong></span> <span class='ocrx_word' id='word_1_82' title='bbox 1157 906 1256 959; x_wconf 77' lang='grc' dir='ltr'><strong>καὶ</strong></span> <span class='ocrx_word' id='word_1_83' title='bbox 1285 905 1430 975; x_wconf 86' lang='grc' dir='ltr'><strong>ἀλλῳ</strong></span> <span class='ocrx_word' id='word_1_84' title='bbox 1466 907 1575 960; x_wconf 75' lang='grc' dir='ltr'><strong>τινὶ</strong></span> <span class='ocrx_word' id='word_1_85' title='bbox 1608 926 1697 960; x_wconf 82' lang='grc' dir='ltr'><strong>τυ-</strong></span> 
     </span>
    </p>
   </div>
   <div class='ocr_carea' id='block_1_15' title="bbox 1803 896 3372 991">
    <p class='ocr_par' dir='ltr' id='par_1_15' title="bbox 1803 906 3372 991">
     <span class='ocr_line' id='line_1_15' title="bbox 1803 906 3372 991; baseline 0.01 -30"><span class='ocrx_word' id='word_1_86' title='bbox 1803 906 2074 962; x_wconf 74' lang='lat' dir='ltr'><strong>siareliam</strong></span> <span class='ocrx_word' id='word_1_87' title='bbox 2130 911 2180 963; x_wconf 91' lang='lat' dir='ltr'><strong>in</strong></span> <span class='ocrx_word' id='word_1_88' title='bbox 2215 906 2458 968; x_wconf 83' lang='lat' dir='ltr'><strong>Ecclesia</strong></span> <span class='ocrx_word' id='word_1_89' title='bbox 2514 919 2834 981; x_wconf 83' lang='lat' dir='ltr'><strong>constituat,</strong></span> <span class='ocrx_word' id='word_1_90' title='bbox 2881 935 3007 989; x_wconf 76' lang='lat' dir='ltr'><strong>erga</strong></span> <span class='ocrx_word' id='word_1_91' title='bbox 3054 920 3200 976; x_wconf 88' lang='lat' dir='ltr'><strong>illius</strong></span> <span class='ocrx_word' id='word_1_92' title='bbox 3225 923 3372 991; x_wconf 84' lang='lat' dir='ltr'><strong>inju-</strong></span> 
     </span>
    </p>
   </div>
   <div class='ocr_carea' id='block_1_16' title="bbox 154 991 1690 1071">
    <p class='ocr_par' dir='ltr' id='par_1_16' title="bbox 154 991 1690 1071">
     <span class='ocr_line' id='line_1_16' title="bbox 154 991 1690 1071; baseline 0.003 -23"><span class='ocrx_word' id='word_1_93' title='bbox 154 996 229 1067; x_wconf 82' lang='grc' dir='ltr'><strong>χὸν</strong></span> <span class='ocrx_word' id='word_1_94' title='bbox 253 994 605 1058; x_wconf 85' lang='grc' dir='ltr'><strong>ἀνυποίστους</strong></span> <span class='ocrx_word' id='word_1_95' title='bbox 638 995 769 1061; x_wconf 86' lang='grc' dir='ltr'><strong>τῶν,</strong></span> <span class='ocrx_word' id='word_1_96' title='bbox 803 991 917 1059; x_wconf 73' lang='grc' dir='ltr'><strong>οἶος</strong></span> <span class='ocrx_word' id='word_1_97' title='bbox 973 996 1137 1059; x_wconf 76' lang='grc' dir='ltr'><strong>αὐτὸς</strong></span> <span class='ocrx_word' id='word_1_98' title='bbox 1205 998 1528 1068; x_wconf 85' lang='grc' dir='ltr'><strong>μικροφυῶν</strong></span> <span class='ocrx_word' id='word_1_99' title='bbox 1591 998 1690 1071; x_wconf 80' lang='grc' dir='ltr'><strong>τὴν</strong></span> 
     </span>
    </p>
   </div>
   <div class='ocr_carea' id='block_1_17' title="bbox 153 1084 1698 1157">
    <p class='ocr_par' dir='ltr' id='par_1_17' title="bbox 153 1084 1698 1157">
     <span class='ocr_line' id='line_1_17' title="bbox 153 1084 1698 1157; baseline 0.002 -20"><span class='ocrx_word' id='word_1_100' title='bbox 153 1084 352 1156; x_wconf 80' lang='grc' dir='ltr'><strong>γνώμην</strong></span> <span class='ocrx_word' id='word_1_101' title='bbox 387 1087 481 1139; x_wconf 67' lang='grc' dir='ltr'>καῖ</span> <span class='ocrx_word' id='word_1_102' title='bbox 519 1085 754 1153; x_wconf 86' lang='grc' dir='ltr'><strong>ἀγενῶν,</strong></span> <span class='ocrx_word' id='word_1_103' title='bbox 790 1085 890 1152; x_wconf 78' lang='grc' dir='ltr'><strong>τῆς</strong></span> <span class='ocrx_word' id='word_1_104' title='bbox 940 1086 1101 1155; x_wconf 79' lang='grc' dir='ltr'><strong>ἡμῶν</strong></span> <span class='ocrx_word' id='word_1_105' title='bbox 1158 1087 1422 1155; x_wconf 77' lang='grc' dir='ltr'><strong>καταχέει</strong></span> <span class='ocrx_word' id='word_1_106' title='bbox 1481 1087 1698 1157; x_wconf 80' lang='grc' dir='ltr'><strong>μετριό-</strong></span> 
     </span>
    </p>
   </div>
   <div class='ocr_carea' id='block_1_18' title="bbox 154 1172 1703 1247">
    <p class='ocr_par' dir='ltr' id='par_1_18' title="bbox 154 1172 1703 1247">
     <span class='ocr_line' id='line_1_18' title="bbox 154 1172 1703 1247; baseline 0.001 -17"><span class='ocrx_word' id='word_1_107' title='bbox 154 1193 310 1247; x_wconf 79' lang='grc' dir='ltr'><strong>τητος,</strong></span> <span class='ocrx_word' id='word_1_108' title='bbox 351 1176 503 1230; x_wconf 74' lang='grc' dir='ltr'><strong>οὐδὲν</strong></span> <span class='ocrx_word' id='word_1_109' title='bbox 561 1177 786 1247; x_wconf 79' lang='grc' dir='ltr'><strong>ἄμεινον</strong></span> <span class='ocrx_word' id='word_1_110' title='bbox 840 1177 932 1231; x_wconf 90' lang='grc' dir='ltr'><strong>τοῦ</strong></span> <span class='ocrx_word' id='word_1_111' title='bbox 990 1178 1143 1246; x_wconf 83' lang='grc' dir='ltr'><strong>παρά</strong></span> <span class='ocrx_word' id='word_1_112' title='bbox 1179 1177 1275 1231; x_wconf 82' lang='grc' dir='ltr'><strong>τοῦ</strong></span> <span class='ocrx_word' id='word_1_113' title='bbox 1306 1176 1472 1231; x_wconf 80' lang='grc' dir='ltr'><strong>Δαυῒδ</strong></span> <span class='ocrx_word' id='word_1_114' title='bbox 1513 1172 1703 1247; x_wconf 65' lang='grc' dir='ltr'><strong>κωφοῦ</strong></span> 
     </span>
    </p>
   </div>
   <div class='ocr_carea' id='block_1_19' title="bbox 152 1272 1703 1342">
    <p class='ocr_par' dir='ltr' id='par_1_19' title="bbox 152 1272 1703 1342">
     <span class='ocr_line' id='line_1_19' title="bbox 152 1272 1703 1342; baseline -0.001 -14"><span class='ocrx_word' id='word_1_115' title='bbox 152 1276 235 1329; x_wconf 76' lang='grc' dir='ltr'><strong>καὶ</strong></span> <span class='ocrx_word' id='word_1_116' title='bbox 283 1274 475 1327; x_wconf 75' lang='grc' dir='ltr'>ἀλάλου</span> <span class='ocrx_word' id='word_1_117' title='bbox 545 1273 952 1342; x_wconf 81' lang='grc' dir='ltr'><strong>διακεισόμεοα.</strong></span> <span class='ocrx_word' id='word_1_118' title='bbox 1040 1272 1244 1326; x_wconf 84' lang='grc' dir='ltr'><strong>Ὀπόσα</strong></span> <span class='ocrx_word' id='word_1_119' title='bbox 1304 1274 1363 1327; x_wconf 81' lang='grc' dir='ltr'><strong>δὲ</strong></span> <span class='ocrx_word' id='word_1_120' title='bbox 1424 1274 1533 1327; x_wconf 81' lang='grc' dir='ltr'><strong>ἀπὸ</strong></span> <span class='ocrx_word' id='word_1_121' title='bbox 1589 1290 1703 1327; x_wconf 84' lang='grc' dir='ltr'><strong>κοι-</strong></span> 
     </span>
    </p>
   </div>
   <div class='ocr_carea' id='block_1_20' title="bbox 153 1364 1701 1436">
    <p class='ocr_par' dir='ltr' id='par_1_20' title="bbox 153 1364 1701 1436">
     <span class='ocr_line' id='line_1_20' title="bbox 153 1364 1701 1436; baseline -0.001 -16"><span class='ocrx_word' id='word_1_122' title='bbox 153 1368 255 1430; x_wconf 84' lang='grc' dir='ltr'><strong>λίας</strong></span> <span class='ocrx_word' id='word_1_123' title='bbox 312 1366 473 1430; x_wconf 80' lang='grc' dir='ltr'><strong>αὐτὸς</strong></span> <span class='ocrx_word' id='word_1_124' title='bbox 509 1368 807 1433; x_wconf 71' lang='grc' dir='ltr'><strong>κενοφωνεῖ</strong></span> <span class='ocrx_word' id='word_1_125' title='bbox 836 1366 1083 1436; x_wconf 81' lang='grc' dir='ltr'><strong>δόγματα</strong></span> <span class='ocrx_word' id='word_1_126' title='bbox 1127 1365 1229 1433; x_wconf 81' lang='grc' dir='ltr'><strong>τῆς</strong></span> <span class='ocrx_word' id='word_1_127' title='bbox 1258 1365 1352 1418; x_wconf 81' lang='grc' dir='ltr'><strong>τοῦ</strong></span> <span class='ocrx_word' id='word_1_128' title='bbox 1387 1364 1522 1419; x_wconf 90' lang='grc' dir='ltr'><strong>Θεοῦ</strong></span> <span class='ocrx_word' id='word_1_129' title='bbox 1580 1367 1701 1419; x_wconf 79' lang='grc' dir='ltr'><strong>Ἑκ-</strong></span> 
     </span>
    </p>
   </div>
   <div class='ocr_carea' id='block_1_21' title="bbox 154 1457 1705 1529">
    <p class='ocr_par' dir='ltr' id='par_1_21' title="bbox 154 1457 1705 1529">
     <span class='ocr_line' id='line_1_21' title="bbox 154 1457 1705 1529; baseline -0.002 -16"><span class='ocrx_word' id='word_1_130' title='bbox 154 1458 357 1529; x_wconf 78' lang='grc' dir='ltr'><strong>χλησίας</strong></span> <span class='ocrx_word' id='word_1_131' title='bbox 402 1457 681 1529; x_wconf 88' lang='grc' dir='ltr'><strong>ἀλλότρια,</strong></span> <span class='ocrx_word' id='word_1_132' title='bbox 725 1457 818 1510; x_wconf 88' lang='grc' dir='ltr'><strong>τοῦ</strong></span> <span class='ocrx_word' id='word_1_133' title='bbox 876 1457 1077 1520; x_wconf 78' lang='grc' dir='ltr'><strong>παντὸς</strong></span> <span class='ocrx_word' id='word_1_134' title='bbox 1126 1457 1705 1526; x_wconf 80' lang='grc' dir='ltr'><strong>ἀποτέμνοντεςλόγου</strong></span> 
     </span>
    </p>
   </div>
   <div class='ocr_carea' id='block_1_22' title="bbox 152 1546 1700 1625">
    <p class='ocr_par' dir='ltr' id='par_1_22' title="bbox 152 1546 1700 1625">
     <span class='ocr_line' id='line_1_22' title="bbox 152 1546 1700 1625; baseline 0 -19"><span class='ocrx_word' id='word_1_135' title='bbox 152 1546 205 1606; x_wconf 77' lang='grc' dir='ltr'><strong>οὐ</strong></span> <span class='ocrx_word' id='word_1_136' title='bbox 240 1551 366 1605; x_wconf 86' lang='grc' dir='ltr'><strong>καθ’</strong></span> <span class='ocrx_word' id='word_1_137' title='bbox 396 1551 560 1621; x_wconf 76' lang='grc' dir='ltr'><strong>ἡμῶν</strong></span> <span class='ocrx_word' id='word_1_138' title='bbox 613 1553 879 1622; x_wconf 84' lang='grc' dir='ltr'><strong>πρότερος</strong></span> <span class='ocrx_word' id='word_1_139' title='bbox 907 1546 1061 1615; x_wconf 73' lang='grc' dir='ltr'><strong>οὗτος</strong></span> <span class='ocrx_word' id='word_1_140' title='bbox 1101 1551 1506 1624; x_wconf 77' lang='grc' dir='ltr'><strong>ἀντιῤῥητικῶς</strong></span> <span class='ocrx_word' id='word_1_141' title='bbox 1536 1554 1700 1625; x_wconf 78' lang='grc' dir='ltr'><strong>ὲρῤα-</strong></span> 
     </span>
    </p>
   </div>
   <div class='ocr_carea' id='block_1_23' title="bbox 151 1642 1701 1715">
    <p class='ocr_par' dir='ltr' id='par_1_23' title="bbox 151 1642 1701 1715">
     <span class='ocr_line' id='line_1_23' title="bbox 151 1642 1701 1715; baseline 0.001 -19"><span class='ocrx_word' id='word_1_142' title='bbox 151 1642 399 1713; x_wconf 75' lang='grc' dir='ltr'><strong>ψῴδησεν,</strong></span> <span class='ocrx_word' id='word_1_143' title='bbox 435 1644 529 1697; x_wconf 76' lang='grc' dir='ltr'><strong>ἐπὶ</strong></span> <span class='ocrx_word' id='word_1_144' title='bbox 561 1661 657 1697; x_wconf 86' lang='grc' dir='ltr'><strong>του</strong></span> <span class='ocrx_word' id='word_1_145' title='bbox 697 1645 864 1714; x_wconf 82' lang='grc' dir='ltr'><strong>μέσου</strong></span> <span class='ocrx_word' id='word_1_146' title='bbox 895 1643 1267 1714; x_wconf 73' lang='grc' dir='ltr'><strong>προθήσομεν,</strong></span> <span class='ocrx_word' id='word_1_147' title='bbox 1294 1646 1387 1698; x_wconf 73' lang='grc' dir='ltr'><strong>καὶ</strong></span> <span class='ocrx_word' id='word_1_148' title='bbox 1408 1644 1486 1714; x_wconf 84' lang='grc' dir='ltr'><strong>τῷ</strong></span> <span class='ocrx_word' id='word_1_149' title='bbox 1514 1643 1701 1715; x_wconf 67' lang='grc' dir='ltr'><strong>βουλοι·</strong></span> 
     </span>
    </p>
   </div>
   <div class='ocr_carea' id='block_1_24' title="bbox 154 1732 1702 1805">
    <p class='ocr_par' dir='ltr' id='par_1_24' title="bbox 154 1732 1702 1805">
     <span class='ocr_line' id='line_1_24' title="bbox 154 1732 1702 1805; baseline 0.003 -21"><span class='ocrx_word' id='word_1_150' title='bbox 154 1732 282 1803; x_wconf 76' lang='grc' dir='ltr'><strong>μένῳ</strong></span> <span class='ocrx_word' id='word_1_151' title='bbox 302 1732 688 1800; x_wconf 80' lang='grc' dir='ltr'><strong>διαγινώσκειν</strong></span> <span class='ocrx_word' id='word_1_152' title='bbox 731 1736 1083 1803; x_wconf 81' lang='grc' dir='ltr'><strong>παρήσομεν,</strong></span> <span class='ocrx_word' id='word_1_153' title='bbox 1117 1734 1166 1785; x_wconf 84' lang='grc' dir='ltr'><strong>εί</strong></span> <span class='ocrx_word' id='word_1_154' title='bbox 1196 1732 1273 1801; x_wconf 78' lang='grc' dir='ltr'><strong>μὴ</strong></span> <span class='ocrx_word' id='word_1_155' title='bbox 1290 1732 1378 1786; x_wconf 80' lang='grc' dir='ltr'><strong>διὰ</strong></span> <span class='ocrx_word' id='word_1_156' title='bbox 1413 1735 1702 1805; x_wconf 82' lang='grc' dir='ltr'><strong>γραφικῶν</strong></span> 
     </span>
    </p>
   </div>
   <div class='ocr_carea' id='block_1_25' title="bbox 150 1820 1700 1895">
    <p class='ocr_par' dir='ltr' id='par_1_25' title="bbox 150 1820 1700 1895">
     <span class='ocr_line' id='line_1_25' title="bbox 150 1820 1700 1895; baseline 0.001 -20"><span class='ocrx_word' id='word_1_157' title='bbox 150 1820 458 1890; x_wconf 75' lang='grc' dir='ltr'><strong>ἀποδείξεων</strong></span> <span class='ocrx_word' id='word_1_158' title='bbox 486 1822 580 1875; x_wconf 80' lang='grc' dir='ltr'><strong>τὸν</strong></span> <span class='ocrx_word' id='word_1_159' title='bbox 606 1822 874 1893; x_wconf 72' lang='grc' dir='ltr'><strong>αἱρέσεων</strong></span> <span class='ocrx_word' id='word_1_160' title='bbox 904 1820 1068 1876; x_wconf 90' lang='grc' dir='ltr'><strong>αὐτοῦ</strong></span> <span class='ocrx_word' id='word_1_161' title='bbox 1102 1823 1531 1895; x_wconf 81' lang='grc' dir='ltr'><strong>παραστήσομεν</strong></span> <span class='ocrx_word' id='word_1_162' title='bbox 1549 1825 1700 1894; x_wconf 78' lang='grc' dir='ltr'><strong>ἐλεγ-</strong></span> 
     </span>
    </p>
   </div>
   <div class='ocr_carea' id='block_1_26' title="bbox 149 1907 1701 1987">
    <p class='ocr_par' dir='ltr' id='par_1_26' title="bbox 149 1907 1701 1987">
     <span class='ocr_line' id='line_1_26' title="bbox 149 1907 1701 1987; baseline 0.002 -20"><span class='ocrx_word' id='word_1_163' title='bbox 149 1931 247 1985; x_wconf 82' lang='grc' dir='ltr'><strong>χον.</strong></span> <span class='ocrx_word' id='word_1_164' title='bbox 297 1913 576 1968; x_wconf 78' lang='grc' dir='ltr'><strong>Ἀκουέτω</strong></span> <span class='ocrx_word' id='word_1_165' title='bbox 612 1911 743 1981; x_wconf 88' lang='grc' dir='ltr'><strong>γοῦν</strong></span> <span class='ocrx_word' id='word_1_166' title='bbox 780 1907 937 1977; x_wconf 75' lang='grc' dir='ltr'><strong>οὗτος</strong></span> <span class='ocrx_word' id='word_1_167' title='bbox 969 1913 1117 1975; x_wconf 76' lang='grc' dir='ltr'><strong>ὅστις</strong></span> <span class='ocrx_word' id='word_1_168' title='bbox 1154 1913 1219 1967; x_wconf 81' lang='grc' dir='ltr'><strong>ἀν</strong></span> <span class='ocrx_word' id='word_1_169' title='bbox 1258 1912 1368 1985; x_wconf 67' lang='grc' dir='ltr'><strong>εἴη,</strong></span> <span class='ocrx_word' id='word_1_170' title='bbox 1399 1915 1495 1969; x_wconf 58' lang='grc' dir='ltr'><strong>καί⁵</strong></span> <span class='ocrx_word' id='word_1_171' title='bbox 1531 1917 1701 1987; x_wconf 86' lang='grc' dir='ltr'><strong>διαγι-</strong></span> 
     </span>
    </p>
   </div>
   <div class='ocr_carea' id='block_1_27' title="bbox 147 2005 403 2059">
    <p class='ocr_par' dir='ltr' id='par_1_27' title="bbox 147 2005 403 2059">
     <span class='ocr_line' id='line_1_27' title="bbox 147 2005 403 2059; baseline 0 -2"><span class='ocrx_word' id='word_1_172' title='bbox 147 2005 403 2059; x_wconf 82' lang='grc' dir='ltr'><strong>νωσκέτω.</strong></span> 
     </span>
    </p>
   </div>
   <div class='ocr_carea' id='block_1_28' title="bbox 209 2187 1699 2266">
    <p class='ocr_par' dir='ltr' id='par_1_28' title="bbox 209 2187 1699 2266">
     <span class='ocr_line' id='line_1_28' title="bbox 209 2187 1699 2266; baseline 0.007 -24"><span class='ocrx_word' id='word_1_173' title='bbox 209 2187 273 2257; x_wconf 81' lang='grc' dir='ltr'><strong>β’.</strong></span> <span class='ocrx_word' id='word_1_174' title='bbox 324 2207 342 2239; x_wconf 79' lang='grc' dir='ltr'><strong>ι</strong></span> <span class='ocrx_word' id='word_1_175' title='bbox 382 2188 455 2241; x_wconf 85' lang='grc' dir='ltr'><strong>Τὸ</strong></span> <span class='ocrx_word' id='word_1_176' title='bbox 500 2188 748 2260; x_wconf 81' lang='grc' dir='ltr'><strong>Πνεῦμα,</strong></span> <span class='ocrx_word' id='word_1_177' title='bbox 779 2207 801 2243; x_wconf 77' lang='grc' dir='ltr'><strong>ι</strong></span> <span class='ocrx_word' id='word_1_178' title='bbox 845 2192 1002 2262; x_wconf 72' lang='grc' dir='ltr'><strong>φησὶ,</strong></span> <span class='ocrx_word' id='word_1_179' title='bbox 1044 2210 1063 2244; x_wconf 75' lang='grc' dir='ltr'><strong>ι</strong></span> <span class='ocrx_word' id='word_1_180' title='bbox 1102 2192 1162 2247; x_wconf 79' lang='grc' dir='ltr'><strong>τὸ</strong></span> <span class='ocrx_word' id='word_1_181' title='bbox 1184 2193 1341 2260; x_wconf 83' lang='grc' dir='ltr'><strong>ἀγιον</strong></span> <span class='ocrx_word' id='word_1_182' title='bbox 1369 2194 1433 2248; x_wconf 80' lang='grc' dir='ltr'><strong>ὲκ</strong></span> <span class='ocrx_word' id='word_1_183' title='bbox 1471 2196 1569 2266; x_wconf 82' lang='grc' dir='ltr'><strong>τῆς</strong></span> <span class='ocrx_word' id='word_1_184' title='bbox 1606 2195 1699 2251; x_wconf 86' lang='grc' dir='ltr'><strong>οὐ·</strong></span> 
     </span>
    </p>
   </div>
   <div class='ocr_carea' id='block_1_29' title="bbox 146 2280 1703 2358">
    <p class='ocr_par' dir='ltr' id='par_1_29' title="bbox 146 2280 1703 2358">
     <span class='ocr_line' id='line_1_29' title="bbox 146 2280 1703 2358; baseline 0.006 -25"><span class='ocrx_word' id='word_1_185' title='bbox 146 2280 256 2343; x_wconf 82' lang='grc' dir='ltr'><strong>σίας</strong></span> <span class='ocrx_word' id='word_1_186' title='bbox 284 2280 577 2350; x_wconf 85' lang='grc' dir='ltr'><strong>λεγόμενον</strong></span> <span class='ocrx_word' id='word_1_187' title='bbox 601 2281 697 2335; x_wconf 87' lang='grc' dir='ltr'><strong>τοῦ</strong></span> <span class='ocrx_word' id='word_1_188' title='bbox 740 2283 978 2354; x_wconf 83' lang='grc' dir='ltr'><strong>Πατρδς,</strong></span> <span class='ocrx_word' id='word_1_189' title='bbox 1009 2286 1189 2350; x_wconf 84' lang='grc' dir='ltr'><strong>καλῶς</strong></span> <span class='ocrx_word' id='word_1_190' title='bbox 1218 2286 1284 2342; x_wconf 74' lang='grc' dir='ltr'><strong>ἂν</strong></span> <span class='ocrx_word' id='word_1_191' title='bbox 1310 2286 1426 2358; x_wconf 80' lang='grc' dir='ltr'><strong>ἔχοι</strong></span> <span class='ocrx_word' id='word_1_192' title='bbox 1488 2289 1580 2343; x_wconf 78' lang='grc' dir='ltr'><strong>καὶ</strong></span> <span class='ocrx_word' id='word_1_193' title='bbox 1613 2291 1703 2343; x_wconf 89' lang='grc' dir='ltr'><strong>εὐ-</strong></span> 
     </span>
    </p>
   </div>
   <div class='ocr_carea' id='block_1_30' title="bbox 143 2371 1700 2449">
    <p class='ocr_par' dir='ltr' id='par_1_30' title="bbox 143 2371 1700 2449">
     <span class='ocr_line' id='line_1_30' title="bbox 143 2371 1700 2449; baseline 0.006 -24"><span class='ocrx_word' id='word_1_194' title='bbox 143 2371 302 2435; x_wconf 72' lang='grc' dir='ltr'><strong>σεϐῶς</strong></span> <span class='ocrx_word' id='word_1_195' title='bbox 329 2374 422 2427; x_wconf 75' lang='grc' dir='ltr'><strong>καὶ</strong></span> <span class='ocrx_word' id='word_1_196' title='bbox 456 2375 521 2426; x_wconf 81' lang='grc' dir='ltr'><strong>ἐκ</strong></span> <span class='ocrx_word' id='word_1_197' title='bbox 552 2373 651 2443; x_wconf 81' lang='grc' dir='ltr'><strong>τῆς</strong></span> <span class='ocrx_word' id='word_1_198' title='bbox 683 2373 778 2426; x_wconf 83' lang='grc' dir='ltr'><strong>τοῦ</strong></span> <span class='ocrx_word' id='word_1_199' title='bbox 827 2374 958 2427; x_wconf 90' lang='grc' dir='ltr'><strong>Υίοῦ</strong></span> <span class='ocrx_word' id='word_1_200' title='bbox 988 2375 1266 2444; x_wconf 79' lang='grc' dir='ltr'><strong>λέγεσθαι.</strong></span> <span class='ocrx_word' id='word_1_201' title='bbox 1296 2378 1410 2432; x_wconf 86' lang='grc' dir='ltr'><strong>Μία</strong></span> <span class='ocrx_word' id='word_1_202' title='bbox 1437 2379 1567 2449; x_wconf 73' lang='grc' dir='ltr'><strong>γὰρ,</strong></span> <span class='ocrx_word' id='word_1_203' title='bbox 1604 2380 1700 2434; x_wconf 82' lang='grc' dir='ltr'><strong>καὶ</strong></span> 
     </span>
    </p>
   </div>
   <div class='ocr_carea' id='block_1_31' title="bbox 143 2465 1697 2544">
    <p class='ocr_par' dir='ltr' id='par_1_31' title="bbox 143 2465 1697 2544">
     <span class='ocr_line' id='line_1_31' title="bbox 143 2465 1697 2544; baseline 0.007 -27"><span class='ocrx_word' id='word_1_204' title='bbox 143 2466 211 2530; x_wconf 84' lang='grc' dir='ltr'><strong>ὡς</strong></span> <span class='ocrx_word' id='word_1_205' title='bbox 263 2466 416 2519; x_wconf 82' lang='grc' dir='ltr'><strong>οὐσία</strong></span> <span class='ocrx_word' id='word_1_206' title='bbox 469 2466 573 2520; x_wconf 90' lang='grc' dir='ltr'><strong>οὐκ</strong></span> <span class='ocrx_word' id='word_1_207' title='bbox 635 2465 788 2519; x_wconf 77' lang='grc' dir='ltr'><strong>ἐστιν</strong></span> <span class='ocrx_word' id='word_1_208' title='bbox 835 2466 985 2532; x_wconf 76' lang='grc' dir='ltr'><strong>ὅπως</strong></span> <span class='ocrx_word' id='word_1_209' title='bbox 1019 2470 1147 2522; x_wconf 79' lang='grc' dir='ltr'><strong>ποτὲ</strong></span> <span class='ocrx_word' id='word_1_210' title='bbox 1173 2470 1440 2543; x_wconf 87' lang='grc' dir='ltr'><strong>διαίρεσιν</strong></span> <span class='ocrx_word' id='word_1_211' title='bbox 1467 2474 1697 2544; x_wconf 80' lang='grc' dir='ltr'><strong>δέχοιτο.</strong></span> 
     </span>
    </p>
   </div>
   <div class='ocr_carea' id='block_1_32' title="bbox 138 2558 1699 2636">
    <p class='ocr_par' dir='ltr' id='par_1_32' title="bbox 138 2558 1699 2636">
     <span class='ocr_line' id='line_1_32' title="bbox 138 2558 1699 2636; baseline 0.006 -26"><span class='ocrx_word' id='word_1_212' title='bbox 138 2558 349 2612; x_wconf 71' lang='grc' dir='ltr'><strong>Διότιδὲ</strong></span> <span class='ocrx_word' id='word_1_213' title='bbox 407 2558 507 2628; x_wconf 84' lang='grc' dir='ltr'><strong>μία</strong></span> <span class='ocrx_word' id='word_1_214' title='bbox 567 2559 630 2612; x_wconf 80' lang='grc' dir='ltr'><strong>τὸ</strong></span> <span class='ocrx_word' id='word_1_215' title='bbox 682 2560 748 2613; x_wconf 75' lang='grc' dir='ltr'><strong>ἐκ</strong></span> <span class='ocrx_word' id='word_1_216' title='bbox 797 2559 896 2631; x_wconf 81' lang='grc' dir='ltr'><strong>τῆς</strong></span> <span class='ocrx_word' id='word_1_217' title='bbox 927 2560 1114 2626; x_wconf 81' lang='grc' dir='ltr'><strong>οὐσίας</strong></span> <span class='ocrx_word' id='word_1_218' title='bbox 1137 2562 1572 2636; x_wconf 81' lang='grc' dir='ltr'><strong>ὁμολογούμενον</strong></span> <span class='ocrx_word' id='word_1_219' title='bbox 1604 2564 1699 2620; x_wconf 85' lang='grc' dir='ltr'><strong>τοῦ</strong></span> 
     </span>
    </p>
   </div>
   <div class='ocr_carea' id='block_1_33' title="bbox 139 2648 1701 2729">
    <p class='ocr_par' dir='ltr' id='par_1_33' title="bbox 139 2648 1701 2729">
     <span class='ocr_line' id='line_1_33' title="bbox 139 2648 1701 2729; baseline 0.006 -28"><span class='ocrx_word' id='word_1_220' title='bbox 139 2650 341 2721; x_wconf 68' lang='grc' dir='ltr'><strong>Πατρός</strong></span> <span class='ocrx_word' id='word_1_221' title='bbox 371 2651 431 2702; x_wconf 80' lang='grc' dir='ltr'><strong>τὸ</strong></span> <span class='ocrx_word' id='word_1_222' title='bbox 460 2648 683 2720; x_wconf 81' lang='grc' dir='ltr'><strong>Πνεῦμα</strong></span> <span class='ocrx_word' id='word_1_223' title='bbox 714 2652 810 2705; x_wconf 76' lang='grc' dir='ltr'><strong>καὶ</strong></span> <span class='ocrx_word' id='word_1_224' title='bbox 852 2653 921 2705; x_wconf 73' lang='grc' dir='ltr'><strong>ἐκ</strong></span> <span class='ocrx_word' id='word_1_225' title='bbox 969 2653 1069 2722; x_wconf 83' lang='grc' dir='ltr'><strong>τῆς</strong></span> <span class='ocrx_word' id='word_1_226' title='bbox 1091 2652 1184 2706; x_wconf 85' lang='grc' dir='ltr'><strong>τοῦ</strong></span> <span class='ocrx_word' id='word_1_227' title='bbox 1242 2655 1374 2708; x_wconf 85' lang='grc' dir='ltr'><strong>Υίοῦ</strong></span> <span class='ocrx_word' id='word_1_228' title='bbox 1434 2656 1701 2729; x_wconf 81' lang='grc' dir='ltr'><strong>ὑπάρχειν</strong></span> 
     </span>
    </p>
   </div>
   <div class='ocr_carea' id='block_1_34' title="bbox 135 2741 1698 2819">
    <p class='ocr_par' dir='ltr' id='par_1_34' title="bbox 135 2741 1698 2819">
     <span class='ocr_line' id='line_1_34' title="bbox 135 2741 1698 2819; baseline 0.005 -26"><span class='ocrx_word' id='word_1_229' title='bbox 135 2741 493 2810; x_wconf 76' lang='grc' dir='ltr'><strong>ὁμολογεῖται.</strong></span> <span class='ocrx_word' id='word_1_230' title='bbox 551 2741 697 2813; x_wconf 80' lang='grc' dir='ltr'><strong>Πλὴν</strong></span> <span class='ocrx_word' id='word_1_231' title='bbox 740 2743 803 2796; x_wconf 85' lang='grc' dir='ltr'><strong>οὐ</strong></span> <span class='ocrx_word' id='word_1_232' title='bbox 829 2743 918 2796; x_wconf 73' lang='grc' dir='ltr'><strong>διὰ</strong></span> <span class='ocrx_word' id='word_1_233' title='bbox 954 2743 1112 2797; x_wconf 77' lang='grc' dir='ltr'><strong>τοῦτ’</strong></span> <span class='ocrx_word' id='word_1_234' title='bbox 1162 2745 1265 2816; x_wconf 68' lang='grc' dir='ltr'><strong>ἤδη</strong></span> <span class='ocrx_word' id='word_1_235' title='bbox 1324 2747 1419 2800; x_wconf 72' lang='grc' dir='ltr'><strong>καὶ</strong></span> <span class='ocrx_word' id='word_1_236' title='bbox 1470 2748 1535 2800; x_wconf 74' lang='grc' dir='ltr'><strong>ὲκ</strong></span> <span class='ocrx_word' id='word_1_237' title='bbox 1597 2750 1698 2819; x_wconf 75' lang='grc' dir='ltr'><strong>τῆς</strong></span> 
     </span>
    </p>
   </div>
   <div class='ocr_carea' id='block_1_35' title="bbox 135 2831 1695 2907">
    <p class='ocr_par' dir='ltr' id='par_1_35' title="bbox 135 2831 1695 2907">
     <span class='ocr_line' id='line_1_35' title="bbox 135 2831 1695 2907; baseline 0.004 -22"><span class='ocrx_word' id='word_1_238' title='bbox 135 2832 226 2885; x_wconf 88' lang='grc' dir='ltr'><strong>τοῦ</strong></span> <span class='ocrx_word' id='word_1_239' title='bbox 266 2831 393 2886; x_wconf 88' lang='grc' dir='ltr'><strong>Υίοῦ</strong></span> <span class='ocrx_word' id='word_1_240' title='bbox 431 2834 783 2897; x_wconf 81' lang='grc' dir='ltr'><strong>ὑποστάσεως</strong></span> <span class='ocrx_word' id='word_1_241' title='bbox 803 2834 862 2887; x_wconf 80' lang='grc' dir='ltr'><strong>τὸ</strong></span> <span class='ocrx_word' id='word_1_242' title='bbox 889 2835 1132 2905; x_wconf 83' lang='grc' dir='ltr'><strong>Πνεῦμα,</strong></span> <span class='ocrx_word' id='word_1_243' title='bbox 1187 2837 1289 2889; x_wconf 81' lang='grc' dir='ltr'><strong>κᾶν</strong></span> <span class='ocrx_word' id='word_1_244' title='bbox 1318 2837 1399 2890; x_wconf 80' lang='grc' dir='ltr'><strong>ὅτι</strong></span> <span class='ocrx_word' id='word_1_245' title='bbox 1454 2837 1695 2907; x_wconf 77' lang='grc' dir='ltr'><strong>μάλιστα</strong></span> 
     </span>
    </p>
   </div>
   <div class='ocr_carea' id='block_1_36' title="bbox 133 2924 1697 2999">
    <p class='ocr_par' dir='ltr' id='par_1_36' title="bbox 133 2924 1697 2999">
     <span class='ocr_line' id='line_1_36' title="bbox 133 2924 1697 2999; baseline 0.004 -21"><span class='ocrx_word' id='word_1_246' title='bbox 133 2925 198 2978; x_wconf 78' lang='grc' dir='ltr'><strong>ὲκ</strong></span> <span class='ocrx_word' id='word_1_247' title='bbox 227 2925 323 2992; x_wconf 75' lang='grc' dir='ltr'><strong>τῆς</strong></span> <span class='ocrx_word' id='word_1_248' title='bbox 359 2924 711 2986; x_wconf 78' lang='grc' dir='ltr'><strong>ὑποστάσεως</strong></span> <span class='ocrx_word' id='word_1_249' title='bbox 752 2924 847 2978; x_wconf 82' lang='grc' dir='ltr'><strong>καὶ</strong></span> <span class='ocrx_word' id='word_1_250' title='bbox 870 2926 934 2977; x_wconf 83' lang='grc' dir='ltr'><strong>ὲκ</strong></span> <span class='ocrx_word' id='word_1_251' title='bbox 966 2926 1067 2994; x_wconf 82' lang='grc' dir='ltr'><strong>τῆς</strong></span> <span class='ocrx_word' id='word_1_252' title='bbox 1097 2926 1286 2991; x_wconf 78' lang='grc' dir='ltr'><strong>οὐσίας</strong></span> <span class='ocrx_word' id='word_1_253' title='bbox 1317 2927 1544 2999; x_wconf 81' lang='grc' dir='ltr'><strong>λέγηται</strong></span> <span class='ocrx_word' id='word_1_254' title='bbox 1602 2930 1697 2999; x_wconf 84' lang='grc' dir='ltr'><strong>τοῦ</strong></span> 
     </span>
    </p>
   </div>
   <div class='ocr_carea' id='block_1_37' title="bbox 135 3013 1701 3090">
    <p class='ocr_par' dir='ltr' id='par_1_37' title="bbox 135 3013 1701 3090">
     <span class='ocr_line' id='line_1_37' title="bbox 135 3013 1701 3090; baseline 0.007 -24"><span class='ocrx_word' id='word_1_255' title='bbox 135 3014 358 3085; x_wconf 81' lang='grc' dir='ltr'><strong>Πατρός.</strong></span> <span class='ocrx_word' id='word_1_256' title='bbox 388 3034 407 3067; x_wconf 72' lang='grc' dir='ltr'><strong>ι</strong></span> <span class='ocrx_word' id='word_1_257' title='bbox 430 3015 496 3068; x_wconf 87' lang='grc' dir='ltr'><strong>Τί</strong></span> <span class='ocrx_word' id='word_1_258' title='bbox 527 3016 653 3087; x_wconf 75' lang='grc' dir='ltr'><strong>φῂς,</strong></span> <span class='ocrx_word' id='word_1_259' title='bbox 681 3018 709 3067; x_wconf 82' lang='grc' dir='ltr'><strong>ό</strong></span> <span class='ocrx_word' id='word_1_260' title='bbox 742 3016 1149 3084; x_wconf 85' lang='grc' dir='ltr'><strong>διαγινώσκων;</strong></span> <span class='ocrx_word' id='word_1_261' title='bbox 1175 3013 1286 3090; x_wconf 84' lang='grc' dir='ltr'><strong>ἆρα</strong></span> <span class='ocrx_word' id='word_1_262' title='bbox 1304 3020 1496 3089; x_wconf 82' lang='grc' dir='ltr'><strong>σοφίας</strong></span> <span class='ocrx_word' id='word_1_263' title='bbox 1526 3021 1701 3079; x_wconf 84' lang='grc' dir='ltr'><strong>ταῦτα</strong></span> 
     </span>
    </p>
   </div>
   <div class='ocr_carea' id='block_1_38' title="bbox 1802 997 3372 1080">
    <p class='ocr_par' dir='ltr' id='par_1_38' title="bbox 1802 997 3372 1080">
     <span class='ocr_line' id='line_1_38' title="bbox 1802 997 3372 1080; baseline 0.012 -32"><span class='ocrx_word' id='word_1_264' title='bbox 1802 997 1915 1051; x_wconf 89' lang='lat' dir='ltr'><strong>rias</strong></span> <span class='ocrx_word' id='word_1_265' title='bbox 1953 1013 2018 1053; x_wconf 89' lang='lat' dir='ltr'><strong>ac</strong></span> <span class='ocrx_word' id='word_1_266' title='bbox 2068 998 2458 1069; x_wconf 77' lang='lat' dir='ltr'><strong>blasplretuias,</strong></span> <span class='ocrx_word' id='word_1_267' title='bbox 2511 1019 2647 1074; x_wconf 91' lang='lat' dir='ltr'><strong>quas</strong></span> <span class='ocrx_word' id='word_1_268' title='bbox 2702 1009 3021 1065; x_wconf 86' lang='lat' dir='ltr'><strong>innumeras</strong></span> <span class='ocrx_word' id='word_1_269' title='bbox 3076 1011 3166 1065; x_wconf 89' lang='lat' dir='ltr'><strong>ille</strong></span> <span class='ocrx_word' id='word_1_270' title='bbox 3207 1024 3372 1080; x_wconf 84' lang='lat' dir='ltr'><strong>atque</strong></span> 
     </span>
    </p>
   </div>
   <div class='ocr_carea' id='block_1_39' title="bbox 1803 1087 3374 1172">
    <p class='ocr_par' dir='ltr' id='par_1_39' title="bbox 1803 1087 3374 1172">
     <span class='ocr_line' id='line_1_39' title="bbox 1803 1087 3374 1172; baseline 0.013 -32"><span class='ocrx_word' id='word_1_271' title='bbox 1803 1087 2122 1156; x_wconf 90' lang='lat' dir='ltr'><strong>immensas,</strong></span> <span class='ocrx_word' id='word_1_272' title='bbox 2154 1103 2206 1146; x_wconf 92' lang='lat' dir='ltr'><strong>et</strong></span> <span class='ocrx_word' id='word_1_273' title='bbox 2234 1108 2452 1162; x_wconf 73' lang='lat' dir='ltr'><strong>graves,</strong></span> <span class='ocrx_word' id='word_1_274' title='bbox 2485 1104 2538 1149; x_wconf 91' lang='lat' dir='ltr'><strong>et</strong></span> <span class='ocrx_word' id='word_1_275' title='bbox 2568 1097 2748 1158; x_wconf 83' lang='lat' dir='ltr'><strong>alteri,</strong></span> <span class='ocrx_word' id='word_1_276' title='bbox 2781 1101 2875 1169; x_wconf 88' lang='lat' dir='ltr'><strong>qui</strong></span> <span class='ocrx_word' id='word_1_277' title='bbox 2906 1116 3058 1169; x_wconf 70' lang='lat' dir='ltr'><strong>aeque</strong></span> <span class='ocrx_word' id='word_1_278' title='bbox 3087 1111 3251 1172; x_wconf 84' lang='lat' dir='ltr'><strong>atque</strong></span> <span class='ocrx_word' id='word_1_279' title='bbox 3281 1103 3374 1160; x_wconf 86' lang='lat' dir='ltr'><strong>ille</strong></span> 
     </span>
    </p>
   </div>
   <div class='ocr_carea' id='block_1_40' title="bbox 1805 1179 3381 1257">
    <p class='ocr_par' dir='ltr' id='par_1_40' title="bbox 1805 1179 3381 1257">
     <span class='ocr_line' id='line_1_40' title="bbox 1805 1179 3381 1257; baseline 0.013 -26"><span class='ocrx_word' id='word_1_280' title='bbox 1805 1179 2001 1246; x_wconf 86' lang='lat' dir='ltr'><strong>pusillo</strong></span> <span class='ocrx_word' id='word_1_281' title='bbox 2052 1189 2218 1250; x_wconf 89' lang='lat' dir='ltr'><strong>atque</strong></span> <span class='ocrx_word' id='word_1_282' title='bbox 2269 1184 2522 1254; x_wconf 84' lang='lat' dir='ltr'><strong>degeneri</strong></span> <span class='ocrx_word' id='word_1_283' title='bbox 2575 1189 2758 1244; x_wconf 88' lang='lat' dir='ltr'><strong>animo</strong></span> <span class='ocrx_word' id='word_1_284' title='bbox 2809 1202 2914 1257; x_wconf 90' lang='lat' dir='ltr'><strong>est,</strong></span> <span class='ocrx_word' id='word_1_285' title='bbox 2967 1194 3191 1249; x_wconf 88' lang='lat' dir='ltr'><strong>minime</strong></span> <span class='ocrx_word' id='word_1_286' title='bbox 3238 1195 3381 1251; x_wconf 76' lang='lat' dir='ltr'><strong>forte</strong></span> 
     </span>
    </p>
   </div>
   <div class='ocr_carea' id='block_1_41' title="bbox 1804 1268 3375 1348">
    <p class='ocr_par' dir='ltr' id='par_1_41' title="bbox 1804 1268 3375 1348">
     <span class='ocr_line' id='line_1_41' title="bbox 1804 1268 3375 1348; baseline 0.013 -26"><span class='ocrx_word' id='word_1_287' title='bbox 1804 1268 2142 1339; x_wconf 84' lang='lat' dir='ltr'><strong>tolerabiles,</strong></span> <span class='ocrx_word' id='word_1_288' title='bbox 2180 1273 2233 1327; x_wconf 92' lang='lat' dir='ltr'><strong>in</strong></span> <span class='ocrx_word' id='word_1_289' title='bbox 2268 1284 2514 1330; x_wconf 85' lang='lat' dir='ltr'><strong>nostram</strong></span> <span class='ocrx_word' id='word_1_290' title='bbox 2548 1280 2983 1336; x_wconf 83' lang='lat' dir='ltr'><strong>mediocritatem</strong></span> <span class='ocrx_word' id='word_1_291' title='bbox 3015 1282 3225 1348; x_wconf 80' lang='lat' dir='ltr'><strong>elIudit,</strong></span> <span class='ocrx_word' id='word_1_292' title='bbox 3265 1302 3375 1342; x_wconf 87' lang='lat' dir='ltr'><strong>non</strong></span> 
     </span>
    </p>
   </div>
   <div class='ocr_carea' id='block_1_42' title="bbox 1805 1360 3376 1439">
    <p class='ocr_par' dir='ltr' id='par_1_42' title="bbox 1805 1360 3376 1439">
     <span class='ocr_line' id='line_1_42' title="bbox 1805 1360 3376 1439; baseline 0.011 -27"><span class='ocrx_word' id='word_1_293' title='bbox 1805 1360 1998 1415; x_wconf 90' lang='lat' dir='ltr'><strong>melius</strong></span> <span class='ocrx_word' id='word_1_294' title='bbox 2031 1378 2192 1433; x_wconf 84' lang='lat' dir='ltr'><strong>quam</strong></span> <span class='ocrx_word' id='word_1_295' title='bbox 2226 1367 2318 1436; x_wconf 88' lang='lat' dir='ltr'><strong>qui</strong></span> <span class='ocrx_word' id='word_1_296' title='bbox 2350 1367 2494 1439; x_wconf 87' lang='lat' dir='ltr'><strong>apud</strong></span> <span class='ocrx_word' id='word_1_297' title='bbox 2527 1370 2782 1427; x_wconf 86' lang='lat' dir='ltr'><strong>Davidem</strong></span> <span class='ocrx_word' id='word_1_298' title='bbox 2817 1381 2899 1428; x_wconf 87' lang='lat' dir='ltr'><strong>est</strong></span> <span class='ocrx_word' id='word_1_299' title='bbox 2930 1376 3130 1431; x_wconf 88' lang='lat' dir='ltr'><strong>surdus</strong></span> <span class='ocrx_word' id='word_1_300' title='bbox 3162 1385 3376 1433; x_wconf 65' lang='lat' dir='ltr'><strong>et&#39;mu-il</strong></span> 
     </span>
    </p>
   </div>
   <div class='ocr_carea' id='block_1_43' title="bbox 1807 1455 3372 1532">
    <p class='ocr_par' dir='ltr' id='par_1_43' title="bbox 1807 1455 3372 1532">
     <span class='ocr_line' id='line_1_43' title="bbox 1807 1455 3372 1532; baseline 0.014 -28"><span class='ocrx_word' id='word_1_301' title='bbox 1807 1462 1914 1515; x_wconf 88' lang='lat' dir='ltr'><strong>tus,</strong></span> <span class='ocrx_word' id='word_1_302' title='bbox 1953 1468 2200 1522; x_wconf 76' lang='lat' dir='ltr'><strong>agemus.</strong></span> <span class='ocrx_word' id='word_1_303' title='bbox 2235 1455 2366 1523; x_wconf 61' lang='lat' dir='ltr'><strong>Quae</strong></span> <span class='ocrx_word' id='word_1_304' title='bbox 2400 1475 2531 1515; x_wconf 86' lang='lat' dir='ltr'><strong>vero</strong></span> <span class='ocrx_word' id='word_1_305' title='bbox 2574 1461 2688 1532; x_wconf 91' lang='lat' dir='ltr'><strong>ipse</strong></span> <span class='ocrx_word' id='word_1_306' title='bbox 2735 1480 2800 1518; x_wconf 81' lang='lat' dir='ltr'><strong>ex</strong></span> <span class='ocrx_word' id='word_1_307' title='bbox 2834 1475 3023 1521; x_wconf 69' lang='lat' dir='ltr'><strong>Ventre</strong></span> <span class='ocrx_word' id='word_1_308' title='bbox 3072 1484 3210 1522; x_wconf 87' lang='lat' dir='ltr'><strong>nova</strong></span> <span class='ocrx_word' id='word_1_309' title='bbox 3241 1484 3372 1525; x_wconf 84' lang='lat' dir='ltr'><strong>etu-</strong></span> 
     </span>
    </p>
   </div>
   <div class='ocr_carea' id='block_1_44' title="bbox 1804 1545 3373 1625">
    <p class='ocr_par' dir='ltr' id='par_1_44' title="bbox 1804 1545 3373 1625">
     <span class='ocr_line' id='line_1_44' title="bbox 1804 1545 3373 1625; baseline 0.013 -30"><span class='ocrx_word' id='word_1_310' title='bbox 1804 1549 1916 1596; x_wconf 87' lang='lat' dir='ltr'><strong>ctat</strong></span> <span class='ocrx_word' id='word_1_311' title='bbox 1966 1545 2240 1615; x_wconf 75' lang='lat' dir='ltr'><strong>dogmata,</strong></span> <span class='ocrx_word' id='word_1_312' title='bbox 2274 1565 2305 1604; x_wconf 91' lang='lat' dir='ltr'><strong>a</strong></span> <span class='ocrx_word' id='word_1_313' title='bbox 2342 1550 2433 1605; x_wconf 89' lang='lat' dir='ltr'><strong>Dei</strong></span> <span class='ocrx_word' id='word_1_314' title='bbox 2488 1550 2728 1610; x_wconf 80' lang='lat' dir='ltr'><strong>Ecclesia</strong></span> <span class='ocrx_word' id='word_1_315' title='bbox 2773 1570 3004 1625; x_wconf 84' lang='lat' dir='ltr'><strong>prorsus</strong></span> <span class='ocrx_word' id='word_1_316' title='bbox 3038 1559 3251 1625; x_wconf 63' lang='lat' dir='ltr'><strong>&#39;alieua,</strong></span> <span class='ocrx_word' id='word_1_317' title='bbox 3304 1575 3373 1616; x_wconf 75' lang='lat' dir='ltr'><strong>ex</strong></span> 
     </span>
    </p>
   </div>
   <div class='ocr_carea' id='block_1_45' title="bbox 1806 1629 3377 1709">
    <p class='ocr_par' dir='ltr' id='par_1_45' title="bbox 1806 1629 3377 1709">
     <span class='ocr_line' id='line_1_45' title="bbox 1806 1629 3377 1709; baseline 0.017 -29"><span class='ocrx_word' id='word_1_318' title='bbox 1806 1629 2089 1697; x_wconf 89' lang='lat' dir='ltr'><strong>oratione,</strong></span> <span class='ocrx_word' id='word_1_319' title='bbox 2152 1651 2314 1704; x_wconf 89' lang='lat' dir='ltr'><strong>quam</strong></span> <span class='ocrx_word' id='word_1_320' title='bbox 2372 1638 2461 1693; x_wconf 89' lang='lat' dir='ltr'><strong>ille</strong></span> <span class='ocrx_word' id='word_1_321' title='bbox 2513 1640 2723 1709; x_wconf 91' lang='lat' dir='ltr'><strong>primus</strong></span> <span class='ocrx_word' id='word_1_322' title='bbox 2784 1645 2945 1701; x_wconf 90' lang='lat' dir='ltr'><strong>nobis</strong></span> <span class='ocrx_word' id='word_1_323' title='bbox 2998 1649 3377 1707; x_wconf 84' lang='lat' dir='ltr'><strong>contradicens</strong></span> 
     </span>
    </p>
   </div>
   <div class='ocr_carea' id='block_1_46' title="bbox 1807 1719 3374 1796">
    <p class='ocr_par' dir='ltr' id='par_1_46' title="bbox 1807 1719 3374 1796">
     <span class='ocr_line' id='line_1_46' title="bbox 1807 1719 3374 1796; baseline 0.015 -24"><span class='ocrx_word' id='word_1_324' title='bbox 1807 1719 2194 1791; x_wconf 86' lang='lat' dir='ltr'><strong>concinnavit,</strong></span> <span class='ocrx_word' id='word_1_325' title='bbox 2261 1740 2625 1796; x_wconf 66' lang='lat' dir='ltr'><strong>praasecantes</strong></span> <span class='ocrx_word' id='word_1_326' title='bbox 2690 1733 2745 1787; x_wconf 92' lang='lat' dir='ltr'><strong>in</strong></span> <span class='ocrx_word' id='word_1_327' title='bbox 2828 1736 3066 1791; x_wconf 88' lang='lat' dir='ltr'><strong>medium</strong></span> <span class='ocrx_word' id='word_1_328' title='bbox 3135 1739 3374 1796; x_wconf 88' lang='lat' dir='ltr'><strong>adduce-</strong></span> 
     </span>
    </p>
   </div>
   <div class='ocr_carea' id='block_1_47' title="bbox 1804 1812 3363 1894">
    <p class='ocr_par' dir='ltr' id='par_1_47' title="bbox 1804 1812 3363 1894">
     <span class='ocr_line' id='line_1_47' title="bbox 1804 1812 3363 1894; baseline 0.015 -34"><span class='ocrx_word' id='word_1_329' title='bbox 1804 1823 1947 1874; x_wconf 85' lang='lat' dir='ltr'><strong>mus,</strong></span> <span class='ocrx_word' id='word_1_330' title='bbox 1998 1812 2309 1884; x_wconf 89' lang='lat' dir='ltr'><strong>volentique</strong></span> <span class='ocrx_word' id='word_1_331' title='bbox 2364 1817 2665 1887; x_wconf 87' lang='lat' dir='ltr'><strong>dijudicare</strong></span> <span class='ocrx_word' id='word_1_332' title='bbox 2720 1823 3127 1894; x_wconf 83' lang='lat' dir='ltr'><strong>relinquemus,</strong></span> <span class='ocrx_word' id='word_1_333' title='bbox 3180 1844 3363 1884; x_wconf 89' lang='lat' dir='ltr'><strong>annon</strong></span> 
     </span>
    </p>
   </div>
   <div class='ocr_carea' id='block_1_48' title="bbox 1802 1900 3367 1976">
    <p class='ocr_par' dir='ltr' id='par_1_48' title="bbox 1802 1900 3367 1976">
     <span class='ocr_line' id='line_1_48' title="bbox 1802 1900 3367 1976; baseline 0.013 -22"><span class='ocrx_word' id='word_1_334' title='bbox 1802 1900 1957 1956; x_wconf 79' lang='lat' dir='ltr'><strong>ﬁrme</strong></span> <span class='ocrx_word' id='word_1_335' title='bbox 2004 1918 2100 1972; x_wconf 89' lang='lat' dir='ltr'><strong>per</strong></span> <span class='ocrx_word' id='word_1_336' title='bbox 2151 1907 2356 1976; x_wconf 76' lang='lat' dir='ltr'><strong>scripto</strong></span> <span class='ocrx_word' id='word_1_337' title='bbox 2411 1911 2636 1967; x_wconf 85' lang='lat' dir='ltr'><strong>traditas</strong></span> <span class='ocrx_word' id='word_1_338' title='bbox 2669 1913 3166 1974; x_wconf 81' lang='lat' dir='ltr'><strong>demonstrationes</strong></span> <span class='ocrx_word' id='word_1_339' title='bbox 3218 1920 3367 1975; x_wconf 88' lang='lat' dir='ltr'><strong>illius</strong></span> 
     </span>
    </p>
   </div>
   <div class='ocr_carea' id='block_1_49' title="bbox 1803 1993 3375 2085">
    <p class='ocr_par' dir='ltr' id='par_1_49' title="bbox 1803 1993 3375 2085">
     <span class='ocr_line' id='line_1_49' title="bbox 1803 1993 3375 2085; baseline 0.015 -38"><span class='ocrx_word' id='word_1_340' title='bbox 1803 1993 2187 2052; x_wconf 78' lang='lat' dir='ltr'><strong>refutationem</strong></span> <span class='ocrx_word' id='word_1_341' title='bbox 2224 2001 2595 2061; x_wconf 85' lang='lat' dir='ltr'><strong>instituemus.</strong></span> <span class='ocrx_word' id='word_1_342' title='bbox 2625 2007 2822 2064; x_wconf 85' lang='lat' dir='ltr'><strong>Audiat</strong></span> <span class='ocrx_word' id='word_1_343' title='bbox 2854 2010 3027 2077; x_wconf 67' lang='lat' dir='ltr'><strong>igitur</strong></span> <span class='ocrx_word' id='word_1_344' title='bbox 3052 2014 3375 2085; x_wconf 85' lang='lat' dir='ltr'><strong>quicunque</strong></span> 
     </span>
    </p>
   </div>
   <div class='ocr_carea' id='block_1_50' title="bbox 1801 2082 2522 2163">
    <p class='ocr_par' dir='ltr' id='par_1_50' title="bbox 1801 2082 2522 2163">
     <span class='ocr_line' id='line_1_50' title="bbox 1801 2082 2522 2163; baseline 0.019 -26"><span class='ocrx_word' id='word_1_345' title='bbox 1801 2082 1891 2138; x_wconf 88' lang='lat' dir='ltr'><strong>ille</strong></span> <span class='ocrx_word' id='word_1_346' title='bbox 1921 2086 2012 2153; x_wconf 90' lang='lat' dir='ltr'><strong>sit,</strong></span> <span class='ocrx_word' id='word_1_347' title='bbox 2048 2102 2209 2160; x_wconf 88' lang='lat' dir='ltr'><strong>atque</strong></span> <span class='ocrx_word' id='word_1_348' title='bbox 2239 2092 2522 2163; x_wconf 83' lang='lat' dir='ltr'><strong>dijudicet.</strong></span> 
     </span>
    </p>
   </div>
   <div class='ocr_carea' id='block_1_51' title="bbox 1872 2174 3375 2261">
    <p class='ocr_par' dir='ltr' id='par_1_51' title="bbox 1872 2174 3375 2261">
     <span class='ocr_line' id='line_1_51' title="bbox 1872 2174 3375 2261; baseline 0.017 -30"><span class='ocrx_word' id='word_1_349' title='bbox 1872 2177 1928 2232; x_wconf 73' lang='lat'><strong>2.</strong></span> <span class='ocrx_word' id='word_1_350' title='bbox 1978 2199 1999 2231; x_wconf 86' lang='grc'><em>‹</em></span> <span class='ocrx_word' id='word_1_351' title='bbox 2029 2174 2286 2251; x_wconf 85' lang='lat' dir='ltr'><strong>Spiritus,</strong></span> <span class='ocrx_word' id='word_1_352' title='bbox 2326 2205 2345 2237; x_wconf 77' lang='grc' dir='ltr'><strong>ι</strong></span> <span class='ocrx_word' id='word_1_353' title='bbox 2404 2188 2597 2258; x_wconf 90' lang='lat' dir='ltr'><strong>inquit,</strong></span> <span class='ocrx_word' id='word_1_354' title='bbox 2660 2210 2679 2243; x_wconf 82' lang='grc' dir='ltr'><strong>ι</strong></span> <span class='ocrx_word' id='word_1_355' title='bbox 2716 2205 2963 2261; x_wconf 84' lang='lat' dir='ltr'><strong>sanctus,</strong></span> <span class='ocrx_word' id='word_1_356' title='bbox 2999 2211 3123 2253; x_wconf 88' lang='lat' dir='ltr'><strong>eum</strong></span> <span class='ocrx_word' id='word_1_357' title='bbox 3169 2198 3375 2256; x_wconf 86' lang='lat' dir='ltr'><strong>dicitur</strong></span> 
     </span>
    </p>
   </div>
   <div class='ocr_carea' id='block_1_52' title="bbox 1803 2271 3474 2350">
    <p class='ocr_par' dir='ltr' id='par_1_52' title="bbox 1803 2271 3474 2350">
     <span class='ocr_line' id='line_1_52' title="bbox 1803 2271 3474 2350; baseline 0.014 -28"><span class='ocrx_word' id='word_1_358' title='bbox 1803 2281 1869 2323; x_wconf 83' lang='lat' dir='ltr'><strong>ex</strong></span> <span class='ocrx_word' id='word_1_359' title='bbox 1904 2272 2142 2326; x_wconf 89' lang='lat' dir='ltr'><strong>essentia</strong></span> <span class='ocrx_word' id='word_1_360' title='bbox 2175 2271 2378 2341; x_wconf 87' lang='lat' dir='ltr'><strong>Patris,</strong></span> <span class='ocrx_word' id='word_1_361' title='bbox 2413 2288 2559 2334; x_wconf 86' lang='lat' dir='ltr'><strong>recte</strong></span> <span class='ocrx_word' id='word_1_362' title='bbox 2590 2280 2787 2350; x_wconf 85' lang='lat' dir='ltr'><strong>pieque</strong></span> <span class='ocrx_word' id='word_1_363' title='bbox 2837 2294 2891 2338; x_wconf 90' lang='lat' dir='ltr'><strong>et</strong></span> <span class='ocrx_word' id='word_1_364' title='bbox 2917 2301 2981 2340; x_wconf 80' lang='lat' dir='ltr'><strong>ex</strong></span> <span class='ocrx_word' id='word_1_365' title='bbox 3011 2291 3248 2343; x_wconf 83' lang='lat' dir='ltr'><strong>essentia</strong></span> <span class='ocrx_word' id='word_1_366' title='bbox 3280 2289 3373 2343; x_wconf 87' lang='lat' dir='ltr'><strong>Fi—</strong></span> <span class='ocrx_word' id='word_1_367' title='bbox 3469 2288 3474 2293; x_wconf 83' lang='grc'><em>’</em></span> 
     </span>
    </p>
   </div>
   <div class='ocr_carea' id='block_1_53' title="bbox 1801 2357 3373 2438">
    <p class='ocr_par' dir='ltr' id='par_1_53' title="bbox 1801 2357 3373 2438">
     <span class='ocr_line' id='line_1_53' title="bbox 1801 2357 3373 2438; baseline 0.013 -24"><span class='ocrx_word' id='word_1_368' title='bbox 1801 2357 1860 2414; x_wconf 89' lang='lat' dir='ltr'><strong>lii</strong></span> <span class='ocrx_word' id='word_1_369' title='bbox 1901 2361 2133 2418; x_wconf 78' lang='lat' dir='ltr'><strong>dicetur.</strong></span> <span class='ocrx_word' id='word_1_370' title='bbox 2184 2361 2298 2419; x_wconf 91' lang='lat' dir='ltr'><strong>Una</strong></span> <span class='ocrx_word' id='word_1_371' title='bbox 2336 2368 2600 2438; x_wconf 88' lang='lat' dir='ltr'><strong>siquidem</strong></span> <span class='ocrx_word' id='word_1_372' title='bbox 2637 2383 2740 2437; x_wconf 90' lang='lat' dir='ltr'><strong>est,</strong></span> <span class='ocrx_word' id='word_1_373' title='bbox 2775 2384 2827 2429; x_wconf 90' lang='lat' dir='ltr'><strong>et</strong></span> <span class='ocrx_word' id='word_1_374' title='bbox 2865 2377 2940 2430; x_wconf 89' lang='lat' dir='ltr'><strong>uti</strong></span> <span class='ocrx_word' id='word_1_375' title='bbox 2974 2380 3210 2434; x_wconf 83' lang='lat' dir='ltr'><strong>essentia</strong></span> <span class='ocrx_word' id='word_1_376' title='bbox 3248 2381 3373 2435; x_wconf 84' lang='lat' dir='ltr'><strong>ttul-</strong></span> 
     </span>
    </p>
   </div>
   <div class='ocr_carea' id='block_1_54' title="bbox 1802 2450 3371 2540">
    <p class='ocr_par' dir='ltr' id='par_1_54' title="bbox 1802 2450 3371 2540">
     <span class='ocr_line' id='line_1_54' title="bbox 1802 2450 3371 2540; baseline 0.013 -35"><span class='ocrx_word' id='word_1_377' title='bbox 1802 2450 1907 2506; x_wconf 85' lang='lat' dir='ltr'><strong>lam</strong></span> <span class='ocrx_word' id='word_1_378' title='bbox 1937 2453 2261 2511; x_wconf 80' lang='lat' dir='ltr'><strong>divisionem</strong></span> <span class='ocrx_word' id='word_1_379' title='bbox 2295 2458 2564 2516; x_wconf 83' lang='lat' dir='ltr'><strong>admittet.</strong></span> <span class='ocrx_word' id='word_1_380' title='bbox 2614 2464 2677 2519; x_wconf 87' lang='lat' dir='ltr'><strong>Et</strong></span> <span class='ocrx_word' id='word_1_381' title='bbox 2721 2467 2865 2535; x_wconf 90' lang='lat' dir='ltr'><strong>quod</strong></span> <span class='ocrx_word' id='word_1_382' title='bbox 2903 2483 3006 2523; x_wconf 90' lang='lat' dir='ltr'><strong>una</strong></span> <span class='ocrx_word' id='word_1_383' title='bbox 3044 2477 3148 2531; x_wconf 90' lang='lat' dir='ltr'><strong>est,</strong></span> <span class='ocrx_word' id='word_1_384' title='bbox 3178 2473 3271 2540; x_wconf 90' lang='lat' dir='ltr'><strong>qui</strong></span> <span class='ocrx_word' id='word_1_385' title='bbox 3304 2488 3371 2526; x_wconf 80' lang='lat' dir='ltr'><strong>ex</strong></span> 
     </span>
    </p>
   </div>
   <div class='ocr_carea' id='block_1_55' title="bbox 1802 2545 3375 2623">
    <p class='ocr_par' dir='ltr' id='par_1_55' title="bbox 1802 2545 3375 2623">
     <span class='ocr_line' id='line_1_55' title="bbox 1802 2545 3375 2623; baseline 0.012 -26"><span class='ocrx_word' id='word_1_386' title='bbox 1802 2545 2036 2599; x_wconf 87' lang='lat' dir='ltr'><strong>essentia</strong></span> <span class='ocrx_word' id='word_1_387' title='bbox 2075 2546 2249 2603; x_wconf 86' lang='lat' dir='ltr'><strong>Patris</strong></span> <span class='ocrx_word' id='word_1_388' title='bbox 2291 2550 2527 2619; x_wconf 87' lang='lat' dir='ltr'><strong>Spiritus</strong></span> <span class='ocrx_word' id='word_1_389' title='bbox 2571 2570 2692 2609; x_wconf 87' lang='lat' dir='ltr'><strong>esse</strong></span> <span class='ocrx_word' id='word_1_390' title='bbox 2730 2556 3051 2623; x_wconf 74' lang='lat' dir='ltr'><strong>allii-matur,</strong></span> <span class='ocrx_word' id='word_1_391' title='bbox 3084 2569 3139 2614; x_wconf 90' lang='lat' dir='ltr'><strong>et</strong></span> <span class='ocrx_word' id='word_1_392' title='bbox 3166 2575 3234 2614; x_wconf 81' lang='lat' dir='ltr'><strong>ex</strong></span> <span class='ocrx_word' id='word_1_393' title='bbox 3286 2577 3375 2616; x_wconf 89' lang='lat' dir='ltr'><strong>es-</strong></span> 
     </span>
    </p>
   </div>
   <div class='ocr_carea' id='block_1_56' title="bbox 1803 2636 3370 2723">
    <p class='ocr_par' dir='ltr' id='par_1_56' title="bbox 1803 2636 3370 2723">
     <span class='ocr_line' id='line_1_56' title="bbox 1803 2636 3370 2723; baseline 0.011 -33"><span class='ocrx_word' id='word_1_394' title='bbox 1803 2636 1976 2690; x_wconf 89' lang='lat' dir='ltr'><strong>sentia</strong></span> <span class='ocrx_word' id='word_1_395' title='bbox 2041 2637 2165 2693; x_wconf 87' lang='lat' dir='ltr'><strong>Filii</strong></span> <span class='ocrx_word' id='word_1_396' title='bbox 2225 2643 2489 2698; x_wconf 75' lang='lat' dir='ltr'><strong>exsistere</strong></span> <span class='ocrx_word' id='word_1_397' title='bbox 2546 2648 2831 2702; x_wconf 89' lang='lat' dir='ltr'><strong>asseritur.</strong></span> <span class='ocrx_word' id='word_1_398' title='bbox 2916 2642 3033 2703; x_wconf 85' lang='lat' dir='ltr'><strong>Non</strong></span> <span class='ocrx_word' id='word_1_399' title='bbox 3090 2663 3370 2723; x_wconf 70' lang='lat' dir='ltr'><strong>propterea</strong></span> 
     </span>
    </p>
   </div>
   <div class='ocr_carea' id='block_1_57' title="bbox 1804 2728 3373 2803">
    <p class='ocr_par' dir='ltr' id='par_1_57' title="bbox 1804 2728 3373 2803">
     <span class='ocr_line' id='line_1_57' title="bbox 1804 2728 3373 2803; baseline 0.013 -25"><span class='ocrx_word' id='word_1_400' title='bbox 1804 2734 1983 2781; x_wconf 89' lang='lat' dir='ltr'><strong>tamen</strong></span> <span class='ocrx_word' id='word_1_401' title='bbox 2019 2728 2253 2798; x_wconf 88' lang='lat' dir='ltr'><strong>Spiritus</strong></span> <span class='ocrx_word' id='word_1_402' title='bbox 2285 2747 2348 2787; x_wconf 82' lang='lat' dir='ltr'><strong>ex</strong></span> <span class='ocrx_word' id='word_1_403' title='bbox 2384 2733 2662 2803; x_wconf 80' lang='lat' dir='ltr'><strong>hypostasi</strong></span> <span class='ocrx_word' id='word_1_404' title='bbox 2693 2734 2817 2791; x_wconf 80' lang='lat' dir='ltr'><strong>Filii</strong></span> <span class='ocrx_word' id='word_1_405' title='bbox 2850 2739 2973 2799; x_wconf 85' lang='lat' dir='ltr'><strong>erit.</strong></span> <span class='ocrx_word' id='word_1_406' title='bbox 3008 2740 3133 2795; x_wconf 88' lang='lat' dir='ltr'><strong>licet</strong></span> <span class='ocrx_word' id='word_1_407' title='bbox 3158 2757 3373 2797; x_wconf 56' lang='lat' dir='ltr'><strong>assevw</strong></span> 
     </span>
    </p>
   </div>
   <div class='ocr_carea' id='block_1_58' title="bbox 1802 2824 3364 2898">
    <p class='ocr_par' dir='ltr' id='par_1_58' title="bbox 1802 2824 3364 2898">
     <span class='ocr_line' id='line_1_58' title="bbox 1802 2824 3364 2898; baseline 0.012 -31"><span class='ocrx_word' id='word_1_408' title='bbox 1802 2824 1985 2871; x_wconf 88' lang='lat' dir='ltr'><strong>ranter</strong></span> <span class='ocrx_word' id='word_1_409' title='bbox 2032 2834 2097 2873; x_wconf 80' lang='lat' dir='ltr'><strong>ex</strong></span> <span class='ocrx_word' id='word_1_410' title='bbox 2153 2825 2389 2877; x_wconf 88' lang='lat' dir='ltr'><strong>essentia</strong></span> <span class='ocrx_word' id='word_1_411' title='bbox 2440 2835 2493 2881; x_wconf 89' lang='lat' dir='ltr'><strong>et</strong></span> <span class='ocrx_word' id='word_1_412' title='bbox 2538 2828 2817 2898; x_wconf 77' lang='lat' dir='ltr'><strong>hypostasi</strong></span> <span class='ocrx_word' id='word_1_413' title='bbox 2853 2828 3028 2885; x_wconf 81' lang='lat' dir='ltr'><strong>Patris</strong></span> <span class='ocrx_word' id='word_1_414' title='bbox 3066 2832 3304 2888; x_wconf 89' lang='lat' dir='ltr'><strong>dicatur.</strong></span> <span class='ocrx_word' id='word_1_415' title='bbox 3346 2854 3364 2885; x_wconf 72' lang='grc' dir='ltr'><strong>ι</strong></span> 
     </span>
    </p>
   </div>
   <div class='ocr_carea' id='block_1_59' title="bbox 1801 2905 3370 2989">
    <p class='ocr_par' dir='ltr' id='par_1_59' title="bbox 1801 2905 3370 2989">
     <span class='ocr_line' id='line_1_59' title="bbox 1801 2905 3370 2989; baseline 0.011 -28"><span class='ocrx_word' id='word_1_416' title='bbox 1801 2905 1941 2972; x_wconf 85' lang='lat' dir='ltr'><strong>Quid</strong></span> <span class='ocrx_word' id='word_1_417' title='bbox 2002 2909 2093 2964; x_wconf 88' lang='lat' dir='ltr'><strong>hic</strong></span> <span class='ocrx_word' id='word_1_418' title='bbox 2154 2913 2254 2979; x_wconf 90' lang='lat' dir='ltr'><strong>ais,</strong></span> <span class='ocrx_word' id='word_1_419' title='bbox 2313 2915 2405 2986; x_wconf 88' lang='lat' dir='ltr'><strong>qui</strong></span> <span class='ocrx_word' id='word_1_420' title='bbox 2482 2917 2594 2972; x_wconf 61' lang='lat' dir='ltr'><strong>hate</strong></span> <span class='ocrx_word' id='word_1_421' title='bbox 2644 2918 2948 2989; x_wconf 89' lang='lat' dir='ltr'><strong>dijudicas?</strong></span> <span class='ocrx_word' id='word_1_422' title='bbox 2995 2923 3191 2977; x_wconf 85' lang='lat' dir='ltr'><strong>Annon</strong></span> <span class='ocrx_word' id='word_1_423' title='bbox 3254 2925 3370 2980; x_wconf 65' lang='lat' dir='ltr'><strong>ha&#39;c</strong></span> 
     </span>
    </p>
   </div>
   <div class='ocr_carea' id='block_1_60' title="bbox 1801 3000 3369 3087">
    <p class='ocr_par' dir='ltr' id='par_1_60' title="bbox 1801 3000 3369 3087">
     <span class='ocr_line' id='line_1_60' title="bbox 1801 3000 3369 3087; baseline 0.01 -32"><span class='ocrx_word' id='word_1_424' title='bbox 1801 3000 1961 3071; x_wconf 81' lang='lat' dir='ltr'><strong>digna</strong></span> <span class='ocrx_word' id='word_1_425' title='bbox 1995 3012 2121 3059; x_wconf 91' lang='lat' dir='ltr'><strong>sunt</strong></span> <span class='ocrx_word' id='word_1_426' title='bbox 2156 3008 2445 3075; x_wconf 89' lang='lat' dir='ltr'><strong>sapientia,</strong></span> <span class='ocrx_word' id='word_1_427' title='bbox 2478 3026 2643 3079; x_wconf 91' lang='lat' dir='ltr'><strong>quam</strong></span> <span class='ocrx_word' id='word_1_428' title='bbox 2681 3011 2877 3066; x_wconf 87' lang='lat' dir='ltr'><strong>borum</strong></span> <span class='ocrx_word' id='word_1_429' title='bbox 2917 3025 3157 3069; x_wconf 86' lang='lat' dir='ltr'><strong>assertor</strong></span> <span class='ocrx_word' id='word_1_430' title='bbox 3189 3021 3369 3087; x_wconf 77' lang='lat' dir='ltr'><strong>possi-</strong></span> 
     </span>
    </p>
   </div>
   <div class='ocr_carea' id='block_1_61' title="bbox 130 3093 1697 3186">
    <p class='ocr_par' dir='ltr' id='par_1_61' title="bbox 130 3104 1697 3186">
     <span class='ocr_line' id='line_1_61' title="bbox 130 3104 1697 3186; baseline 0.007 -27"><span class='ocrx_word' id='word_1_431' title='bbox 130 3105 343 3171; x_wconf 78' lang='grc' dir='ltr'><strong>ἐπάξια,</strong></span> <span class='ocrx_word' id='word_1_432' title='bbox 373 3109 438 3178; x_wconf 70' lang='grc' dir='ltr'><strong>ἣν</strong></span> <span class='ocrx_word' id='word_1_433' title='bbox 463 3108 492 3159; x_wconf 81' lang='grc' dir='ltr'>ὁ</span> <span class='ocrx_word' id='word_1_434' title='bbox 512 3105 686 3160; x_wconf 85' lang='grc' dir='ltr'><strong>ταῦτα</strong></span> <span class='ocrx_word' id='word_1_435' title='bbox 713 3104 885 3175; x_wconf 77' lang='grc' dir='ltr'><strong>λέγων</strong></span> <span class='ocrx_word' id='word_1_436' title='bbox 910 3107 1255 3178; x_wconf 77' lang='grc' dir='ltr'><strong>βρενθύεται,</strong></span> <span class='ocrx_word' id='word_1_437' title='bbox 1289 3111 1386 3182; x_wconf 92' lang='grc' dir='ltr'><strong>οὐχ</strong></span> <span class='ocrx_word' id='word_1_438' title='bbox 1411 3113 1554 3186; x_wconf 85' lang='grc' dir='ltr'><strong>ὑπὲρ</strong></span> <span class='ocrx_word' id='word_1_439' title='bbox 1573 3117 1697 3180; x_wconf 85' lang='grc' dir='ltr'><strong>τοὺς</strong></span> 
     </span>
    </p>
   </div>
   <div class='ocr_carea' id='block_1_62' title="bbox 1803 3093 3367 3186">
    <p class='ocr_par' dir='ltr' id='par_1_62' title="bbox 1803 3093 3367 3175">
     <span class='ocr_line' id='line_1_62' title="bbox 1803 3093 3367 3175; baseline 0.01 -27"><span class='ocrx_word' id='word_1_440' title='bbox 1803 3093 1928 3148; x_wconf 91' lang='lat' dir='ltr'><strong>dere</strong></span> <span class='ocrx_word' id='word_1_441' title='bbox 1958 3111 2079 3150; x_wconf 86' lang='lat' dir='ltr'><strong>sese</strong></span> <span class='ocrx_word' id='word_1_442' title='bbox 2094 3096 2283 3166; x_wconf 86' lang='lat' dir='ltr'><strong>jactat,</strong></span> <span class='ocrx_word' id='word_1_443' title='bbox 2318 3115 2423 3153; x_wconf 85' lang='lat' dir='ltr'><strong>non</strong></span> <span class='ocrx_word' id='word_1_444' title='bbox 2446 3116 2610 3169; x_wconf 87' lang='lat' dir='ltr'><strong>super</strong></span> <span class='ocrx_word' id='word_1_445' title='bbox 2634 3116 2829 3157; x_wconf 90' lang='lat' dir='ltr'><strong>omnes</strong></span> <span class='ocrx_word' id='word_1_446' title='bbox 2858 3104 3067 3175; x_wconf 82' lang='lat' dir='ltr'><strong>solum,</strong></span> <span class='ocrx_word' id='word_1_447' title='bbox 3102 3112 3192 3175; x_wconf 89' lang='lat' dir='ltr'><strong>qui</strong></span> <span class='ocrx_word' id='word_1_448' title='bbox 3222 3125 3367 3163; x_wconf 86' lang='lat' dir='ltr'><strong>nunc</strong></span> 
     </span>
    </p>
   </div>
   <div class='ocr_carea' id='block_1_63' title="bbox 126 3196 1702 3275">
    <p class='ocr_par' dir='ltr' id='par_1_63' title="bbox 126 3196 1702 3275">
     <span class='ocr_line' id='line_1_63' title="bbox 126 3196 1702 3275; baseline 0.007 -26"><span class='ocrx_word' id='word_1_449' title='bbox 126 3198 221 3250; x_wconf 86' lang='grc' dir='ltr'><strong>νῦν</strong></span> <span class='ocrx_word' id='word_1_450' title='bbox 252 3196 495 3262; x_wconf 72' lang='grc' dir='ltr'><strong>ἅπαντας</strong></span> <span class='ocrx_word' id='word_1_451' title='bbox 523 3197 706 3267; x_wconf 87' lang='grc' dir='ltr'><strong>μόνον,</strong></span> <span class='ocrx_word' id='word_1_452' title='bbox 748 3196 864 3251; x_wconf 84' lang='grc' dir='ltr'><strong>ἀλλ’</strong></span> <span class='ocrx_word' id='word_1_453' title='bbox 881 3199 1040 3269; x_wconf 74' lang='grc' dir='ltr'><strong>εἴπερ</strong></span> <span class='ocrx_word' id='word_1_454' title='bbox 1056 3217 1139 3263; x_wconf 85' lang='grc' dir='ltr'><strong>τις</strong></span> <span class='ocrx_word' id='word_1_455' title='bbox 1163 3202 1255 3253; x_wconf 83' lang='grc' dir='ltr'><strong>καὶ</strong></span> <span class='ocrx_word' id='word_1_456' title='bbox 1276 3202 1354 3271; x_wconf 84' lang='grc' dir='ltr'><strong>τῷ</strong></span> <span class='ocrx_word' id='word_1_457' title='bbox 1381 3204 1554 3275; x_wconf 79' lang='grc' dir='ltr'><strong>χρόνῳ</strong></span> <span class='ocrx_word' id='word_1_458' title='bbox 1572 3206 1702 3259; x_wconf 79' lang='grc' dir='ltr'><strong>ποτὲ</strong></span> 
     </span>
    </p>
   </div>
   <div class='ocr_carea' id='block_1_64' title="bbox 126 3286 1701 3363">
    <p class='ocr_par' dir='ltr' id='par_1_64' title="bbox 126 3286 1701 3363">
     <span class='ocr_line' id='line_1_64' title="bbox 126 3286 1701 3363; baseline 0.006 -23"><span class='ocrx_word' id='word_1_459' title='bbox 126 3288 185 3340; x_wconf 79' lang='grc' dir='ltr'><strong>τὸ</strong></span> <span class='ocrx_word' id='word_1_460' title='bbox 214 3288 311 3340; x_wconf 76' lang='grc' dir='ltr'><strong>ἐπὶ</strong></span> <span class='ocrx_word' id='word_1_461' title='bbox 362 3286 524 3358; x_wconf 67' lang='grc' dir='ltr'><strong>σοφία</strong></span> <span class='ocrx_word' id='word_1_462' title='bbox 587 3287 746 3353; x_wconf 81' lang='grc' dir='ltr'><strong>κλέος</strong></span> <span class='ocrx_word' id='word_1_463' title='bbox 809 3290 1259 3361; x_wconf 81' lang='grc' dir='ltr'><strong>ἀπενεγκάμενος</strong></span> <span class='ocrx_word' id='word_1_464' title='bbox 1304 3294 1542 3363; x_wconf 85' lang='grc' dir='ltr'><strong>γέγονε;</strong></span> <span class='ocrx_word' id='word_1_465' title='bbox 1605 3298 1701 3361; x_wconf 88' lang='grc' dir='ltr'><strong>Τίς</strong></span> 
     </span>
    </p>
   </div>
   <div class='ocr_carea' id='block_1_65' title="bbox 124 3373 1700 3458">
    <p class='ocr_par' dir='ltr' id='par_1_65' title="bbox 124 3373 1700 3458">
     <span class='ocr_line' id='line_1_65' title="bbox 124 3373 1700 3458; baseline 0.007 -27"><span class='ocrx_word' id='word_1_466' title='bbox 124 3396 275 3443; x_wconf 81' lang='grc' dir='ltr'><strong>ποτε,</strong></span> <span class='ocrx_word' id='word_1_467' title='bbox 295 3373 340 3433; x_wconf 84' lang='grc' dir='ltr'><strong>ὧ</strong></span> <span class='ocrx_word' id='word_1_468' title='bbox 361 3374 533 3445; x_wconf 78' lang='grc' dir='ltr'><strong>οὗτος,</strong></span> <span class='ocrx_word' id='word_1_469' title='bbox 552 3379 766 3434; x_wconf 81' lang='grc' dir='ltr'>πολλῶν</span> <span class='ocrx_word' id='word_1_470' title='bbox 783 3380 953 3434; x_wconf 78' lang='grc' dir='ltr'><strong>ὅντων</strong></span> <span class='ocrx_word' id='word_1_471' title='bbox 975 3382 1083 3435; x_wconf 81' lang='grc' dir='ltr'><strong>τῶν</strong></span> <span class='ocrx_word' id='word_1_472' title='bbox 1101 3383 1189 3437; x_wconf 74' lang='grc' dir='ltr'><strong>διὰ</strong></span> <span class='ocrx_word' id='word_1_473' title='bbox 1216 3385 1381 3454; x_wconf 78' lang='grc' dir='ltr'><strong>μέσου</strong></span> <span class='ocrx_word' id='word_1_474' title='bbox 1398 3386 1491 3439; x_wconf 91' lang='grc' dir='ltr'><strong>τοῦ</strong></span> <span class='ocrx_word' id='word_1_475' title='bbox 1511 3388 1700 3458; x_wconf 85' lang='grc' dir='ltr'><strong>χρόνου</strong></span> 
     </span>
    </p>
   </div>
   <div class='ocr_carea' id='block_1_66' title="bbox 120 3472 1688 3545">
    <p class='ocr_par' dir='ltr' id='par_1_66' title="bbox 120 3472 1688 3545">
     <span class='ocr_line' id='line_1_66' title="bbox 120 3472 1688 3545; baseline 0.004 -20"><span class='ocrx_word' id='word_1_476' title='bbox 120 3473 544 3542; x_wconf 72' lang='grc' dir='ltr'><strong>ἀναδειχθέντων</strong></span> <span class='ocrx_word' id='word_1_477' title='bbox 581 3473 730 3543; x_wconf 71' lang='grc' dir='ltr'><strong>παρὰ</strong></span> <span class='ocrx_word' id='word_1_478' title='bbox 773 3472 908 3526; x_wconf 83' lang='grc' dir='ltr'><strong>Θεοῦ</strong></span> <span class='ocrx_word' id='word_1_479' title='bbox 949 3474 1079 3544; x_wconf 77' lang='grc' dir='ltr'><strong>ἡμῖν</strong></span> <span class='ocrx_word' id='word_1_480' title='bbox 1115 3474 1399 3545; x_wconf 81' lang='grc' dir='ltr'><strong>Θεολόγων,</strong></span> <span class='ocrx_word' id='word_1_481' title='bbox 1453 3478 1688 3532; x_wconf 83' lang='grc' dir='ltr'><strong>τοιαῦτα</strong></span> 
     </span>
    </p>
   </div>
   <div class='ocr_carea' id='block_1_67' title="bbox 120 3548 1696 3635">
    <p class='ocr_par' dir='ltr' id='par_1_67' title="bbox 120 3548 1696 3635">
     <span class='ocr_line' id='line_1_67' title="bbox 120 3548 1696 3635; baseline 0.005 -19"><span class='ocrx_word' id='word_1_482' title='bbox 120 3565 218 3616; x_wconf 70' lang='grc' dir='ltr'><strong>ἐπὶ</strong></span> <span class='ocrx_word' id='word_1_483' title='bbox 246 3565 349 3632; x_wconf 76' lang='grc' dir='ltr'><strong>τῆς</strong></span> <span class='ocrx_word' id='word_1_484' title='bbox 384 3548 557 3632; x_wconf 81' lang='grc' dir='ltr'><strong>ἁγίας</strong></span> <span class='ocrx_word' id='word_1_485' title='bbox 591 3563 823 3632; x_wconf 86' lang='grc' dir='ltr'><strong>Τριάδος</strong></span> <span class='ocrx_word' id='word_1_486' title='bbox 871 3563 1268 3635; x_wconf 75' lang='grc' dir='ltr'><strong>τεθεολόγηκε;</strong></span> <span class='ocrx_word' id='word_1_487' title='bbox 1308 3586 1327 3621; x_wconf 81' lang='grc' dir='ltr'><strong>ι</strong></span> <span class='ocrx_word' id='word_1_488' title='bbox 1376 3568 1570 3633; x_wconf 85' lang='grc' dir='ltr'><strong>Καλῶς</strong></span> <span class='ocrx_word' id='word_1_489' title='bbox 1628 3570 1696 3624; x_wconf 83' lang='grc' dir='ltr'><strong>ἂν</strong></span> 
     </span>
    </p>
   </div>
   <div class='ocr_carea' id='block_1_68' title="bbox 116 3654 1701 3733">
    <p class='ocr_par' dir='ltr' id='par_1_68' title="bbox 116 3654 1701 3733">
     <span class='ocr_line' id='line_1_68' title="bbox 116 3654 1701 3733; baseline 0.005 -26"><span class='ocrx_word' id='word_1_490' title='bbox 116 3654 255 3724; x_wconf 76' lang='grc' dir='ltr'><strong>ἔχει,</strong></span> <span class='ocrx_word' id='word_1_491' title='bbox 300 3673 319 3707; x_wconf 71' lang='grc' dir='ltr'><strong>ι</strong></span> <span class='ocrx_word' id='word_1_492' title='bbox 366 3656 523 3726; x_wconf 72' lang='grc' dir='ltr'><strong>φησὶ,</strong></span> <span class='ocrx_word' id='word_1_493' title='bbox 562 3674 583 3707; x_wconf 78' lang='grc' dir='ltr'><strong>ι</strong></span> <span class='ocrx_word' id='word_1_494' title='bbox 621 3655 715 3709; x_wconf 79' lang='grc' dir='ltr'><strong>καὶ</strong></span> <span class='ocrx_word' id='word_1_495' title='bbox 755 3655 997 3720; x_wconf 79' lang='grc' dir='ltr'><strong>εὐσεϐῶς</strong></span> <span class='ocrx_word' id='word_1_496' title='bbox 1031 3657 1089 3711; x_wconf 76' lang='grc' dir='ltr'><strong>τὸ</strong></span> <span class='ocrx_word' id='word_1_497' title='bbox 1122 3659 1186 3711; x_wconf 83' lang='grc' dir='ltr'><strong>ὲκ</strong></span> <span class='ocrx_word' id='word_1_498' title='bbox 1227 3660 1325 3729; x_wconf 81' lang='grc' dir='ltr'><strong>τῆς</strong></span> <span class='ocrx_word' id='word_1_499' title='bbox 1347 3659 1441 3713; x_wconf 87' lang='grc' dir='ltr'><strong>τοῦ</strong></span> <span class='ocrx_word' id='word_1_500' title='bbox 1488 3661 1701 3733; x_wconf 76' lang='grc' dir='ltr'><strong>Πατρὸς</strong></span> 
     </span>
    </p>
   </div>
   <div class='ocr_carea' id='block_1_69' title="bbox 113 3746 1703 3818">
    <p class='ocr_par' dir='ltr' id='par_1_69' title="bbox 113 3746 1703 3818">
     <span class='ocr_line' id='line_1_69' title="bbox 113 3746 1703 3818; baseline 0.005 -20"><span class='ocrx_word' id='word_1_501' title='bbox 113 3746 321 3807; x_wconf 74' lang='grc' dir='ltr'><strong>οὐσίας</strong></span> <span class='ocrx_word' id='word_1_502' title='bbox 340 3747 633 3818; x_wconf 86' lang='grc' dir='ltr'><strong>λεγόμενον</strong></span> <span class='ocrx_word' id='word_1_503' title='bbox 654 3747 750 3800; x_wconf 82' lang='grc' dir='ltr'><strong>καὶ</strong></span> <span class='ocrx_word' id='word_1_504' title='bbox 777 3747 841 3800; x_wconf 78' lang='grc' dir='ltr'><strong>ἐκ</strong></span> <span class='ocrx_word' id='word_1_505' title='bbox 872 3748 972 3816; x_wconf 75' lang='grc' dir='ltr'><strong>τῆς</strong></span> <span class='ocrx_word' id='word_1_506' title='bbox 1020 3749 1113 3802; x_wconf 88' lang='grc' dir='ltr'><strong>τοῦ</strong></span> <span class='ocrx_word' id='word_1_507' title='bbox 1144 3750 1273 3803; x_wconf 87' lang='grc' dir='ltr'><strong>Υίοῦ</strong></span> <span class='ocrx_word' id='word_1_508' title='bbox 1306 3750 1579 3818; x_wconf 79' lang='grc' dir='ltr'><strong>λέγεσθαι,</strong></span> <span class='ocrx_word' id='word_1_509' title='bbox 1614 3753 1703 3807; x_wconf 69' lang='grc' dir='ltr'><strong>διὰ</strong></span> 
     </span>
    </p>
   </div>
   <div class='ocr_carea' id='block_1_70' title="bbox 111 3837 1694 3911">
    <p class='ocr_par' dir='ltr' id='par_1_70' title="bbox 111 3837 1694 3911">
     <span class='ocr_line' id='line_1_70' title="bbox 111 3837 1694 3911; baseline 0.004 -21"><span class='ocrx_word' id='word_1_510' title='bbox 111 3838 173 3890; x_wconf 67' lang='grc' dir='ltr'><strong>τὲ»</strong></span> <span class='ocrx_word' id='word_1_511' title='bbox 199 3838 342 3908; x_wconf 81' lang='grc' dir='ltr'><strong>μίαν</strong></span> <span class='ocrx_word' id='word_1_512' title='bbox 386 3840 486 3908; x_wconf 82' lang='grc' dir='ltr'><strong>τὴν</strong></span> <span class='ocrx_word' id='word_1_513' title='bbox 520 3837 617 3892; x_wconf 88' lang='grc' dir='ltr'><strong>τοῦ</strong></span> <span class='ocrx_word' id='word_1_514' title='bbox 672 3838 807 3891; x_wconf 88' lang='grc' dir='ltr'><strong>Υίοῦ</strong></span> <span class='ocrx_word' id='word_1_515' title='bbox 838 3839 932 3891; x_wconf 82' lang='grc' dir='ltr'><strong>καὶ</strong></span> <span class='ocrx_word' id='word_1_516' title='bbox 996 3841 1209 3911; x_wconf 77' lang='grc' dir='ltr'><strong>Πατρὸς</strong></span> <span class='ocrx_word' id='word_1_517' title='bbox 1235 3837 1375 3895; x_wconf 76' lang='grc' dir='ltr'><strong>εἶναι</strong></span> <span class='ocrx_word' id='word_1_518' title='bbox 1420 3843 1632 3899; x_wconf 87' lang='grc' dir='ltr'><strong>οὐσίαν.</strong></span> <span class='ocrx_word' id='word_1_519' title='bbox 1677 3863 1694 3897; x_wconf 77' lang='grc' dir='ltr'><strong>ι</strong></span> 
     </span>
    </p>
   </div>
   <div class='ocr_carea' id='block_1_71' title="bbox 112 3929 1688 4003">
    <p class='ocr_par' dir='ltr' id='par_1_71' title="bbox 112 3929 1688 4003">
     <span class='ocr_line' id='line_1_71' title="bbox 112 3929 1688 4003; baseline 0.004 -23"><span class='ocrx_word' id='word_1_520' title='bbox 112 3929 215 3999; x_wconf 61' lang='lat' dir='ltr'><strong>Eb;</strong></span> <span class='ocrx_word' id='word_1_521' title='bbox 242 3931 317 3983; x_wconf 76' lang='grc' dir='ltr'><strong>ἂν</strong></span> <span class='ocrx_word' id='word_1_522' title='bbox 346 3929 732 4002; x_wconf 75' lang='grc' dir='ltr'><strong>εὐσεϐέστερον</strong></span> <span class='ocrx_word' id='word_1_523' title='bbox 768 3930 910 3984; x_wconf 87' lang='grc' dir='ltr'><strong>κατὰ</strong></span> <span class='ocrx_word' id='word_1_524' title='bbox 936 3929 1016 3995; x_wconf 82' lang='grc' dir='ltr'><strong>σὲ,</strong></span> <span class='ocrx_word' id='word_1_525' title='bbox 1052 3931 1102 3983; x_wconf 87' lang='grc' dir='ltr'><strong>εί</strong></span> <span class='ocrx_word' id='word_1_526' title='bbox 1135 3932 1231 3986; x_wconf 80' lang='grc' dir='ltr'><strong>καὶ</strong></span> <span class='ocrx_word' id='word_1_527' title='bbox 1258 3933 1322 3984; x_wconf 84' lang='grc' dir='ltr'><strong>ὲκ</strong></span> <span class='ocrx_word' id='word_1_528' title='bbox 1354 3936 1455 4003; x_wconf 78' lang='grc' dir='ltr'><strong>τῆς</strong></span> <span class='ocrx_word' id='word_1_529' title='bbox 1488 3933 1688 3987; x_wconf 80' lang='grc' dir='ltr'><strong>ἑαυτοῦ</strong></span> 
     </span>
    </p>
   </div>
   <div class='ocr_carea' id='block_1_72' title="bbox 104 4019 1699 4094">
    <p class='ocr_par' dir='ltr' id='par_1_72' title="bbox 104 4019 1699 4094">
     <span class='ocr_line' id='line_1_72' title="bbox 104 4019 1699 4094; baseline 0.005 -23"><span class='ocrx_word' id='word_1_530' title='bbox 104 4019 307 4080; x_wconf 76' lang='grc' dir='ltr'><strong>οὐσίας</strong></span> <span class='ocrx_word' id='word_1_531' title='bbox 332 4021 391 4072; x_wconf 83' lang='grc' dir='ltr'><strong>τὸ</strong></span> <span class='ocrx_word' id='word_1_532' title='bbox 412 4019 639 4091; x_wconf 87' lang='grc' dir='ltr'><strong>Πνεῦμα</strong></span> <span class='ocrx_word' id='word_1_533' title='bbox 687 4021 747 4074; x_wconf 77' lang='grc' dir='ltr'><strong>τὸ</strong></span> <span class='ocrx_word' id='word_1_534' title='bbox 783 4022 938 4089; x_wconf 84' lang='grc' dir='ltr'><strong>ἀγιον</strong></span> <span class='ocrx_word' id='word_1_535' title='bbox 966 4022 1198 4089; x_wconf 83' lang='grc' dir='ltr'><strong>λέγοιτο.</strong></span> <span class='ocrx_word' id='word_1_536' title='bbox 1256 4024 1326 4075; x_wconf 86' lang='grc' dir='ltr'><strong>Ἢ</strong></span> <span class='ocrx_word' id='word_1_537' title='bbox 1372 4024 1481 4094; x_wconf 80' lang='grc' dir='ltr'><strong>γὰρ</strong></span> <span class='ocrx_word' id='word_1_538' title='bbox 1542 4026 1699 4079; x_wconf 88' lang='grc' dir='ltr'><strong>τοῦτο</strong></span> 
     </span>
    </p>
   </div>
   <div class='ocr_carea' id='block_1_73' title="bbox 100 4112 1700 4186">
    <p class='ocr_par' dir='ltr' id='par_1_73' title="bbox 100 4112 1700 4186">
     <span class='ocr_line' id='line_1_73' title="bbox 100 4112 1700 4186; baseline 0.004 -23"><span class='ocrx_word' id='word_1_539' title='bbox 100 4112 460 4182; x_wconf 80' lang='grc' dir='ltr'><strong>ἀποδειχθὲν,</strong></span> <span class='ocrx_word' id='word_1_540' title='bbox 505 4112 719 4182; x_wconf 85' lang='grc' dir='ltr'><strong>ἀληθῶς</strong></span> <span class='ocrx_word' id='word_1_541' title='bbox 770 4113 863 4166; x_wconf 80' lang='grc' dir='ltr'><strong>τὸν</strong></span> <span class='ocrx_word' id='word_1_542' title='bbox 908 4112 1259 4184; x_wconf 78' lang='grc' dir='ltr'><strong>ἀκροώμενον</strong></span> <span class='ocrx_word' id='word_1_543' title='bbox 1311 4114 1488 4168; x_wconf 87' lang='grc' dir='ltr'><strong>πείσει</strong></span> <span class='ocrx_word' id='word_1_544' title='bbox 1530 4116 1604 4186; x_wconf 86' lang='grc' dir='ltr'><strong>μὴ</strong></span> <span class='ocrx_word' id='word_1_545' title='bbox 1632 4117 1700 4169; x_wconf 87' lang='grc' dir='ltr'><strong>δι’</strong></span> 
     </span>
    </p>
   </div>
   <div class='ocr_carea' id='block_1_74' title="bbox 98 4200 1697 4277">
    <p class='ocr_par' dir='ltr' id='par_1_74' title="bbox 98 4200 1697 4277">
     <span class='ocr_line' id='line_1_74' title="bbox 98 4200 1697 4277; baseline 0.004 -21"><span class='ocrx_word' id='word_1_546' title='bbox 98 4203 273 4257; x_wconf 78' lang='grc' dir='ltr'>ἄλλον</span> <span class='ocrx_word' id='word_1_547' title='bbox 306 4206 430 4258; x_wconf 83' lang='grc' dir='ltr'><strong>τινὰ</strong></span> <span class='ocrx_word' id='word_1_548' title='bbox 451 4200 632 4273; x_wconf 61' lang='grc' dir='ltr'><strong>λόγον,</strong></span> <span class='ocrx_word' id='word_1_549' title='bbox 664 4203 751 4257; x_wconf 81' lang='grc' dir='ltr'><strong>διὰ</strong></span> <span class='ocrx_word' id='word_1_550' title='bbox 768 4204 824 4257; x_wconf 81' lang='grc' dir='ltr'><strong>δὲ</strong></span> <span class='ocrx_word' id='word_1_551' title='bbox 845 4205 1003 4274; x_wconf 88' lang='grc' dir='ltr'><strong>μόνον</strong></span> <span class='ocrx_word' id='word_1_552' title='bbox 1026 4204 1084 4259; x_wconf 75' lang='grc' dir='ltr'><strong>τὸ</strong></span> <span class='ocrx_word' id='word_1_553' title='bbox 1109 4204 1210 4276; x_wconf 82' lang='grc' dir='ltr'><strong>τῆς</strong></span> <span class='ocrx_word' id='word_1_554' title='bbox 1226 4205 1326 4260; x_wconf 92' lang='grc' dir='ltr'><strong>τοῦ</strong></span> <span class='ocrx_word' id='word_1_555' title='bbox 1364 4207 1578 4277; x_wconf 82' lang='grc' dir='ltr'><strong>Πατρδς</strong></span> <span class='ocrx_word' id='word_1_556' title='bbox 1602 4208 1697 4262; x_wconf 81' lang='grc' dir='ltr'><strong>καὶ</strong></span> 
     </span>
    </p>
   </div>
   <div class='ocr_carea' id='block_1_75' title="bbox 96 4296 1693 4368">
    <p class='ocr_par' dir='ltr' id='par_1_75' title="bbox 96 4296 1693 4368">
     <span class='ocr_line' id='line_1_75' title="bbox 96 4296 1693 4368; baseline 0.003 -19"><span class='ocrx_word' id='word_1_557' title='bbox 96 4296 239 4350; x_wconf 85' lang='grc' dir='ltr'><strong>Υίοῦ</strong></span> <span class='ocrx_word' id='word_1_558' title='bbox 296 4297 493 4360; x_wconf 81' lang='grc' dir='ltr'><strong>οὐσίας</strong></span> <span class='ocrx_word' id='word_1_559' title='bbox 566 4298 770 4350; x_wconf 80' lang='grc' dir='ltr'>ἐνιαίον</span> <span class='ocrx_word' id='word_1_560' title='bbox 830 4298 895 4349; x_wconf 77' lang='grc' dir='ltr'><strong>ἐκ</strong></span> <span class='ocrx_word' id='word_1_561' title='bbox 948 4297 1047 4367; x_wconf 82' lang='grc' dir='ltr'><strong>τῆς</strong></span> <span class='ocrx_word' id='word_1_562' title='bbox 1089 4299 1294 4368; x_wconf 80' lang='grc' dir='ltr'><strong>ἀμφοῖν</strong></span> <span class='ocrx_word' id='word_1_563' title='bbox 1344 4299 1601 4368; x_wconf 82' lang='grc' dir='ltr'><strong>λέγεσθαι</strong></span> <span class='ocrx_word' id='word_1_564' title='bbox 1632 4301 1693 4353; x_wconf 84' lang='grc' dir='ltr'><strong>τὸ</strong></span> 
     </span>
    </p>
   </div>
   <div class='ocr_carea' id='block_1_76' title="bbox 1804 3185 3369 3269">
    <p class='ocr_par' dir='ltr' id='par_1_76' title="bbox 1804 3185 3369 3269">
     <span class='ocr_line' id='line_1_76' title="bbox 1804 3185 3369 3269; baseline 0.013 -33"><span class='ocrx_word' id='word_1_565' title='bbox 1804 3185 1966 3239; x_wconf 90' lang='lat' dir='ltr'><strong>vitam</strong></span> <span class='ocrx_word' id='word_1_566' title='bbox 2013 3197 2203 3257; x_wconf 85' lang='lat' dir='ltr'><strong>agunt,</strong></span> <span class='ocrx_word' id='word_1_567' title='bbox 2250 3190 2343 3245; x_wconf 87' lang='lat' dir='ltr'><strong>sed</strong></span> <span class='ocrx_word' id='word_1_568' title='bbox 2394 3207 2557 3262; x_wconf 85' lang='lat' dir='ltr'><strong>super</strong></span> <span class='ocrx_word' id='word_1_569' title='bbox 2590 3194 2851 3263; x_wconf 84' lang='lat' dir='ltr'><strong>reliquos</strong></span> <span class='ocrx_word' id='word_1_570' title='bbox 2888 3212 3077 3252; x_wconf 88' lang='lat' dir='ltr'><strong>omnes</strong></span> <span class='ocrx_word' id='word_1_571' title='bbox 3103 3201 3194 3269; x_wconf 89' lang='lat' dir='ltr'><strong>qui</strong></span> <span class='ocrx_word' id='word_1_572' title='bbox 3244 3203 3369 3257; x_wconf 86' lang='lat' dir='ltr'><strong>aliis</strong></span> 
     </span>
    </p>
   </div>
   <div class='ocr_carea' id='block_1_77' title="bbox 1802 3279 3369 3352">
    <p class='ocr_par' dir='ltr' id='par_1_77' title="bbox 1802 3279 3369 3352">
     <span class='ocr_line' id='line_1_77' title="bbox 1802 3279 3369 3352; baseline 0.01 -22"><span class='ocrx_word' id='word_1_573' title='bbox 1802 3285 1966 3352; x_wconf 86' lang='lat' dir='ltr'><strong>atque</strong></span> <span class='ocrx_word' id='word_1_574' title='bbox 2006 3279 2130 3333; x_wconf 88' lang='lat' dir='ltr'><strong>aliis</strong></span> <span class='ocrx_word' id='word_1_575' title='bbox 2176 3281 2514 3350; x_wconf 84' lang='lat' dir='ltr'><strong>temporibus</strong></span> <span class='ocrx_word' id='word_1_576' title='bbox 2567 3285 2846 3352; x_wconf 68' lang='lat' dir='ltr'><strong>sapientia:</strong></span> <span class='ocrx_word' id='word_1_577' title='bbox 2905 3285 3045 3341; x_wconf 77' lang='lat' dir='ltr'><strong>fama</strong></span> <span class='ocrx_word' id='word_1_578' title='bbox 3099 3290 3369 3346; x_wconf 86' lang='lat' dir='ltr'><strong>nobilitati</strong></span> 
     </span>
    </p>
   </div>
   <div class='ocr_carea' id='block_1_78' title="bbox 1804 3370 3367 3452">
    <p class='ocr_par' dir='ltr' id='par_1_78' title="bbox 1804 3370 3367 3452">
     <span class='ocr_line' id='line_1_78' title="bbox 1804 3370 3367 3452; baseline 0.008 -29"><span class='ocrx_word' id='word_1_579' title='bbox 1804 3370 1969 3423; x_wconf 89' lang='lat' dir='ltr'><strong>sunt?</strong></span> <span class='ocrx_word' id='word_1_580' title='bbox 2010 3370 2144 3437; x_wconf 82' lang='lat' dir='ltr'><strong>Quis</strong></span> <span class='ocrx_word' id='word_1_581' title='bbox 2190 3389 2452 3443; x_wconf 79' lang='lat' dir='ltr'><strong>unquam,</strong></span> <span class='ocrx_word' id='word_1_582' title='bbox 2495 3390 2528 3429; x_wconf 91' lang='grc' dir='ltr'><strong>ο</strong></span> <span class='ocrx_word' id='word_1_583' title='bbox 2561 3386 2641 3439; x_wconf 80' lang='grc' dir='ltr'><strong>ιιι,</strong></span> <span class='ocrx_word' id='word_1_584' title='bbox 2689 3392 2814 3432; x_wconf 90' lang='lat' dir='ltr'><strong>cum</strong></span> <span class='ocrx_word' id='word_1_585' title='bbox 2867 3380 3023 3433; x_wconf 90' lang='lat' dir='ltr'><strong>multi</strong></span> <span class='ocrx_word' id='word_1_586' title='bbox 3073 3389 3221 3447; x_wconf 87' lang='lat' dir='ltr'><strong>sunt,</strong></span> <span class='ocrx_word' id='word_1_587' title='bbox 3272 3384 3367 3452; x_wconf 86' lang='lat' dir='ltr'><strong>qui</strong></span> 
     </span>
    </p>
   </div>
   <div class='ocr_carea' id='block_1_79' title="bbox 1802 3461 3363 3541">
    <p class='ocr_par' dir='ltr' id='par_1_79' title="bbox 1802 3461 3363 3541">
     <span class='ocr_line' id='line_1_79' title="bbox 1802 3461 3363 3541; baseline 0.008 -27"><span class='ocrx_word' id='word_1_588' title='bbox 1802 3461 1909 3515; x_wconf 88' lang='lat' dir='ltr'><strong>hoc</strong></span> <span class='ocrx_word' id='word_1_589' title='bbox 1956 3465 2133 3517; x_wconf 90' lang='lat' dir='ltr'><strong>medio</strong></span> <span class='ocrx_word' id='word_1_590' title='bbox 2183 3474 2425 3534; x_wconf 82' lang='lat' dir='ltr'><strong>tempore</strong></span> <span class='ocrx_word' id='word_1_591' title='bbox 2464 3483 2492 3520; x_wconf 92' lang='lat' dir='ltr'><strong>a</strong></span> <span class='ocrx_word' id='word_1_592' title='bbox 2552 3468 2657 3524; x_wconf 89' lang='lat' dir='ltr'><strong>Deo</strong></span> <span class='ocrx_word' id='word_1_593' title='bbox 2688 3470 2845 3525; x_wconf 85' lang='lat' dir='ltr'><strong>nobis</strong></span> <span class='ocrx_word' id='word_1_594' title='bbox 2879 3473 3119 3541; x_wconf 82' lang='lat' dir='ltr'><strong>theologi</strong></span> <span class='ocrx_word' id='word_1_595' title='bbox 3153 3476 3363 3529; x_wconf 85' lang='lat' dir='ltr'><strong>consti-</strong></span> 
     </span>
    </p>
   </div>
   <div class='ocr_carea' id='block_1_80' title="bbox 1805 3552 3385 3631">
    <p class='ocr_par' dir='ltr' id='par_1_80' title="bbox 1805 3552 3385 3631">
     <span class='ocr_line' id='line_1_80' title="bbox 1805 3552 3385 3631; baseline 0.008 -26"><span class='ocrx_word' id='word_1_596' title='bbox 1805 3552 1906 3606; x_wconf 88' lang='lat' dir='ltr'><strong>tuti</strong></span> <span class='ocrx_word' id='word_1_597' title='bbox 1939 3562 2084 3619; x_wconf 88' lang='lat' dir='ltr'><strong>snnt,</strong></span> <span class='ocrx_word' id='word_1_598' title='bbox 2117 3556 2315 3609; x_wconf 88' lang='lat' dir='ltr'><strong>similia</strong></span> <span class='ocrx_word' id='word_1_599' title='bbox 2337 3559 2401 3612; x_wconf 88' lang='lat' dir='ltr'><strong>de</strong></span> <span class='ocrx_word' id='word_1_600' title='bbox 2422 3559 2607 3615; x_wconf 83' lang='lat' dir='ltr'><strong>divina</strong></span> <span class='ocrx_word' id='word_1_601' title='bbox 2637 3559 2835 3617; x_wconf 87' lang='lat' dir='ltr'><strong>Triade</strong></span> <span class='ocrx_word' id='word_1_602' title='bbox 2859 3566 3079 3619; x_wconf 73' lang='lat' dir='ltr'><strong>santtt?</strong></span> <span class='ocrx_word' id='word_1_603' title='bbox 3102 3584 3120 3615; x_wconf 77' lang='grc' dir='ltr'><strong>Ι</strong></span> <span class='ocrx_word' id='word_1_604' title='bbox 3152 3565 3315 3631; x_wconf 81' lang='lat' dir='ltr'><strong>Bene,</strong></span> <span class='ocrx_word' id='word_1_605' title='bbox 3346 3553 3385 3617; x_wconf 62' lang='grc' dir='ltr'><strong>ν’</strong></span> 
     </span>
    </p>
   </div>
   <div class='ocr_carea' id='block_1_81' title="bbox 1801 3643 3371 3724">
    <p class='ocr_par' dir='ltr' id='par_1_81' title="bbox 1801 3643 3371 3724">
     <span class='ocr_line' id='line_1_81' title="bbox 1801 3643 3371 3724; baseline 0.009 -27"><span class='ocrx_word' id='word_1_606' title='bbox 1801 3643 1897 3707; x_wconf 87' lang='lat' dir='ltr'><strong>ait,</strong></span> <span class='ocrx_word' id='word_1_607' title='bbox 1935 3660 1954 3694; x_wconf 75' lang='grc' dir='ltr'><strong>ι</strong></span> <span class='ocrx_word' id='word_1_608' title='bbox 2006 3644 2201 3715; x_wconf 85' lang='lat' dir='ltr'><strong>pieque</strong></span> <span class='ocrx_word' id='word_1_609' title='bbox 2236 3649 2325 3717; x_wconf 89' lang='lat' dir='ltr'><strong>qui</strong></span> <span class='ocrx_word' id='word_1_610' title='bbox 2356 3665 2422 3701; x_wconf 81' lang='lat' dir='ltr'><strong>ex</strong></span> <span class='ocrx_word' id='word_1_611' title='bbox 2452 3653 2690 3704; x_wconf 89' lang='lat' dir='ltr'><strong>essentia</strong></span> <span class='ocrx_word' id='word_1_612' title='bbox 2743 3652 2917 3708; x_wconf 84' lang='lat' dir='ltr'><strong>Patris</strong></span> <span class='ocrx_word' id='word_1_613' title='bbox 2965 3653 3201 3724; x_wconf 89' lang='lat' dir='ltr'><strong>Spiritus</strong></span> <span class='ocrx_word' id='word_1_614' title='bbox 3231 3658 3371 3713; x_wconf 86' lang='lat' dir='ltr'><strong>dici-</strong></span> 
     </span>
    </p>
   </div>
   <div class='ocr_carea' id='block_1_82' title="bbox 1804 3739 3369 3815">
    <p class='ocr_par' dir='ltr' id='par_1_82' title="bbox 1804 3739 3369 3815">
     <span class='ocr_line' id='line_1_82' title="bbox 1804 3739 3369 3815; baseline 0.01 -26"><span class='ocrx_word' id='word_1_615' title='bbox 1804 3746 1913 3798; x_wconf 90' lang='lat' dir='ltr'><strong>tur,</strong></span> <span class='ocrx_word' id='word_1_616' title='bbox 1962 3753 2023 3791; x_wconf 83' lang='lat' dir='ltr'><strong>ex</strong></span> <span class='ocrx_word' id='word_1_617' title='bbox 2054 3739 2294 3793; x_wconf 89' lang='lat' dir='ltr'><strong>essentia</strong></span> <span class='ocrx_word' id='word_1_618' title='bbox 2329 3756 2550 3812; x_wconf 88' lang='lat' dir='ltr'><strong>quoque</strong></span> <span class='ocrx_word' id='word_1_619' title='bbox 2590 3741 2711 3797; x_wconf 82' lang='lat' dir='ltr'><strong>Filii</strong></span> <span class='ocrx_word' id='word_1_620' title='bbox 2748 3745 2880 3809; x_wconf 90' lang='lat' dir='ltr'><strong>dici,</strong></span> <span class='ocrx_word' id='word_1_621' title='bbox 2915 3749 3060 3815; x_wconf 90' lang='lat' dir='ltr'><strong>quod</strong></span> <span class='ocrx_word' id='word_1_622' title='bbox 3098 3747 3276 3805; x_wconf 83' lang='lat' dir='ltr'><strong>Patris</strong></span> <span class='ocrx_word' id='word_1_623' title='bbox 3313 3760 3369 3804; x_wconf 90' lang='lat' dir='ltr'><strong>et</strong></span> 
     </span>
    </p>
   </div>
   <div class='ocr_carea' id='block_1_83' title="bbox 1801 3827 3379 3907">
    <p class='ocr_par' dir='ltr' id='par_1_83' title="bbox 1801 3827 3379 3907">
     <span class='ocr_line' id='line_1_83' title="bbox 1801 3827 3379 3907; baseline 0.01 -27"><span class='ocrx_word' id='word_1_624' title='bbox 1801 3827 1922 3881; x_wconf 86' lang='lat' dir='ltr'><strong>Filii</strong></span> <span class='ocrx_word' id='word_1_625' title='bbox 1962 3844 2067 3882; x_wconf 92' lang='lat' dir='ltr'><strong>una</strong></span> <span class='ocrx_word' id='word_1_626' title='bbox 2119 3833 2353 3886; x_wconf 83' lang='lat' dir='ltr'><strong>essentia</strong></span> <span class='ocrx_word' id='word_1_627' title='bbox 2397 3843 2499 3887; x_wconf 87' lang='lat' dir='ltr'><strong>est.</strong></span> <span class='ocrx_word' id='word_1_628' title='bbox 2531 3853 2551 3886; x_wconf 75' lang='grc' dir='ltr'><strong>ι</strong></span> <span class='ocrx_word' id='word_1_629' title='bbox 2601 3835 2671 3889; x_wconf 88' lang='lat' dir='ltr'><strong>At</strong></span> <span class='ocrx_word' id='word_1_630' title='bbox 2717 3838 2887 3907; x_wconf 77' lang='lat' dir='ltr'><strong>magis</strong></span> <span class='ocrx_word' id='word_1_631' title='bbox 2924 3840 3069 3906; x_wconf 88' lang='lat' dir='ltr'><strong>pium</strong></span> <span class='ocrx_word' id='word_1_632' title='bbox 3102 3850 3270 3907; x_wconf 88' lang='lat' dir='ltr'><strong>esset,</strong></span> <span class='ocrx_word' id='word_1_633' title='bbox 3319 3851 3379 3896; x_wconf 84' lang='lat' dir='ltr'><strong>te</strong></span> 
     </span>
    </p>
   </div>
   <div class='ocr_carea' id='block_1_84' title="bbox 1794 3918 3369 3999">
    <p class='ocr_par' dir='ltr' id='par_1_84' title="bbox 1794 3918 3369 3999">
     <span class='ocr_line' id='line_1_84' title="bbox 1794 3918 3369 3999; baseline 0.009 -26"><span class='ocrx_word' id='word_1_634' title='bbox 1794 3918 2000 3988; x_wconf 87' lang='lat' dir='ltr'><strong>judice,</strong></span> <span class='ocrx_word' id='word_1_635' title='bbox 2041 3920 2085 3975; x_wconf 88' lang='lat' dir='ltr'><strong>si</strong></span> <span class='ocrx_word' id='word_1_636' title='bbox 2117 3932 2170 3976; x_wconf 91' lang='lat' dir='ltr'><strong>et</strong></span> <span class='ocrx_word' id='word_1_637' title='bbox 2197 3938 2263 3977; x_wconf 75' lang='lat' dir='ltr'><strong>ex</strong></span> <span class='ocrx_word' id='word_1_638' title='bbox 2313 3939 2411 3979; x_wconf 89' lang='lat' dir='ltr'><strong>sua</strong></span> <span class='ocrx_word' id='word_1_639' title='bbox 2456 3925 2630 3994; x_wconf 89' lang='lat' dir='ltr'><strong>ipsius</strong></span> <span class='ocrx_word' id='word_1_640' title='bbox 2665 3929 2905 3982; x_wconf 85' lang='lat' dir='ltr'><strong>essentia</strong></span> <span class='ocrx_word' id='word_1_641' title='bbox 2939 3929 3177 3999; x_wconf 87' lang='lat' dir='ltr'><strong>Spiritus</strong></span> <span class='ocrx_word' id='word_1_642' title='bbox 3217 3933 3369 3987; x_wconf 87' lang='lat' dir='ltr'><strong>dice-</strong></span> 
     </span>
    </p>
   </div>
   <div class='ocr_carea' id='block_1_85' title="bbox 1800 4008 3372 4084">
    <p class='ocr_par' dir='ltr' id='par_1_85' title="bbox 1800 4008 3372 4084">
     <span class='ocr_line' id='line_1_85' title="bbox 1800 4008 3372 4084; baseline 0.008 -21"><span class='ocrx_word' id='word_1_643' title='bbox 1800 4017 1970 4065; x_wconf 86' lang='lat' dir='ltr'><strong>retur.</strong></span> <span class='ocrx_word' id='word_1_644' title='bbox 2005 4008 2061 4065; x_wconf 90' lang='lat' dir='ltr'><strong>ld</strong></span> <span class='ocrx_word' id='word_1_645' title='bbox 2095 4016 2240 4067; x_wconf 89' lang='lat' dir='ltr'><strong>enim</strong></span> <span class='ocrx_word' id='word_1_646' title='bbox 2273 4014 2318 4068; x_wconf 89' lang='lat' dir='ltr'><strong>si</strong></span> <span class='ocrx_word' id='word_1_647' title='bbox 2347 4029 2473 4069; x_wconf 84' lang='lat' dir='ltr'><strong>vere</strong></span> <span class='ocrx_word' id='word_1_648' title='bbox 2509 4017 2942 4084; x_wconf 84' lang='lat' dir='ltr'><strong>demonstretur,</strong></span> <span class='ocrx_word' id='word_1_649' title='bbox 2978 4035 3104 4076; x_wconf 82' lang='lat' dir='ltr'><strong>vere</strong></span> <span class='ocrx_word' id='word_1_650' title='bbox 3130 4022 3372 4076; x_wconf 68' lang='lat' dir='ltr'><strong>auditori</strong></span> 
     </span>
    </p>
   </div>
   <div class='ocr_carea' id='block_1_86' title="bbox 1800 4102 3371 4175">
    <p class='ocr_par' dir='ltr' id='par_1_86' title="bbox 1800 4102 3371 4175">
     <span class='ocr_line' id='line_1_86' title="bbox 1800 4102 3371 4175; baseline 0.007 -18"><span class='ocrx_word' id='word_1_651' title='bbox 1800 4102 2070 4164; x_wconf 84' lang='lat' dir='ltr'><strong>suadebit,</strong></span> <span class='ocrx_word' id='word_1_652' title='bbox 2106 4103 2309 4157; x_wconf 91' lang='lat' dir='ltr'><strong>nullam</strong></span> <span class='ocrx_word' id='word_1_653' title='bbox 2344 4106 2414 4160; x_wconf 89' lang='lat' dir='ltr'><strong>ob</strong></span> <span class='ocrx_word' id='word_1_654' title='bbox 2463 4106 2624 4161; x_wconf 89' lang='lat' dir='ltr'><strong>aliam</strong></span> <span class='ocrx_word' id='word_1_655' title='bbox 2682 4109 2971 4175; x_wconf 88' lang='lat' dir='ltr'><strong>rationem,</strong></span> <span class='ocrx_word' id='word_1_656' title='bbox 3004 4111 3098 4165; x_wconf 89' lang='lat' dir='ltr'><strong>sed</strong></span> <span class='ocrx_word' id='word_1_657' title='bbox 3129 4122 3371 4167; x_wconf 88' lang='lat' dir='ltr'><strong>tantum-</strong></span> 
     </span>
    </p>
   </div>
   <div class='ocr_carea' id='block_1_87' title="bbox 1800 4192 3372 4259">
    <p class='ocr_par' dir='ltr' id='par_1_87' title="bbox 1800 4192 3372 4259">
     <span class='ocr_line' id='line_1_87' title="bbox 1800 4192 3372 4259; baseline 0.01 -14"><span class='ocrx_word' id='word_1_658' title='bbox 1800 4194 1961 4246; x_wconf 88' lang='lat' dir='ltr'><strong>modo</strong></span> <span class='ocrx_word' id='word_1_659' title='bbox 1984 4192 2053 4247; x_wconf 89' lang='lat' dir='ltr'><strong>ob</strong></span> <span class='ocrx_word' id='word_1_660' title='bbox 2077 4195 2338 4248; x_wconf 88' lang='lat' dir='ltr'><strong>unitatem</strong></span> <span class='ocrx_word' id='word_1_661' title='bbox 2367 4198 2616 4251; x_wconf 69' lang='lat' dir='ltr'><strong>essentia:</strong></span> <span class='ocrx_word' id='word_1_662' title='bbox 2639 4195 2817 4254; x_wconf 87' lang='lat' dir='ltr'><strong>Patris</strong></span> <span class='ocrx_word' id='word_1_663' title='bbox 2843 4209 2897 4255; x_wconf 91' lang='lat' dir='ltr'><strong>et</strong></span> <span class='ocrx_word' id='word_1_664' title='bbox 2920 4196 3044 4255; x_wconf 83' lang='lat' dir='ltr'><strong>Filii</strong></span> <span class='ocrx_word' id='word_1_665' title='bbox 3071 4218 3134 4257; x_wconf 79' lang='lat' dir='ltr'><strong>ex</strong></span> <span class='ocrx_word' id='word_1_666' title='bbox 3162 4205 3372 4259; x_wconf 48' lang='lat' dir='ltr'><strong>utrius‘</strong></span> 
     </span>
    </p>
   </div>
   <div class='ocr_carea' id='block_1_88' title="bbox 1799 4285 3367 4364">
    <p class='ocr_par' dir='ltr' id='par_1_88' title="bbox 1799 4285 3367 4364">
     <span class='ocr_line' id='line_1_88' title="bbox 1799 4285 3367 4364; baseline 0.009 -28"><span class='ocrx_word' id='word_1_667' title='bbox 1799 4298 1905 4352; x_wconf 91' lang='lat' dir='ltr'><strong>que</strong></span> <span class='ocrx_word' id='word_1_668' title='bbox 1935 4286 2173 4340; x_wconf 87' lang='lat' dir='ltr'><strong>essentia</strong></span> <span class='ocrx_word' id='word_1_669' title='bbox 2212 4285 2476 4356; x_wconf 87' lang='lat' dir='ltr'><strong>Spiritum</strong></span> <span class='ocrx_word' id='word_1_670' title='bbox 2526 4289 2636 4345; x_wconf 90' lang='lat' dir='ltr'><strong>dici</strong></span> <span class='ocrx_word' id='word_1_671' title='bbox 2670 4307 2685 4345; x_wconf 92' lang='lat'><strong>:</strong></span> <span class='ocrx_word' id='word_1_672' title='bbox 2716 4301 2810 4345; x_wconf 91' lang='lat' dir='ltr'><strong>aut</strong></span> <span class='ocrx_word' id='word_1_673' title='bbox 2853 4292 2898 4347; x_wconf 88' lang='lat' dir='ltr'><strong>si</strong></span> <span class='ocrx_word' id='word_1_674' title='bbox 2945 4288 3071 4347; x_wconf 85' lang='lat' dir='ltr'><strong>inde</strong></span> <span class='ocrx_word' id='word_1_675' title='bbox 3111 4293 3367 4364; x_wconf 82' lang='lat' dir='ltr'><strong>blasphe-</strong></span> 
     </span>
    </p>
   </div>
   <div class='ocr_carea' id='block_1_89' title="bbox 94 4377 1697 4461">
    <p class='ocr_par' dir='ltr' id='par_1_89' title="bbox 94 4388 1697 4461">
     <span class='ocr_line' id='line_1_89' title="bbox 94 4388 1697 4461; baseline 0.002 -20"><span class='ocrx_word' id='word_1_676' title='bbox 94 4388 344 4459; x_wconf 86' lang='grc' dir='ltr'><strong>Πνεῦμα</strong></span> <span class='ocrx_word' id='word_1_677' title='bbox 393 4390 615 4453; x_wconf 83' lang='grc' dir='ltr'><strong>οὐσίαςς</strong></span> <span class='ocrx_word' id='word_1_678' title='bbox 681 4389 715 4459; x_wconf 79' lang='grc' dir='ltr'>ἢ</span> <span class='ocrx_word' id='word_1_679' title='bbox 777 4388 873 4441; x_wconf 76' lang='grc' dir='ltr'><strong>ἐὰν</strong></span> <span class='ocrx_word' id='word_1_680' title='bbox 937 4389 997 4442; x_wconf 72' lang='grc' dir='ltr'><strong>τὸ</strong></span> <span class='ocrx_word' id='word_1_681' title='bbox 1069 4389 1325 4443; x_wconf 70' lang='grc' dir='ltr'><strong>ἐντεῦθεν</strong></span> <span class='ocrx_word' id='word_1_682' title='bbox 1378 4389 1697 4461; x_wconf 74' lang='grc' dir='ltr'><strong>βλάσφημον</strong></span> 
     </span>
    </p>
   </div>
   <div class='ocr_carea' id='block_1_90' title="bbox 1803 4377 3369 4461">
    <p class='ocr_par' dir='ltr' id='par_1_90' title="bbox 1803 4377 3369 4456">
     <span class='ocr_line' id='line_1_90' title="bbox 1803 4377 3369 4456; baseline 0.007 -27"><span class='ocrx_word' id='word_1_683' title='bbox 1803 4377 1908 4430; x_wconf 88' lang='lat' dir='ltr'><strong>mia</strong></span> <span class='ocrx_word' id='word_1_684' title='bbox 1937 4377 2223 4433; x_wconf 77' lang='lat' dir='ltr'><strong>manifesta</strong></span> <span class='ocrx_word' id='word_1_685' title='bbox 2249 4380 2554 4444; x_wconf 88' lang='lat' dir='ltr'><strong>enascitur,</strong></span> <span class='ocrx_word' id='word_1_686' title='bbox 2577 4378 3041 4438; x_wconf 83' lang='lat' dir='ltr'><strong>demonstraberis</strong></span> <span class='ocrx_word' id='word_1_687' title='bbox 3072 4392 3125 4437; x_wconf 94' lang='lat' dir='ltr'><strong>tu</strong></span> <span class='ocrx_word' id='word_1_688' title='bbox 3151 4400 3369 4456; x_wconf 86' lang='lat' dir='ltr'><strong>quoque</strong></span> 
     </span>
    </p>
   </div>
   <div class='ocr_carea' id='block_1_91' title="bbox 88 4458 1697 4554">
    <p class='ocr_par' dir='ltr' id='par_1_91' title="bbox 88 4458 1691 4554">
     <span class='ocr_line' id='line_1_91' title="bbox 88 4458 1691 4554; baseline 0.002 -23"><span class='ocrx_word' id='word_1_689' title='bbox 88 4458 404 4551; x_wconf 70' lang='grc' dir='ltr'><strong>πρὸδήλον,</strong></span> <span class='ocrx_word' id='word_1_690' title='bbox 467 4458 718 4534; x_wconf 79' lang='grc' dir='ltr'><strong>ἐντεῦθεν</strong></span> <span class='ocrx_word' id='word_1_691' title='bbox 769 4481 1139 4552; x_wconf 81' lang='grc' dir='ltr'><strong>ἀποδειχθήσῃ</strong></span> <span class='ocrx_word' id='word_1_692' title='bbox 1199 4483 1294 4536; x_wconf 69' lang='grc' dir='ltr'><strong>καὶ</strong></span> <span class='ocrx_word' id='word_1_693' title='bbox 1326 4458 1389 4535; x_wconf 68' lang='grc' dir='ltr'><strong>σύ</strong></span> <span class='ocrx_word' id='word_1_694' title='bbox 1448 4458 1691 4554; x_wconf 66' lang='grc' dir='ltr'><strong>μεγάλης</strong></span> 
     </span>
    </p>
   </div>
   <div class='ocr_carea' id='block_1_92' title="bbox 1803 4458 3368 4554">
    <p class='ocr_par' dir='ltr' id='par_1_92' title="bbox 1803 4469 3368 4543">
     <span class='ocr_line' id='line_1_92' title="bbox 1803 4469 3368 4543; baseline 0.006 -21"><span class='ocrx_word' id='word_1_695' title='bbox 1803 4469 2051 4523; x_wconf 75' lang='lat' dir='ltr'><strong>maximze</strong></span> <span class='ocrx_word' id='word_1_696' title='bbox 2098 4470 2447 4540; x_wconf 73' lang='lat' dir='ltr'><strong>blasphemia:</strong></span> <span class='ocrx_word' id='word_1_697' title='bbox 2494 4474 2765 4527; x_wconf 77' lang='lat' dir='ltr'><strong>obnoxius</strong></span> <span class='ocrx_word' id='word_1_698' title='bbox 2817 4489 2961 4543; x_wconf 84' lang='lat' dir='ltr'><strong>esse.</strong></span> <span class='ocrx_word' id='word_1_699' title='bbox 3004 4474 3071 4529; x_wconf 88' lang='lat' dir='ltr'><strong>Et</strong></span> <span class='ocrx_word' id='word_1_700' title='bbox 3113 4482 3368 4531; x_wconf 58' lang='lat' dir='ltr'><strong>essentia:</strong></span> 
     </span>
    </p>
   </div>
   <div class='ocr_carea' id='block_1_93' title="bbox 88 4571 1692 4645">
    <p class='ocr_par' dir='ltr' id='par_1_93' title="bbox 88 4571 1692 4645">
     <span class='ocr_line' id='line_1_93' title="bbox 88 4571 1692 4645; baseline 0.004 -21"><span class='ocrx_word' id='word_1_701' title='bbox 88 4573 293 4642; x_wconf 73' lang='grc' dir='ltr'><strong>ἔνοχος</strong></span> <span class='ocrx_word' id='word_1_702' title='bbox 338 4571 479 4627; x_wconf 78' lang='grc' dir='ltr'><strong>εἶναι</strong></span> <span class='ocrx_word' id='word_1_703' title='bbox 534 4573 638 4643; x_wconf 68' lang='grc' dir='ltr'><strong>τῆς</strong></span> <span class='ocrx_word' id='word_1_704' title='bbox 703 4572 1076 4645; x_wconf 69' lang='grc' dir='ltr'><strong>βλασφημίας.</strong></span> <span class='ocrx_word' id='word_1_705' title='bbox 1137 4573 1249 4627; x_wconf 71' lang='grc' dir='ltr'><strong>Καὶ</strong></span> <span class='ocrx_word' id='word_1_706' title='bbox 1284 4576 1344 4628; x_wconf 80' lang='grc' dir='ltr'><strong>τὸ</strong></span> <span class='ocrx_word' id='word_1_707' title='bbox 1378 4575 1477 4645; x_wconf 84' lang='grc' dir='ltr'><strong>τῆς</strong></span> <span class='ocrx_word' id='word_1_708' title='bbox 1503 4578 1692 4641; x_wconf 86' lang='grc' dir='ltr'><strong>οὐσίας</strong></span> 
     </span>
    </p>
   </div>
   <div class='ocr_carea' id='block_1_94' title="bbox 79 4668 1688 4743">
    <p class='ocr_par' dir='ltr' id='par_1_94' title="bbox 79 4668 1688 4743">
     <span class='ocr_line' id='line_1_94' title="bbox 79 4668 1688 4743; baseline 0 -19"><span class='ocrx_word' id='word_1_709' title='bbox 79 4671 428 4741; x_wconf 78' lang='grc' dir='ltr'><strong>ἀδιαίρετον</strong></span> <span class='ocrx_word' id='word_1_710' title='bbox 471 4671 645 4723; x_wconf 77' lang='grc' dir='ltr'><strong>αἴτιον</strong></span> <span class='ocrx_word' id='word_1_711' title='bbox 689 4668 786 4739; x_wconf 79' lang='grc' dir='ltr'><strong>τῆς</strong></span> <span class='ocrx_word' id='word_1_712' title='bbox 846 4670 1167 4737; x_wconf 74' lang='grc' dir='ltr'><strong>θεολογικῆς</strong></span> <span class='ocrx_word' id='word_1_713' title='bbox 1212 4668 1420 4738; x_wconf 80' lang='grc' dir='ltr'><strong>ταύτης</strong></span> <span class='ocrx_word' id='word_1_714' title='bbox 1473 4670 1688 4743; x_wconf 81' lang='grc' dir='ltr'><strong>ρήσεως</strong></span> 
     </span>
    </p>
   </div>
   <div class='ocr_carea' id='block_1_95' title="bbox 75 4759 1687 4831">
    <p class='ocr_par' dir='ltr' id='par_1_95' title="bbox 75 4759 1687 4831">
     <span class='ocr_line' id='line_1_95' title="bbox 75 4759 1687 4831; baseline 0.001 -19"><span class='ocrx_word' id='word_1_715' title='bbox 75 4761 554 4831; x_wconf 75' lang='grc' dir='ltr'><strong>προϐαλλόμενος</strong></span> <span class='ocrx_word' id='word_1_716' title='bbox 585 4760 835 4830; x_wconf 74' lang='grc' dir='ltr'><strong>φανερῶς</strong></span> <span class='ocrx_word' id='word_1_717' title='bbox 873 4759 1180 4830; x_wconf 74' lang='grc' dir='ltr'><strong>ἐλεγχθήσῃ</strong></span> <span class='ocrx_word' id='word_1_718' title='bbox 1243 4759 1517 4823; x_wconf 79' lang='grc' dir='ltr'><strong>κλέπτων,</strong></span> <span class='ocrx_word' id='word_1_719' title='bbox 1562 4762 1687 4831; x_wconf 79' lang='grc' dir='ltr'><strong>οὐχὶ</strong></span> 
     </span>
    </p>
   </div>
   <div class='ocr_carea' id='block_1_96' title="bbox 68 4849 1684 4922">
    <p class='ocr_par' dir='ltr' id='par_1_96' title="bbox 68 4849 1684 4922">
     <span class='ocr_line' id='line_1_96' title="bbox 68 4849 1684 4922; baseline 0 -18"><span class='ocrx_word' id='word_1_720' title='bbox 68 4852 309 4904; x_wconf 78' lang='grc' dir='ltr'><strong>πείθων</strong></span> <span class='ocrx_word' id='word_1_721' title='bbox 367 4851 462 4903; x_wconf 60' lang='grc' dir='ltr'><strong>τὴν</strong></span> <span class='ocrx_word' id='word_1_722' title='bbox 492 4851 866 4920; x_wconf 74' lang='grc' dir='ltr'><strong>ἀκροώμενον.</strong></span> <span class='ocrx_word' id='word_1_723' title='bbox 930 4852 1023 4912; x_wconf 87' lang='grc' dir='ltr'><strong>Τίς</strong></span> <span class='ocrx_word' id='word_1_724' title='bbox 1055 4851 1162 4919; x_wconf 81' lang='grc' dir='ltr'><strong>γὰρ</strong></span> <span class='ocrx_word' id='word_1_725' title='bbox 1189 4849 1341 4903; x_wconf 80' lang='grc' dir='ltr'><strong>ἔσται</strong></span> <span class='ocrx_word' id='word_1_726' title='bbox 1371 4853 1398 4903; x_wconf 87' lang='grc' dir='ltr'><strong>ό</strong></span> <span class='ocrx_word' id='word_1_727' title='bbox 1426 4850 1519 4903; x_wconf 86' lang='grc' dir='ltr'><strong>σοῦ</strong></span> <span class='ocrx_word' id='word_1_728' title='bbox 1572 4854 1684 4922; x_wconf 83' lang='grc' dir='ltr'><strong>χεῖ-</strong></span> 
     </span>
    </p>
   </div>
   <div class='ocr_carea' id='block_1_97' title="bbox 72 4941 1690 5013">
    <p class='ocr_par' dir='ltr' id='par_1_97' title="bbox 72 4941 1690 5013">
     <span class='ocr_line' id='line_1_97' title="bbox 72 4941 1690 5013; baseline 0.001 -19"><span class='ocrx_word' id='word_1_729' title='bbox 72 4960 173 5010; x_wconf 77' lang='grc' dir='ltr'><strong>ρον</strong></span> <span class='ocrx_word' id='word_1_730' title='bbox 218 4943 342 5013; x_wconf 80' lang='grc' dir='ltr'><strong>τὴν</strong></span> <span class='ocrx_word' id='word_1_731' title='bbox 370 4941 561 4995; x_wconf 82' lang='grc' dir='ltr'><strong>οὐσίαν</strong></span> <span class='ocrx_word' id='word_1_732' title='bbox 587 4941 836 5010; x_wconf 79' lang='grc' dir='ltr'><strong>διαιρῶν,</strong></span> <span class='ocrx_word' id='word_1_733' title='bbox 870 4941 968 4993; x_wconf 74' lang='grc' dir='ltr'><strong>ἐὰν</strong></span> <span class='ocrx_word' id='word_1_734' title='bbox 1001 4941 1098 5011; x_wconf 80' lang='grc' dir='ltr'><strong>τὴν</strong></span> <span class='ocrx_word' id='word_1_735' title='bbox 1123 4941 1318 4995; x_wconf 81' lang='grc' dir='ltr'><strong>οὐσίαν</strong></span> <span class='ocrx_word' id='word_1_736' title='bbox 1369 4942 1465 4996; x_wconf 87' lang='grc' dir='ltr'><strong>τοῦ</strong></span> <span class='ocrx_word' id='word_1_737' title='bbox 1516 4943 1690 5013; x_wconf 56' lang='grc' dir='ltr'><strong>Πνεύέ</strong></span> 
     </span>
    </p>
   </div>
   <div class='ocr_carea' id='block_1_98' title="bbox 68 5030 1688 5105">
    <p class='ocr_par' dir='ltr' id='par_1_98' title="bbox 68 5030 1688 5105">
     <span class='ocr_line' id='line_1_98' title="bbox 68 5030 1688 5105; baseline 0 -19"><span class='ocrx_word' id='word_1_738' title='bbox 68 5051 269 5102; x_wconf 76' lang='grc' dir='ltr'><strong>ματος</strong></span> <span class='ocrx_word' id='word_1_739' title='bbox 352 5032 455 5102; x_wconf 82' lang='grc' dir='ltr'><strong>τῆς</strong></span> <span class='ocrx_word' id='word_1_740' title='bbox 501 5031 597 5084; x_wconf 83' lang='grc' dir='ltr'><strong>τοῦ</strong></span> <span class='ocrx_word' id='word_1_741' title='bbox 642 5032 858 5100; x_wconf 78' lang='grc' dir='ltr'><strong>[ἰατρὸς</strong></span> <span class='ocrx_word' id='word_1_742' title='bbox 914 5031 1007 5085; x_wconf 81' lang='grc' dir='ltr'><strong>καὶ</strong></span> <span class='ocrx_word' id='word_1_743' title='bbox 1060 5030 1192 5084; x_wconf 89' lang='grc' dir='ltr'><strong>Υίοῦ</strong></span> <span class='ocrx_word' id='word_1_744' title='bbox 1242 5032 1569 5103; x_wconf 83' lang='grc' dir='ltr'><strong>διαιρήσεις,</strong></span> <span class='ocrx_word' id='word_1_745' title='bbox 1613 5034 1688 5105; x_wconf 86' lang='grc' dir='ltr'><strong>μὴ</strong></span> 
     </span>
    </p>
   </div>
   <div class='ocr_carea' id='block_1_99' title="bbox 67 5107 1689 5194">
    <p class='ocr_par' dir='ltr' id='par_1_99' title="bbox 67 5107 1689 5194">
     <span class='ocr_line' id='line_1_99' title="bbox 67 5107 1689 5194; baseline -0.001 -18"><span class='ocrx_word' id='word_1_746' title='bbox 67 5107 421 5194; x_wconf 65' lang='grc' dir='ltr'><strong>συγχωρῶν</strong></span> <span class='ocrx_word' id='word_1_747' title='bbox 452 5122 580 5185; x_wconf 77' lang='grc' dir='ltr'><strong>ἴσως</strong></span> <span class='ocrx_word' id='word_1_748' title='bbox 612 5121 708 5174; x_wconf 75' lang='grc' dir='ltr'><strong>καὶ</strong></span> <span class='ocrx_word' id='word_1_749' title='bbox 737 5124 801 5173; x_wconf 83' lang='grc' dir='ltr'><strong>ὲκ</strong></span> <span class='ocrx_word' id='word_1_750' title='bbox 824 5122 924 5191; x_wconf 85' lang='grc' dir='ltr'><strong>τῆς</strong></span> <span class='ocrx_word' id='word_1_751' title='bbox 965 5120 1159 5174; x_wconf 79' lang='grc' dir='ltr'><strong>ἑαυτοῦ</strong></span> <span class='ocrx_word' id='word_1_752' title='bbox 1208 5116 1345 5174; x_wconf 75' lang='grc' dir='ltr'><strong>εἶναι</strong></span> <span class='ocrx_word' id='word_1_753' title='bbox 1391 5123 1578 5185; x_wconf 86' lang='grc' dir='ltr'><strong>οὐσίας</strong></span> <span class='ocrx_word' id='word_1_754' title='bbox 1629 5123 1689 5175; x_wconf 84' lang='grc' dir='ltr'><strong>τὸ</strong></span> 
     </span>
    </p>
   </div>
   <div class='ocr_carea' id='block_1_100' title="bbox 61 5212 1688 5285">
    <p class='ocr_par' dir='ltr' id='par_1_100' title="bbox 61 5212 1688 5285">
     <span class='ocr_line' id='line_1_100' title="bbox 61 5212 1688 5285; baseline -0.001 -16"><span class='ocrx_word' id='word_1_755' title='bbox 61 5216 367 5285; x_wconf 80' lang='grc' dir='ltr'><strong>Πνεῦμας</strong></span> <span class='ocrx_word' id='word_1_756' title='bbox 398 5215 553 5265; x_wconf 84' lang='grc' dir='ltr'><strong>Διατί</strong></span> <span class='ocrx_word' id='word_1_757' title='bbox 582 5212 663 5277; x_wconf 83' lang='grc' dir='ltr'><strong>δὲ,</strong></span> <span class='ocrx_word' id='word_1_758' title='bbox 700 5213 840 5277; x_wconf 66' lang='grc' dir='ltr'><strong>εἰπὲ,</strong></span> <span class='ocrx_word' id='word_1_759' title='bbox 879 5214 943 5267; x_wconf 71' lang='grc' dir='ltr'><strong>ἐκ</strong></span> <span class='ocrx_word' id='word_1_760' title='bbox 976 5213 1075 5281; x_wconf 80' lang='grc' dir='ltr'><strong>μὲν</strong></span> <span class='ocrx_word' id='word_1_761' title='bbox 1102 5214 1200 5282; x_wconf 79' lang='grc' dir='ltr'><strong>τῆς</strong></span> <span class='ocrx_word' id='word_1_762' title='bbox 1222 5212 1410 5275; x_wconf 87' lang='grc' dir='ltr'><strong>οὐσίας</strong></span> <span class='ocrx_word' id='word_1_763' title='bbox 1435 5213 1496 5265; x_wconf 81' lang='grc' dir='ltr'><strong>τὸ</strong></span> <span class='ocrx_word' id='word_1_764' title='bbox 1532 5214 1688 5283; x_wconf 83' lang='grc' dir='ltr'><strong>λεγό-</strong></span> 
     </span>
    </p>
   </div>
   <div class='ocr_carea' id='block_1_101' title="bbox 58 5305 1687 5377">
    <p class='ocr_par' dir='ltr' id='par_1_101' title="bbox 58 5305 1687 5377">
     <span class='ocr_line' id='line_1_101' title="bbox 58 5305 1687 5377; baseline 0 -18"><span class='ocrx_word' id='word_1_765' title='bbox 58 5325 247 5377; x_wconf 82' lang='grc' dir='ltr'><strong>μενον</strong></span> <span class='ocrx_word' id='word_1_766' title='bbox 281 5307 400 5359; x_wconf 81' lang='grc' dir='ltr'><strong>τοῦ</strong></span> <span class='ocrx_word' id='word_1_767' title='bbox 428 5306 642 5377; x_wconf 74' lang='grc' dir='ltr'><strong>Πατρὸς</strong></span> <span class='ocrx_word' id='word_1_768' title='bbox 664 5307 757 5359; x_wconf 71' lang='grc' dir='ltr'><strong>καὶ</strong></span> <span class='ocrx_word' id='word_1_769' title='bbox 775 5306 839 5357; x_wconf 84' lang='grc' dir='ltr'><strong>ὲκ</strong></span> <span class='ocrx_word' id='word_1_770' title='bbox 862 5307 961 5375; x_wconf 81' lang='grc' dir='ltr'><strong>τῆς</strong></span> <span class='ocrx_word' id='word_1_771' title='bbox 990 5305 1337 5368; x_wconf 81' lang='grc' dir='ltr'><strong>ὑποστάσεως</strong></span> <span class='ocrx_word' id='word_1_772' title='bbox 1361 5305 1601 5374; x_wconf 78' lang='grc' dir='ltr'><strong>λέγεται,</strong></span> <span class='ocrx_word' id='word_1_773' title='bbox 1622 5309 1687 5360; x_wconf 86' lang='grc' dir='ltr'><strong>ὲκ</strong></span> 
     </span>
    </p>
   </div>
   <div class='ocr_carea' id='block_1_102' title="bbox 76 5396 1684 5468">
    <p class='ocr_par' dir='ltr' id='par_1_102' title="bbox 76 5396 1684 5468">
     <span class='ocr_line' id='line_1_102' title="bbox 76 5396 1684 5468; baseline -0.002 -15"><span class='ocrx_word' id='word_1_774' title='bbox 76 5400 141 5453; x_wconf 82' lang='grc' dir='ltr'><strong>δὲ</strong></span> <span class='ocrx_word' id='word_1_775' title='bbox 166 5399 289 5467; x_wconf 76' lang='grc' dir='ltr'><strong>τῆς</strong></span> <span class='ocrx_word' id='word_1_776' title='bbox 314 5396 522 5459; x_wconf 78' lang='grc' dir='ltr'><strong>οὐσίας</strong></span> <span class='ocrx_word' id='word_1_777' title='bbox 540 5398 833 5466; x_wconf 73' lang='grc' dir='ltr'><strong>λεγόμενον</strong></span> <span class='ocrx_word' id='word_1_778' title='bbox 854 5397 947 5449; x_wconf 88' lang='grc' dir='ltr'><strong>τοῦ</strong></span> <span class='ocrx_word' id='word_1_779' title='bbox 976 5397 1106 5450; x_wconf 81' lang='grc' dir='ltr'><strong>Υίοῦ</strong></span> <span class='ocrx_word' id='word_1_780' title='bbox 1126 5399 1189 5451; x_wconf 81' lang='grc' dir='ltr'><strong>ἐκ</strong></span> <span class='ocrx_word' id='word_1_781' title='bbox 1208 5397 1308 5468; x_wconf 77' lang='grc' dir='ltr'><strong>τῆς</strong></span> <span class='ocrx_word' id='word_1_782' title='bbox 1334 5398 1684 5464; x_wconf 64' lang='grc' dir='ltr'><strong>ὑποστάσεως</strong></span> 
     </span>
    </p>
   </div>
   <div class='ocr_carea' id='block_1_103' title="bbox 42 5486 1687 5567">
    <p class='ocr_par' dir='ltr' id='par_1_103' title="bbox 42 5486 1687 5567">
     <span class='ocr_line' id='line_1_103' title="bbox 42 5486 1687 5567; baseline -0.002 -25"><span class='ocrx_word' id='word_1_783' title='bbox 42 5491 110 5542; x_wconf 80' lang='grc' dir='ltr'><strong>οὐ</strong></span> <span class='ocrx_word' id='word_1_784' title='bbox 135 5490 492 5561; x_wconf 50' lang='lat' dir='ltr'><strong>muscam</strong></span> <span class='ocrx_word' id='word_1_785' title='bbox 510 5505 526 5549; x_wconf 85' lang='lat'><strong>;</strong></span> <span class='ocrx_word' id='word_1_786' title='bbox 547 5488 681 5558; x_wconf 66' lang='grc' dir='ltr'><strong>Οὐχ)⁸</strong></span> <span class='ocrx_word' id='word_1_787' title='bbox 700 5486 979 5541; x_wconf 81' lang='grc' dir='ltr'><strong>κάνταῦθα</strong></span> <span class='ocrx_word' id='word_1_788' title='bbox 994 5487 1171 5554; x_wconf 89' lang='grc' dir='ltr'><strong>λόγοις</strong></span> <span class='ocrx_word' id='word_1_789' title='bbox 1206 5487 1386 5567; x_wconf 81' lang='grc' dir='ltr'><strong>μόνοις</strong></span> <span class='ocrx_word' id='word_1_790' title='bbox 1407 5486 1467 5540; x_wconf 85' lang='grc' dir='ltr'><strong>τδ</strong></span> <span class='ocrx_word' id='word_1_791' title='bbox 1482 5488 1579 5557; x_wconf 83' lang='grc' dir='ltr'><strong>τῆς</strong></span> <span class='ocrx_word' id='word_1_792' title='bbox 1598 5488 1687 5539; x_wconf 88' lang='grc' dir='ltr'><strong>οὐ-</strong></span> 
     </span>
    </p>
   </div>
   <div class='ocr_carea' id='block_1_104' title="bbox 42 5578 1686 5651">
    <p class='ocr_par' dir='ltr' id='par_1_104' title="bbox 42 5578 1686 5651">
     <span class='ocr_line' id='line_1_104' title="bbox 42 5578 1686 5651; baseline -0.004 -14"><span class='ocrx_word' id='word_1_793' title='bbox 42 5584 178 5648; x_wconf 78' lang='grc' dir='ltr'><strong>σίας</strong></span> <span class='ocrx_word' id='word_1_794' title='bbox 208 5581 562 5650; x_wconf 76' lang='grc' dir='ltr'><strong>ἀδιαίρετον</strong></span> <span class='ocrx_word' id='word_1_795' title='bbox 599 5580 778 5648; x_wconf 82' lang='grc' dir='ltr'><strong>φαίνει</strong></span> <span class='ocrx_word' id='word_1_796' title='bbox 806 5582 1111 5651; x_wconf 81' lang='grc' dir='ltr'><strong>ὁμολογεῖν,</strong></span> <span class='ocrx_word' id='word_1_797' title='bbox 1135 5579 1350 5649; x_wconf 74' lang='grc' dir='ltr'>ἀληθῶς</span> <span class='ocrx_word' id='word_1_798' title='bbox 1373 5578 1575 5649; x_wconf 84' lang='grc' dir='ltr'><strong>ταὺτην</strong></span> <span class='ocrx_word' id='word_1_799' title='bbox 1592 5580 1686 5633; x_wconf 88' lang='grc' dir='ltr'><strong>αὐ-</strong></span> 
     </span>
    </p>
   </div>
   <div class='ocr_carea' id='block_1_105' title="bbox 36 5672 1676 5744">
    <p class='ocr_par' dir='ltr' id='par_1_105' title="bbox 36 5672 1676 5744">
     <span class='ocr_line' id='line_1_105' title="bbox 36 5672 1676 5744; baseline -0.002 -16"><span class='ocrx_word' id='word_1_800' title='bbox 36 5678 137 5741; x_wconf 48' lang='lat' dir='ltr'><strong>to;</strong></span> <span class='ocrx_word' id='word_1_801' title='bbox 171 5673 474 5744; x_wconf 74' lang='grc' dir='ltr'><strong>διαιρῶν,</strong></span> <span class='ocrx_word' id='word_1_802' title='bbox 503 5673 595 5726; x_wconf 71' lang='grc' dir='ltr'><strong>καὶ</strong></span> <span class='ocrx_word' id='word_1_803' title='bbox 621 5673 719 5741; x_wconf 82' lang='grc' dir='ltr'><strong>τῆς</strong></span> <span class='ocrx_word' id='word_1_804' title='bbox 760 5673 1106 5742; x_wconf 80' lang='grc' dir='ltr'><strong>’Λρειανικῆς</strong></span> <span class='ocrx_word' id='word_1_805' title='bbox 1132 5672 1426 5744; x_wconf 84' lang='grc' dir='ltr'><strong>διαρέσεως</strong></span> <span class='ocrx_word' id='word_1_806' title='bbox 1453 5672 1633 5739; x_wconf 81' lang='grc' dir='ltr'><strong>χεῖρον</strong></span> <span class='ocrx_word' id='word_1_807' title='bbox 1662 5688 1676 5736; x_wconf 91' lang='grc'>;</span> 
     </span>
    </p>
   </div>
   <div class='ocr_carea' id='block_1_106' title="bbox 51 5759 1682 5837">
    <p class='ocr_par' dir='ltr' id='par_1_106' title="bbox 51 5759 1682 5837">
     <span class='ocr_line' id='line_1_106' title="bbox 51 5759 1682 5837; baseline -0.004 -16"><span class='ocrx_word' id='word_1_808' title='bbox 51 5765 116 5820; x_wconf 88' lang='lat'><strong>&#39;0</strong></span> <span class='ocrx_word' id='word_1_809' title='bbox 148 5768 273 5837; x_wconf 78' lang='grc' dir='ltr'><strong>μὲν</strong></span> <span class='ocrx_word' id='word_1_810' title='bbox 306 5764 443 5833; x_wconf 79' lang='grc' dir='ltr'><strong>γὰρ</strong></span> <span class='ocrx_word' id='word_1_811' title='bbox 472 5760 547 5832; x_wconf 77' lang='grc' dir='ltr'><strong>τῷ</strong></span> <span class='ocrx_word' id='word_1_812' title='bbox 568 5759 661 5813; x_wconf 87' lang='grc' dir='ltr'><strong>τοῦ</strong></span> <span class='ocrx_word' id='word_1_813' title='bbox 694 5762 902 5831; x_wconf 68' lang='grc' dir='ltr'><strong>Πατρός</strong></span> <span class='ocrx_word' id='word_1_814' title='bbox 932 5760 1164 5831; x_wconf 72' lang='grc' dir='ltr'><strong>ὑστέρῳ,</strong></span> <span class='ocrx_word' id='word_1_815' title='bbox 1196 5761 1288 5815; x_wconf 73' lang='grc' dir='ltr'><strong>καὶ</strong></span> <span class='ocrx_word' id='word_1_816' title='bbox 1314 5761 1394 5813; x_wconf 82' lang='grc' dir='ltr'><strong>ὅτι</strong></span> <span class='ocrx_word' id='word_1_817' title='bbox 1422 5759 1682 5828; x_wconf 77' lang='grc' dir='ltr'><strong>γεγονότα</strong></span> 
     </span>
    </p>
   </div>
   <div class='ocr_carea' id='block_1_107' title="bbox 1804 4558 3370 4634">
    <p class='ocr_par' dir='ltr' id='par_1_107' title="bbox 1804 4558 3370 4634">
     <span class='ocr_line' id='line_1_107' title="bbox 1804 4558 3370 4634; baseline 0.008 -21"><span class='ocrx_word' id='word_1_818' title='bbox 1804 4558 2138 4615; x_wconf 87' lang='lat' dir='ltr'><strong>indivisibile</strong></span> <span class='ocrx_word' id='word_1_819' title='bbox 2181 4578 2400 4616; x_wconf 87' lang='lat' dir='ltr'><strong>causam</strong></span> <span class='ocrx_word' id='word_1_820' title='bbox 2448 4563 2677 4632; x_wconf 85' lang='lat' dir='ltr'><strong>hujusce</strong></span> <span class='ocrx_word' id='word_1_821' title='bbox 2724 4566 3040 4634; x_wconf 64' lang='lat' dir='ltr'><strong>theologicae</strong></span> <span class='ocrx_word' id='word_1_822' title='bbox 3088 4572 3370 4625; x_wconf 70' lang='lat' dir='ltr'><strong>sententia:</strong></span> 
     </span>
    </p>
   </div>
   <div class='ocr_carea' id='block_1_108' title="bbox 1805 4655 3369 4726">
    <p class='ocr_par' dir='ltr' id='par_1_108' title="bbox 1805 4655 3369 4726">
     <span class='ocr_line' id='line_1_108' title="bbox 1805 4655 3369 4726; baseline 0.009 -21"><span class='ocrx_word' id='word_1_823' title='bbox 1805 4667 2134 4723; x_wconf 89' lang='lat' dir='ltr'><strong>proponens,</strong></span> <span class='ocrx_word' id='word_1_824' title='bbox 2189 4655 2363 4722; x_wconf 89' lang='lat' dir='ltr'><strong>palam</strong></span> <span class='ocrx_word' id='word_1_825' title='bbox 2406 4656 2830 4726; x_wconf 81' lang='lat' dir='ltr'><strong>deprehenderis</strong></span> <span class='ocrx_word' id='word_1_826' title='bbox 2877 4661 3212 4725; x_wconf 78' lang='lat' dir='ltr'><strong>subduceris.</strong></span> <span class='ocrx_word' id='word_1_827' title='bbox 3260 4681 3369 4719; x_wconf 87' lang='lat' dir='ltr'><strong>non</strong></span> 
     </span>
    </p>
   </div>
   <div class='ocr_carea' id='block_1_109' title="bbox 1802 4748 3369 4826">
    <p class='ocr_par' dir='ltr' id='par_1_109' title="bbox 1802 4748 3369 4826">
     <span class='ocr_line' id='line_1_109' title="bbox 1802 4748 3369 4826; baseline 0.008 -28"><span class='ocrx_word' id='word_1_828' title='bbox 1802 4748 2140 4815; x_wconf 74' lang='lat' dir='ltr'><strong>persuadens</strong></span> <span class='ocrx_word' id='word_1_829' title='bbox 2193 4749 2521 4803; x_wconf 88' lang='lat' dir='ltr'><strong>auditorem.</strong></span> <span class='ocrx_word' id='word_1_830' title='bbox 2577 4750 2711 4817; x_wconf 85' lang='lat' dir='ltr'><strong>Quis</strong></span> <span class='ocrx_word' id='word_1_831' title='bbox 2753 4754 2894 4806; x_wconf 87' lang='lat' dir='ltr'><strong>enim</strong></span> <span class='ocrx_word' id='word_1_832' title='bbox 2946 4753 3133 4819; x_wconf 75' lang='lat' dir='ltr'><strong>fuerit,</strong></span> <span class='ocrx_word' id='word_1_833' title='bbox 3177 4756 3269 4826; x_wconf 89' lang='lat' dir='ltr'><strong>qui</strong></span> <span class='ocrx_word' id='word_1_834' title='bbox 3317 4766 3369 4810; x_wconf 83' lang='lat' dir='ltr'><strong>te</strong></span> 
     </span>
    </p>
   </div>
   <div class='ocr_carea' id='block_1_110' title="bbox 1803 4840 3367 4918">
    <p class='ocr_par' dir='ltr' id='par_1_110' title="bbox 1803 4840 3367 4918">
     <span class='ocr_line' id='line_1_110' title="bbox 1803 4840 3367 4918; baseline 0.006 -25"><span class='ocrx_word' id='word_1_835' title='bbox 1803 4840 1958 4909; x_wconf 88' lang='lat' dir='ltr'><strong>pejus</strong></span> <span class='ocrx_word' id='word_1_836' title='bbox 2011 4841 2306 4895; x_wconf 89' lang='lat' dir='ltr'><strong>essentiam</strong></span> <span class='ocrx_word' id='word_1_837' title='bbox 2358 4842 2627 4909; x_wconf 88' lang='lat' dir='ltr'><strong>diviserit,</strong></span> <span class='ocrx_word' id='word_1_838' title='bbox 2675 4845 2720 4899; x_wconf 90' lang='lat' dir='ltr'><strong>si</strong></span> <span class='ocrx_word' id='word_1_839' title='bbox 2774 4845 3067 4901; x_wconf 91' lang='lat' dir='ltr'><strong>essentiam</strong></span> <span class='ocrx_word' id='word_1_840' title='bbox 3129 4848 3367 4918; x_wconf 77' lang='lat' dir='ltr'><strong>Spiritus</strong></span> 
     </span>
    </p>
   </div>
   <div class='ocr_carea' id='block_1_111' title="bbox 1802 4930 3366 5011">
    <p class='ocr_par' dir='ltr' id='par_1_111' title="bbox 1802 4930 3366 5011">
     <span class='ocr_line' id='line_1_111' title="bbox 1802 4930 3366 5011; baseline 0.006 -26"><span class='ocrx_word' id='word_1_841' title='bbox 1802 4930 1870 4986; x_wconf 90' lang='lat' dir='ltr'><strong>ab</strong></span> <span class='ocrx_word' id='word_1_842' title='bbox 1912 4946 1974 4986; x_wconf 89' lang='lat' dir='ltr'><strong>ea</strong></span> <span class='ocrx_word' id='word_1_843' title='bbox 2021 4947 2141 5000; x_wconf 61' lang='lat' dir='ltr'><strong>qua;</strong></span> <span class='ocrx_word' id='word_1_844' title='bbox 2191 4942 2276 4988; x_wconf 83' lang='lat' dir='ltr'><strong>est</strong></span> <span class='ocrx_word' id='word_1_845' title='bbox 2304 4934 2543 4989; x_wconf 88' lang='lat' dir='ltr'><strong>essentia</strong></span> <span class='ocrx_word' id='word_1_846' title='bbox 2591 4933 2767 4991; x_wconf 88' lang='lat' dir='ltr'><strong>Patris</strong></span> <span class='ocrx_word' id='word_1_847' title='bbox 2805 4945 2859 4990; x_wconf 90' lang='lat' dir='ltr'><strong>et</strong></span> <span class='ocrx_word' id='word_1_848' title='bbox 2889 4936 3013 4992; x_wconf 89' lang='lat' dir='ltr'><strong>Filii</strong></span> <span class='ocrx_word' id='word_1_849' title='bbox 3065 4943 3366 5011; x_wconf 86' lang='lat' dir='ltr'><strong>separabis,</strong></span> 
     </span>
    </p>
   </div>
   <div class='ocr_carea' id='block_1_112' title="bbox 1802 5024 3369 5103">
    <p class='ocr_par' dir='ltr' id='par_1_112' title="bbox 1802 5024 3369 5103">
     <span class='ocr_line' id='line_1_112' title="bbox 1802 5024 3369 5103; baseline 0.007 -27"><span class='ocrx_word' id='word_1_850' title='bbox 1802 5038 1911 5077; x_wconf 92' lang='lat' dir='ltr'><strong>non</strong></span> <span class='ocrx_word' id='word_1_851' title='bbox 1949 5025 2251 5080; x_wconf 87' lang='lat' dir='ltr'><strong>concedens</strong></span> <span class='ocrx_word' id='word_1_852' title='bbox 2284 5024 2444 5091; x_wconf 80' lang='lat' dir='ltr'><strong>forte,</strong></span> <span class='ocrx_word' id='word_1_853' title='bbox 2480 5035 2533 5080; x_wconf 88' lang='lat' dir='ltr'><strong>et</strong></span> <span class='ocrx_word' id='word_1_854' title='bbox 2559 5042 2622 5080; x_wconf 81' lang='lat' dir='ltr'><strong>ex</strong></span> <span class='ocrx_word' id='word_1_855' title='bbox 2657 5031 2741 5082; x_wconf 86' lang='lat' dir='ltr'><strong>sui</strong></span> <span class='ocrx_word' id='word_1_856' title='bbox 2771 5029 2946 5099; x_wconf 86' lang='lat' dir='ltr'><strong>ipsius</strong></span> <span class='ocrx_word' id='word_1_857' title='bbox 2983 5033 3219 5087; x_wconf 88' lang='lat' dir='ltr'><strong>essentia</strong></span> <span class='ocrx_word' id='word_1_858' title='bbox 3244 5036 3369 5103; x_wconf 84' lang='lat' dir='ltr'><strong>Spi-</strong></span> 
     </span>
    </p>
   </div>
   <div class='ocr_carea' id='block_1_113' title="bbox 1803 5115 3365 5194">
    <p class='ocr_par' dir='ltr' id='par_1_113' title="bbox 1803 5115 3365 5194">
     <span class='ocr_line' id='line_1_113' title="bbox 1803 5115 3365 5194; baseline 0.006 -25"><span class='ocrx_word' id='word_1_859' title='bbox 1803 5115 1965 5170; x_wconf 91' lang='lat' dir='ltr'><strong>ritum</strong></span> <span class='ocrx_word' id='word_1_860' title='bbox 2022 5117 2184 5171; x_wconf 83' lang='lat' dir='ltr'><strong>esse?</strong></span> <span class='ocrx_word' id='word_1_861' title='bbox 2220 5117 2399 5183; x_wconf 87' lang='lat' dir='ltr'><strong>Quare</strong></span> <span class='ocrx_word' id='word_1_862' title='bbox 2450 5134 2601 5183; x_wconf 86' lang='lat' dir='ltr'><strong>vero,</strong></span> <span class='ocrx_word' id='word_1_863' title='bbox 2637 5119 2807 5175; x_wconf 89' lang='lat' dir='ltr'><strong>dicito</strong></span> <span class='ocrx_word' id='word_1_864' title='bbox 2855 5137 3064 5192; x_wconf 67' lang='lat' dir='ltr'><strong>quaeso.</strong></span> <span class='ocrx_word' id='word_1_865' title='bbox 3116 5126 3260 5194; x_wconf 89' lang='lat' dir='ltr'><strong>quod</strong></span> <span class='ocrx_word' id='word_1_866' title='bbox 3299 5143 3365 5179; x_wconf 76' lang='lat' dir='ltr'><strong>ex</strong></span> 
     </span>
    </p>
   </div>
   <div class='ocr_carea' id='block_1_114' title="bbox 1798 5205 3362 5286">
    <p class='ocr_par' dir='ltr' id='par_1_114' title="bbox 1798 5205 3362 5286">
     <span class='ocr_line' id='line_1_114' title="bbox 1798 5205 3362 5286; baseline 0.004 -25"><span class='ocrx_word' id='word_1_867' title='bbox 1798 5208 2038 5262; x_wconf 87' lang='lat' dir='ltr'><strong>essentia</strong></span> <span class='ocrx_word' id='word_1_868' title='bbox 2069 5205 2267 5271; x_wconf 86' lang='lat' dir='ltr'><strong>Patris,</strong></span> <span class='ocrx_word' id='word_1_869' title='bbox 2300 5219 2353 5263; x_wconf 89' lang='lat' dir='ltr'><strong>et</strong></span> <span class='ocrx_word' id='word_1_870' title='bbox 2385 5225 2449 5263; x_wconf 82' lang='lat' dir='ltr'><strong>ex</strong></span> <span class='ocrx_word' id='word_1_871' title='bbox 2479 5213 2756 5281; x_wconf 81' lang='lat' dir='ltr'><strong>ltypostasi</strong></span> <span class='ocrx_word' id='word_1_872' title='bbox 2783 5213 2926 5267; x_wconf 89' lang='lat' dir='ltr'><strong>illius</strong></span> <span class='ocrx_word' id='word_1_873' title='bbox 2953 5216 3190 5283; x_wconf 89' lang='lat' dir='ltr'><strong>dicitur;</strong></span> <span class='ocrx_word' id='word_1_874' title='bbox 3218 5216 3362 5286; x_wconf 72' lang='lat' dir='ltr'><strong>quod</strong></span> 
     </span>
    </p>
   </div>
   <div class='ocr_carea' id='block_1_115' title="bbox 1800 5299 3369 5374">
    <p class='ocr_par' dir='ltr' id='par_1_115' title="bbox 1800 5299 3369 5374">
     <span class='ocr_line' id='line_1_115' title="bbox 1800 5299 3369 5374; baseline 0.006 -22"><span class='ocrx_word' id='word_1_875' title='bbox 1800 5314 1934 5368; x_wconf 67' lang='lat' dir='ltr'><strong>vero</strong></span> <span class='ocrx_word' id='word_1_876' title='bbox 1968 5313 2033 5352; x_wconf 85' lang='lat' dir='ltr'><strong>ex</strong></span> <span class='ocrx_word' id='word_1_877' title='bbox 2069 5301 2303 5354; x_wconf 72' lang='lat' dir='ltr'><strong>essentia</strong></span> <span class='ocrx_word' id='word_1_878' title='bbox 2332 5299 2478 5366; x_wconf 86' lang='lat' dir='ltr'><strong>Filii,</strong></span> <span class='ocrx_word' id='word_1_879' title='bbox 2504 5317 2569 5357; x_wconf 77' lang='lat' dir='ltr'><strong>ex</strong></span> <span class='ocrx_word' id='word_1_880' title='bbox 2598 5304 2875 5374; x_wconf 81' lang='lat' dir='ltr'><strong>Itypostasi</strong></span> <span class='ocrx_word' id='word_1_881' title='bbox 2910 5306 3056 5361; x_wconf 87' lang='lat' dir='ltr'><strong>illius</strong></span> <span class='ocrx_word' id='word_1_882' title='bbox 3085 5323 3189 5361; x_wconf 79' lang='lat' dir='ltr'><strong>non</strong></span> <span class='ocrx_word' id='word_1_883' title='bbox 3221 5306 3369 5361; x_wconf 84' lang='lat' dir='ltr'><strong>dice-</strong></span> 
     </span>
    </p>
   </div>
   <div class='ocr_carea' id='block_1_116' title="bbox 1800 5393 3365 5467">
    <p class='ocr_par' dir='ltr' id='par_1_116' title="bbox 1800 5393 3365 5467">
     <span class='ocr_line' id='line_1_116' title="bbox 1800 5393 3365 5467; baseline 0.003 -22"><span class='ocrx_word' id='word_1_884' title='bbox 1800 5393 1924 5445; x_wconf 90' lang='lat' dir='ltr'><strong>tur?</strong></span> <span class='ocrx_word' id='word_1_885' title='bbox 1960 5394 2156 5447; x_wconf 87' lang='lat' dir='ltr'><strong>Annon</strong></span> <span class='ocrx_word' id='word_1_886' title='bbox 2189 5393 2278 5447; x_wconf 83' lang='lat' dir='ltr'><strong>ltic</strong></span> <span class='ocrx_word' id='word_1_887' title='bbox 2318 5411 2537 5467; x_wconf 84' lang='lat' dir='ltr'><strong>quoque</strong></span> <span class='ocrx_word' id='word_1_888' title='bbox 2571 5413 2678 5451; x_wconf 87' lang='lat' dir='ltr'><strong>non</strong></span> <span class='ocrx_word' id='word_1_889' title='bbox 2730 5399 3365 5462; x_wconf 61' lang='lat' dir='ltr'><strong>rationetantummodo,</strong></span> 
     </span>
    </p>
   </div>
   <div class='ocr_carea' id='block_1_117' title="bbox 1800 5482 3367 5554">
    <p class='ocr_par' dir='ltr' id='par_1_117' title="bbox 1800 5482 3367 5554">
     <span class='ocr_line' id='line_1_117' title="bbox 1800 5482 3367 5554; baseline 0.002 -19"><span class='ocrx_word' id='word_1_890' title='bbox 1800 5482 1944 5552; x_wconf 89' lang='lat' dir='ltr'><strong>quod</strong></span> <span class='ocrx_word' id='word_1_891' title='bbox 2004 5482 2058 5536; x_wconf 85' lang='lat' dir='ltr'><strong>in</strong></span> <span class='ocrx_word' id='word_1_892' title='bbox 2124 5484 2359 5537; x_wconf 84' lang='lat' dir='ltr'><strong>essentia</strong></span> <span class='ocrx_word' id='word_1_893' title='bbox 2420 5493 2504 5539; x_wconf 87' lang='lat' dir='ltr'><strong>est</strong></span> <span class='ocrx_word' id='word_1_894' title='bbox 2560 5486 2888 5540; x_wconf 83' lang='lat' dir='ltr'><strong>indivisibile</strong></span> <span class='ocrx_word' id='word_1_895' title='bbox 2944 5484 3367 5554; x_wconf 86' lang='lat' dir='ltr'><strong>deprehenderis</strong></span> 
     </span>
    </p>
   </div>
   <div class='ocr_carea' id='block_1_118' title="bbox 1799 5574 3366 5644">
    <p class='ocr_par' dir='ltr' id='par_1_118' title="bbox 1799 5574 3366 5644">
     <span class='ocr_line' id='line_1_118' title="bbox 1799 5574 3366 5644; baseline 0.002 -18"><span class='ocrx_word' id='word_1_896' title='bbox 1799 5574 2071 5639; x_wconf 81' lang='lat' dir='ltr'><strong>conﬁteri,</strong></span> <span class='ocrx_word' id='word_1_897' title='bbox 2107 5588 2230 5628; x_wconf 81' lang='lat' dir='ltr'><strong>vere</strong></span> <span class='ocrx_word' id='word_1_898' title='bbox 2276 5575 2448 5644; x_wconf 83' lang='lat' dir='ltr'><strong>ipsam</strong></span> <span class='ocrx_word' id='word_1_899' title='bbox 2484 5577 2861 5639; x_wconf 82' lang='lat' dir='ltr'><strong>subdividens,</strong></span> <span class='ocrx_word' id='word_1_900' title='bbox 2897 5588 2949 5631; x_wconf 92' lang='lat' dir='ltr'><strong>et</strong></span> <span class='ocrx_word' id='word_1_901' title='bbox 2996 5578 3194 5630; x_wconf 72' lang='lat' dir='ltr'><strong>Ariana</strong></span> <span class='ocrx_word' id='word_1_902' title='bbox 3225 5576 3366 5629; x_wconf 75' lang='lat' dir='ltr'><strong>divi-</strong></span> 
     </span>
    </p>
   </div>
   <div class='ocr_carea' id='block_1_119' title="bbox 1800 5666 3362 5737">
    <p class='ocr_par' dir='ltr' id='par_1_119' title="bbox 1800 5666 3362 5737">
     <span class='ocr_line' id='line_1_119' title="bbox 1800 5666 3362 5737; baseline 0.003 -18"><span class='ocrx_word' id='word_1_903' title='bbox 1800 5666 1954 5719; x_wconf 79' lang='lat' dir='ltr'><strong>sione</strong></span> <span class='ocrx_word' id='word_1_904' title='bbox 1986 5667 2385 5722; x_wconf 79' lang='lat' dir='ltr'><strong>atrocius?llle</strong></span> <span class='ocrx_word' id='word_1_905' title='bbox 2419 5668 2688 5737; x_wconf 76' lang='lat' dir='ltr'><strong>siquidem</strong></span> <span class='ocrx_word' id='word_1_906' title='bbox 2730 5668 3134 5737; x_wconf 84' lang='lat' dir='ltr'><strong>posterioritate</strong></span> <span class='ocrx_word' id='word_1_907' title='bbox 3163 5667 3362 5733; x_wconf 79' lang='lat' dir='ltr'><strong>Patris,</strong></span> 
     </span>
    </p>
   </div>
   <div class='ocr_carea' id='block_1_120' title="bbox 1799 5757 3364 5828">
    <p class='ocr_par' dir='ltr' id='par_1_120' title="bbox 1799 5757 3364 5828">
     <span class='ocr_line' id='line_1_120' title="bbox 1799 5757 3364 5828; baseline 0.002 -18"><span class='ocrx_word' id='word_1_908' title='bbox 1799 5766 1855 5810; x_wconf 83' lang='lat' dir='ltr'><strong>t-t</strong></span> <span class='ocrx_word' id='word_1_909' title='bbox 1881 5757 2025 5827; x_wconf 77' lang='lat' dir='ltr'><strong>quod</strong></span> <span class='ocrx_word' id='word_1_910' title='bbox 2059 5768 2350 5828; x_wconf 80' lang='lat' dir='ltr'><strong>generatus</strong></span> <span class='ocrx_word' id='word_1_911' title='bbox 2391 5767 2538 5815; x_wconf 89' lang='lat' dir='ltr'><strong>esset</strong></span> <span class='ocrx_word' id='word_1_912' title='bbox 2570 5775 2632 5813; x_wconf 78' lang='lat' dir='ltr'><strong>ex</strong></span> <span class='ocrx_word' id='word_1_913' title='bbox 2666 5758 2848 5826; x_wconf 76' lang='lat' dir='ltr'><strong>Patre,</strong></span> <span class='ocrx_word' id='word_1_914' title='bbox 2879 5774 2984 5814; x_wconf 79' lang='lat' dir='ltr'><strong>non</strong></span> <span class='ocrx_word' id='word_1_915' title='bbox 3028 5773 3364 5815; x_wconf 65' lang='lat' dir='ltr'><strong>comxcrnum</strong></span> 
     </span>
    </p>
   </div>
  </div>
