3932 6586
470 402 575 472 903

1517 392 1724 466 IOAN.
1766 403 1978 466 VECCI
2018 403 2129 464 CP.
2168 384 2697 463 PATRIARCHEi

3590 396 3685 469 9οί

473 526 616 581 idem
651 522 923 590 essentiac,
967 533 1017 581 et
1070 528 1292 593 prorsus
1327 522 1543 578 simile?
1603 519 1880 590 quomodo
1940 534 2049 572 non

2154 518 2393 584 λακτονς
2431 518 2545 580 πῶς
2578 518 2621 570 δ’
2657 519 2755 571 οὐκ
2781 515 3005 588 ἀπειρία
3040 513 3369 586 προσώπων,
3394 516 3438 568 εἰ
3486 517 3569 571 διὰ
3592 521 3689 572 τῶν

474 618 765 673 innumera
800 633 1153 687 personarum
1186 615 1494 678 multitudo,
1522 615 1565 667 si
1591 623 1805 684 propter
1831 610 2047 665 easdem

474 706 713 762 rationes
740 706 994 760 essentiae
1017 704 1285 774 quispiam
1314 702 1695 758 fecunditatem
1716 698 2052 755 asseruerit?

475 796 599 853 Tibi
632 815 758 854 vero
785 801 898 853 lucc
926 792 1156 853 edicenti
1182 798 1377 852 faciem
1414 793 2048 853 obvertentesdicimus:

478 890 666 945 Nonne
692 891 942 946 essentia:
975 892 1025 944 in
1075 889 1179 944 illis
1236 890 1420 944 fateris
1461 904 1556 958 per
1603 887 1784 941 omnia
1831 882 2048 939 simile?

479 982 599 1038 Non
626 982 868 1051 negabis,
905 984 1039 1037 scio.
1069 983 1124 1036 Si
1166 983 1367 1049 itaque,
1399 989 1457 1035 ut
1516 987 1575 1033 tu
1607 975 1918 1037 contendis,
1969 985 2050 1028 est

479 1075 724 1143 qutedam
755 1073 893 1127 ratio
934 1087 1058 1141 qua:
1082 1075 1336 1135 suadeat,
1366 1069 1625 1137 consequi
1673 1067 1924 1122 essentia:
1957 1076 2056 1134 per

479 1162 669 1216 omnia
704 1162 885 1215 simile
920 1160 1297 1231 generationes
1328 1173 1684 1228 personarum
1741 1164 1795 1209 et
1825 1169 2053 1224 proces-

481 1253 685 1317 sioncs,
716 1251 804 1333 vel
827 1268 957 1321 nega
1002 1252 1335 1322 Scripturas,
1395 1266 1515 1319 qum
1543 1242 1813 1303 affirmant
1847 1245 2048 1301 Filium

479 1345 629 1400 nasci
672 1360 734 1398 ex
785 1345 1019 1398 essentia
1074 1340 1271 1407 Patris,
1326 1350 1379 1396 et
1420 1341 1679 1411 Spiritum
1734 1338 2049 1410 procedere,

481 1438 562 1492 vel
592 1437 826 1492 concede
848 1452 909 1489 ex
942 1436 1174 1488 essentia
1198 1428 1319 1487 Filii
1372 1434 1535 1486 alium
1563 1432 1810 1500 generari
1830 1428 2049 1495 Filium,

480 1539 534 1583 et
567 1544 633 1582 cx
666 1528 902 1582 essentia
935 1525 1175 1596 Spiritus
1203 1527 1366 1577 altum
1408 1523 1669 1592 Spiritutn
1735 1521 2047 1592 procedere.

477 1616 634 1687 Quod
668 1621 712 1674 si
754 1634 863 1672 non
895 1634 959 1672 ex
992 1618 1227 1672 essentia
1252 1615 1428 1669 Patris
1470 1612 1592 1667 Filii
1623 1614 2050 1683 generationem,

478 1713 733 1767 similiter
760 1725 826 1765 ex
854 1710 1042 1764 eadem
1076 1709 1340 1762 Paracleti
1389 1706 1791 1777 processioncm
1824 1703 1890 1757 ad
1922 1719 2052 1756 cau-

476 1813 679 1869 satum,
710 1800 990 1872 solamque
1027 1799 1510 1856 consubstantialis
1549 1798 1936 1851 iudicationem
1960 1806 2049 1850 ac-

474 1896 633 1965 cipis,
667 1866 829 1949 Vllilt'll
867 1866 933 1948 de
988 1893 1093 1947 hoc
1127 1892 1533 1945 reltntadiimur.
1584 1888 1863 1950 Concede,
1896 1887 2053 1941 nobis
2086 1866 2126 1920 Β

478 1986 883 2057 generationem
919 2000 983 2038 ex
1024 1985 1260 2038 essentia
1293 1981 1437 2043 Filii,
1488 1988 1542 2033 et
1605 1978 1844 2033 concede
1896 1978 2053 2031 nobis

476 2094 543 2134 ex
574 2077 811 2132 essentia
849 2075 1089 2145 Spiritus
1147 2075 1547 2143 processioncm
1606 2082 1828 2141 propter
1886 2071 2051 2123 trium

478 2173 532 2226 in
568 2169 803 2226 essentia
837 2182 932 2239 per
961 2166 1145 2221 omnia
1187 2164 1391 2226 simile,
1447 2173 1502 2218 et
1535 2163 1919 2233 generationes
1953 2163 2049 2215 bas

476 2271 532 2318 et
561 2260 938 2330 processioncs
993 2257 1059 2311 ad
1103 2254 1570 2311 consubstantiale
1606 2269 1706 2308 nos
1733 2253 1896 2307 etiam
1944 2267 2050 2305 non

479 2354 545 2407 ad
579 2360 884 2416 causatum,
918 2351 1012 2404 tibi
1044 2360 1255 2420 gratum
1288 2349 1570 2412 facientes,
1601 2346 1949 2416 accipiemus.
1982 2342 2051 2397 At

478 2436 638 2513 plane
671 2459 777 2497 non
805 2442 1081 2497 concedis.
1123 2440 1189 2496 Et
1212 2440 1486 2510 quomodo
1518 2436 1765 2508 ejusdem
1798 2437 2049 2491 essentia:

476 2545 561 2592 est
594 2551 715 2590 cum
762 2534 922 2589 Patre
968 2533 1141 2589 Filius
1195 2544 1250 2587 et
1299 2530 1563 2601 Spiritus,
1612 2530 1657 2585 si
1704 2529 1817 2582 haec
1874 2542 2050 2596 neque

478 2645 644 2686 causa
673 2638 867 2683 mutuo
901 2628 1162 2698 suiipsius
1193 2634 1341 2692 sunt,
1386 2638 1561 2694 neque
1605 2622 1709 2677 alia
1743 2637 1807 2677 ex
1853 2620 2049 2689 seipsis

477 2731 600 2792 qna;
644 2728 992 2791 generentur,
1034 2727 1127 2773 aut
1166 2716 1490 2786 procedant,
1526 2713 1853 2786 possident?
1889 2712 2045 2781 Quod

476 2813 622 2866 enim
655 2812 897 2881 ejusdem
960 2820 1167 2863 natura:
1222 2818 1303 2863 cst
1344 2817 1397 2861 et
1432 2807 1687 2861 essentia!
1717 2820 1813 2876 per
1865 2805 2046 2859 omnia

477 2900 654 2958 simile
679 2904 988 2957 necessario
1015 2903 1211 2973 poscit,
1244 2911 1295 2957 te
1323 2909 1624 2965 asserente,
1680 2901 1779 2953 bas
1815 2910 2047 2969 genera-

478 2996 651 3049 tiOnes
677 3003 731 3048 et
777 2995 1180 3064 processiones.
1210 2986 1374 3050 ,πίονὶ
1428 2992 1636 3062 nequit,
1689 3001 1746 3044 ut
1799 2990 1912 3043 lucc
1941 2990 2043 3043 tria

475 3088 619 3142 inter
645 3103 703 3142 se
729 3087 974 3155 ejusdem
1009 3094 1217 3139 natura:
1265 3086 1392 3147 sint,
1436 3085 1511 3147 ni,
1545 3083 1817 3153 tcjudice,
1868 3088 1922 3135 et
1978 3097 2041 3135 ex

2151 611 2329 662 αὐτῶν
2357 612 2533 678 λόγων
2565 611 2659 679 τῆς
2688 610 2877 673 οὐσίας
2910 610 3028 682 ὲρεῖ
3057 626 3139 673 τες
3172 605 3310 662 εἶναι
3354 609 3415 661 τὸ
3448 609 3652 678 γόνιμον
3675 656 3688 678 ,

2152 702 2242 754 Σοὶ
2264 701 2322 753 δὲ
2358 703 2494 771 πρὸς
2530 701 2701 754 ταῦτα
2732 702 2941 769 λέγοντι
2987 698 3050 751 τὸ
3084 701 3374 770 πρόσωπον
3422 700 3693 768 τρέψαντες

2151 792 2420 862 λέγομεν·
2455 795 2588 862 υύχὶ
2640 795 2702 845 τὸ
2731 794 2829 864 τῆς
2878 791 3063 853 οὐσίας
3091 794 3149 844 ὲν
3202 791 3386 855 αὐτοῖς
3439 794 3697 862 ὁμολογεῖς

2150 887 2611 957 ἀπαράλλακτονς
2650 886 3055 957 Ὀμολογήσεις,
3085 880 3223 939 οἶδα.
3260 885 3320 938 Ei
3372 884 3523 954 γοῦν,
3542 884 3609 947 ὡς
3638 886 3696 940 οὐ

2153 978 2414 1048 διατείνῃ,
2448 978 2564 1031 ἐστι
2596 995 2680 1041 τις
2712 977 2864 1045 λόγος
2911 979 2939 1030 ὁ
2992 976 3195 1029 πείθων
3238 977 3468 1031 ἕπεσθαι
3510 977 3584 1046 τῷ
3612 976 3699 1040 τῆς

2153 1072 2340 1133 οὐσίας
2372 1069 2779 1140 ἀπαραλλάκτῳ
2822 1070 3105 1139 γεννήσεις
3162 1068 3472 1138 προσώπων
3504 1068 3592 1121 καὶ
3621 1071 3704 1122 ἐκ.

2155 1162 2521 1233 πορεύσεις,ἥ
2551 1162 2786 1233 ἄρνησαι
2815 1161 2911 1225 τὰς
2943 1163 3007 1214 ὲκ
3040 1162 3138 1231 τῆς
3163 1160 3257 1215 τοῦ
3294 1161 3507 1228 Πατρὸς
3533 1160 3703 1224 οὐσίας

2154 1257 2420 1325 λεγούσας
2478 1257 2702 1327 Γραφὰς
2775 1255 3115 1324 γεννώμενον
3173 1253 3264 1306 τὸν
3333 1253 3462 1305 Υίὺν
3520 1252 3610 1306 καὶ
3650 1252 3702 1304 τὸ

2156 1351 2378 1420 Πνεῦμα
2437 1348 2895 1419 ἐκπορευόμενον,
2938 1347 2970 1417 ἦ
3004 1347 3093 1410 δίς
3133 1345 3227 1399 καὶ
3283 1349 3349 1397 ἐκ
3380 1348 3482 1415 τῆς
3533 1344 3702 1404 οὐσίας

2151 1439 2245 1492 τοῦ
2291 1439 2418 1491 Υἱού
2472 1439 2811 1505 γεννώμενον
2843 1435 3004 1490 ἄλλον
3044 1434 3189 1495 rev.
3243 1434 3339 1487 καὶ
3399 1435 3463 1486 ἑκ
3495 1431 3589 1502 τῆς
3615 1434 3699 1485 τοῦ

2153 1532 2465 1600 Πνεύματις
2505 1529 2634 1584 ἄλλο
2680 1529 2902 1598 Πνεῦμα
2939 1526 3399 1597 ἐκπορευόμενον.
3448 1524 3506 1578 Ei
3534 1524 3584 1577 δὲ
3616 1526 3698 1577 καὶ

2153 1624 2232 1694 μὴ
2256 1624 2355 1691 τὴν
2383 1625 2446 1676 ὲκ
2470 1615 2570 1692 τῆς
2598 1622 2782 1684 οὐσίας
2804 1620 2896 1674 τοῦ
2928 1618 3139 1689 Πατρδς
3165 1618 3420 1688 γέννησιν
3446 1616 3536 1669 τοῦ
3564 1616 3695 1680 Υἱού,

2151 1715 2414 1780 ὡσαύτως
2439 1714 2498 1768 δὲ
2525 1716 2615 1768 καὶ
2639 1716 2738 1786 τὴν
2772 1716 2833 1767 ἐκ
2880 1714 2979 1783 τῆς
3008 1712 3176 1781 αὐτῆς
3222 1712 3314 1765 τοῦ
3355 1709 3694 1780 "aputque

2154 1810 2500 1878 ὲκπόρευσιν,
2552 1808 2632 1869 είς
2664 1805 2761 1876 τὴν
2816 1805 2910 1858 τοῦ
2945 1802 3213 1868 αἰτιατοῦ,
3249 1804 3418 1873 μόνην
3455 1800 3498 1854 δ’
3535 1802 3697 1864 ἁπλῶς

2158 1899 2250 1953 τοῦ
2281 1899 2564 1969 ὁμοουσίου
2602 1898 2837 1968 δήλωσιν
2880 1896 3219 1966 ὲκλαμόἀνῃ.
3243 1893 3398 1948 οὐδὲν
3430 1894 3521 1947 ἐπὶ
3547 1892 3695 1963 τούτῳ

2158 1987 2633 2057 ζυγομαχήσομεν.
2673 1987 2771 2050 Δὸς
2804 1988 2936 2056 ἡμῖν
2984 1988 3234 2054 γέννησιν
3286 1987 3349 2036 ἐκ
3398 1985 3496 2054 τῆς
3536 1985 3695 2046 οὐσίας

2156 2078 2248 2131 τοῦ
2280 2078 2433 2141 Υίοῦ,
2468 2079 2561 2131 καὶ
2605 2077 2696 2140 δὸς
2730 2080 2861 2147 ἡμῖν
2895 2079 2958 2130 ἐκ
2992 2078 3093 2149 τῆς
3129 2077 3223 2131 τοῦ
3282 2076 3587 2146 Πνεύματος
3617 2076 3691 2128 ιύο

2157 2170 2278 2234 σίας
2309 2170 2635 2235 ἐκπύρωσιν
2666 2170 2757 2223 διὰ
2788 2171 2847 2223 τὸ
2896 2172 3015 2223 κατ’
3062 2170 3249 2223 οὐσίαν
3297 2167 3693 2239 ἀπαράλλακτον

2154 2260 2260 2313 τῶν
2291 2260 2476 2331 τριῶν,
2515 2261 2607 2314 καὶ
2637 2262 2733 2323 τὰς
2782 2262 3063 2329 γεννήσεις
3103 2262 3303 2324 ταύτας
3335 2263 3429 2314 καὶ
3459 2258 3695 2328 ἐκπορεύ-

2156 2371 2266 2416 σεις
2298 2354 2376 2415 εις
2407 2351 2467 2405 τὸ
2497 2354 2799 2424 ὀμοούσιον,
2828 2355 2921 2408 καὶ
2962 2354 3121 2426 ἡμεῖς
3144 2355 3244 2409 οὐκ
3280 2355 3357 2417 είς
3388 2340 3459 2406 ’το
3480 2355 3696 2406 αἰτιατόν

2154 2464 2236 2498 σοι
2253 2445 2600 2516 χαριζόμενοι
2634 2445 3001 2516 ὲκληψόμεθα.
3025 2444 3170 2500 Ἀλλ’
3183 2447 3241 2500 οὐ
3266 2445 3442 2508 δίδως.
3474 2446 3575 2498 Καὶ
3596 2446 3698 2507 πῶς

2149 2535 2416 2604 ὁμοούσια
2469 2536 2597 2599 Υἱὸς
2652 2539 2745 2590 καὶ
2797 2537 3020 2609 Πνεῦμα
3060 2538 3259 2607 Πατρὶ,
3306 2538 3357 2589 εἰ
3400 2536 3569 2589 ταῦτα
3606 2528 3692 2604 μιν

2150 2626 2274 2681 οὔτε
2301 2628 2640 2699 ἁλληλαίτια,
2665 2616 2779 2683 οὐθ’
2808 2631 2970 2702 ἔτερα
3000 2631 3068 2682 τὰ
3098 2629 3158 2693 ἐξ
3192 2629 3373 2683 αὐτῶν
3397 2629 3692 2698 γεννώμενα

2150 2719 2331 2788 ἔχουσι
2363 2720 2455 2772 καὶ
2478 2720 2887 2792 ἐκπορευόμενα
2914 2739 2929 2787 ;
2962 2721 3035 2774 Τύ
3058 2722 3121 2790 δὴ
3150 2723 3391 2792 όμοφυὲς
3420 2723 3511 2776 καὶ
3540 2724 3696 2788 ἀπαρ-

2149 2808 2410 2863 άλλακτον
2470 2812 2591 2865 κατ’
2650 2813 2842 2865 οὐσίαν
2911 2814 3221 2882 ἀναγκαίως
3292 2815 3516 2866 amnt!
3574 2814 3697 2866 κατὰ

2151 2901 2211 2955 σὲ
2238 2901 2334 2965 τὰς
2362 2903 2641 2971 γεννήσεις
2661 2902 2868 2967 ταύτας
2895 2905 2989 2958 καὶ
3019 2904 3403 2975 ἐκπορεύσεις.
3427 2905 3538 2958 Οὐκ
3560 2904 3693 2955 ἕσται

2149 2994 2294 3057 ὅπως
2327 2994 2544 3064 ὁμοφυῆ
2584 2996 2832 3066 αλλήλοις
2861 2999 3014 3050 ἔσται
3043 2999 3110 3050 τὰ
3130 2998 3279 3067 τρία,
3307 3000 3357 3049 εί
3393 2998 3469 3069 μὴ
3495 2999 3623 3050 κατά
3647 2996 3695 3048 πὶ

2148 3087 2212 3138 ὲκ
2242 3086 2337 3156 τῆς
2376 3087 2505 3140 Υίοῦ
2538 3090 2631 3140 καὶ
2667 3090 2989 3156 Πνεύματος
3034 3090 3225 3153 οὐσίας
3285 3090 3415 3153 Υἱὸς
3461 3088 3697 3158 γεννηθήσ

477 3177 601 3233 Filii
634 3187 689 3232 et
723 3178 959 3245 Spiritus
981 3178 1217 3229 essentia
1241 3172 1410 3229 Filius
1438 3178 1807 3243 generaretur,
1835 3179 1889 3223 et
1925 3169 2045 3239 Spi-

2153 3191 2300 3228 σεται
2334 3177 2425 3229 καὶ
2464 3176 2685 3247 Πνεῦμα
2727 3178 3220 3250 ἑκπορευθήσεται,
3253 3181 3304 3231 εί
3338 3183 3415 3249 μὴ
3467 3178 3583 3231 κατ’
3623 3180 3696 3230 αἱ·

394 3258 407 3303 λ
478 3271 620 3327 ritus
640 3269 993 3340 processerit,
1044 3267 1089 3323 si
1150 3283 1256 3322 non
1305 3265 1602 3322 secundum
1648 3278 1890 3328 causam,
1951 3263 2044 3318 sed

401 3378 405 3383 '
478 3361 856 3419 tantummodo
887 3370 1107 3431 propter
1146 3361 1391 3415 eamdem
1424 3357 1738 3412 eorumdem
1789 3372 1909 3410 cum
1943 3354 2047 3409 Pa-

475 3464 564 3512 tre
584 3456 919 3521 essentiam;
962 3453 1012 3507 id
1042 3462 1144 3519 est,
1187 3454 1232 3507 si
1267 3455 1353 3509 isti
1385 3460 1512 3506 sunt
1539 3460 1756 3504 tuarum
1793 3447 2049 3502 deterini—
2086 3446 2091 3449 ’

474 3549 756 3603 nationum
811 3548 1059 3611 effectus,
1101 3559 1432 3614 prorsusque
1459 3557 1565 3595 non
1594 3539 1686 3594 alii
1714 3549 1860 3593 sunt.
1906 3536 2049 3590 Tan-

473 3639 597 3695 dem
629 3640 883 3693 deorsum
925 3648 976 3691 te
1016 3637 1350 3704 deprimens,
1411 3633 1503 3703 qui
1538 3641 1717 3686 mente
1753 3630 1935 3684 clarus
1965 3644 2048 3695 es,

475 3742 529 3785 et
551 3729 974 3800 cogitationibus
996 3726 1266 3789 sublimis,
1295 3732 1350 3779 et
1367 3725 1433 3778 iis
1460 3725 1551 3792 qui
1578 3738 1607 3776 a
1634 3722 1793 3776 nobis
1814 3720 2050 3775 demisse

478 3829 700 3890 preptcr
733 3820 1016 3888 theologia:
1046 3818 1397 3872 addecentem
1431 3815 1785 3868 attentionem
1827 3810 2051 3866 afferen-

482 3923 590 3977 tur,
646 3908 888 3965 animum
925 3911 1204 3979 applicans
1238 3908 1590 3979 persentisce,
1623 3921 1734 3974 quo
1774 3908 1825 3958 in
1852 3903 2050 3959 discri-

479 4006 629 4059 mine
682 4004 939 4058 versuris.
994 4000 1241 4072 Namque
1297 4009 1382 4055 est
1416 4014 1545 4054 vere
1581 3995 1752 4052 Filius
1804 3996 2049 4065 ejusdem

481 4106 689 4150 natura:
718 4109 840 4149 cum
877 4093 1227 4158 i’atre,etest
1259 4107 1383 4146 vere
1407 4090 1655 4160 ejusdem
1688 4100 1899 4141 natura:
1924 4102 2050 4141 cum

480 4189 641 4245 Putre
680 4199 735 4243 et
762 4188 901 4242 Filio
938 4187 1176 4258 Spiritus
1206 4198 1452 4252 sanctus,
1494 4184 1751 4254 nullaque
1781 4182 1925 4252 cogit
1952 4196 2052 4235 ne-

2147 3266 2289 3331 τίαν,
2313 3266 2445 3319 ἀλλὰ
2474 3267 2561 3320 διὰ
2591 3270 2750 3338 μόνον
2780 3269 2840 3320 τὸ
2875 3269 3010 3339 πρὸς
3042 3270 3128 3322 τὸν
3162 3272 3387 3341 Πατέρα
3431 3269 3694 3339 opacam

2148 3355 2371 3411 τούτων.
2416 3358 2479 3409 El.
2514 3360 2738 3410 τοιαῦτα
2780 3359 2891 3412 τῶν
2932 3357 3039 3410 σῶν
3065 3357 3365 3428 διορισμῶν
3406 3358 3475 3409 τὰ
3523 3359 3692 3410 emo

2146 3445 2416 3518 λέσματα,
2446 3450 2665 3513 πάντως
2693 3451 2749 3503 δὲ
2777 3451 3021 3514 τοιαῦτα,
3058 3450 3346 3512 ἐπινεύσας
3386 3451 3534 3503 κάτω
3560 3448 3688 3509 ποτὶ,

2147 3540 2176 3592 ὁ
2219 3540 2494 3610 μετέωρος
2528 3540 2593 3594 σὺ
2632 3543 2730 3610 τὴν
2783 3542 3011 3613 γνώμην
3050 3542 3160 3620 καὶ,
3184 3541 3244 3594 τὸ
3281 3543 3533 3611 φρόνημα
3575 3540 3691 3610 adq.

2147 3629 2260 3695 λδς,
2289 3630 2381 3682 καὶ
2414 3634 2524 3693 τιῖς
2550 3633 2683 3702 παρ’
2718 3635 2874 3703 ἡμῶν
2913 3634 3183 3696 ταπεινῶς
3219 3632 3309 3685 διὰ
3337 3634 3440 3703 τὴν
3474 3631 3691 3699 Θεολογίᾳ

2150 3722 2536 3791 προσήκουσαν
2565 3727 2835 3797 προσοιὴν
2879 3728 3190 3797 εἰρημένοις
3220 3725 3603 3796 προσεσχηκὼς
3622 3726 3691 3776 αἶ·

2152 3813 2438 3884 σοάνοητι,
2468 3817 2599 3886 ,ὅποι
2651 3819 2792 3891 φέρῃ
2851 3820 3120 3874 κινδύνου.
3163 3822 3318 3874 Ἐστι
3356 3825 3465 3892 γὰρ
3506 3819 3691 3888 ἀληθῶς

2151 3907 2394 3977 ὁμοφυὴς
2418 3909 2447 3960 ό
2474 3908 2603 3972 Υίὸς
2634 3909 2710 3978 τῷ
2747 3912 2939 3979 Πατρὶ,
2977 3914 3070 3966 καὶ
3122 3913 3270 3966 ἔστιν
3322 3912 3535 3983 ἀληθῶς
3581 3914 3689 3981 ὁμο-

2152 3997 2286 4066 φυὲς
2320 4000 2492 4069 Πατρὶ
2525 4001 2619 4053 καί⁹
2645 4000 2760 4071 Υίῷ
2792 4002 2849 4055 τὸ
2884 4002 3108 4073 Πνεῦμα
3141 4004 3199 4056 τὸ
3244 4006 3420 4070 ἅγιον,
3449 4006 3537 4057 καὶ
3570 4002 3693 4055 οὐδε-

2156 4089 2255 4159 μία
2281 4090 2313 4160 ἡ
2340 4091 2552 4160 ἀνάγκη
2588 4091 2675 4145 δια
2698 4092 2758 4146 τὸ
2790 4095 2912 4146 κατ’
2949 4094 3139 4147 οὐσίαν
3173 4096 3587 4165 ἀπαράλλακτον
3603 4092 3689 4145 τῶν

2153 4182 2323 4250 τριῶν
2374 4184 2553 4235 κοινὸν
2583 4184 2766 4238 δοῦναι
2800 4188 2894 4239 καὶ
2943 4188 3058 4249 τοῖς
3086 4190 3349 4250 αίτιατοῑς
3387 4189 3487 4257 τῆς
3524 4203 3691 4256 πατρία

2154 4271 2258 4341 κῆς
2283 4272 2469 4336 οὐσίας
2496 4274 2556 4325 τὸ
2579 4275 2822 4345 γόνιμον.
2860 4278 3012 4328 Ἐπεὶ
3033 4279 3089 4330 αί
3122 4277 3228 4330 τῶν
3255 4278 3558 4348 προσώπων
3588 4275 3689 4328 ἰδιό-

2153 4378 2315 4432 τητες
2342 4364 2436 4416 καὶ
2464 4365 2582 4417 κατ’
2634 4367 2821 4420 οὐσίαν
2855 4368 3072 4437 ἑκάστῳ
3110 4370 3310 4421 ἐνεῖναι
3350 4369 3690 4430 πιστεύονται,

2157 4455 2315 4525 είπερ
2348 4455 2481 4525 μηδὲ
2511 4458 2856 4527 συμῦεὗηκδς
2895 4460 3030 4522 ἐκεῖ,
3063 4460 3157 4511 καὶ
3187 4460 3564 4529 ἐπιγινόμενον
3587 4448 3719 4521 ἔξω-θ

481 4280 709 4336 cessitas
739 4291 958 4351 propter
987 4281 1281 4335 essentiam
1314 4281 1369 4333 in
1401 4278 1658 4334 omnibus
1685 4275 1918 4332 similem
1954 4273 2055 4326 bo-

483 4388 604 4427 rum
660 4374 849 4438 trimn,
891 4389 1236 4427 communem
1290 4371 1467 4426 facere
1492 4372 1653 4425 etiam
1697 4366 1931 4424 causalis
1956 4380 2057 4435 pan

478 4475 647 4519 terna:
665 4467 914 4520 essentia:
940 4463 1345 4520 fecunditatem.
1380 4462 1516 4517 Cum
1545 4472 1898 4532 personarum
1932 4468 2055 4524 pro-

479 4556 737 4628 prietates
799 4568 851 4611 et
873 4558 1175 4613 secundum
1234 4557 1530 4611 essentiam
1589 4551 1820 4622 singulis
1871 4550 2051 4601 inesse

2160 4545 2273 4611 θεν,
2300 4550 2396 4601 καὶ
2425 4547 2485 4601 τὸ
2520 4551 2618 4617 τῆς
2666 4550 2853 4614 οὐσίας
2882 4551 3308 4623 ἀπαράλλακτον
3336 4553 3398 4605 οὐ
3433 4552 3693 4621 λυμαίνον-
3719 4612 3725 4621 ,

479 4652 797 4716 creduntur,
831 4651 875 4703 si
902 4651 1107 4704 nullum
1141 4651 1194 4703 in
1219 4649 1320 4704 illis
1352 4648 1815 4712 accidens,nequc
1841 4634 2041 4694 deforis

2146 4650 2255 4686 ται.

480 4741 796 4803 adveniens,
824 4749 878 4794 et
911 4741 1161 4797 essentia:
1193 4756 1286 4810 per
1317 4738 1499 4794 omnia
1530 4736 1708 4793 simile
1734 4748 1840 4787 non
1863 4726 2200 4798 depcrditur.

553 4831 610 4886 7.
644 4830 893 4886 Rursus:
925 4851 943 4884 ι
982 4833 1039 4886 Si
1070 4833 1217 4887 aliud
1266 4841 1373 4896 est,
1410 4849 1429 4881 ι
1473 4829 1668 4899 inquit,
1705 4844 1724 4878 ι
1782 4834 2050 4892 generatis

486 4925 561 4977 uti
604 4939 894 4993 generatis,
936 4933 991 4978 et
1036 4924 1179 4978 aliud
1232 4932 1545 4993 generatum
1592 4928 1649 4973 ut
1707 4922 2048 4987 generatum,

484 5018 723 5090 itemque
756 5018 1062 5087 producens
1121 5028 1177 5072 ut
1205 5020 1536 5088 producens,
1576 5024 1630 5070 et
1661 5012 1962 5083 procedens
1993 5021 2051 5063 ut

2223 4817 2288 4881 ζ’.
2321 4820 2507 4884 Πάλιν,
2539 4841 2556 4875 ι
2591 4825 2650 4877 El
2678 4824 2862 4898 ἕτερόν
2890 4830 3024 4895 ἐστι,
3062 4845 3083 4884 ι
3115 4832 3267 4904 φησὶ,
3296 4849 3314 4884 ι
3345 4831 3407 4886 τὸ
3429 4832 3692 4903 γεννῶνὼς

2151 4914 2377 4980 γεννῶν,
2402 4918 2492 4968 καὶ
2520 4917 2705 4989 ἕτερον
2726 4920 2785 4973 τὸ
2805 4920 3141 4993 γεννώμενον
3157 4925 3232 4987 ὡς
3251 4927 3601 4997 γεννώμενον,
3619 4928 3693 4980 καὶ

2153 5002 2220 5057 αὐ
2241 5006 2299 5058 τὸ
2322 5008 2616 5078 ἐκπορεῦον
2641 5008 2716 5072 ὡς
2751 5013 3069 5081 ἐκπορεῦον,
3091 5016 3182 5069 καὶ
3203 5018 3263 5069 τὸ
3290 5018 3692 5090 ἐκπορευόμενον

486 5111 809 5182 procedens,
833 5110 1133 5165 secundum
1162 5126 1285 5179 vero
1310 5112 1602 5165 essentiam
1630 5106 2051 5175 supersubstan-

2153 5099 2228 5162 ὡς
2280 5102 2738 5172 ἐκπορευόμενον,
2768 5109 2907 5159 κατὰ
2929 5107 2987 5159 δὲ
3009 5109 3107 5177 τὴν
3134 5110 3320 5165 οὐσίαν
3343 5114 3378 5183 ἡ
3402 5114 3692 5183 ὐπερούσιος

487 5204 632 5259 tialis
687 5202 945 5267 Trinitas,
981 5219 1085 5272 qua
1118 5213 1173 5256 et
1221 5203 1401 5255 unitas
1420 5214 1520 5268 est,
1554 5211 1608 5257 et
1666 5218 1771 5256 non
1820 5201 1965 5255 aliud
1998 5208 2053 5252 et

487 5290 657 5356 aliud,
712 5295 987 5361 quomodo
1040 5291 1336 5345 secundum
1370 5308 1490 5345 eam
1542 5294 1705 5347 fuerit
1732 5290 1912 5358 Pater,
1960 5301 2055 5347 aut

488 5382 803 5451 productor,
827 5392 918 5436 aut
952 5376 1122 5437 Filius
1153 5391 1205 5435 et
1233 5379 1488 5451 Spiritus,
1525 5392 1619 5437 aut
1646 5399 1811 5439 causa
1838 5393 1891 5439 et
1920 5399 2053 5439 cau-

491 5564 699 5618 ctiones
758 5573 811 5618 et
869 5565 1216 5618 diversitates
1269 5563 1609 5619 exorientur?
1647 5584 1666 5617 ι
1716 5566 1874 5633 Quod
1937 5580 2046 5620 non

493 5653 607 5709 haec
646 5656 748 5708 tria
777 5655 828 5709 in
871 5671 1058 5722 unam,
1097 5671 1200 5727 ego
1238 5658 1383 5723 dico,
1409 5674 1694 5728 personam
1723 5660 2054 5716 contrahan-

495 5755 582 5799 tur
606 5760 822 5815 promer
854 5749 1110 5803 unitatem
1144 5751 1415 5805 essentiam
1460 5751 1569 5806 Aut
1595 5752 1737 5808 enim
1774 5753 1918 5809 inter
1963 5770 2055 5826 ge-

495 5848 773 5894 nerantem
806 5849 857 5897 et
900 5840 1161 5912 genitum,
1220 5852 1274 5898 ct
1308 5843 1693 5913 producentem
1740 5855 1791 5903 et
1849 5849 2057 5919 produ-

2071 5347 2138 5515 ia

488 5482 692 5540 satum,
717 5480 770 5526 et
791 5489 895 5527 non
918 5473 1099 5528 statim
1127 5473 1428 5527 secundum
1458 5475 1751 5527 essentiam
1776 5482 1829 5528 et
1852 5458 2096 5530 distin-Vi

2158 5189 2375 5266 Τριὰςῇ
2419 5195 2531 5246 ἐστι
2570 5201 2661 5248 καὶ
2695 5200 2888 5266 μονὰς,
2913 5204 3006 5255 καὶ
3032 5205 3129 5272 οὐχ
3164 5205 3353 5275 ἕτερον
3382 5211 3477 5259 καί
3505 5193 3686 5274 ἕτερον·

2157 5284 2273 5348 πῶς
2295 5286 2360 5340 ἂν
2390 5288 2475 5357 εἴη
2500 5289 2640 5342 κατὰ
2659 5289 2864 5361 ταύτην
2884 5294 3093 5365 Πατὴρ,
3116 5297 3149 5367 ἢ
3193 5298 3511 5368 προὸολεύς,
3537 5297 3567 5369 ἢ
3594 5298 3690 5358 Υἱὸς

2158 5380 2251 5432 καὶ
2306 5380 2550 5451 Πνεῦμα,
2609 5384 2642 5454 ἢ
2690 5386 2861 5440 αἴτιον
2906 5388 3002 5441 καὶ
3046 5391 3308 5455 αἰτιατδν,
3358 5394 3453 5445 καὶ
3508 5392 3599 5445 οὐκ
3637 5389 3688 5442 ἂν

2161 5471 2362 5526 αὐτίκα
2392 5475 2489 5527 καὶ
2516 5476 2659 5529 κατὰ
2693 5478 2793 5549 τὴν
2827 5478 3014 5534 οὐσίαν
3046 5480 3354 5552 διακρίσεις
3387 5485 3482 5536 καὶ
3530 5478 3685 5550 ἑτερό-

2160 5577 2320 5630 τητες
2346 5561 2809 5639 ἀναφανήσονταις
2833 5587 2851 5619 ι
2890 5571 2989 5623 Διὰ
3008 5572 3070 5623 τὸ
3095 5571 3172 5641 μὴ
3196 5573 3286 5625 καὶ
3315 5573 3384 5625 τὰ
3402 5573 3521 5643 τρία
3534 5576 3603 5634 εἰς
3626 5571 3687 5633 ἐμ.

2162 5659 2272 5727 ἐγώ
2304 5666 2484 5729 ἷφημι,
2536 5662 2962 5731 συναλείφεσθαι
2995 5666 3295 5734 πρόσωπον
3331 5668 3474 5737 παρὰ
3519 5670 3577 5719 τὸ
3611 5666 3684 5727 τῆς

2163 5752 2349 5815 οὐσίας
2408 5753 2625 5809 ἑνιλιῖον.
2658 5755 2727 5807 Ἢ
2777 5754 2884 5828 γὰρ
2922 5757 3019 5827 τὴν
3072 5758 3165 5811 τοῦ
3226 5759 3520 5827 γεννέιντος
3577 5758 3682 5822 πρὶς

2164 5847 2224 5901 τὸ
2262 5849 2628 5920 γεννώμενον,
2656 5849 2748 5903 καὶ
2779 5850 2873 5904 τοῦ
2904 5853 3294 5923 ὲκπορεύοντος
3348 5853 3475 5923 πρὸς
3527 5850 3581 5903 τὸ
3612 5853 3680 5900 ix-
