3932 6568
124 388 249 462 903

1080 386 1517 460 REFUTATIO
1560 398 1782 459 LlBiil'
1813 394 2136 459 GEORGII
2180 397 2456 459 CYPRH.

3313 392 3418 461 906

132 510 531 583 πορευόμενον
563 512 861 584 ἑτερότητα
890 496 978 567 διὰ
1007 500 1107 582 τὴν
1135 514 1236 584 τῆς
1274 516 1463 579 οὐσίας
1499 516 1728 586 ἑνότητα

1842 524 1978 570 ctum
2038 514 2409 570 diversitatem
2465 519 2693 583 pr0pter
2742 511 2996 567 essentiae
3064 511 3344 577 unitatem,
3385 528 3415 565 ιι

131 604 240 673 τῆς
322 602 533 665 οίκείας
585 602 776 657 διδότω
831 621 916 669 τις
990 604 1304 670 ἐξίστασθαι
1373 606 1687 677 διαιρέσεως
1718 647 1733 673 ,

129 695 166 766 ἢ
225 696 310 766 μὴ
382 695 568 750 δοῦναι
630 694 791 750 τοῦτο
842 696 1160 767 δυνάμενος,
1206 696 1343 769 μηδὲ
1397 700 1496 770 τῆς
1550 698 1736 762 οὐσίας

133 788 512 858 φαπαζέσθω
592 788 898 860 διακρίσεις
963 792 1059 844 καὶ
1122 791 1446 863 ἑτερότητας
1507 791 1595 845 διὰ
1636 791 1733 855 τᾶς

133 883 286 938 κατὰ
337 887 399 938 τὺ
431 884 638 953 γεννῶν
704 886 799 939 καὶ
858 884 1220 956 γεννώμενον,
1276 891 1371 943 καὶ
1438 887 1737 956 ἐκπορεῦον

137 978 241 1031 καὶ
326 978 763 1049 ἐκπορευόμενον
810 979 1158 1050 ἑτερότητας.
1205 981 1293 1044 Ὠς
1327 981 1434 1051 γὰρ
1488 981 1609 1051 οὐχὶ
1669 984 1733 1049 τῇ

132 1071 251 1126 τῶν
287 1071 544 1143 κλήσεων
574 1072 759 1143 σχέσει
791 1072 887 1127 καὶ
922 1075 989 1145 τῇ
1021 1074 1102 1136 είς
1134 1074 1449 1145 πατρότητα
1498 1076 1590 1129 καὶ
1624 1074 1738 1126 υίιΞ-

131 1177 283 1234 τητα
352 1163 617 1234 διαιρέσει
680 1166 715 1235 ἠ
774 1163 887 1218 τῶν
963 1164 1271 1235 προσώπων
1341 1165 1519 1231 οὐσία,
1579 1159 1732 1236 ῶνὴ

131 1256 424 1326 διαίρεσις
479 1257 571 1310 καὶ
607 1258 814 1326 σχέσις,
846 1256 1265 1326 συνδιαιρεῐταιο
1314 1255 1486 1322 οὕτως
1520 1259 1636 1312 οὐδὲ
1669 1261 1733 1329 τῇ

142 1349 297 1399 κατὰ
373 1346 435 1398 τὸ
490 1346 692 1414 γεννῶν
757 1349 852 1399 καὶ
890 1348 1251 1416 γεννώμενον,
1296 1350 1392 1403 καὶ
1437 1349 1736 1419 ἐκπορεῦον

133 1439 233 1489 καὶ
264 1437 713 1507 ἐκπορευόμενον
749 1437 1018 1508 διακρίσει
1044 1440 1501 1510 συνδιακρίνεται.

210 1526 290 1599 η’.
332 1546 354 1581 ι
400 1529 513 1598 Οὐχ
553 1530 636 1583 ὅτι
674 1531 740 1584 ὲκ
770 1532 870 1602 τῆς
894 1531 1078 1594 οὐσίας
1113 1531 1204 1584 τοῦ
1243 1532 1480 1600 Πατρός,
1525 1550 1543 1584 ι
1578 1534 1732 1603 φησὶ,

144 1636 167 1670 ι
209 1619 461 1690 λέγομεν
491 1620 585 1674 τὸν
619 1622 749 1676 Υίδν
785 1624 879 1678 καὶ
912 1623 972 1678 τὸ
1019 1624 1270 1695 Πνεῦμα,
1320 1626 1409 1679 διὰ
1450 1626 1609 1680 τοῦτο
1641 1628 1739 1681 καὶ

133 1710 329 1783 ἀρχὴν
356 1712 524 1766 αὐτὸν
557 1715 649 1767 καὶ
680 1715 864 1769 αἰτίαν
905 1716 1072 1786 όμολο
1085 1717 1313 1787 ίοῦμεν·
1339 1716 1458 1771 ἀλλ’
1484 1718 1566 1772 ὅτι
1589 1718 1732 1790 ἀρχὴ

134 1804 362 1875 φυσικὴ
398 1804 494 1858 καὶ
524 1804 677 1859 αίτία
706 1805 815 1860 τῶν
845 1798 1122 1871 οὐσιωδῶς
1155 1807 1214 1873 ἐξ
1262 1810 1426 1863 αὐτοῦ
1461 1812 1733 1864 ὑποστάν-

132 1910 269 1959 των,
317 1894 411 1950 διὰ
452 1897 609 1953 τοῦτο
640 1899 737 1953 καὶ
784 1902 848 1953 ἐκ
885 1900 987 1970 τῆς
1019 1901 1211 1965 οὐσίας
1246 1902 1459 1955 ἐκείνου
1498 1903 1661 1958 αὐτά.
1709 1922 1726 1954 ι

131 1987 624 2061 Σοφιστικώτερον
659 1991 760 2062 μὲν
789 1991 1076 2062 χρώμενος
1127 1995 1363 2050 ἐνταῦθα
1395 1999 1423 2050 ό
1460 1997 1522 2050 λό
1536 2013 1620 2064 ίος
1653 1996 1731 2066 τῷ

135 2079 444 2149 ἡγουμένῳ
464 2081 557 2133 καὶ
589 2081 845 2151 ἑπομένῳ
869 2080 1124 2135 κλέπτειν
1144 2084 1396 2152 πειρᾶται
1418 2083 1513 2137 τὸν
1535 2085 1735 2153 ἀκροα-

135 2171 260 2242 τὴν,
278 2173 412 2241 οὐχὶ
439 2170 664 2230 πείθειν.
704 2172 845 2242 Ἐγὼ
864 2173 918 2227 δὲ
941 2175 990 2227 εἰ
1015 2175 1111 2228 καὶ
1135 2176 1240 2228 ἀπὸ
1255 2175 1364 2229 τῶν
1388 2176 1633 2239 φυσικῶς
1653 2176 1735 2228 δν-

131 2276 248 2316 ¹των
268 2263 537 2315 ἁπάντων
551 2262 648 2333 τὴν
667 2263 758 2315 ἐπὶ
774 2265 887 2325 τοῖς
914 2264 1227 2336 εἰρημένοις
1253 2266 1362 2336 ἔχω
1383 2267 1732 2337 παραστῆσαι

133 2355 556 2424 ἁντστροφήν·
608 2353 663 2406 τί
709 2352 820 2425 γὰρ
847 2356 912 2409 ἄν
942 2373 1026 2419 τις
1081 2358 1189 2410 πᾶν
1220 2357 1280 2410 τὸ
1316 2362 1379 2410 ἐκ
1409 2357 1510 2427 τῆς
1540 2358 1732 2421 οὐσίας

133 2445 288 2508 τινὸς
310 2441 465 2498 εἶναι
489 2446 804 2516 λεγόμενον,
833 2446 908 2510 ὡς
938 2448 998 2512 ἐξ
1024 2449 1200 2501 αίτίου
1226 2444 1368 2502 εἶναι
1397 2448 1547 2518 λέγει
1575 2450 1731 2503 αὐτό·

136 2538 238 2591 καὶ
274 2538 556 2592 ἀνάπαλιν
605 2541 716 2592 πᾶν
745 2541 808 2592 τὸ
852 2540 930 2603 ὡς
979 2541 1039 2606 ἐξ
1079 2543 1258 2595 αἰτίου
1292 2542 1441 2606 τινὸς
1494 2543 1729 2614 φυσικοῦ

137 2630 236 2683 καὶ
267 2631 520 2700 ὀμοφυὲς
568 2630 646 2701 τῷ
671 2629 831 2701 αἰτίῳ
859 2628 1002 2686 εἶναι
1040 2632 1329 2703 ὁμολογείο
1360 2633 1498 2689 ἀλλὰ
1529 2636 1731 2707 ταύτην

134 2722 282 2793 πρὸς
315 2724 379 2775 τὸ
425 2724 598 2795 παρὸν
635 2724 903 2795 παριδὼν,
936 2725 1028 2780 καί
1056 2743 1109 2778 τι
1145 2727 1284 2796 πρὸς
1311 2728 1403 2780 τὸν
1436 2727 1594 2796 λόγον
1654 2730 1732 2781 εῖ-

136 2833 310 2887 ποιμι
340 2817 413 2871 ἂν
444 2818 579 2888 πρὸς
596 2817 687 2872 τὸν
717 2817 947 2886 λέγοντα
974 2835 989 2850 υ
1021 2819 1191 2881 Είτις
1220 2818 1398 2890 τιθείη
1449 2819 1509 2873 τὲ
1539 2822 1601 2874 ὲκ
1632 2821 1732 2891 τῆς

134 2909 341 2972 οὐσίας
391 2908 486 2962 τοῦ
525 2909 739 2981 Πατρὸς
773 2911 832 2963 τὸ
884 2910 1112 2981 Πνεῦμα
1149 2911 1245 2964 καὶ
1273 2911 1365 2964 τὸν
1396 2911 1523 2966 Υἱὸν
1564 2908 1727 2976 εἶναι,

135 3002 386 3056 ἔπεσθαι
435 3001 508 3064 ὡς
567 3003 861 3074 ἡγουμένῳ
890 3006 967 3073 τῷ
1026 3003 1206 3057 αίτίαν
1262 3004 1424 3059 αὐτὸν
1456 3001 1732 3060 εἶναιτῶν

135 3095 198 3162 ἐξ
226 3094 432 3149 αὐτοῦ.
460 3096 533 3148 Ἥ
562 3094 674 3165 γὰρ
699 3093 865 3164 ἇςελε
903 3094 1012 3148 τῶν
1041 3096 1276 3167 Γραφῶν
1303 3096 1365 3150 τὸ
1414 3097 1479 3150 ὲκ
1514 3100 1612 3169 τῆς
1642 3098 1732 3151 οὺ-

1839 607 2053 677 propria
2080 607 2350 663 divisione
2374 606 2521 662 exire
2552 604 2813 661 concedat
2844 604 3137 676 quispiam,
3172 615 3265 661 aut
3287 605 3333 661 si
3361 605 3414 659 itl

1838 701 2139 757 concedere
2175 702 2382 770 nequit,
2416 713 2594 770 neque
2634 699 2885 754 essentiae
2921 698 3252 770 imaginetur
3307 697 3416 752 dis~

1843 793 2133 848 tiurtiones
2163 802 2215 846 et
2243 793 2591 847 diversitates
2640 799 2861 861 propter
2896 791 3211 860 generantis
3237 801 3287 846 et
3328 806 3420 860 ge-

1843 887 1938 940 niti
1986 895 2039 941 et
2066 887 2419 955 producentis
2452 895 2504 940 et
2542 885 2791 954 producti
2819 884 3181 939 diversitates.
3217 882 3418 949 Queru-

1842 976 2133 1031 admodum
2164 976 2310 1032 enitn
2362 974 2787 1046 appellationum
2819 976 3101 1042 relatione,
3152 984 3204 1030 ct
3236 975 3288 1029 in
3322 990 3413 1045 pa-

1840 1068 2152 1124 ternitatem
2215 1085 2279 1125 ac
2332 1068 2649 1124 liliationem
2699 1068 2971 1126 divisione
3030 1084 3417 1140 personarum,

1840 1176 2073 1232 quarum
2121 1158 2320 1217 divisio
2344 1170 2426 1217 est
2446 1172 2503 1216 et
2529 1161 2743 1226 relatio,
2786 1163 3025 1218 essentia
3069 1177 3176 1216 non
3224 1160 3420 1216 dividi-

1841 1266 1949 1320 tur,
1985 1256 2100 1326 pari
2130 1255 2292 1311 modo
2320 1272 2496 1326 neque
2528 1254 2842 1327 generantis
2890 1266 2944 1310 et
2994 1256 3182 1327 geniti,
3216 1255 3419 1325 produ~

1839 1348 2014 1401 centis
2038 1357 2091 1402 et
2118 1348 2365 1418 producti
2407 1348 2758 1402 diSIinctione
2802 1345 3176 1418 distinguitur.

1910 1527 1963 1583 8.
1995 1548 2011 1581 ι
2045 1524 2165 1584 Non
2190 1522 2421 1601 quodex
2452 1530 2690 1585 essentia
2716 1528 2913 1596 Patris,
2941 1550 2958 1582 ι
2992 1530 3087 1597 ait,
3121 1550 3139 1581 ι
3185 1531 3421 1588 dicimus

1839 1620 2038 1676 Filium
2070 1632 2123 1678 et
2153 1622 2442 1693 Spiritum,
2470 1631 2755 1693 prome-rea
2788 1632 2843 1679 et
2874 1624 3204 1695 principium
3238 1624 3415 1695 ipsum

1838 1722 1891 1769 et
1933 1730 2156 1768 causam
2192 1717 2541 1780 conlitemur,
2574 1715 2667 1770 scd
2692 1715 2840 1785 quod
2892 1716 3221 1786 principium
3258 1727 3420 1772 natu-

1841 1806 1954 1860 rale
1985 1816 2038 1860 et
2069 1821 2236 1862 causa
2272 1817 2352 1862 est
2386 1822 2601 1883 eorum,
2628 1822 2748 1879 quae
2787 1824 2852 1863 ex
2897 1809 3016 1878 ipso
3059 1812 3423 1867 essentialin-r

1839 1897 2169 1959 subsistunt.
2225 1909 2625 1970 proptereaque
2672 1915 2734 1954 ea
2772 1914 2838 1955 ex
2886 1897 3056 1970 ipsius
3089 1905 3347 1958 essentia.
3399 1923 3413 1951 ι

1837 1974 2125 2059 Captiosas
2159 1990 2462 2060 argutiolas
2517 1992 2604 2047 hic
2631 1993 2808 2046 oratio
2865 2006 3159 2062 usurpans,
3200 2007 3390 2051 anter

1841 2084 1987 2139 denti
2012 2092 2067 2138 et
2099 2084 2458 2154 subscquenti
2486 2085 2793 2141 subducere
2828 2088 3421 2156 conatanauditorcm,

1840 2188 1949 2226 non
1990 2174 2341 2241 persuadere.
2378 2174 2489 2245 Ego
2520 2190 2647 2231 vero
2675 2177 2800 2233 licet
2826 2193 2891 2233 ex
2925 2181 3269 2235 naturalibus
3305 2197 3422 2235 om-

1842 2264 2006 2319 nibns
2049 2264 2469 2320 conversionem
2502 2268 2568 2323 ad
2599 2268 2711 2338 jam
2738 2269 2881 2326 dicta
2909 2274 3146 2343 probare
3175 2276 3381 2344 pOSsim
3412 2295 3421 2329 :

1840 2358 2075 2428 quilibet
2106 2358 2275 2425 enim,
2307 2360 2576 2430 quidquid
2608 2379 2674 2419 ex
2724 2367 2963 2420 essentia
3017 2369 3248 2439 alicujus
3302 2386 3423 2425 esse

1836 2454 2058 2517 dicitur,
2095 2461 2356 2524 tanquam
2388 2469 2454 2508 ex
2517 2470 2683 2513 causa
2734 2473 2879 2525 esse,
2921 2459 3315 2531 aflirmaverit;
3368 2476 3421 2517 et

1839 2550 1957 2603 vice
1991 2562 2169 2613 versa,
2199 2547 2752 2620 quithuidtanquam
2800 2568 2861 2607 ex
2895 2568 3061 2609 causa
3089 2559 3322 2611 naturali
3353 2560 3421 2610 ab

1840 2640 2023 2709 aliquo
2049 2648 2156 2704 est,
2191 2639 2439 2710 ejusdem
2463 2657 2584 2697 esse
2603 2657 2727 2697 cum
2754 2660 2920 2700 causa
2947 2657 3155 2701 naturae
3172 2664 3423 2705 σεδετυει-

1840 2734 1945 2786 rit:
1989 2734 2081 2787 sed
2105 2734 2257 2789 hisce
2283 2734 2334 2787 in
2364 2736 2652 2803 praesentia
2679 2736 2961 2807 neglectis,
2990 2740 3194 2811 aliquid
3219 2741 3414 2798 addant

1838 2826 1902 2877 a.l
1943 2839 2251 2879 sermonem
2284 2836 2637 2892 asserentem,
2690 2831 2733 2884 si
2776 2831 2902 2900 quis
2943 2835 3184 2901 posuerit
3229 2850 3294 2890 ex
3336 2856 3425 2890 cs.
3470 2849 3475 2853 ·

1838 2914 2011 2970 sentia
2041 2913 2220 2971 Patris
2244 2916 2507 2986 Spiritunt
2547 2929 2602 2973 et
2640 2917 2839 2974 Filium
2870 2937 3014 2986 esse,
3059 2928 3324 2998 consequi
3355 2944 3421 2981 ae

1838 3007 1882 3060 si
1906 3006 2036 3061 illud
2074 3010 2424 3078 praecederet,
2457 3025 2682 3066 causam
2706 3012 2882 3084 ipsum
2907 3030 3029 3071 esse
3059 3032 3271 3085 eorum,
3302 3036 3421 3090 qua:

1837 3112 1901 3152 ex
1936 3099 2055 3168 ipso
2086 3110 2239 3158 sunt.
2293 3100 2402 3156 Aut
2427 3104 2573 3157 enim
2616 3105 2735 3160 dele
2781 3121 2811 3160 e
2857 3107 3180 3179 Scripturis,
3233 3128 3300 3169 ex
3336 3132 3422 3170 cs-

139 3190 269 3253 σίας
291 3186 391 3241 τοῦ
420 3185 549 3241 Υίοῦ
578 3187 640 3241 τὸ
667 3186 893 3258 Πνεῦμα
921 3188 983 3241 τὸ
1011 3189 1169 3258 ἅγιον
1204 3190 1483 3260 λέγεσθαι,
1538 3191 1571 3264 ἢ
1604 3193 1730 3246 τού-

1842 3192 2017 3247 seutia
2057 3192 2184 3250 Filii
2218 3194 2483 3265 Spiritum
2517 3198 2645 3262 dici,
2708 3207 2801 3253 aut
2830 3201 2873 3255 si
2906 3199 2957 3256 id
2996 3201 3287 3275 fateamur,
3325 3226 3422 3263 ne;

133 3298 236 3338 ¹του
269 3299 337 3352 γε
369 3281 810 3353 ὁμολογουμένου
839 3285 983 3337 κατὰ
1010 3285 1103 3337 τὸν
1136 3284 1228 3338 σδν
1254 3286 1568 3354 ἀναγκαίως
1600 3305 1732 3342 συνο

136 3376 456 3449 αχθήσεται
488 3376 668 3444 λόγον,
726 3377 871 3429 κατὰ
896 3376 957 3429 τὸ
984 3376 1054 3447 δι’
1082 3377 1211 3430 Υίοῦ
1257 3379 1505 3431 αἰτιατὸν
1532 3382 1593 3432 ἐκ
1618 3380 1730 3453 ila:

133 3469 274 3537 τρὸς
320 3462 464 3520 εἶναι
523 3464 584 3520 τὸ
639 3465 864 3536 Πνεῦμα
910 3467 1022 3529 τοῖς
1072 3465 1432 3538 θεολογήσασι
1485 3469 1731 3538 Πατράσι

138 3560 389 3631 ῥηθῆναι
417 3560 572 3612 αὐτό.
607 3560 668 3612 Εἰ
702 3560 812 3628 γὰρ
847 3558 982 3612 διότι
1018 3561 1081 3612 ἐκ
1110 3560 1203 3613 τοῦ
1260 3559 1472 3630 Πατρὸς
1500 3560 1561 3613 τὸ
1592 3557 1732 3614 εἶναι

140 3654 261 3725 Υίῴ
311 3654 412 3707 καὶ
468 3653 769 3722 Πνεύματι,
806 3652 893 3707 διὰ
951 3653 1111 3706 τοῦτο
1145 3655 1210 3707 ἐκ
1243 3655 1340 3725 τῆς
1385 3656 1479 3708 τοῦ
1514 3656 1731 3726 Πατρδς

136 3747 328 3801 ταῦτα
365 3747 575 3810 οὐσίας,
606 3745 758 3799 ἔσται
788 3745 881 3799 καὶ
912 3747 977 3799 ὲκ
999 3745 1098 3816 τῆς
1124 3746 1216 3800 τοῦ
1249 3746 1377 3800 Υίοῦ
1418 3748 1478 3802 τὸ
1511 3749 1732 3819 Πνεῦμα

136 3840 362 3903 οὐσίας,
397 3838 532 3892 διότι
564 3837 632 3891 δι’
684 3837 813 3891 Υίοῦ
843 3839 901 3890 τὲ
935 3833 1076 3891 εἶναι
1111 3837 1187 3908 τῷ
1228 3839 1526 3909 Πνεῦματι.
1561 3835 1731 3902 Οὐτος

136 3935 166 3983 ό
193 3930 365 3999 λόγος
397 3930 490 3983 καὶ
518 3929 643 3998 δίχα
672 3929 772 4000 τῆς
801 3931 1107 3999 ἀναγκαίας
1137 3930 1249 3985 τῶν
1288 3933 1395 3983 σῶν
1426 3931 1604 4001 λόγων
1637 3933 1732 3986 ἀν-

137 4024 449 4095 τιστρυφῆς
484 4023 545 4074 τδ
572 4023 680 4076 τῶν
709 4024 820 4077 σῶν
860 4022 1159 4093 ,νοημάτων
1208 4023 1502 4090 ἁπελέγξει
1553 4026 1730 4095 παρά·

138 4123 328 4187 λογον.
358 4119 416 4170 Εἰ
445 4116 501 4170 δέ
531 4131 595 4185 γε
625 4118 721 4169 καὶ
752 4117 915 4170 πάλιν
934 4118 1110 4171 πάντα
1134 4119 1197 4171 σὺ
1228 4118 1402 4187 λέγων
1433 4112 1555 4170 κατ’
1578 4116 1731 4184 ἐξου-

140 4215 297 4275 σίαν,
336 4211 398 4263 οὐ
424 4210 511 4263 διὰ.
536 4211 597 4263 τὸ
627 4206 768 4263 εἶναι
795 4210 863 4262 δι’
888 4210 1022 4263 Υίού
1060 4210 1120 4263 τὸ
1152 4210 1375 4281 Πνεῦμα
1408 4213 1470 4264 ὲκ
1507 4211 1606 4280 τῆς
1634 4210 1730 4265 τοῦ

142 4302 283 4357 Υἱοῦ
312 4303 449 4356 αὐτὸ
474 4299 615 4355 εἶναι
646 4301 835 4365 οὐσίας
856 4301 1023 4371 ἐρεῖς,
1048 4300 1136 4369 διὰ
1162 4300 1220 4352 δὲ
1241 4302 1303 4353 τὸ
1327 4299 1515 4364 ἁπλῶς
1536 4300 1733 4370 όμοού-

144 4412 271 4449 σοον
294 4410 308 4425 ο
331 4394 449 4447 ἀλλ’
470 4394 842 4465 ἀπαντήσεται
862 4410 945 4446 σοι
970 4394 997 4446 ό
1024 4393 1180 4461 λόγος
1202 4392 1302 4463 τὴν
1321 4391 1415 4445 τοῦ
1441 4394 1730 4463 όμοουσίου

142 4489 258 4543 κᾶν
305 4487 542 4541 ἐνταῦθα
585 4464 886 4556 προτείνων
946 4486 1337 4557 ἀντιστροφὴν,
1391 4486 1486 4538 καὶ
1530 4485 1729 4554 ὁμοίως

142 4582 290 4649 αὐτῇ
326 4579 709 4648 ἁντιστρέφειν
741 4577 993 4630 ἀπαιτῶν
1045 4556 1168 4629 κατ’
1195 4578 1445 4647 ἀνάγκην
1474 4577 1566 4628 ἐπὶ
1598 4573 1729 4628 Υίοῦ
1762 4556 1806 4603 θ

145 4675 249 4728 καὶ
284 4671 602 4742 Πνεῦματος
636 4672 697 4724 τὸ
740 4674 804 4724 ὲκ
846 4670 945 4740 τῆς
978 4670 1186 4731 οὐσίας.
1234 4668 1332 4732 Τίς
1360 4669 1467 4737 γὰρ
1497 4674 1591 4722 καὶ
1625 4667 1732 4721 τῶν

147 4766 334 4838 μικρὰ
369 4766 604 4833 συνορᾷν
633 4763 950 4833 δυναμένων
980 4766 1040 4815 οὐ
1086 4765 1270 4816 πᾶσαν
1305 4758 1446 4815 εἶναι
1481 4762 1731 4830 ἀνάγκην

143 4864 289 4933 ἐρεῖ,
329 4863 377 4914 εί
406 4860 495 4913 διὰ
523 4859 582 4912 τὸ
612 4858 901 4928 ὀμοούσιον
930 4861 991 4910 ἐκ
1030 4856 1130 4924 τῆς
1177 4857 1364 4918 οὐσίας
1397 4858 1492 4909 τοῦ
1523 4856 1649 4909 Υίοῦ
1674 4859 1735 4908 τὸ

148 4954 382 5019 Πνεῦμα
412 4950 471 5002 τὸ
497 4949 650 5017 ἅγιον
680 4948 922 5016 λέγεται,
953 4949 1048 4999 καὶ
1068 4949 1131 4998 ὲκ
1160 4946 1256 5016 τῆς
1287 4945 1380 4997 τοῦ
1415 4945 1733 5016 Πνεῦματος

144 5048 243 5099 τὸν
275 5044 404 5097 Υίδν
431 5043 517 5096 διὰ
546 5042 606 5095 τὸ
634 5041 767 5094 αὐτὸ
801 5038 1052 5108 λέγεσθχι
1080 5056 1094 5104 ;

225 5138 292 5190 θ’.
351 5136 440 5189 Ἐν
486 5135 587 5205 μιᾷ
631 5134 744 5186 τῶν
802 5131 894 5185 τοῦ
934 5131 1137 5185 οἰκείου
1201 5129 1362 5202 λόγου
1414 5128 1733 5199 περικοπῶν

151 5234 349 5299 ῶσπερ
378 5246 431 5280 τι
461 5228 657 5297 λῆμμα
712 5225 873 5278 τοῦτο
898 5224 1100 5296 ,τίθησι
1128 5223 1392 5295 πρότερον
1413 5239 1428 5254 ο
1491 5240 1510 5273 ι
1558 5221 1733 5275 Πολλὰ

154 5326 259 5396 μὲν
311 5326 378 5377 τὰ
410 5322 506 5376 τοῦ
550 5321 620 5375 ἐκ
651 5334 814 5386 τινος
846 5319 1242 5389 σημαινόμενα.
1290 5316 1399 5371 Καὶ
1447 5317 1556 5387 γὰρ
1588 5317 1648 5367 τὸ
1677 5315 1735 5379 ἐξ

152 5420 315 5486 ὕλης,
357 5415 455 5468 καὶ
482 5413 544 5467 τὺ
574 5414 656 5481 ⁵ὲκ
703 5415 895 5478 τόπου,
931 5412 1027 5465 καὶ
1075 5410 1135 5464 τὸ
1183 5411 1323 5481 μετὰ
1368 5409 1548 5471 τοῦτο,
1581 5408 1735 5461 ἐστιν

150 5514 243 5566 ὅτε
273 5508 370 5561 καὶ
386 5509 446 5561 τὸ
466 5507 525 5572 ἐξ
554 5507 753 5578 ἀρχῆς,
786 5506 883 5558 καὶ
916 5507 977 5557 τὸ
1003 5507 1067 5557 ἐκ
1094 5504 1197 5573 τῆς
1213 5503 1401 5568 οὐσίας
1427 5504 1551 5557 ὅθεν
1581 5502 1737 5571 λέγε-

150 5624 267 5670 ται,
288 5605 385 5657 καί
410 5601 469 5655 τὺ
486 5601 543 5655 ὅθ
554 5616 611 5653 εν
628 5598 976 5669 ὲκινήθη.καὶ
988 5598 1214 5651 πλεῖστα
1232 5599 1288 5653 δὲ
1307 5597 1472 5669 ἕτερα
1496 5582 1735 5670 τὴνρω-

155 5703 253 5771 νὴν
268 5695 524 5769 εὑρήσεις
544 5693 937 5766 σημαίνουσαν.
962 5688 1109 5744 Ἀλλ’
1125 5693 1184 5745 ὲν
1204 5692 1315 5756 τοῖς
1339 5709 1406 5745 πε
1417 5692 1624 5762 ρὶβεοῦ
1647 5693 1735 5746 λό⁴

152 5809 272 5861 γοις
285 5789 556 5860 Κύριλλος
576 5786 772 5858 μὴ’τῶν
788 5785 960 5839 ἄλλων
973 5784 1222 5853 δεόμενος
1241 5786 1331 5839 ἐπὶ
1346 5786 1513 5857 τριῶν
1530 5783 1736 5838 τούτων

153 5890 217 5942 τ’)
246 5888 316 5941 ἐκ
344 5902 509 5950 τινος
550 5880 972 5953 ἐκλαμϐάνεται.
1023 5879 1280 5951 Σημαίνει
1336 5880 1434 5951 μὲν
1462 5883 1571 5952 γὰρ
1602 5879 1734 5952 παρ’

406 5984 678 6059 Ρᾼτιιοι..
711 5982 751 6041 Ο
766 5999 826 6040 n.
863 5978 1072 6043 CXLI.

1844 3286 2087 3340 cessario
2118 3294 2169 3341 te
2212 3300 2497 3343 asserente
2524 3290 2833 3363 colligetur,
2855 3298 3157 3351 secundum
3184 3314 3278 3367 per
3331 3300 3425 3354 Fi-

1843 3382 1974 3431 lium
2019 3388 2310 3435 cattsatum
2335 3397 2402 3437 ex
2442 3382 2603 3439 Patre
2637 3401 2758 3442 esse
2792 3384 3049 3458 Spiritum
3082 3408 3109 3443 a
3143 3390 3419 3470 [’atribus.

1843 3476 1934 3542 qui
1981 3473 2111 3528 illud
2168 3474 2487 3547 decrevere,
2542 3478 2750 3535 dictum
2816 3478 3010 3537 fuisse.
3071 3476 3317 3556 Namque
3374 3488 3421 3542 si

1842 3566 1987 3634 quod
2008 3581 2074 3620 ex
2105 3565 2265 3623 Patre
2291 3566 2466 3625 Filius
2490 3578 2544 3625 et
2585 3569 2826 3640 Spiritus
2858 3590 2981 3629 esse
3015 3575 3239 3643 habent,
3296 3594 3424 3648 pru-

1842 3670 2028 3728 pterea
2060 3676 2123 3716 ex
2159 3663 2400 3716 essentia
2444 3663 2560 3718 haec
2598 3662 2778 3721 Patris
2806 3676 2957 3732 sunt,
2989 3668 3094 3723 erit
3135 3680 3189 3725 et
3226 3686 3294 3726 ex
3340 3692 3421 3726 es-

1841 3754 2016 3809 sentia
2046 3752 2171 3808 Filii
2211 3754 2472 3825 Spiritus,
2520 3758 2664 3827 quod
2710 3775 2776 3814 ex
2810 3758 2948 3815 Ftlio
2995 3777 3117 3817 esse
3183 3762 3423 3833 Spiritu.

1840 3846 2025 3901 habet.
2060 3844 2186 3903 Haec
2207 3848 2572 3916 ratiocinatio,
2608 3851 2770 3906 etiam
2803 3852 3010 3923 absque
3054 3861 3271 3908 tuorum
3305 3873 3429 3911 sero

1841 3954 2066 3995 monum
2099 3940 2459 3998 conVersione
2492 3945 2817 4007 necessaria,
2865 3955 3079 4001 tuarum
3129 3958 3429 4003 sentent.a-

1842 4051 1963 4090 rum
2006 4035 2245 4090 absurda
2298 4036 2690 4093 manifestabit.
2740 4036 2896 4105 Quod
2928 4040 2974 4094 si
3009 4057 3225 4109 rursus,
3283 4060 3314 4097 ο
3369 4056 3423 4097 tu

1840 4129 1933 4198 qui
1975 4132 2156 4183 omnia
2200 4130 2417 4199 propria
2460 4132 2780 4186 auctoritate
2836 4132 3093 4198 blateras,
3132 4150 3239 4190 non
3279 4137 3422 4206 quod

1840 4236 1933 4290 per
1954 4219 2152 4274 Filium
2178 4220 2416 4291 Spiritus
2446 4231 2547 4283 est,
2585 4239 2649 4277 ex
2682 4225 2852 4291 ipsius
2876 4227 3110 4279 essentia
3141 4226 3247 4281 dtci
3276 4228 3424 4280 amr-

1842 4315 2093 4375 tnaveris.
2129 4317 2221 4370 sed
2240 4313 2560 4385 simpliciter
2582 4326 2802 4385 propter
2823 4317 3071 4372 eamdem
3102 4319 3421 4391 essentiam,

1838 4406 1932 4461 sed
1963 4417 2217 4462 occurret
2278 4407 2371 4460 tibi
2398 4408 2764 4472 ratiocinatio,
2817 4389 3300 4467 consubstantialis
3335 4389 3423 4466 hic

1836 4500 1998 4553 etiam
2051 4498 2382 4569 protendens
2433 4501 2871 4564 conversionem,
2917 4510 2972 4554 et
3023 4499 3221 4557 similis
3259 4504 3421 4557 modo
3486 4524 3501 4536 ο

1834 4607 1954 4646 eam
1986 4592 2311 4646 convertens
2337 4594 2647 4649 necessario
2676 4594 2743 4649 de
2799 4588 2938 4648 Filio
2965 4603 3018 4650 et
3054 4590 3258 4665 Spiritu
3288 4596 3418 4651 illud

1835 4700 1901 4739 ex
1930 4685 2163 4739 essentia
2200 4686 2589 4753 pronuntiabit.
2632 4685 2766 4753 Quis
2802 4687 2945 4740 enim
2978 4704 3044 4742 ex
3094 4689 3159 4743 iis
3199 4692 3292 4759 qui
3328 4707 3418 4752 res

1836 4777 1920 4833 vel
1948 4778 2205 4831 momenti
2237 4776 2470 4842 alicuius
2491 4779 2789 4848 intelligere
2844 4788 3090 4848 possunt,
3124 4797 3230 4834 non
3266 4798 3423 4849 pror.

1836 4880 1932 4921 sus
1961 4866 2271 4921 necessario
2305 4868 2466 4929 dicet,
2512 4869 2555 4923 si
2603 4880 2823 4939 propter
2852 4872 3098 4926 eamdem
3128 4875 3419 4927 essentiam

1836 4972 1902 5011 ex
1935 4956 2170 5012 essentia
2206 4956 2325 5011 Filii
2368 4956 2606 5027 Spiritus
2637 4968 2860 5016 sanctus
2888 4962 3109 5026 dicitur,
3162 4965 3327 5019 etiam
3355 4982 3419 5021 ex

1836 5049 2074 5103 essentia
2103 5046 2339 5118 Spiritus
2374 5047 2571 5103 Filium
2607 5062 2827 5121 propter
2849 5052 3085 5123 idipsutn
3113 5056 3240 5112 dici.

1907 5142 1960 5195 9.
1994 5139 2051 5193 ln
2116 5157 2222 5194 una
2276 5157 2390 5195 suae
2443 5143 2710 5197 orationis
2763 5147 3020 5215 pericope
3073 5148 3213 5203 hanc
3257 5150 3419 5204 veluti

1837 5234 2204 5301 sutnptioncm
2236 5245 2366 5288 ante
2393 5235 2495 5289 alia
2527 5237 2779 5305 proponit
2810 5255 2823 5291 :
2858 5258 2877 5291 ι
2911 5237 3090 5295 lllnltae
3119 5252 3246 5295 sunt
3279 5243 3419 5297 illius

1837 5337 1900 5376 ca:
1928 5323 2105 5393 aliqua
2135 5323 2456 5393 signiﬁcata.
2486 5323 2731 5396 Namque
2747 5345 2810 5383 ex
2843 5333 3090 5395 materia,
3110 5338 3163 5385 et
3187 5348 3250 5385 ex
3277 5333 3417 5398 loco,

1838 5428 1891 5473 ct
1923 5435 2045 5474 cum
2095 5419 2219 5481 hoc,
2280 5418 2571 5488 aliquando
2614 5422 2777 5476 etiam
2826 5438 2890 5476 ex
2924 5425 3212 5493 principio,
3271 5438 3324 5480 et
3353 5440 3421 5497 ex

1837 5511 2072 5567 essentia
2112 5513 2253 5565 unde
2290 5512 2508 5577 dicitur,
2561 5522 2615 5566 et
2665 5516 2807 5569 unde
2865 5525 3069 5569 motum
3119 5517 3325 5582 habuit,
3367 5528 3420 5574 et

1839 5607 2098 5674 pleraque
2120 5604 2226 5658 alia
2253 5603 2393 5657 hanc
2441 5606 2732 5659 dictionem
2790 5608 3048 5661 denotare
3094 5610 3419 5675 campo-rios.

1841 5697 1946 5751 Sed
2025 5711 2148 5750 cum
2221 5696 2290 5750 de
2347 5695 2456 5751 Deo
2523 5712 2706 5751 sermo
2791 5708 2897 5760 est.
2963 5701 3195 5769 Cyrillns
3283 5703 3423 5758 alio-

1840 5806 1959 5843 rum
2040 5790 2263 5851 minime
2326 5789 2595 5857 indigens,
2652 5792 2719 5843 de
2781 5791 2865 5845 his
2924 5793 3098 5847 tribus
3151 5794 3302 5861 illud,
3354 5812 3420 5849 ea:

1840 5883 2043 5951 aliqua,
2083 5883 2303 5952 accipit.
2338 5879 2621 5951 Signiﬁcat
2660 5882 2800 5936 enim
2830 5883 2974 5954 apud
3012 5887 3161 5940 illum
3199 5888 3248 5942 id
3274 5890 3419 5960 quod

2923 5978 2998 6040 99
