3932 6570
207 435 332 496 925
1335 438 1434 498 DE
1474 422 1772 499 UNlDONE
1806 441 2364 502 EGCLESIARUM.
3381 443 3486 509 926

206 553 480 622 δυσχερὲς
509 553 602 622 ἐφ’
639 555 746 624 ὅτῳ
771 548 862 608 οὖν
891 554 997 607 τῶν
1039 556 1572 627 ἀναγινωσκομένων
1615 559 1708 610 ἐπὶ
1732 560 1798 629 τῇ

1916 573 2028 612 rtem
2055 557 2338 622 ducentes,
2373 557 2523 614 nulla
2562 559 2696 629 ipsis
2719 560 3008 617 diﬁl‘cultas
3044 569 3311 627 remanet,
3350 561 3482 616 dum

207 642 568 710 καταγνώσει
627 645 737 696 τῶν
788 644 955 698 αὑτοῦ
1032 646 1296 715 αἱρέσεων
1354 647 1592 716 ἔχουσινθ
1651 648 1808 703 οὕτω.

1916 648 2105 718 ingula
2159 649 2365 719 legunt,
2422 650 2493 704 ad
2523 653 2966 708 condemnandas
3020 653 3164 708 illius
3226 652 3485 708 harreses.

205 736 351 794 θεὸς
373 776 387 797 ,
424 735 600 799 οὕτως
651 738 682 805 ἡ
713 736 891 789 πάντα
917 736 1128 790 νικῶσα
1163 739 1414 808 ἀλήθεια.
1445 741 1552 793 Καὶ
1583 740 1647 792 σὺ
1676 740 1796 810 Θεῷ

1916 741 1990 794 Sic
2029 739 2194 802 Deus,
2231 740 2311 794 sic
2339 743 2523 796 omnia
2551 743 2778 799 vincens
2821 747 3044 800 veritas.
3099 745 3162 799 Et
3195 753 3252 798 tu
3289 744 3400 800 Deo
3427 755 3483 798 et

211 830 316 879 κτὶ
343 831 410 898 τῇ
443 829 674 899 ἀληθείᾳ
706 831 1049 901 εὐχαριστεῖν
1083 831 1178 884 σὺν
1203 832 1336 900 ἡμῖν
1362 831 1436 902 μὴ
1471 833 1795 902 παυόμενος,

1916 831 2111 886 veritati
2143 833 2346 902 gratias
2370 849 2530 902 agere
2578 852 2684 890 una
2737 839 3022 892 nobiscum
3075 852 3143 892 ne
3173 851 3377 898 cesses,
3431 843 3488 890 et

207 921 316 973 καὶ
345 921 446 989 τὴν
485 923 565 984 είς
596 922 748 984 τέλος
775 921 976 992 ταύτης
1005 921 1327 992 ἐπιταχῦναι
1354 924 1797 980 ἀποκατάστασιν

1916 923 2300 980 restitutionem
2329 927 2778 986 citiusadvenire
2818 945 3048 986 exorare
3081 929 3350 1000 neglectui
3388 928 3486 983 tibi

206 1028 232 1064 ε
245 1011 478 1081 ὖχεσθαι
510 1013 584 1082 μὴ
616 1014 827 1082 ἀμέλει.

1916 1030 1973 1070 ne
2002 1017 2094 1071 sit.

250 1240 680 1250 “ψ“--....,.σ-..η.-

1355 1397 1738 1534 ΤΟΥ·
1779 1396 2366 1587 ΑΥΤΟΥ

1775 1629 1934 1684 ΠΕΡΙ

939 1817 1156 1904 ΤΗΣ
1232 1813 2213 1904 ΕΚΚΑΗΣΙΑΣΤΙΚΗΣ
2290 1819 2771 1904 ΕΙΡΗΝΗΣ

1410 2149 2296 2342 EJUSDEM

952 2501 1132 2614 DE
1209 2501 1566 2616 PACE
1661 2501 2771 2620 ECCLESIASTICA

1421 2765 2290 2858 FRAGMENTUM.

283 2986 455 3051 {Apud
489 2987 741 3048 Allalium,
762 2985 824 3036 de
852 2985 1108 3048 utriusque
1134 2981 1372 3033 Ecclesia:
1394 2987 1635 3046 perpetua
1659 2985 1705 3031 in
1730 2984 1960 3044 dogmate
1982 2982 2044 3030 de
2073 2981 2362 3042 Purgatorlo
2402 2981 2744 3036 consensione,
2773 2994 2820 3042 p.
2848 2978 2954 3030 591.
2982 2982 3148 3031 Romae
3177 2982 3311 3043 1655,
3334 2985 3446 3044 8⁸.)-

2669 3210 2696 3218 κ

291 3325 357 3376 El
387 3323 484 3392 μὲν
518 3320 642 3391 ἀρτι
685 3314 916 3390 πρώτως
944 3321 972 3372 ὁ
1010 3319 1140 3390 περὶ
1186 3320 1285 3388 τῆς
1323 3320 1382 3372 ὲν
1412 3318 1488 3388 τῷ
1538 3318 1800 3387 Συμϐόλῳ

1977 3317 2221 3387 Namque
2255 3317 2300 3371 si
2345 3332 2488 3370 nunc
2526 3318 2762 3385 primum
2804 3317 2870 3372 de
2903 3317 3183 3373 additione
3234 3320 3290 3373 in
3329 3318 3496 3390 Syn-

213 3410 544 3478 προσθήκης
595 3408 750 3476 λόγος
811 3409 976 3478 μέσον
1016 3408 1269 3477 Γραικῶν
1325 3423 1384 3459 τι
1436 3408 1528 3459 καὶ
1587 3407 1810 3459 Ἰταλῶν

1916 3410 2037 3463 holo
2069 3413 2208 3463 inter
2238 3407 2455 3463 Graecos
2487 3419 2540 3462 et
2571 3408 2795 3462 Latinos
2826 3409 3134 3463 diﬂerentia
3166 3411 3497 3465 circumfer-

212 3504 472 3565 ἐκινεῖτο,
515 3501 634 3570 τάχ’
667 3501 734 3553 ἂν
781 3501 986 3568 γυμνὸς
1036 3500 1252 3570 ἀπάσης
1311 3499 1476 3566 ἄλλης
1529 3497 1808 3574 ζητήσεως

213 3596 584 3664 ἐγυμνάζετο,
614 3595 723 3648 εἴτε
745 3610 830 3657 τις
860 3595 1011 3662 αὐτῷ
1039 3592 1367 3666 παραφθορά
1398 3591 1497 3658 τῆς
1526 3590 1808 3660 ἀκριϐείας

216 3690 533 3757 ἐντήκεται,
567 3690 677 3740 εἴτε
726 3688 887 3758 μέχρι
939 3686 1139 3751 λέξεως
1175 3687 1278 3755 τῆς
1313 3686 1572 3753 διαφορᾶς
1617 3684 1806 3736 δοκού-

221 3795 325 3846 σης
353 3779 489 3848 πρὸς
524 3779 584 3830 τὸ
610 3778 708 3847 τῆς
738 3777 944 3841 ἑννοίας
979 3776 1151 3839 οὕτως
1184 3775 1416 3843 ὑγιαίνει
1447 3773 1802 3842 ἀδιάφθορον·

220 3873 347 3924 ἐπεὶ
384 3871 442 3925 δὲ
486 3871 543 3937 ἐξ
574 3871 752 3923 αὐτῶν
801 3870 910 3923 τῶν
943 3870 1038 3922 τοῦ
1078 3868 1282 3921 Φωτίου
1345 3867 1554 3938 χρόνων
1596 3867 1624 3916 ὁ
1656 3865 1812 3930 λόγος

222 3965 368 4020 οὕτω
392 3965 491 4034 τὴν
520 3963 697 4032 κακὴν
725 3962 1039 4034 ἀναρρήξας
1072 3962 1236 4014 ὠδῖνα
1267 3959 1536 4029 προῆλθεν
1566 3960 1644 4020 είς
1673 3957 1808 4025 φώς,

220 4056 436 4124 εἶπερὸ
469 4055 563 4107 νῦν
611 4054 741 4123 περὶ
787 4053 980 4106 τούτου
1031 4052 1392 4120 προκείμενος
1442 4051 1598 4118 λόγος
1633 4064 1812 4117 παρα-

223 4147 442 4216 στήσειε
475 4149 587 4209 τοῖς
635 4145 997 4214 φιλίστορσιν,
1030 4144 1105 4207 ώς
1155 4144 1316 4204 αὐτὸς
1367 4144 1656 4212 ἀμφότερα
1692 4140 1808 4192 Φώ-

221 4255 342 4300 no;
363 4237 442 4308 τῷ
472 4236 615 4306 λόγῳ
639 4235 730 4288 τοῦ
776 4235 1072 4290 σκανδάλου
1123 4236 1339 4302 ἐγένετο
1382 4235 1562 4302 πατήρ
1611 4250 1670 4286 τε
1716 4232 1812 4286 καὶ

221 4331 540 4400 ἀναιρέτης,
590 4328 804 4390 οὐδενὸς
848 4312 1008 4381 ἄλλου
1035 4328 1173 4397 τάχα
1209 4327 1288 4396 τῷ
1319 4325 1622 4396 εὐγνώμονι
1645 4326 1813 4394 ἀκρο-

221 4423 331 4492 ατῇ
365 4422 396 4488 ἢ
435 4421 605 4490 μόνης
653 4420 820 4488 αὐτῆς
857 4420 1041 4489 δεήσει
1075 4419 1172 4488 τῆς
1229 4419 1464 4487 ἱστορίας
1519 4417 1814 4484 διαγνῶναι

213 4510 299 4571 ti);
337 4511 534 4578 μάτην,
569 4510 663 4562 καὶ
707 4509 792 4583 ἐπέ
817 4509 991 4561 οὐδενὶ
1035 4508 1240 4578 εὐλόγῳ
1279 4509 1428 4578 αἰτία
1456 4508 1512 4560 ai
1585 4507 1818 4574 Ἐκκλη-

1912 3510 2080 3564 retur,
2139 3501 2282 3554 forte
2363 3501 2504 3553 nuda
2556 3502 2624 3553 ab
2669 3501 2817 3554 omni
2863 3499 2966 3553 alia
3016 3501 3320 3564 quaestione
3375 3517 3496 3570 per-

1917 3604 2278 3657 tractaretur,
2347 3608 2415 3647 an
2482 3593 2662 3660 aliqua
2726 3591 2779 3644 in
2845 3591 3108 3662 Symbolo
3171 3594 3499 3648 adnlteratiu

1915 3698 2184 3753 accuratae
2220 3684 2342 3738 fidei
2398 3684 2752 3753 impingatur,
2786 3699 2853 3737 an
2905 3683 3070 3737 etiam
3101 3686 3499 3749 controversia,

1917 3795 2022 3834 non
2043 3749 2178 3830 ultra
2198 3776 2492 3830 dictionem
2524 3785 2799 3844 protensa,
2821 3778 3104 3830 sententia:
3135 3777 3496 3846 integritatem

1919 3867 2252 3924 conservat?
2296 3866 2680 3920 Verumtamen
2713 3880 2835 3918 cum
2868 3865 2939 3918 ab
2972 3873 3128 3918 aetate
3155 3865 3272 3933 ipsa
3324 3863 3501 3918 Photii

1919 3965 2116 4018 similis
2168 3961 2538 4030 discrepantia
2588 3960 2848 4030 disruptis
2901 3959 3236 4014 membranis
3283 3958 3500 4012 exclusa

1918 4068 2020 4120 est,
2050 4057 2095 4110 si
2129 4056 2274 4109 circa
2307 4055 2409 4108 hoc
2442 4054 2722 4123 proposita
2753 4053 2929 4108 oratio
2964 4051 3361 4105 demonstrabit
3393 4065 3498 4104 non

1920 4147 2244 4212 incuriosis,
2295 4150 2547 4202 eumdem
2590 4146 2840 4200 Photium
2902 4145 2955 4198 in
3003 4145 3215 4198 ratione
3260 4143 3501 4198 scandali

1921 4252 2210 4310 utrumque
2290 4239 2527 4307 fecisse,
2591 4248 2644 4292 et
2705 4253 3027 4306 procreasse
3082 4238 3244 4300 illud,
3301 4245 3354 4289 et
3407 4236 3502 4290 de-

1919 4333 2226 4395 struxisse,
2257 4332 2409 4384 nullo
2441 4331 2550 4384 alio
2589 4346 2776 4397 :equns
2817 4330 3035 4383 auditor
3077 4328 3370 4396 indigebit,
3407 4328 3502 4381 sed

1920 4421 1994 4481 ρι’
2035 4426 2149 4480 sola
2200 4425 2429 4478 historia
2475 4423 2783 4485 discernet,
2832 4421 3000 4489 gratis
3044 4429 3098 4474 et
3145 4419 3350 4488 absque
3396 4419 3502 4472 ulla

1926 4531 2120 4582 causa,
2149 4531 2270 4586 qua:
2300 4515 2496 4569 rationi
2532 4522 2900 4567 consentanea
2936 4513 3024 4578 sit,
3055 4511 3326 4566 Ecclesias
3367 4512 3498 4564 inter

219 4604 344 4654 σίαι
374 4601 628 4670 ἀλλήλαις
657 4583 908 4654 τοσοῦτον
937 4600 1130 4670 χρόνον
1161 4598 1632 4668 ὲκπεπολέμωντο.
1658 4598 1720 4651 Εἰ
1750 4597 1808 4652 δὲ

1923 4624 2043 4666 sese
2095 4624 2191 4680 per
2246 4616 2324 4664 tot
2375 4621 2550 4662 annos
2603 4607 2920 4660 inimicitias
2976 4614 3141 4674 atque
3195 4603 3503 4658 simultates

217 4698 244 4750 ὃ
278 4699 387 4754 τοῖς
417 4694 686 4764 παροῦσιν
723 4695 1104 4762 ἐντευξόμενος
1141 4693 1316 4761 λόγοις
1347 4693 1444 4762 οὐχ
1481 4691 1593 4755 ἕξει
1622 4692 1683 4744 τὸ
1710 4690 1810 4744 τοῦ

219 4786 526 4840 σκανδάλου
573 4786 868 4852 διαγνῶναι
926 4785 1230 4852 ἀλόγιστον,
1284 4781 1368 4843 οἷς
1420 4783 1602 4853 μέλλει
1658 4782 1811 4852 παρά

219 4882 348 4941 ταῖς
405 4879 667 4946 ἱστορίαις
716 4876 961 4946 ἐντυχεῖν
1013 4875 1224 4945 Φωτίῳ,
1279 4875 1376 4930 νῦν
1408 4875 1508 4944 μὲν
1553 4876 1628 4937 ὠς
1674 4874 1811 4944 πρὸς

218 4957 456 5038 ἀπειλὴν
496 4970 794 5040 σχίσματος
840 4970 908 5022 τά
959 4969 1058 5039 τῆς
1111 4967 1430 5039 Ῥωμαῖκῆς
1483 4967 1810 5037 Ἐκκλησίας

220 5061 390 5129 Ξθιμα
415 5061 818 5129 ὑποτεινομένῳ
845 5061 904 5112 ἐν
925 5062 1044 5122 ταῖς
1067 5061 1205 5130 πρὸς
1229 5060 1320 5113 τὸν
1354 5061 1587 5112 πάππαν
1608 5059 1810 5128 δηλαδὴ

222 5150 491 5202 Νικόλαον
529 5151 858 5215 ἐπιστολαῖς,
883 5152 969 5203 ὅτε
997 5149 1106 5203 τῶν
1134 5150 1236 5220 τῆς
1274 5151 1543 5220 ἀναδοχῆς
1581 5150 1811 5204 ἐλπίδων

220 5242 306 5295 ἔτι
343 5243 642 5314 ἀπῃώρητο
664 5260 677 5274 °
702 5252 798 5296 νῦν
830 5245 886 5296 δὲ
925 5245 1012 5296 ὅτε
1043 5243 1075 5314 ἡ
1107 5243 1223 5314 ἔρις
1270 5243 1622 5314 ἐκορυφοῦτο,
1657 5243 1814 5313 αἴρει

224 5353 310 5387 σιν
343 5338 436 5389 καὶ
479 5337 737 5391 ἀσέϐειαν
792 5337 861 5389 τά
905 5337 1129 5390 τοιαῦτα
1179 5339 1277 5408 τῆς
1323 5338 1640 5408 Ῥωμαῖκῆς
1691 5336 1846 5391 Ἐκο.

223 5427 450 5496 κλησίας
483 5429 580 5498 ἔθη
615 5430 980 5484 ἀποκαλοῦντι
1005 5445 1020 5460 ⁶
1049 5432 1138 5485 ὅτε
1171 5431 1228 5484 δὲ
1262 5427 1418 5494 αὖθις
1464 5433 1497 5502 ή
1532 5432 1630 5500 τῆς
1659 5433 1812 5501 εξρήο

224 5534 322 5582 νης
354 5519 502 5586 αὐτῷ
542 5518 896 5587 προοεμειδία
929 5518 1164 5588 γαλήνη,
1205 5519 1360 5572 θείαν
1393 5536 1452 5572 τε
1502 5521 1597 5572 καὶ
1648 5521 1814 5586 ἀγίαν

226 5609 320 5659 καὶ
350 5609 631 5673 εὐσεϐείας
660 5610 976 5664 διδάσκαλον
999 5611 1097 5679 τὴν
1126 5609 1444 5680 Ῥωμαϊκὴν
1483 5612 1814 5682 Ἐκκλησιαν

224 5702 676 5770 ἀνακηρύττοντι·
713 5701 849 5755 ἀλλά
903 5703 965 5755 τὸ
1051 5703 1151 5766 τῆς
1201 5703 1546 5771 διαγνώσεως
1598 5704 1811 5768 ἑντελὶς

223 5793 368 5856 ἕξεις
398 5797 512 5856 τοῖς
557 5796 696 5863 μετά
743 5796 843 5864 τὴν
893 5795 1141 5866 ἱστορίαν
1188 5796 1604 5867 ῥηθησομένοις,
1634 5799 1722 5851 ὅτε
1753 5797 1814 5850 τὸ

225 5885 321 5938 τοῦ
348 5885 557 5954 ἀγῶνος
593 5886 968 5958 ὑποδυσόμεθα
996 5887 1378 5959 λογικώτερον,
1413 5889 1660 5960 ἐγκύψας
1690 5892 1809 5944 ἐπι-

1911 4702 2243 4758 exercuisse.
2305 4699 2359 4755 Si
2417 4716 2548 4754 vero
2624 4700 2714 4768 qui
2793 4713 3075 4752 sermones
3132 4698 3234 4752 hos
3286 4703 3504 4750 nostros

1911 4793 2176 4858 excurrit,
2202 4789 2445 4846 scandali
2477 4789 2683 4844 nullam
2715 4805 2966 4853 causam,
2994 4804 3113 4857 qua:
3146 4787 3344 4842 rationi
3369 4803 3504 4840 con-

1913 4893 2172 4938 sentanea
2229 4885 2346 4948 sit,
2389 4881 2698 4952 dignoverit
2756 4897 2823 4936 ex
2872 4880 2941 4935 iis
2985 4897 3106 4951 qua:
3155 4881 3208 4933 in
3258 4878 3506 4932 historiis

1914 4975 2100 5042 legerit
2131 4974 2198 5029 de
2231 4975 2452 5035 Photio,
2492 4989 2638 5028 nunc
2669 4973 2890 5043 quidem
2921 4972 3162 5028 schisma
3197 4971 3502 5032 minitante,

1915 5061 2174 5118 Romanae
2209 5064 2467 5118 Ecclesia:
2511 5065 2938 5118 consuetudines
2970 5071 3319 5133 proponeret,
3355 5062 3410 5114 in
3440 5061 3506 5114 iis

1916 5169 2142 5222 nempe,
2182 5169 2320 5221 quas
2367 5153 2435 5207 ad
2479 5169 2668 5222 papam
2714 5151 2996 5207 Nicolaum
3031 5153 3180 5207 dedit
3227 5152 3504 5219 epistolas,

1915 5244 2046 5298 dum
2096 5244 2277 5298 adhuc
2327 5259 2386 5299 se
2440 5245 2810 5314 recipiendum
2855 5260 2975 5300 esse
3022 5259 3117 5312 spe
3185 5243 3504 5297 laetaretur.

1914 5337 2074 5391 Nunc
2107 5352 2254 5403 vero,
2289 5353 2414 5392 cum
2463 5339 2636 5392 turbze
2681 5337 2914 5405 litesque
2961 5338 3183 5390 intenta:
3222 5348 3503 5389 accreSt-e-

1918 5440 2038 5483 rent
2061 5469 2076 5492 ,
2114 5430 2364 5484 haeresim
2402 5440 2455 5484 et
2495 5431 2827 5499 impietatem
2865 5430 3072 5482 similes
3107 5427 3366 5482 Ecclesiae
3400 5425 3504 5478 Ro-

1916 5536 2092 5574 mana:
2113 5521 2540 5576 consuetudines
2561 5527 2910 5589 nuncupante
2957 5518 3285 5586 quandoque
3338 5515 3504 5569 etiam

1917 5627 2040 5666 cum
2079 5628 2270 5667 rursus
2305 5614 2454 5682 pacis
2489 5613 2589 5682 ipsi
2635 5611 3001 5677 tranquillitas
3031 5609 3336 5670 arridebat,
3373 5607 3504 5661 divio

1918 5721 2043 5759 nam
2076 5713 2130 5758 et
2177 5715 2424 5760 sanctam
2475 5715 2528 5760 et
2579 5706 2894 5773 magisnam
2946 5703 3168 5772 pietatis
3200 5700 3507 5755 Romanam

1918 5798 2216 5854 Ecelesiam
2263 5800 2624 5868 praedicante,
2673 5797 3045 5866 dignationem
3095 5793 3392 5864 perfectam
3441 5809 3506 5847 ex

1920 5892 2009 5956 iis,
2044 5907 2164 5960 qua:
2202 5901 2321 5961 post
2359 5893 2643 5948 historiam
2683 5906 3024 5957 apponctnus
3063 5904 3188 5944 cum
3231 5897 3510 5944 certamen
