3932 6616
223 414 346 477 ’933

1336 406 1444 475 DE
1485 408 1785 475 UNIONE
1821 410 2382 505 ECCLESIARUM.

3415 417 3523 480 οιι

238 530 526 602 συντηρεῖν
562 527 857 597 ἀπολογίαν
876 526 952 589 ,τὸ
986 528 1121 599 μηδέ
1153 522 1551 600 παρειληφέναι
1584 529 1824 602 προϐαλ-

1935 531 2071 583 ratio
2101 528 2247 586 nulla
2270 536 2545 599 poscetur.
2581 525 2637 583 Si
2662 529 2783 599 quis
2811 530 2953 597 apud
2990 547 3088 586 nos
3106 533 3526 589 convinceretur

235 626 484 695 λόμενος,
520 623 622 677 οὐκ
672 622 739 677 ἂν
782 622 1015 693 εὐθύνης
1058 622 1516 694 ἁπαιτηθήσεται.
1549 625 1612 678 EI
1651 624 1708 677 δέ
1740 641 1823 687 τις

224 715 363 786 παρ’
404 716 537 789 ἡμῖν
586 714 746 768 τοῦτο
797 713 1074 784 δεδρακὼς
1121 714 1502 784 ἐξελήλεγκτο,
1535 716 1711 778 οὐδεὶς
1759 717 1825 769 ἂν

235 809 388 880 αὐτῷ
437 807 769 877 συγγνώμης
803 807 926 861 οὐδέ
985 807 1176 878 ρανίδα
1221 807 1511 873 ἐπέσταξε.
1543 807 1663 860 Τῶν
1717 806 1825 877 γὰρ

226 899 540 956 ἐλαττόνων
563 901 742 967 νόμων
771 899 804 968 ἡ
835 897 1168 968 παράϐασις,
1192 897 1539 967 ἀτιμώρητος
1569 899 1821 967 μείνασα,

184 994 377 1073 ,πρὸς
424 992 526 1063 τὴν
576 991 685 1046 τῶν
738 990 1004 1061 μειζόνων
1058 991 1331 1062 ἐπιτρίϐει
1389 990 1821 1062 καταφρόνησιν.

178 1086 426 1147 ‘.'A)t).ov.
469 1084 617 1149 ἅπαξ
661 1084 970 1153 ,μονάσασιν
1001 1085 1035 1154 ἡ
1082 1081 1406 1154 κρεωφαγία
1460 1079 1579 1135 οὔτι
1609 1098 1672 1150 γε
1710 1081 1820 1152 βδεσ

235 1179 613 1247 λυσσομένοις,
657 1175 773 1230 ἀλλ’
811 1176 1174 1245 ἀδικουμένοις
1206 1176 1368 1245 μέχρι
1408 1168 1596 1238 τέλους
1617 1176 1825 1244 ἀπρόσ-

234 1286 377 1332 ιτος·
439 1269 653 1338 ἑτέροις
713 1267 772 1319 δὲ
831 1266 955 1320 οὑδέ
1007 1268 1099 1319 ἐπὶ
1153 1266 1291 1320 πολὺ
1346 1267 1825 1336 παρατηρήσιμος.

246 1360 397 1429 Ἐγὼ
427 1361 484 1414 δὲ
517 1363 610 1417 καὶ
640 1358 796 1427 λόγον
840 1359 999 1429 παρά
1030 1358 1241 1426 ἀνδρῶν
1279 1360 1376 1427 τὴν
1408 1358 1666 1428 ἀλήθειαν
1703 1355 1831 1410 πολ-

232 1453 329 1507 λοῦ
360 1452 650 1523 τιμώντων
680 1453 913 1523 ἤκουσα,
943 1452 1017 1516 ὡς
1039 1452 1130 1506 τὸν
1153 1451 1251 1522 τὴν
1283 1451 1392 1505 τῶν
1429 1450 1827 1522 Ἀλεξανδρέων

234 1543 580 1615 Ἐκκλησίαν
612 1546 817 1615 ἐφορᾷν
878 1545 1161 1615 μέλλοντα,
1217 1545 1311 1599 καὶ
1356 1545 1514 1613 λόγον
1572 1545 1828 1616 ὑποσχεῖν

233 1637 729 1701 ἐκδιάζοπαμάπό
757 1652 900 1698 τινος
940 1638 1210 1706 ἐγχωρίου
1239 1635 1600 1705 περιπετείας
1630 1634 1822 1688 τούτου

230 1728 618 1800 κρατήσαντος
656 1726 730 1796 μὴ
775 1725 842 1779 ἄν
868 1742 1000 1779 ποτε
1052 1725 1155 1795 τῆς
1189 1725 1545 1797 κρεωφαγίας
1590 1726 1826 1795 ἀφίστα-

232 1821 391 1872 σθαι.
431 1821 541 1875 Καὶ
595 1820 786 1889 σχῆμα
836 1820 936 1889 μὲν
967 1817 1060 1872 τοῦ
1112 1820 1436 1888 μονάζοντος
1482 1819 1583 1873 οὐκ
1623 1817 1689 1873 ἄν
1741 1838 1827 1882 τις

1934 620 2037 676 hoc
2070 621 2285 685 fecisse,
2342 635 2504 675 nemo
2535 619 2584 674 ei
2619 620 2780 674 ullam
2810 623 2982 677 venia:
3037 634 3245 692 gutta-tt
3285 624 3523 679 instilla-

1932 713 2073 768 verit
2106 732 2121 769 :
2148 713 2421 769 minorum
2454 715 2599 768 enim
2630 714 2807 783 legum
2830 714 2999 769 inulta
3024 717 3264 777 eiulatio.
3288 718 3526 773 tritiores

1937 806 2187 861 homines
2217 804 2285 858 ad
2313 805 2578 873 majorum
2602 816 2970 875 contemptum
3000 806 3151 862 facit.
3192 810 3326 864 Aliis
3354 813 3524 865 semel

1936 896 2098 952 factis
2140 895 2427 951 monachis
2499 910 2628 951 esus
2658 898 2905 952 carnium
2944 914 3051 952 non
3081 900 3521 961 exsecrantibus,

1934 991 2027 1046 sed
2058 1006 2117 1047 se
2166 990 2598 1046 exerritantihus
2654 1006 2830 1060 usque
2869 992 3217 1046 interdicitur
3254 1011 3266 1046 :
3297 996 3365 1047 ab
3398 993 3522 1047 aliis

1930 1097 2064 1137 vero
2109 1096 2217 1135 non
2273 1080 2366 1134 diu
2402 1083 2506 1133 hoc
2553 1080 2899 1141 observatur.
2967 1079 3079 1151 Ego
3132 1091 3185 1135 et
3241 1083 3519 1136 hominum

1936 1173 2118 1227 audivi
2147 1187 2483 1239 sermonem,
2528 1173 2813 1227 veritatem
2851 1190 3047 1244 magno
3099 1177 3149 1228 in
3186 1177 3390 1229 honore
3429 1179 3524 1229 ha-

1936 1265 2207 1329 bentium,
2265 1280 2390 1320 eum
2425 1280 2617 1335 nempe
2650 1266 2938 1320 occasione
2985 1267 3125 1336 ejus.
3154 1270 3244 1335 qui
3284 1270 3526 1324 Alexan-

1934 1355 2220 1411 drinorum
2275 1354 2536 1411 Ecclesia:
2587 1358 2780 1423 pracsul
2846 1356 3066 1412 futurus
3093 1368 3230 1424 erat,
3269 1359 3407 1414 hanc
3440 1375 3527 1413 ra-

1941 1444 2141 1498 tionem
2205 1446 2389 1499 subire
2451 1445 2597 1514 cegi,
2632 1446 2772 1515 quod
2818 1462 2883 1502 ex
2937 1448 3121 1518 aliquo
3179 1451 3243 1506 iis
3291 1451 3344 1504 in
3392 1452 3527 1506 locis

1940 1552 2071 1594 casu
2110 1538 2467 1592 constitutum
2504 1547 2608 1603 cst,
2640 1554 2699 1592 se
2724 1555 3002 1608 nunquam
3035 1542 3103 1595 ab
3132 1558 3228 1603 esu
3278 1546 3527 1601 carnium

1938 1628 2234 1684 abstinere.
2259 1628 2328 1684 At
2356 1631 2497 1700 apud
2528 1645 2627 1685 nos
2660 1633 2912 1686 monachi
2937 1633 3181 1690 habitum
3210 1652 3369 1690 nemo
3417 1653 3526 1694 uu-

1930 1736 2100 1792 -quam
2160 1723 2212 1776 in
2274 1723 2491 1777 clericis
2542 1726 2957 1778 commutat'crit
2992 1742 3005 1778 :
3043 1730 3288 1782 nonnulli
3340 1740 3523 1796 autem

1932 1829 2064 1869 cum
2135 1815 2405 1870 voluerint
2465 1816 2793 1871 monachum
2850 1817 2917 1873 ad
2979 1820 3527 1889 episcOpilastiginnt

234 1913 374 1984 παρ’
423 1914 558 1985 ημῖν
607 1917 690 1976 είς
735 1912 1003 1982 κληρικοῦ
1058 1914 1623 1986 μετασχηματίσειενο
1695 1916 1827 1969 ἔνιοι

1942 1907 2212 1969 attollere,
2272 1924 2397 1962 eum
2451 1909 2838 1967 orbicularitcr
2894 1910 3225 1977 tondentes,
3294 1914 3475 1981 priore
3499 1934 3528 1965 ιι

224 2006 310 2071 δὲ,
333 2006 557 2060 ἐπειδάν
578 2006 714 2076 πρὸς
745 2007 1051 2076 ἐπισκοπῆς
1077 2004 1209 2075 Eclio;
1229 2009 1322 2060 τὸν
1352 2008 1627 2077 μοναστην
1656 2006 1824 2076 ὑψοῦν

223 2097 567 2166 ἐθελήσωσι,
601 2094 787 2148 τοῦτον
816 2094 1120 2167 περίτροχα
1140 2096 1439 2164 κείροντεςν,
1470 2097 1531 2149 τὺ
1556 2100 1827 2169 πρότερον

229 2187 636 2259 μεταμείδουσι
670 2188 875 2257 σχῆμα.
912 2186 1099 2249 Οὕτως
1139 2189 1196 2240 ἐν
1234 2182 1316 2251 οἷς
1345 2187 1446 2241 οὐκ
1489 2188 1603 2243 ἔστι
1647 2190 1828 2248 πίστις

224 2284 293 2336 τὸ
327 2280 717 2350 ἁθετούμενθν,
773 2278 896 2332 οὑδέ
944 2278 1125 2332 κοινοῦ
1159 2295 1218 2330 τε
1260 2280 1361 2332 ικαὶ
1407 2276 1697 2332 καθολικοῦ
1727 2277 1833 2349 ψη-

225 2378 513 2448 φίσματος
544 2376 841 2439 ἔκπτωσις,
893 2375 1075 2429 ἄλλων
1112 2375 1241 2445 παρ’
1265 2376 1447 2440 ἄλλοις
1481 2374 1620 2429 ἐθῶν
1642 2392 1701 2428 τε
1735 2375 1831 2429 καὶ

222 2474 491 2539 νομίμων
523 2467 963 2537 φυλαττομένων,
997 2466 1121 2521 οὔτε
1160 2469 1290 2531 τοὺς
1320 2469 1570 2537 φύλακας
1596 2470 1829 2533 ἀδικεῖν,

209 2562 361 2617 οὔτε
392 2561 517 2622 τοὺς
544 2560 1028 2630 παραδεξαμένους
1059 2563 1425 2632 παρανομεῖν,
1452 2561 1630 2633 ὀρθῶς
1654 2564 1720 2627 ἄν
1747 2581 1830 2627 τις

227 2654 447 2724 κρίνειν
504 2652 660 2716 εἰδὼς
711 2652 1030 2722 διορίσαιτο.
1085 2652 1283 2711 Καίτοι
1338 2669 1403 2723 γε
1460 2655 1519 2709 τὸ
1570 2656 1831 2724 νομισθὲν

224 2748 373 2818 ἡμῖν
404 2746 485 2808 είς
533 2745 819 2816 ἐπίκλημα
845 2745 982 2816 πρὸς
1015 2743 1136 2799 ἔνια
1166 2746 1278 2817 τῶν
1328 2745 1831 2818 κατηριθμημένων

222 2840 351 2894 οὐδ’
393 2841 451 2894 ἐν
487 2839 774 2909 συγκρίσει
807 2839 870 2891 τὸ
910 2837 1206 2898 ἀνεύθυνον
1247 2839 1610 2911 ἀποφέρεται.
1670 2841 1833 2895 Ἀλλὰ

222 2933 305 2986 τὰ
331 2932 431 3002 μὲν
457 2933 537 2995 είς
558 2932 658 3001 τὴν
683 2930 791 2987 τῶν
821 2931 1108 3001 ἐκθὲσμων
1132 2931 1229 2985 καὶ
1253 2931 1558 3002 βδελυκτῶν
1588 2932 1835 2988 ἀπελαύ-

225 3040 322 3077 νει
353 3022 570 3093 χώραν·
606 3023 740 3081 αὐτὸ
783 3023 840 3076 δέ
863 3025 961 3094 τῆς
1002 3024 1113 3079 τῶν
1162 3024 1465 3078 ἐπαινετῶν
1514 3025 1608 3078 καὶ
1642 3027 1832 3078 καλλι⁸

228 3132 385 3170 στων
420 3116 643 3185 μερίδος
670 3115 989 3186 ἐξήρτηται.
1027 3116 1138 3167 Καὶ
1166 3116 1226 3168 τὸ
1259 3116 1359 3186 μὲν
1384 3117 1475 3170 καὶ
1516 3117 1833 3188 πεπρᾶχθαι

222 3210 334 3264 καὶ
365 3204 795 3281 διαπράττεσθαι
832 3207 1003 3279 μέχρι
1047 3207 1141 3260 νῦν
1174 3210 1709 3282 πεπαῤῥησιασμένῃ
1739 3210 1833 3264 καὶ

226 3304 395 3373 φωνῇ
437 3303 532 3356 καὶ
580 3300 778 3373 γνώμῃ
826 3300 923 3354 καὶ
964 3299 1243 3371 προσώπῳ
1283 3300 1644 3372 κηρύσσεται.
1705 3302 1827 3364 Πῶς

224 3394 307 3447 ἂν
324 3393 388 3446 οὐ
416 3391 842 3461 σεμνολογηθείη
868 3408 973 3454 τις,
998 3392 1080 3444 ὅτι
1104 3392 1270 3461 μήπω
1290 3392 1496 3462 λήξεως
1521 3390 1831 3462 ίερωμένων

224 3484 442 3555 τυχὼν,
464 3484 606 3539 οὕτω
651 3484 749 3554 τὴν
776 3482 972 3537 ἑαυτοῦ
998 3483 1275 3537 πολιτείαν
1317 3484 1672 3555 ἐρρύθμισεν,
1690 3483 1830 3538 ὥστε

226 3578 345 3631 καὶ
383 3576 476 3629 ὑπ’
511 3576 692 3633 αὐτῶν
726 3575 837 3633 τῶν
875 3575 1320 3646 κεκληρωμένων
1362 3577 1462 3646 τὴν
1506 3577 1830 3648 ίερωσύνην,

231 3673 343 3727 καὶ
368 3673 569 3735 παντὸς
616 3671 776 3731 ἄλλου
808 3670 1176 3740 πληρώματος
1204 3672 1283 3733 είς
1305 3670 1566 3741 ἀρχιερέα
1601 3669 1832 3743 προκρίιι

224 3764 464 3830 "eam;
506 3765 576 3823 τά
615 3763 672 3816 δέ
704 3762 815 3816 οὐδ’
867 3764 951 3816 ὅτι
1004 3762 1328 3833 πράττεται,
1369 3763 1469 3816 ὅσα
1519 3762 1620 3833 ἐμὲ
1665 3762 1829 3833 γινώ-

224 3871 417 3921 σκειν,
448 3856 889 3924 συνομολογείται
923 3856 1033 3918 τοῖς
1079 3854 1514 3926 ἁμαρτάνουσιν,
1537 3858 1604 3927 τῇ
1654 3855 1823 3925 ὑπερ-

225 3949 370 4021 ϐολῇ
399 3949 491 4009 τοῦ
520 3950 875 4019 ἀτοπήματος
907 3950 1061 4013 ἴσως,
1100 3948 1256 4019 ἢούκ
1288 3944 1384 4002 οἷδ’
1407 3951 1435 4003 ὃ
1456 3966 1510 4002 τι
1542 3949 1635 4003 καὶ
1669 3950 1831 4013 είπω,

228 4041 350 4093 τῶν
384 4040 722 4110 δεδρακότων
771 4040 1159 4109 ἀλασσομένων
1193 4040 1393 4110 μᾶλλον
1436 4041 1534 4110 τῆς
1564 4041 1827 4111 ἀληθείας

227 4134 338 4202 τὴν
369 4134 617 4203 ἄρνησιν.
669 4131 764 4195 Τίς
815 4134 925 4204 γὰρ
976 4132 1330 4197 σαϐϐατίζειν
1373 4135 1431 4186 ἐν
1482 4133 1834 4203 Χριστιανοῑς

232 4224 436 4288 τελῶν,
459 4226 564 4281 κᾶν
595 4224 859 4295 μυριάκις
887 4223 1214 4294 ὑπενεχθείη
1245 4222 1477 4289 τούτοις,
1507 4224 1606 4276 οὐκ
1628 4223 1693 4277 ἂν
1715 4223 1835 4291 ἐξο-

237 4317 511 4386 pomi-to;
546 4313 640 4378 Τίς
691 4316 746 4368 δὲ
784 4316 961 4385 γάμον
1015 4315 1398 4385 βδελύττεσθαι
1451 4314 1733 4385 ἔνθεσμον,
1783 4317 1833 4369 εί

236 4408 319 4478 μὴ
351 4410 419 4460 τά
449 4406 557 4461 τῶν
584 4407 860 4460 δυσσεϐῶν
886 4406 978 4460 καὶ
1019 4407 1193 4460 ἀθέων
1226 4405 1529 4474 ἐπίπροσθε
1563 4406 1705 4477 θείη,
1738 4406 1834 4461 καὶ

231 4498 333 4551 τοῦ
368 4496 716 4567 Δημιουργοῦ
767 4500 860 4551 καὶ
891 4498 990 4569 τῆς
1022 4496 1234 4550 ἐκεῖθεν
1277 4495 1609 4563 ἀγαθοειδῶς
1635 4498 1834 4549 οὐσιω-

1940 2000 2186 2057 habitunt
2246 1999 2562 2055 immolant.
2613 1999 2685 2054 lta
2719 2002 2805 2056 ubi
2863 2002 3011 2056 nulla
3036 2014 3119 2057 est.
3158 2006 3533 2072 pra-variento

1945 2092 2090 2157 ﬁdei,
2149 2107 2248 2146 nec
2294 2094 2604 2151 communis
2660 2102 2714 2147 et
2768 2092 3026 2148 catholici
3061 2094 3265 2153 decreti
3299 2098 3531 2158 (ναι-ειη,

1937 2199 2063 2243 cum
2104 2185 2198 2239 alii
2252 2185 2395 2254 apud
2452 2185 2589 2239 alios
2623 2200 2804 2240 mores
2839 2198 2891 2241 et
2932 2185 3079 2257 luges
3129 2186 3531 2253 custodiantur,

1941 2294 2041 2337 nec
2100 2279 2358 2339 custodes
2392 2278 2594 2351 injuste
2622 2295 2805 2349 agere,
2841 2295 2941 2335 nec
2964 2295 3060 2335 eos
3091 2280 3186 2351 qui
3236 2297 3342 2336 non
3372 2297 3532 2336 acce-

1938 2384 2160 2441 perunt,
2209 2382 2396 2427 contra
2432 2371 2604 2443 legem
2651 2373 2855 2438 facere,
2897 2373 2944 2427 is
2978 2374 3072 2441 qui
3103 2383 3245 2428 recte
3281 2374 3535 2444 judicare

1934 2463 2108 2529 norit,
2159 2463 2401 2519 deﬁniat.
2469 2463 2535 2518 tt
2588 2478 2716 2517 vero
2768 2467 2970 2532 quoda
3027 2465 3185 2520 nobis
3219 2468 3272 2519 itt
3305 2466 3535 2520 crimine

1938 2557 2187 2625 ponitur.
2220 2556 2267 2612 si
2306 2572 2429 2610 cum
2484 2556 2744 2620 nonutlis,
2783 2572 2905 2626 qtne
2964 2567 3325 2613 anuutnerata
3381 2569 3532 2622 sunt,

1938 2645 2280 2708 conteratur,
2351 2641 2489 2699 rcc'ti
2520 2652 2574 2699 et
2607 2647 2718 2699 veri
2751 2646 3214 2701 existimationem
3270 2648 3488 2703 habebit
3516 2665 3532 2701 :

1937 2748 1995 2795 et
2045 2740 2151 2815 zdia
2199 2738 2420 2809 quidem
2469 2738 2804 2793 nefariorum
2839 2748 2894 2794 et
2939 2742 3356 2797 exsecrabilium
3413 2742 3535 2799 loro

1946 2833 2247 2898 ducuntur,
2297 2832 2401 2888 hoc
2431 2847 2558 2887 vero
2594 2832 2741 2887 laudi
2771 2840 2875 2896 est,
2908 2841 2960 2887 et
3007 2843 3230 2902 putatur
3261 2849 3385 2891 esse
3416 2837 3534 2904 put-

1939 2924 2280 2981 cherrimum
2340 2924 2443 2981 hoc
2508 2941 2686 2995 usque
2753 2926 2931 2980 adhuc
2969 2937 3022 2980 et
3077 2929 3276 2983 factum
3327 2943 3449 2984 esse
3483 2938 3535 2982 ιι

1940 3012 2078 3077 ﬁeri,
2134 3012 2303 3066 libera
2366 3028 2499 3069 voce
2537 3022 2592 3071 et
2612 3015 2881 3069 sententia
2914 3025 2967 3070 et
2998 3014 3144 3070 vultu
3185 3018 3533 3086 [medicatum

1947 3104 2236 3170 Quomodo
2254 3104 2400 3162 enim
2428 3120 2539 3160 non
2562 3109 2793 3162 summis
2816 3109 3072 3171 laudibus
3103 3114 3226 3181 quis
3254 3112 3532 3177 elleratur,

1939 3198 2083 3264 quod
2131 3196 2376 3254 nondum
2431 3200 2779 3255 sacerdotum
2823 3205 3072 3261 ordinem
3115 3216 3426 3271 assecutus,
3454 3209 3527 3261 ita

1935 3290 2102 3347 vitam
2158 3307 2314 3347 suam
2370 3293 2683 3349 moderatus
2707 3305 2791 3349 est
2838 3304 2977 3352 utet
3026 3299 3150 3352 alis
3183 3300 3388 3368 quibus
3442 3315 3531 3353 5.:-

1932 3382 2235 3436 cerdotium
2289 3382 2504 3454 οὺιίεἱι,
2558 3392 2611 3439 et
2665 3385 2734 3438 ab
2792 3388 2943 3440 omni
3013 3389 3222 3457 reliquo
3268 3400 3411 3443 cmtu
3463 3393 3529 3442 al

1930 3473 2304 3542 pontiﬁcatum
2360 3476 2484 3530 aliis
2534 3474 2896 3545 praeferatur?
2949 3477 3205 3545 Quaedam
3273 3497 3401 3535 vero
3433 3499 3532 3535 nec

1933 3569 2001 3623 ab
2032 3566 2101 3620 iis
2126 3567 2371 3637 quidem,
2395 3567 2488 3638 qui
2542 3568 2867 3639 delinquunt
2895 3572 3062 3641 (quod
3093 3574 3308 3639 quidem
3335 3574 3530 3643 sciam)

1938 3659 2081 3727 quod
2114 3659 2272 3726 ﬁunt,
2316 3658 2611 3715 laudantur
2652 3662 2723 3716 ob
2760 3678 3031 3721 summam
3061 3666 3293 3721 fortasse
3333 3667 3532 3719 abstn-

1940 3752 2192 3814 dilatem,
2229 3760 2326 3813 aut
2376 3753 2564 3808 nescio
2608 3754 2736 3822 quid
2780 3754 2983 3821 dicam,
3027 3757 3093 3810 iis
3128 3761 3225 3825 qui
3281 3756 3560 3813 fecerunt.

1933 3842 2352 3908 inﬁciationet‘n,
2406 3845 2624 3901 veritati
2675 3836 3161 3916 anteponentibus.
3203 3849 3339 3917 Quis
3373 3852 3522 3905 enim

1933 3938 2297 4006 sabbatizare,
2342 3940 2440 4008 qui
2489 3939 2541 3992 in
2592 3937 2923 3997 Christianis
2978 3953 3309 4009 censeatur,
3361 3944 3527 3998 etiam

1937 4030 1983 4082 si
2017 4030 2215 4087 millies
2242 4030 2329 4093 his
2364 4031 2708 4101 succumbat,
2738 4048 2844 4089 non
2873 4021 3094 4104 ejuret’.‘
3121 4036 3255 4103 Quis
3303 4054 3362 4093 se
3392 4054 3530 4093 cou-

1931 4121 2150 4193 jugium
2178 4125 2455 4179 exsecrari
2483 4124 2811 4193 legitimum,
2840 4128 2947 4183 nisi
2979 4131 3103 4198 quis
3148 4131 3437 4198 impiorum
3465 4147 3531 4186 ac

1939 4214 2060 4289 sine
2108 4213 2220 4268 Deo
2244 4215 2526 4277 hominum
2580 4219 2906 4275 sententiam
2933 4222 3114 4288 opiﬁci
3144 4232 3445 4292 praeponat,
3477 4237 3531 4281 et
3614 4284 3619 4285 ,

1933 4306 1983 4359 ei
2033 4305 2338 4377 hypostasi,
2373 4322 2495 4377 qua:
2536 4307 2661 4369 inde
2718 4325 2814 4379 per
2860 4311 3160 4368 bonitatem
3216 4315 3531 4371 exstiterit?

1932 4397 2065 4465 Quis
2090 4409 2271 4455 autem
2298 4400 2734 4473 Dominicorum,
2773 4412 2829 4459 et
2861 4415 3236 4474 paternorum,
3275 4420 3329 4462 et
3347 4425 3517 4479 syno-

1935 4491 2142 4544 dolium
2204 4490 2576 4560 decretorum,
2631 4510 2700 4551 ne
2745 4495 3023 4566 sigillatim
3052 4500 3257 4566 dicam,
3304 4518 3411 4555 non
3437 4518 3529 4555 re-

232 4590 426 4662 θείσης
451 4592 804 4653 ὑποστάσεως
833 4607 850 4657 ;
879 4591 977 4653 Τίς
1003 4591 1060 4643 δέ
1092 4592 1201 4642 τῶν
1230 4588 1570 4642 δεσποτικῶν
1601 4588 1697 4645 καὶ
1720 4604 1826 4642 πα-

1935 4592 2189 4647 vereatur
2227 4585 2500 4652 conﬁteri,
2526 4600 2588 4641 se
2618 4587 2796 4643 moliri
2817 4601 3191 4659 contemptum
3215 4593 3238 4644 ?
3259 4593 3332 4645 Ex
3373 4593 3529 4649 laicis

232 4682 467 4754 τρικῶν,
506 4684 601 4741 καὶ
628 4681 931 4739 συνοδικῶν
952 4680 1262 4749 δογμάτων,
1303 4680 1390 4733 ἵνα
1426 4677 1504 4751 μὴ
1544 4678 1669 4734 καθ’
1689 4679 1821 4732 ἐκα-

233 4788 367 4825 στον
391 4771 555 4840 λέγω,
583 4772 685 4825 οὐκ
718 4772 785 4825 ἂν
833 4770 1155 4841 αἰσχυνθείη
1191 4772 1284 4824 καὶ
1319 4771 1578 4842 πράττων
1632 4771 1829 4843 ὁμολο-

234 4868 409 4935 γῆσαι
462 4863 560 4934 τὴν
619 4846 1008 4929 ἐξουδένωσιιῖς
1076 4862 1169 4915 Ἐκ
1226 4860 1410 4932 μέντοι
1466 4863 1672 4917 λαῖκῶν
1727 4863 1829 4937 τὴν

237 4962 395 5029 ἱερὰν
422 4958 702 5012 πολιτείαν
733 4957 1151 5030 ἐπανῃρημένον
1178 4958 1258 5020 είς
1288 4957 1549 5028 ἀρχιερέα
1592 4958 1832 5030 προάγε.

237 5062 367 5106 σθαι
410 5050 686 5105 ἀκώλυτον
730 5050 890 5119 ἄγαν,
928 5052 1023 5103 καὶ
1056 5049 1304 5118 Πατράσι
1332 5050 1500 5114 θείοις
1545 5050 1607 5105 οὐ
1649 5050 1829 5120 λόγοις

240 5142 719 5211 καθωμιλημένον,
749 5139 860 5194 ἀλλ’
891 5140 1073 5210 ἔργοις
1122 5139 1305 5202 αὐτοῖς
1344 5140 1830 5213 διαπεπραγμένον

235 5239 332 5290 ἐπὶ
362 5236 582 5306 μεγάλῳ
596 5236 790 5305 ’κέρδει
824 5235 919 5302 τῆς
966 5233 1185 5302 νύμφης
1222 5230 1461 5303 Χριστοῦ
1503 5234 1831 5304 Ἐκκλησίας

239 5332 386 5383 κατά
420 5328 712 5397 διαφόρους
758 5327 981 5397 καιροὺς
1034 5324 1418 5381 ἐπιδέδεικται.
1456 5326 1599 5395 Ὅρα
1647 5326 1729 5391 δὲ,
1780 5326 1831 5379 εί

241 5420 447 5492 βούλει,
479 5420 617 5491 πρὸς
664 5420 777 5481 τοῖς
828 5417 1141 5487 εἰρημένοις
1174 5416 1269 5469 καὶ
1296 5417 1396 5480 τὰς
1429 5417 1539 5470 τῶν
1584 5418 1829 5491 λειτουρ-

239 5513 378 5580 γιῶν
413 5496 761 5582 ἑτερότητας,
813 5509 912 5573 τὰς
945 5511 1002 5561 ἐν
1047 5509 1169 5572 ταῖς
1219 5508 1427 5578 εὐχαῖς,
1460 5510 1559 5574 τὰς
1610 5512 1668 5564 ἐν
1710 5514 1831 5576 ταῖς

238 5604 585 5672 ἐπικλήσεσι,
633 5603 731 5666 τὰς
770 5603 828 5654 ἐν
867 5598 1018 5665 τάξει
1046 5600 1140 5651 καὶ
1183 5598 1497 5671 ἀκολουθίᾳ,
1524 5601 1623 5665 τάς
1666 5604 1726 5657 ἐν
1754 5603 1832 5674 τῷ

237 5695 335 5747 τοῦ
366 5696 560 5764 χρόνου
592 5694 758 5763 μήκει
788 5692 883 5745 καὶ
935 5695 999 5762 τῇ
1038 5691 1364 5761 βραχύτητι,
1394 5693 1493 5754 τάς
1532 5693 1590 5745 ἐν
1637 5694 1831 5765 πλήθει

237 5786 335 5839 καί⁸
369 5786 663 5854 ὀλιγότητι,
701 5785 795 5838 καὶ
842 5784 903 5837 τὸ
946 5783 1013 5835 δι’
1048 5782 1247 5847 αὐτῶν,
1281 5781 1326 5835 ὣ
1363 5783 1457 5836 τοῦ
1511 5782 1827 5857 θαύματοςί

239 5878 267 5928 ὁ
300 5874 480 5940 κοινὸς
512 5877 672 5943 ἄρτος
704 5876 782 5938 εἰς
811 5873 969 5944 σῶμα
1006 5873 1243 5943 Χριστοῦ
1278 5874 1700 5944 μεταϐάλλεται,
1738 5880 1832 5932 καὶ

1930 4689 2089 4740 sane,
2120 4691 2248 4730 cum
2267 4689 2484 4732 sacrum
2516 4678 2641 4733 vitae
2674 4693 2844 4749 genus
2867 4685 3194 4752 susceperit,
3218 4686 3287 4738 ad
3314 4690 3531 4755 pontiti.

1931 4777 2116 4824 catum
2166 4770 2498 4841 promoveri,
2552 4770 2712 4829 valde
2757 4786 3105 4845 consequens
3144 4792 3267 4835 esse
3326 4779 3529 4836 divinis

1930 4860 2207 4933 Patribus,
2261 4878 2371 4923 non
2413 4863 2597 4922 verbis
2655 4868 3070 4937 pronuntiatum
3096 4909 3113 4935 ,
3156 4874 3252 4928 sed
3311 4889 3369 4928 re
3408 4875 3527 4943 ipsa

1936 4964 2174 5029 gestum,
2225 4970 2440 5027 magna
2488 4955 2741 5017 utilitatis
2777 4974 2993 5029 sponsa
3021 4961 3222 5017 Christi
3271 4961 3529 5020 Ecclesiae

1933 5063 2101 5105 causa
2124 5049 2179 5102 in
2207 5048 2459 5118 pluribus
2488 5048 3063 5111 demonstratum‘est.
3087 5053 3169 5108 Ad
3200 5055 3314 5109 tunc
3342 5059 3524 5125 aspice

1934 5141 1981 5198 si
2029 5141 2134 5207 vis,
2154 5150 2209 5195 et
2260 5141 2725 5199 monasteriorum
2787 5145 3101 5211 varietates,
3134 5162 3258 5217 qua:
3302 5150 3357 5202 in
3407 5163 3531 5209 ora-

1933 5232 2198 5299 tionibus,
2225 5248 2349 5304 qua:
2372 5234 2426 5287 in
2457 5233 2923 5301 invocationibns,
2955 5236 3009 5291 in
3041 5238 3233 5293 ordine
3263 5246 3316 5293 et
3337 5252 3529 5294 conse~

1934 5325 2176 5397 quentia,
2225 5326 2281 5380 in
2350 5326 2617 5396 temporis
2649 5326 3012 5387 diuturnitate
3041 5336 3098 5385 et
3146 5329 3436 5395 brevitate,
3470 5331 3528 5385 in

1937 5418 2291 5474 multitudine
2316 5429 2370 5474 et
2392 5419 2685 5489 paucitate.
2713 5420 2779 5476 Et
2826 5424 3045 5491 quidem
3070 5423 3125 5479 in
3176 5421 3243 5479 iis
3276 5423 3330 5495 (ο
3358 5424 3531 5476 miras

1934 5514 2118 5571 culum
2146 5510 2204 5583 ί)
2269 5512 2580 5569 communis
2613 5515 2773 5583 panis
2794 5515 2850 5575 in
2884 5530 3087 5586 corpus
3148 5516 3356 5571 Christi
3390 5534 3518 5571 tuu-

1936 5611 2106 5670 tatur,
2156 5611 2210 5657 et
2263 5618 2559 5660 commune
2609 5606 2801 5665 vinum
2856 5608 3085 5678 sanguis
3149 5608 3270 5678 ejus
3301 5610 3379 5675 ﬁt,
3417 5616 3513 5678 qui

1936 5710 2063 5751 eum
2115 5696 2170 5748 in
2200 5694 2632 5764 redemptionem
2665 5711 2763 5766 pro
2800 5698 2959 5761 nobis
2986 5699 3055 5753 de
3086 5705 3308 5771 proprio
3357 5706 3526 5758 latere

1936 5788 2147 5855 elludit,
2191 5798 2246 5843 et
2274 5789 2472 5844 borum
2503 5788 2799 5849 discrimen
2832 5804 2897 5851 ac
2937 5791 3173 5851 varietas
3195 5794 3525 5852 unitormetu

1939 5877 2299 5949 deiﬁcamque
2387 5875 2623 5948 Spiritus
2716 5879 2949 5951 gratiam
2986 5883 3392 5956 ‘multipliciter
3470 5901 3527 5945 et
