3932 6638
169 560 252 625 937

1203 543 1301 604 DE
1342 539 1636 602 umorve
1674 510 2235 599 ECCLESIARUM.

3251 530 3353 591 938
3401 511 3406 517 ’

166 679 372 746 ἔνθέσμῳ
395 669 545 740 γάμῳ
577 661 973 737 πρεσϐυτέρους
1006 659 1424 731 διαπρέποντας,
1456 658 1505 710 ei
1536 656 1667 709 πολ-

1801 652 1994 707 nodum
2024 651 2263 722 legitimo
2286 638 2613 720 coniunctos
2632 647 2997 714 matrimonio,
3021 648 3112 718 qui
3143 649 3351 721 puellas

166 775 245 835 λάς
272 768 418 837 κόρας
461 760 620 832 χωρίς
655 757 843 824 ἀνδρὸς
889 756 1154 824 γυναῖκας
1183 751 1543 813 δεικνύοντες,
1584 748 1681 803 καλ.

166 863 389 929 γυναῖκας
416 855 597 914 παῖδας
631 848 1020 916 ὲκτρεφούσας,
1058 837 1132 898 ὧν
1163 843 1262 896 οὐκ
1292 841 1406 894 ἐστι
1439 838 1681 907 πατέρας

168 951 439 1014 θεάσασθαι,
461 940 596 999 οὗτοι
620 941 743 1005 τοὺς
772 940 848 1003 ὡς
879 938 1096 1008 ἀληθῶς
1118 937 1252 991 Θεοῦ
1285 936 1451 1017 ἱερεῖς
1478 932 1683 1002 μυσάτ-

164 1043 318 1101 τεσθαί
363 1058 417 1094 τε
470 1038 558 1092 καὶ
609 1031 1049 1103 ἀποστρέφεσθαι
1105 1026 1530 1098 παρεσκεύασαν
1584 1024 1683 1094 τῆς

165 1134 316 1193 Μανοῦ
344 1128 596 1200 γεωργίας
636 1128 691 1180 ὲν
721 1125 905 1185 αὐτοῖς
938 1120 1006 1175 τά
1054 1119 1348 1191 σπέρματα
1378 1115 1683 1172 κατασπεί‹

166 1244 333 1300 ροντες,
361 1223 446 1276 καὶ
490 1217 662 1288 ψυχὰς
695 1218 821 1287 ἄρτι
871 1214 1192 1285 βλαστάνειν
1236 1210 1550 1281 ἀρξαμένοις
1593 1208 1684 1261 τὸν

163 1320 332 1389 σπόρον
360 1315 460 1382 ῖτῆς
499 1310 773 1372 εὐσεϐείας
829 1309 892 1378 τῇ
946 1306 1054 1359 τῶν
1104 1302 1362 1369 ζιζανίων
1413 1301 1687 1370 ὲπισπορᾷ

162 1409 518 1481 λυμαινόμενοι.
574 1401 735 1456 Ἀλλά
770 1417 836 1469 γε
883 1399 946 1468 δὴ
995 1398 1120 1460 τοὺς
1149 1396 1255 1450 ὑπὸ
1297 1392 1686 1464 πρεσϐυτέρων

163 1504 294 1575 μύρῳ
320 1497 624 1570 χρισθέντας
652 1491 1012 1563 ἀναμυρίζειν
1056 1490 1211 1543 αὐτοὶ
1240 1486 1299 1542 οὒ
1330 1485 1686 1556 πεφρίκασιν,

160 1591 447 1652 ἐπισκόπους
470 1588 687 1648 ἑαυτοὺς
716 1582 1181 1654 ἀναγορεύοντες,,
1204 1579 1301 1634 καὶ
1328 1578 1388 1633 τὸ
1413 1577 1522 1631 τῶν
1552 1591 1688 1646 πρε-

161 1685 394 1754 σόυτέρων
439 1682 640 1754 χρίσμα
685 1679 961 1748 ἄχρηστον
1015 1670 1176 1740 εἶναι,
1226 1674 1321 1726 καὶ
1371 1671 1452 1735 είς
1508 1670 1688 1742 μάτην

158 1775 475 1833 ἐπιτελεῖσθαι
517 1770 958 1844 τερατευόμενοι.
1014 1761 1142 1838 'Ap‘
1199 1764 1371 1829 ἔστιν,
1429 1761 1489 1826 ὃς
1539 1762 1690 1831 τηλιο

159 1870 335 1939 καύτην
366 1868 494 1938 ἀκοῇ
528 1862 863 1935 παρείληφεν
895 1859 1104 1922 ἄνοιαν,
1155 1857 1222 1925 ῆν
1254 1852 1606 1923 κατατολμᾷν
1638 1849 1689 1904 οί

1784 743 1982 798 multas
2036 744 2153 798 sine
2204 742 2319 798 viro
2372 740 2627 796 mulieres
2655 739 2985 806 eﬂ‘ecerunt,
3030 742 3363 798 etmuliercs

1783 851 1982 907 pueros
2032 835 2347 898 educantes,
2407 849 2639 905 quorum
2703 849 2862 889 nemo
2910 844 3113 904 patrem
3167 835 3357 901 novit,

1782 944 1963 993 veros,
2024 930 2101 984 uti
2161 928 2430 990 dixeram.
2488 928 2799 983 sacerdotes
2857 927 2947 983 Dei
2972 929 3274 983 abominari
3306 937 3360 983 ct

1783 1022 2023 1078 aversari
2074 1020 2398 1085 docuerunt,
2456 1019 2665 1076 semina
2729 1020 3037 1076 Manichreze
3100 1020 3363 1092 agricola-

1787 1114 1949 1168 tionis
1984 1113 2125 1183 apud
2148 1113 2266 1168 illos
2287 1120 2550 1178 serentes,
2578 1124 2634 1169 et
2668 1114 2877 1169 animas
2910 1125 3021 1167 tum
3049 1115 3359 1184 nuperrime

1786 1220 1970 1259 semen
2009 1205 2225 1275 pietatis
2276 1203 2523 1275 proferre
2554 1205 2871 1275 incipientes
2915 1207 3367 1275 superseminatis

1786 1296 2016 1354 zizaniis
2049 1296 2187 1352 male
2218 1298 2521 1367 perdentes.
2546 1296 2648 1353 Sed
2677 1308 2731 1353 et
2776 1298 3071 1354 chrismate
3119 1301 3368 1354 inunctos

1786 1408 1885 1464 per
1945 1392 2295 1458 sacerdotes,
2357 1392 2539 1447 denuo
2592 1392 2888 1447 chrismate
2949 1393 3212 1462 inungere
3256 1408 3366 1447 non

1789 1486 2046 1555 horrent,
2074 1501 2196 1542 cum
2228 1500 2288 1541 se
2343 1485 2627 1556 episcopos
2668 1486 3002 1554 praedicant;
3036 1491 3091 1540 et
3143 1485 3369 1555 presby-

1790 1589 2030 1636 terorum
2060 1579 2301 1635 chrisma
2338 1579 2530 1634 inutile
2558 1578 2839 1650 quiddam,
2868 1589 2920 1634 et
2941 1580 3139 1634 frustra
3167 1578 3371 1636 factum

1788 1674 2302 1730 comminiscuntur.
2359 1671 2520 1728 Estne
2575 1673 2721 1743 quis,
2754 1673 2844 1744 qui
2888 1672 3047 1728 talem
3101 1672 3373 1729 insaniam

1742 1777 1746 1780 ‘
1789 1765 2083 1835 aliquando
2112 1763 2338 1819 auribus
2366 1763 2570 1831 audiit,
2600 1778 2765 1835 quam
2796 1779 2902 1820 non
2929 1765 3259 1819 cotton-ruere
3293 1763 3377 1818 in-

1791 1858 2066 1914 sanientes
2099 1856 2189 1912 isti
2211 1853 2497 1912 factitare?
2530 1865 2590 1911 ιιι
2617 1858 2784 1913 semel
2812 1867 3088 1929 unguento
3108 1859 3374 1914 delibatos

159 1962 464 2031 παράφρονες
502 1956 600 2013 οὐκ
633 1953 967 2023 ὲνάρκησαν,
1010 1949 1137 2013 τοὺς
1180 1945 1330 2012 ἅπαξ
1377 1943 1537 2016 μύρῳ
1565 1960 1688 2014 χρι-

1801 1965 1988 2007 rursus
2040 1949 2383 2021 inungerent,
2436 1958 2490 2005 et
2523 1960 2752 2022 augusta
2787 1951 2898 2017 illa,
2924 1952 3216 2023 divinaque
3258 1968 3373 2024 my-

159 2054 346 2114 σθέντας
374 2050 738 2122 ἀναχρίοντες,
761 2045 857 2101 καὶ
888 2043 959 2097 τά
985 2043 1095 2097 τῶν
1140 2037 1485 2112 Χριστιανῶν
1519 2037 1690 2105 ὑπερ-

159 2145 248 2216 φυῆ
275 2148 359 2200 καὶ
384 2147 498 2201 θεῖα
527 2146 804 2216 μυστήρια
827 2145 907 2206 εἰς
931 2139 1098 2210 λῆρον
1132 2137 1327 2209 μιαρὸν
1356 2136 1452 2191 καὶ
1477 2131 1686 2187 πλατὺν

157 2236 491 2309 ὲξορχοῦμενοι
522 2237 770 2307 γέλωτα;
809 2235 913 2289 Καὶ
934 2232 993 2287 τό
1020 2248 1086 2302 γε
1117 2229 1280 2300 σοφὸν
1316 2227 1425 2281 τῶν
1451 2225 1526 2288 ὡς
1559 2224 1690 2293 ἀλη-

156 2328 244 2393 θῶς
290 2331 534 2401 ἀμυήτων
560 2346 573 2362 ο
608 2330 685 2382 Οὐ
713 2329 821 2399 γὰρ
854 2325 1052 2392 ἔξεστι,
1084 2324 1271 2395 ιρασὶν,
1322 2317 1529 2393 ἱερεῦσι
1565 2318 1690 2380 τοὺς

152 2420 465 2490 τελουμένους
505 2419 661 2491 μύρῳ
701 2418 972 2487 ἀγιάζεινο
1020 2412 1337 2485 ἀρχιερεῦσι
1367 2412 1477 2484 γὰρ
1508 2410 1691 2482 μόνοις

154 2510 396 2581 ἐνομίσθη.
436 2510 599 2564 Πόθεν
638 2514 667 2565 ό
697 2511 894 2580 νόμος;
940 2508 1025 2572 τίς
1056 2507 1100 2562 δ’
1127 2507 1155 2559 ὁ
1175 2505 1509 2577 νομοθέτηςς
1540 2504 1692 2567 ποῖος

151 2605 240 2658 τῶν
261 2606 579 2668 ἀποστόλων,
608 2604 717 2658 τῶν
747 2602 1010 2674 Πατέρων
1033 2602 1112 2667 δὲ,
1137 2600 1275 2655 ἀλλά
1298 2598 1407 2653 τῶν
1433 2586 1691 2661 συνόδων,

146 2698 179 2766 ἢ
208 2697 296 2771 ποῦ
339 2697 429 2752 καὶ
467 2698 596 2751 πότε
629 2698 899 2759 συστᾶσα,
935 2694 1095 2749 τίνων
1134 2693 1192 2747 δὲ
1234 2691 1560 2763 κρατήσασα
1587 2689 1696 2760 ψήο

152 2806 283 2858 pou;
323 2789 454 2843 Ἀλλ’
502 2790 603 2842 οὐκ
638 2789 847 2856 ἔξεστιν
883 2788 1046 2858 ἱερεῖς
1079 2785 1235 2859 μύρῳ
1263 2785 1390 2848 τοὺς
1438 2781 1699 2855 βαπτιζο-

154 2883 321 2951 μένους
371 2882 713 2954 σφραγίζειν.
768 2880 980 2934 Οὐκοῦν
1030 2879 1154 2933 οὐδὲ
1201 2875 1486 2948 βαπτίζειν
1536 2874 1695 2941 ὅλως,

148 2973 250 3026 οὐδὲ
286 2974 523 3043 ἱερᾶσθαι
558 2973 690 3044 ἀρα,
725 2973 812 3025 ἶνα
846 2972 931 3024 σοὶ
960 2969 1094 3040 μηδὲ
1127 2968 1401 3041 ἡμίτομος
1430 2970 1460 3022 ό
1491 2968 1699 3038 ἱερεὺς,

148 3066 245 3119 ἀλλ’
260 3067 533 3139 ὁλόκληρος
557 3070 635 3129 ei;
661 3067 879 3137 ἀνίερον
896 3067 984 3136 εἴη
1010 3065 1210 3137 κλῆρον
1229 3062 1700 3134 ἀπεληλασμένος.

156 3157 421 3233 Ἰερουργεῖ
450 3163 510 3215 τὸ
558 3160 898 3216 Δεσποτικδν
940 3158 1101 3229 σῶμα
1140 3157 1238 3212 καὶ
1273 3152 1411 3229 αἷμα
1440 3153 1702 3227 Χριστοῦ,

147 3253 366 3317 καὶτοὺς
409 3253 578 3308 πάλαι
633 3248 1171 3325 μυσταγωγηθέντας
1217 3250 1287 3304 δι’
1312 3250 1493 3305 αὐτῶν
1524 3250 1702 3307 καθα-

146 3343 334 3412 γιάζεν
366 3346 481 3411 πῶς
511 3346 612 3416 οὐχ
656 3344 880 3408 ἀγιάσει
913 3344 1074 3416 μύρῳ
1105 3343 1275 3414 χρίων
1326 3342 1453 3404 τοὺς
1486 3340 1580 3396 νῦν
1611 3358 1700 3394 τε·-

146 3434 445 3507 λουμὲνους;
483 3438 750 3503 Βαπτίζει
796 3438 824 3490 ό
858 3436 1061 3507 ἱερεὺς,
1094 3435 1391 3506 καθάρσιον
1421 3432 1593 3503 δῶρον
1624 3430 1703 3502 τῷ

147 3528 496 3603 βαπτιζομένῳ
559 3531 1004 3603 τελεσιουργῶν,
1056 3529 1173 3592 πῶς
1223 3533 1272 3583 εἰ
1324 3526 1703 3596 τελεσιουργὸς

146 3623 283 3686 αὐτὸς
323 3624 553 3696 ὑπάρχει
605 3625 956 3701 καθάρσεως,
1008 3621 1337 3693 ἀφαιρήσεις
1394 3618 1558 3674 αὑτοῦ
1605 3616 1703 3689 τὴν

146 3714 367 3786 φυλακὴν
391 3720 481 3771 καὶ
506 3716 818 3788 apparitio;
855 3713 1266 3786 Ἀλλ’άφαιρεῖς
1288 3714 1389 3785 τὴν
1408 3711 1701 3783 σφραγῖδα.

147 3806 251 3875 μηδ’
280 3809 569 3881 ὑπηρετεῖν
622 3810 942 3880 ἐπιτρέψεις
969 3807 1047 3880 τῷ
1095 3807 1276 3879 δώρῳ,
1308 3805 1431 3878 μηδ’
1469 3806 1526 3857 ὲν
1554 3802 1704 3873 αὑτῷ

142 3913 274 3964 τινας
305 3902 726 3976 τελεσιουργεῖν,
759 3903 847 3957 ἵνα
880 3918 940 3955 σε
968 3901 1195 3973 γυμνοῖς
1219 3900 1247 3953 ό
1282 3901 1374 3961 ob;
1406 3896 1585 3968 ἱερεὺς
1615 3898 1705 3951 ὲν-

140 3989 432 4064 διαπρέπων
483 3996 740 4068 ὀνόμασι,
790 3994 893 4063 τῆς
921 3993 1094 4063 αὐτῆς
1141 3976 1292 4061 αὐτῷ
1339 3988 1703 4061 χοροστασίας

142 4090 415 4155 κορυφαῖον
466 4088 620 4161 δείξῃ
680 4088 777 4142 καὶ
834 4088 1156 4141 ἐπίσκοπον.
1216 4083 1377 4138 Ἀλλά
1423 4082 1534 4153 γὰρ
1584 4080 1707 4151 οὐχὶ

147 4177 289 4244 μόνον
316 4180 393 4250 είς
416 4181 595 4235 ταῦτα
621 4181 964 4249 παρανομεῖν
1010 4176 1402 4250 ὲξηνέχθησαν,
1432 4174 1570 4228 ἀλλὰ
1609 4173 1706 4227 καὶ

142 4266 190 4319 εί
216 4285 288 4331 τις
317 4272 503 4326 κακῶν
553 4275 676 4326 ἐστι
727 4272 981 4340 κορωνὶς,
1016 4270 1094 4333 είς
1122 4268 1324 4335 ταύτην
1374 4267 1703 4337 ἀνέδραμον.

143 4359 269 4430 Πρὸς
288 4367 392 4436 γάρ
411 4384 493 4419 τοι
522 4369 636 4429 τοῖς
667 4366 978 4435 εἰρημένοις
1010 4364 1184 4433 ἀτοπή
1194 4379 1325 4433 μασι
1352 4364 1446 4416 καὶ
1470 4362 1532 4415 τὸ
1558 4360 1705 4433 ἱερὸν

143 4456 225 4506 καὶ
254 4456 401 4525 ἅγιον
446 4460 752 4529 Σύμϐολον,
783 4456 813 4510 ὃ
842 4458 976 4510 πᾶσι
1019 4458 1130 4518 τοῖς
1167 4455 1464 4516 συνοδικοῖς
1498 4454 1594 4506 καὶ
1626 4454 1707 4507 ol-

143 4551 464 4613 κουμενικοῖς
500 4549 857 4619 ψηφίσμασιν
887 4544 1098 4616 ἄμαχον
1131 4544 1243 4614 ἔχει
1273 4542 1371 4615 τὴν
1407 4544 1580 4613 ἰσχὺν,
1615 4540 1707 4595 v6-

145 4629 240 4695 θοις
274 4636 570 4710 λογισμοῖς,
602 4642 702 4693 καὶ
727 4638 1177 4709 παρεγγράπτοις
1210 4636 1408 4703 λόγοις,
1439 4638 1534 4689 καὶ
1575 4634 1708 4706 θρά-

1731 3387 1778 3446 C

1791 2041 1957 2098 Steria
1985 2043 2040 2097 in
2070 2044 2209 2100 bene
2241 2043 2430 2112 longas
2463 2058 2636 2113 nugas
2666 2051 2722 2099 et
2752 2043 2922 2099 risum
2969 2042 3379 2116 Iubentiamqne

1789 2149 2050 2190 conversa
2082 2135 2499 2206 prostituerent.
2532 2135 2635 2191 Sed
2674 2135 2795 2191 vide
2824 2144 2876 2190 et
2899 2137 3367 2193 sanctificatorum

1792 2225 2090 2281 fallacias:
2129 2222 2250 2281 Non
2301 2225 2448 2291 licet,
2502 2225 2775 2296 inquiunt,
2832 2228 3227 2294 Sacerdotibus,
3278 2231 3370 2298 qui

1792 2314 1862 2370 ad
1913 2316 2298 2386 perfectionem
2346 2316 2709 2384 deducuntur,
2770 2331 2865 2373 eos
2926 2319 3048 2374 oleo
3096 2320 3378 2390 inungere.

1795 2404 1911 2461 liae
1932 2407 2077 2461 enim
2106 2407 2242 2464 solis
2267 2407 2385 2479 lege
2404 2422 2727 2464 concessum
2748 2418 2831 2464 est
2859 2410 3153 2481 episc0pis.
3184 2409 3383 2466 Verum

1796 2500 1942 2556 unde
1992 2499 2084 2555 illa
2112 2500 2238 2556 lex?
2277 2503 2401 2572 quis
2452 2502 2772 2574 legislator?
2809 2503 2933 2574 quis
2987 2505 3383 2573 apostolorum,

1797 2593 1923 2665 quis
1941 2609 2004 2649 ex
2027 2591 2300 2662 Patribus,
2319 2595 2401 2650 vel
2439 2610 2470 2651 ε
2509 2595 2731 2667 s'ynodis
2764 2596 2944 2668 aliqua
2965 2596 2988 2651 ί
3009 2595 3111 2654 Ubi
3142 2599 3385 2668 gentium

1799 2685 1912 2750 illa,
1970 2685 2053 2740 vel
2110 2686 2329 2756 quando
2360 2697 2567 2754 concta,
2595 2702 2903 2757 quorumve
2942 2688 3077 2744 votis
3105 2691 3312 2744 sancita
3331 2700 3386 2744 et

1801 2776 2117 2849 suffragiis?
2160 2778 2272 2834 Non
2307 2777 2432 2834 licet
2484 2779 2756 2835 sacerdoti
2787 2796 2882 2836 eos
2906 2782 2998 2853 qui
3041 2784 3388 2853 baptizantur

1801 2869 1921 2925 oleo
1964 2871 2201 2939 signare.
2248 2867 2390 2941 Ergo
2418 2886 2518 2926 nec
2544 2867 2843 2942 baptizare,
2889 2880 3010 2929 ncc‘
3035 2875 3383 2931 sacriﬁcare:

1802 2961 1993 3031 sicque
2055 2962 2122 3017 de
2148 2961 2325 3017 media
2370 2964 2453 3019 sui
2487 2971 2639 3031 parte
2677 2965 2955 3030 sacerdos,
2979 2968 3235 3024 sacerdos
3277 2984 3387 3023 non

1802 3052 2073 3125 perfectus
2135 3053 2190 3108 in
2240 3062 2442 3110 sortem
2469 3055 2627 3110 abeat
2678 3056 2903 3113 abactus
2930 3059 3235 3127 profanam.
3282 3058 3388 3127 Qui

1804 3161 2005 3218 corpus
2040 3147 2382 3220 Dominicutn
2407 3157 2717 3217 consecrat,
2747 3158 2801 3205 et
2819 3148 3022 3207 Christi
3042 3153 3389 3223 sanguinem,

1806 3250 1862 3298 et
1932 3258 2028 3314 per
2078 3241 2169 3297 illa
2219 3256 2315 3299 eos
2337 3243 2663 3309 sanctificat,
2721 3245 2816 3315 qui
2870 3246 3045 3302 sacris
3079 3257 3235 3302 erant
3261 3247 3391 3303 olim

1815 3336 2034 3401 initiati,
2099 3336 2241 3392 unde
2280 3337 2405 3401 erit,
2471 3347 2529 3416 ut
2576 3352 2684 3392 non
2730 3337 2869 3393 idem
2915 3340 3217 3395 sanetilicet
3271 3341 3392 3396 oleo

1817 3443 2045 3500 ungens,
2078 3429 2171 3499 qui
2200 3428 2266 3484 ad
2289 3428 2675 3500 perfectionem
2711 3431 2976 3507 tendunt?
3008 3431 3251 3502 Baptizat
3298 3448 3392 3488 sa-

1808 3522 2022 3587 cerdos,
2081 3522 2283 3575 donum
2338 3521 2696 3590 expiatorium
2742 3520 2798 3576 in
2829 3522 3098 3593 baptizata
3135 3523 3391 3593 perficit:

1808 3631 1914 3686 qua
1949 3614 2158 3671 ratione
2213 3616 2457 3685 privabis
2495 3615 2647 3670 illum
2671 3615 2919 3672 custodia
2940 3625 2993 3672 et
3038 3616 3212 3689 sigillo
3246 3619 3396 3676 illius

1808 3712 2225 3783 purificationis,
2258 3713 2418 3784 cujus
2441 3712 2559 3782 ipse
2584 3720 2669 3768 est
2698 3722 3110 3770 consummatur
3134 3714 3156 3768 2
3190 3713 3392 3773 Verum

1806 3808 1990 3863 aufers
2019 3805 2278 3876 sigillum,
2302 3821 2405 3861 nec
2425 3806 2569 3863 dono
2587 3816 2776 3878 patere
2804 3809 3026 3873 servire,
3053 3824 3152 3865 nec
3176 3810 3392 3881 aliquos

1808 3913 1905 3969 per
1957 3898 2086 3953 illud
2145 3910 2567 3964 consummare;
2632 3905 2691 3952 ut
2719 3898 2868 3953 nudo
2907 3908 3120 3955 tantum
3173 3902 3395 3959 nomine

1812 4003 1937 4049 tuus
1986 3988 2276 4062 insignitus
2333 3990 2612 4058 sacerdos,
2646 3998 2697 4045 te
2728 3990 3111 4061 .quidemcum
3157 3992 3273 4063 ipso
3300 4010 3393 4050 so-

1808 4083 2023 4141 cietatis
2077 4092 2132 4137 ct
2187 4082 2544 4138 cborostasiae
2605 4084 2950 4155 coryphaeum
3012 4085 3267 4151 declaret,
3339 4098 3394 4142 et

1806 4176 2142 4247 episcopum.
2192 4174 2482 4229 Enimvero
2523 4189 2633 4229 non
2695 4174 2750 4229 in
2804 4176 2925 4231 istis
2954 4183 3164 4233 tantum
3202 4189 3391 4234 contra

1808 4268 1955 4339 leges
1988 4282 2213 4339 peccare
2242 4275 2369 4323 sunt
2392 4268 2624 4335 inducti,
2663 4270 2757 4323 sed
2785 4268 2839 4323 in
2889 4269 3061 4339 ipsam
3100 4271 3392 4339 impietatis

1812 4363 2154 4431 coronidem,
2201 4361 2249 4416 si
2295 4376 2416 4432 qua:
2467 4360 2577 4415 ulla
2625 4369 2729 4436 est,
2780 4361 3131 4416 devenerunt.
3185 4363 3393 4417 Practer

1810 4456 1955 4512 enim
2000 4464 2323 4509 memoratas
2354 4452 2738 4516 absurditales,
2795 4463 3205 4509 sacrosanctum
3236 4453 3394 4526 Sym-

1815 4548 2023 4612 bolum,
2079 4546 2224 4618 quod
2259 4545 2327 4600 ab
2360 4544 2616 4600 omnibus
2647 4544 3110 4600 tecumenicorum
3134 4547 3395 4603 concilio-
3458 4598 3466 4615 δ

1815 4658 1937 4697 rum
1986 4641 2209 4696 calculis
2238 4638 2612 4704 confirmatur,
2638 4646 2691 4692 et
2716 4639 2821 4692 vim
2866 4637 3071 4694 obtinet
3107 4639 3390 4709 invictam,

142 4740 255 4789 σους
281 4730 553 4806 ὐπερΰολῇ
591 4733 933 4801 κιΰδηλεύειν
965 4733 1353 4803 ἐπεχείρησαν,
1383 4729 1429 4785 ὢ
1455 4730 1562 4784 τῶν
1612 4730 1698 4784 τοῦ

1811 4730 2098 4787 sententiis
2145 4730 2383 4801 spnriis,
2435 4728 2616 4783 verbis
2658 4727 2941 4796 ascititiis,
3003 4744 3126 4800 quae
3175 4746 3389 4785 summa

142 4819 363 4888 πονηροῦ
394 4826 815 4893 μηχανημάτων
841 4822 855 4876 1
888 4822 948 4875 τὸ
975 4822 1199 4891 Πνεῦμα
1246 4822 1307 4875 τὸ
1333 4824 1485 4889 ἅγιον
1515 4821 1615 4875 οὐκ
1643 4823 1709 4876 ὲκ

140 4905 223 4959 τοῦ
249 4908 460 4980 Πατρός
509 4917 705 4983 μόνου,
730 4913 865 4966 ἀλλά
901 4913 993 4966 καὶ
1030 4914 1095 4966 ὲκ
1120 4912 1213 4966 τοῦ
1246 4911 1376 4966 Υίοῦ
1409 4910 1710 4982 ἐκπορεύε-

142 4997 254 5053 σθαι
280 5006 803 5077 καινολογήσαντες.
840 5006 937 5070 Τίς
968 5022 1097 5058 ποτε
1137 5004 1392 5076 τοιαύτην
1421 5006 1569 5077 παρά
1598 5005 1708 5058 τῶν

138 5091 341 5148 πώποτε
368 5099 768 5168 ἀσεϐησάντων
792 5098 976 5166 φωνὴν
1000 5096 1199 5168 ἢκουσε
1223 5098 1521 5167 ραγεῖσαν;
1551 5098 1709 5161 ﬂcio;

139 5186 335 5252 σκολιὸς
388 5190 516 5260 δφις
549 5192 633 5254 εἰς
676 5190 777 5254 τάς
830 5191 1055 5244 ἐκείνων
1088 5188 1313 5260 καρδίας
1356 5188 1516 5242 τοῦτο
1545 5188 1710 5261 ἠρεύ-

138 5274 284 5347 ξατο;
308 5283 403 5348 Τίς
425 5285 570 5348 ὅλως
597 5283 888 5354 ἀνάσχοιτο
914 5283 1023 5337 τῶν
1044 5284 1101 5336 ἐν
1126 5283 1473 5354 Χριστιανοῖς
1493 5281 1709 5336 τελούν-

137 5378 232 5419 των
261 5374 350 5425 ἐπὶ
376 5379 477 5445 τῆς
505 5376 675 5444 ἁγίας
701 5373 958 5447 Τριάδος,
989 5373 1081 5428 δύο
1107 5375 1348 5443 εἰσάγειν
1375 5374 1547 5438 αίτια,
1575 5372 1715 5443 Υίοῦ,

137 5454 228 5523 μὲν
258 5466 352 5514 καὶ
401 5466 727 5537 Πνεῦματος
770 5468 862 5519 τὸν
912 5466 1156 5535 Πατέρα,
1182 5463 1277 5518 τοῦ
1305 5464 1361 5518 δὲ
1389 5466 1708 5535 Πνεύματος

136 5549 283 5603 πάλιν
306 5555 397 5606 τὸν
427 5555 586 5625 Υιὸν,
617 5560 715 5610 καὶ
746 5561 826 5622 είς
848 5557 1053 5613 διθεταν
1083 5558 1181 5628 τὴν
1206 5557 1508 5629 μοναρχίαν
1537 5556 1705 5621 λύειν,

133 5644 219 5697 καὶ
250 5646 419 5716 μηδὲν
445 5643 621 5721 ἦττον
653 5651 749 5721 τῆς
785 5651 1099 5721 Ἑλληνικῆς
1130 5649 1454 5721 μυθολογίας
1474 5649 1573 5721 τὴν
1599 5648 1708 5702 τῶν

132 5734 463 5802 Χριστιανῶν
533 5746 868 5815 σπαράττειν
902 5745 1202 5812 θεολογίαν,
1244 5746 1337 5798 καί
1376 5742 1479 5814 τῆς
1541 5743 1709 5813 ὑπερ-

129 5832 297 5886 ουσίου
369 5840 467 5891 καὶ
546 5838 887 5910 μοναρχικῆς
969 5837 1191 5909 Τριᾲδος
1274 5836 1578 5907 ἐξυσριξειν
1649 5837 1709 5891 τὸ

129 5921 334 5994 ἀξίωμα
360 5943 375 5992 ;
414 5945 435 5980 ι

399 6121 683 6186 Panos.
718 6123 832 6187 Gn.
870 6123 1066 6192 CXLI.

1810 4822 1915 4878 fuit
1963 4821 2207 4891 ipsorum
2263 4819 2516 4887 audacia,
2577 4820 2761 4876 conati
2815 4829 2941 4875 sunt
2993 4821 3316 4881 adulterare.
3346 4825 3390 4878 υ

1811 4914 2248 4969 machinationes
2278 4912 2609 4968 diabolicas!
2643 4912 2904 4982 bpiritum
2965 4924 3213 4970 sanctum
3248 4932 3392 4972 novo

1810 5008 2046 5076 quodam
2095 5007 2260 5061 modo
2315 5020 2422 5060 non
2480 5020 2543 5061 ex
2576 5004 2693 5060 solo
2749 5002 2948 5072 Patre,
2979 5008 3072 5063 sed
3131 5010 3294 5065 etiam
3322 5026 3390 5065 ex

1809 5097 1948 5154 Filio
1990 5098 2287 5170 procedere
2340 5098 2635 5152 commenti
2667 5098 2833 5152 sunt!
2868 5096 3001 5167 Quis
3032 5116 3270 5173 unquam
3312 5112 3393 5157 ta-

1811 5190 1917 5247 lem
1946 5191 2015 5246 ab
2043 5191 2225 5260 impiis
2261 5189 2405 5260 apud
2434 5190 2697 5246 saeculum
2726 5192 2878 5263 prius
2918 5208 3097 5249 roccm
3126 5196 3389 5265 prolatam

1810 5283 2031 5340 audiit?
2079 5281 2212 5349 Quis
2264 5281 2529 5338 distortus
2579 5285 2773 5357 anguis
2826 5285 2880 5340 in
2933 5285 3174 5356 ipsorum
3226 5287 3389 5340 ccada

1813 5377 1916 5432 hoc
1948 5376 2253 5433 eructavit?
2285 5374 2419 5444 Quis
2443 5377 2611 5432 cultui
2635 5376 2881 5433 initiatus
2911 5376 3220 5433 Christiano
3245 5377 3389 5434 ferre

1809 5479 1992 5542 queat,
2024 5471 2295 5541 duplicem
2346 5471 2400 5525 in
2431 5468 2626 5526 Triade
2652 5486 2875 5526 causam
2906 5472 3025 5527 dari
3069 5489 3083 5527 :
3117 5469 3240 5526 Filii
3270 5473 3391 5542 qui-

1810 5562 1954 5627 dem,
1985 5570 2039 5618 et
2084 5562 2323 5632 Spiritus
2350 5560 2592 5628 Patrem,
2625 5561 2862 5633 Spiritus
2895 5578 3113 5618 rursum
3164 5560 3383 5630 Filium,

1809 5663 1865 5709 et
1918 5654 2297 5709 monarcbiam
2354 5654 2409 5709 in
2467 5655 2736 5725 duplicem
2768 5654 3021 5709 deitatem
3074 5655 3307 5720 solvere,
3333 5665 3388 5709 et

1811 5762 1918 5802 non
1950 5746 2134 5802 minus
2164 5762 2326 5815 quam
2361 5746 2679 5816 gentilitiam
2703 5746 3084 5818 mythologiam
3115 5744 3387 5802 Christia-

1810 5851 2005 5892 norum
2046 5838 2731 5913 tltcologiam‘discerpere,
2777 5846 2937 5905 atque
2990 5837 3061 5892 ita
3096 5836 3386 5894 Triniatis

1810 5929 2348 5998 supersubstantialis
2398 5939 2453 5982 et
2521 5926 2849 5985 monarchite
2895 5927 3246 6001 dignitatern,
3290 5944 3385 5999 per

1811 6025 2194 6081 COlllllillcllaltl
2214 6019 2572 6077 imminuere?
2607 6038 2626 6070 ι

2971 6119 3046 6181 30
