3932 6610
451 424 454 427 Ἴ
504 477 618 540 943

1543 472 1758 535 JOAN.
1800 473 2016 535 VECCI
2054 475 2169 537 'CP.
2211 475 2718 537 PATRIARCILE

3628 486 3714 548 Dll

1320 928 1323 931 .
1402 798 2217 959 JOANNIS
2314 806 2871 965 VECGI

1828 1071 1936 1132 (ΖΡ.
1974 1070 2445 1131 ΡΔΤΒΙΔΒΟΗΛΕ

1002 1249 1717 1369 EPISTOLA
1792 1253 1980 1366 AD
2053 1252 2719 1370 JOANNEM
2800 1254 3270 1375 PAPAM

1262 1475 1419 1540 Cum
1459 1473 1863 1555 professione
1911 1471 2058 1537 ﬁdei
2096 1479 2159 1538 et
2202 1475 2643 1557 recognitione
2687 1479 3015 1561 primatus.

1668 1646 1837 1709 (Apud
1864 1644 2040 1706 Mansi,
2062 1643 2250 1695 Concil.
2281 1651 2400 1695 tom.
2436 1646 2631 1705 XXIV.)

585 1922 946 1979 Sanctissimo
975 1929 1029 1976 et
1060 1919 1384 1975 beat‘ssimo
1425 1929 1644 1971 summo
1677 1913 1920 1985 pontiﬁci
1962 1928 2093 1984 apo-

512 2020 727 2075 stolicae
792 2014 942 2072 sedis
966 2015 1168 2067 veteris
1206 2009 1418 2073 Romae,
1477 2016 1531 2062 et
1564 2006 1856 2062 universali
1915 2020 2087 2076 papae,

499 2111 739 2167 «lomino
770 2106 987 2164 Joanni.
1026 2104 1266 2160 Joannes
1316 2099 1666 2157 miseratione
1697 2099 1881 2153 divina
1916 2099 2091 2169 patri-

498 2202 676 2258 ‘arcba
694 2196 1337 2265 Corratantinopolitanus
1363 2194 1550 2249 Romae
1577 2206 1751 2255 novae,
1786 2208 1910 2246 cum
1942 2193 2091 2246 omni

518 2305 704 2350 nostra
756 2299 1109 2347 sacrosancta
1171 2286 1381 2358 synodo
1435 2284 1672 2340 debitam
1729 2284 2089 2338 reverentiam

504 2394 720 2441 nostrae
751 2380 1100 2443 obedientiae,
1158 2392 1223 2433 ac
1255 2376 1667 2432 inclinationem
1697 2383 1751 2428 et
1778 2376 2089 2429 orationum

500 2476 964 2548 postulationem.

571 2567 840 2636 Principii
866 2564 992 2621 boui
1026 2563 1292 2633 optimum
1317 2577 1441 2617 esse
1463 2561 1649 2624 ﬁnern,
1682 2559 1941 2615 omnibus
1967 2558 2095 2613 abs.

489 2677 622 2731 sque
676 2658 844 2713 dubio
869 2657 1015 2711 clare
1049 2663 1215 2726 patet.
1266 2655 1333 2709 Et
1355 2668 1525 2723 quare
1562 2668 1695 2718 non,
1719 2669 1841 2707 cum
1873 2667 1894 2703 ι
1931 2664 2095 2706 omne

509 2757 715 2808 donum
750 2751 1048 2821 per-fectum
1080 2749 1368 2803 desursum
1390 2747 1481 2810 sit.
1511 2745 1851 2801 descendens
1875 2759 1904 2798 a
1938 2741 2096 2797 Patre

498 2842 789 2896 aluminum
823 2838 878 2893 ιῖ
913 2837 1032 2892 Hoc
1081 2838 1227 2890 enim
1284 2849 1570 2901 concesso,
1623 2849 1970 2903 consequens
2014 2841 2099 2888 est

513 2934 662 2988 credi
703 2948 867 2987 omne
906 2931 1233 3000 principium
1265 2927 1641 2998 cujuscunque
1665 2925 1743 2980 rei
1774 2926 1981 2994 optime
2015 2924 2098 2977 in-

517 3028 730 3080 choata:
763 3040 795 3079 a
835 3024 1021 3079 divino
1055 3022 1289 3091 pendere
1334 3018 1592 3084 consilio,
1642 3028 1696 3075 et
1734 3027 1951 3089 propter
1996 3016 2101 3073 hoc

513 3118 826 3174 rreCessario
854 3117 959 3169 tale
996 3114 1326 3184 principium
1361 3114 1415 3168 itr
1471 3113 1634 3167 linem
1680 3114 1931 3167 desinere
1976 3112 2100 3182 glo-

512 3213 740 3267 riosum.
790 3207 948 3276 Quod
988 3209 1133 3261 enim
1190 3222 1221 3262 a
1257 3206 1367 3260 Deo
1418 3206 1553 3261 bene
1608 3205 1925 3260 irrclroatnrn
1991 3216 2096 3273 est,

510 3304 788 3374 quomodo
837 3316 945 3357 non
980 3301 1184 3369 optime
1219 3299 1601 3354 terminabitur
1632 3298 1932 3353 auxiliante
1963 3297 2098 3357 Deo:

482 3395 680 3467 ~quale
734 3394 867 3464 quid
937 3392 1139 3446 factum
1197 3401 1300 3454 est,
1350 3399 1403 3444 et
1430 3405 1595 3460 super
1649 3391 1739 3456 iis,
1783 3390 1850 3444 de
1893 3389 2095 3459 quibus

494 3505 659 3544 .nUne
690 3487 1030 3559 propositunr
1060 3495 1144 3540 est
1184 3485 1342 3538 nobis
1367 3484 1572 3547 dicere,
1605 3498 1638 3537 ο
1660 3484 1904 3537 divinum
1930 3491 1983 3536 et
2012 3496 2098 3536 sa-

512 3586 666 3636 crum
706 3578 909 3649 caput?
943 3576 1080 3632 Nam
1109 3578 1478 3633 ecclesiastica
1510 3575 1709 3632 unione
1746 3577 1975 3631 feliciter
2014 3576 2098 3629 in-

514 3686 665 3746 cepta
715 3684 958 3742 tempore
1016 3672 1191 3728 felicis
1253 3674 1534 3729 memoria:
1592 3673 1894 3729 beatissimi
1948 3672 2097 3728 illius

516 3767 619 3821 viri
656 3767 721 3835 (si
746 3778 927 3820 tamen
956 3766 1155 3830 virum,
1180 3776 1234 3820 et
1270 3781 1377 3819 non
1409 3766 1690 3836 angelum,
1728 3767 1911 3820 vocari
1933 3781 2097 3835 opor-

514 3864 593 3910 tet
653 3852 866 3908 felicem
907 3854 1084 3915 illum,
1134 3854 1539 3909 sanctissimum
1578 3872 1769 3926 papam
1824 3856 2095 3910 decimum

514 3945 1147 4015 dicimusGrcgorium),
1168 3946 1234 4000 ad
1256 3947 1629 4016 gloriosiorem
1649 3948 1806 4001 ﬁnem
1826 3946 2096 4018 (l).quam

511 4039 577 4095 ad
612 4039 784 4109 ipsam
818 4036 1074 4091 videlicet
1109 4037 1363 4092 unionem
1395 4052 1644 4092 summus
1678 4036 1941 4092 Dominus
1968 4053 2102 4091 con-

510 4131 809 4188 summavit
874 4131 926 4184 in
974 4129 1187 4194 diebus,
1245 4130 1299 4185 in
1349 4132 1552 4202 quibus
1582 4131 1652 4185 ad
1688 4136 1937 4185 decorem
1972 4146 2101 4200 apo-

513 4225 718 4282 stolica:
745 4221 914 4285 sedis,
958 4226 1015 4277 'et
1057 4222 1510 4278 iiluminationem
1540 4223 1881 4294 perspicuam
1920 4221 2101 4275 ﬁrma-

522 4318 690 4372 menti
755 4312 1077 4369 universalis
1132 4309 1409 4378 Ecclesiae,
1471 4327 1593 4378 vos,
1648 4312 1868 4366 nomine
1914 4314 2100 4381 gratiae

506 4410 854 4464 omninatunr
910 4406 1010 4476 (2),
1068 4404 1210 4459 Deus
1265 4404 1514 4475 eligendo
1582 4405 1890 4459 corrstitnit.
1944 4401 2100 4469 Quod

505 4500 729 4571 quidem
773 4499 1090 4568 apostolicae
1152 4494 1298 4552 sedis
1384 4496 1564 4551 nuntii
1632 4496 2096 4561 reverendissimi,

506 4591 717 4647 scillaet
749 4589 946 4644 fratres
986 4588 1160 4642 nostri
1195 4596 1248 4641 et
1278 4585 1583 4656 eoepiscopi
1615 4583 1857 4640 Jacobus
1890 4583 2095 4639 Feren-

507 4683 655 4737 tinus
686 4688 739 4735 et
773 4678 1072 4734 Gaut‘ridus
1120 4676 1499 4741 Taurinensis,
1534 4685 1588 4731 et
1617 4677 1683 4731 de
1710 4675 1821 4731 Deo
1858 4685 2086 4746 accepto

507 4774 699 4828 ordine
765 4772 1187 4842 praedicatorum
1246 4768 1649 4839 religiosissimi
1683 4769 1855 4824 nostri
1892 4768 2091 4824 fratres

506 4863 805 4936 llaynonus
843 4864 991 4933 prior
1030 4861 1409 4924 Viterbiensis,
1462 4869 1515 4914 et
1547 4859 1742 4916 Salvus
1779 4869 1954 4916 rector
1979 4859 2089 4914 Lu-

508 4968 682 5007 canus
727 4961 919 5007 vestrre
991 4950 1304 5005 sanctitatis
1361 4949 1706 5004 orationibus
1769 4949 2094 5019 prosperati,

507 5051 878 5114 pervenerunt
927 5042 995 5096 ad
1025 5052 1269 5107 sanctos,
1327 5051 1380 5096 et
1408 5040 1819 5112 potentissimos
1872 5049 2092 5097 nostros

511 5136 910 5198 moderatores,
958 5144 1013 5189 et
1058 5137 1125 5189 ad
1179 5149 1427 5190 nostram
1469 5134 1855 5199 humilitatem,
1914 5142 1968 5188 et
2024 5134 2092 5188 ad

510 5244 656 5294 eam,
685 5243 805 5298 quae
836 5229 976 5298 apud
1015 5242 1120 5282 nos
1152 5227 1374 5281 inventa
1403 5236 1486 5282 est
1513 5241 1726 5281 sacram
1757 5235 1811 5281 et
1842 5229 2088 5281 sanctam

506 5323 777 5393 synodum
814 5322 1062 5376 relictam
1107 5319 1177 5373 ab
1206 5319 1564 5373 universitate
1610 5333 1820 5388 magna:
1867 5317 2086 5390 synodi,

505 5427 624 5485 quae
656 5412 801 5482 apud
832 5425 933 5466 nos
982 5411 1150 5481 paulo
1190 5418 1317 5464 ante
1366 5408 1552 5464 luerat
1583 5410 1855 5464 celebrata
1889 5426 1904 5464 :
1933 5410 2092 5464 dicta:

504 5504 887 5561 tcclesiastieaa
904 5502 1123 5559 unionis
1140 5499 1440 5565 inchoatio,
1466 5508 1690 5555 auctore
1720 5500 1852 5569 Deo,
1879 5501 2087 5573 absque

504 5595 722 5652 defectu
767 5596 875 5650 ﬁne
904 5608 1170 5666 prospero
1200 5604 1587 5649 consummata
1616 5602 1724 5647 est.

611 5732 626 5763 ³
654 5729 844 5787 Jacob.
907 5745 947 5795 ι,
990 5730 1079 5785 l7.

577 5872 655 5942 (l)
683 5871 865 5927 Locus
891 5881 1204 5942 corruptus.

579 5942 656 6013 t2)
701 5944 815 5999 lloc
841 5952 944 6013 est,
972 5942 1198 5999 Joannis
1230 5945 1455 6001 nomine.
1490 5945 1666 6005 llattn.

2121 4637 2163 4695 C

2124 1921 2165 1975 Α
2268 1919 2332 1972 Et
2364 1919 2640 1989 quomodo
2679 1918 2899 1990 quidem
2924 1927 3120 1990 potens
3158 1932 3216 1978 et
3261 1937 3486 1982 sanctus
3517 1926 3727 1985 modera-

2195 2022 2284 2067 tor
2312 2022 2498 2066 noster
2538 2011 2640 2084 (5),
2672 2027 2794 2066 cum
2831 2012 3094 2068 divinitus
3140 2016 3445 2085 germinato
3498 2034 3633 2073 ramo
3662 2021 3726 2092 (ι)

2193 2102 2417 2167 radicis,
2460 2116 2641 2166 sacro,
2676 2102 2908 2181 potenti,
2967 2112 3022 2157 et
3061 2115 3252 2160 sancto
3282 2116 3472 2161 nostro
3519 2111 3726 2165 modera-

2193 2203 2329 2256 tore.
2361 2195 2832 2250 corrﬁrrnationem
2886 2186 3526 2257 ecclesiasticze'uuiunis
3574 2203 3727 2260 inﬁde

2193 2285 2430 2356 perfecta
2462 2294 2516 2340 et
2568 2286 2814 2356 diligenti
2874 2287 3201 2343 certitndirre
3253 2288 3520 2351 fecerunt.
3572 2283 3728 2361 poterit

2193 2390 2421 2429 noscere
2471 2373 2707 2428 maxima
2757 2375 3022 2430 sanctitas
3063 2385 3240 2431 vestra
3274 2386 3330 2431 et
3360 2380 3429 2433 ab
3464 2380 3605 2448 ipsis,
3635 2395 3728 2453 qua

2193 2467 2258 2522 ad
2296 2467 2468 2537 ipsam
2507 2468 2819 2534 nritttrntur,
2853 2468 3056 2524 litteris
3100 2472 3359 2539 potentiae
3409 2486 3541 2535 sure.
3600 2481 3645 2526 et
3682 2473 3731 2526 ab

2192 2559 2565 2614 instrumento
2595 2563 3034 2630 jnramentorum
3069 2560 3340 2617 factor-nm
3375 2578 3474 2633 per
3504 2565 3654 2633 ipsos,
3693 2574 3732 2619 et

2194 2651 2262 2705 ab
2290 2652 2379 2716 iis,
2418 2668 2539 2720 qua:
2571 2653 2887 2722 apostolica:
2928 2656 3070 2709 sedis
3101 2655 3276 2710 nuntii
3310 2670 3408 2709 ore
3443 2667 3595 2710 tenus
3624 2659 3733 2711 diri-

2195 2743 2280 2798 nis
2312 2743 2541 2799 auribus
2583 2754 2776 2800 vestrae
2835 2746 3199 2801 irrsorruerunt
3242 2748 3567 2802 sanctitatis.
3613 2747 3731 2813 Quae

2197 2838 2359 2892 modo
2385 2854 2604 2908 quoque
2634 2855 2734 2895 nos
2764 2843 2934 2895 robur
2959 2854 3305 2911 praestamus,
3336 2858 3392 2898 et
3418 2846 3573 2899 linem
3600 2860 3733 2914 appo-

2199 2929 2380 2985 nirnus
2415 2931 2660 3001 glorioso
2722 2934 2992 3004 principio
3049 2936 3360 3003 lilljUSﬂlOdl
3399 2942 3578 3005 aperis
3609 2936 3733 2990 unio-

2198 3023 2309 3086 nis,
2342 3024 2541 3092 poterit
2575 3024 2719 3079 scire
2752 3033 2928 3080 vestra
2963 3040 2992 3079 a
3023 3025 3132 3081 Deo
3168 3029 3456 3099 magniﬁca
3489 3029 3730 3092 sanctitas,

2199 3122 2255 3169 et
2316 3128 2346 3167 a
2380 3113 2659 3168 volunrine
2710 3116 3036 3183 synodicali,
3088 3118 3234 3187 quod
3286 3118 3389 3171 sibi
3440 3119 3731 3180 ostendetur,

2203 3206 2347 3276 quod
2382 3205 2663 3259 humilitas
2696 3216 2879 3259 nostra
2907 3221 3030 3260 cum
3074 3216 3188 3261 toto
3219 3223 3380 3263 sacro
3423 3207 3588 3277 ipsius
3631 3222 3733 3262 eun-

2131 3283 2178 3346 Β
2209 3308 2373 3352 ventu
2412 3297 2649 3351 ﬁrmavit
2692 3307 2747 3351 et
2795 3298 3075 3352 roboravit
3127 3299 3616 3367 subseriptionibus
3646 3310 3734 3349 ma-

2199 3390 2476 3456 nualibus,
2512 3404 2634 3460 quae
2685 3391 2830 3460 apud
2889 3406 2992 3447 nos
3043 3392 3581 3463 vigorem'obrinent
3610 3395 3731 3461 jura-

2200 3482 2396 3537 menti.

2267 3574 2443 3630 liabet
2473 3574 2695 3646 insuper
2720 3589 2952 3630 noscere
2990 3584 3044 3630 et
3074 3575 3142 3629 ab
3182 3575 3267 3641 iis,
3304 3577 3497 3648 qtrmin
3525 3575 3727 3648 praesenti

2197 3664 2403 3734 scripto
2430 3665 2725 3735 specialius
2754 3680 2854 3720 nos
2883 3666 3133 3721 dicemrrs
3167 3667 3503 3730 omnimode.
3530 3670 3728 3737 prazbur-

2198 3763 2278 3810 tes
2301 3766 2496 3810 vestra:
2524 3757 2837 3825 apostolicrc
2858 3757 3140 3810 sanctitati
3168 3758 3547 3813 certitodrrrerrr
3571 3772 3727 3814 nostra

2198 3846 2266 3901 ad
2295 3849 2651 3917 apostolicam
2696 3849 2878 3903 sedem
2916 3864 3085 3917 purae,
3123 3846 3483 3921 perfectasque
3512 3852 3726 3906 obedien-

2200 3940 2305 3995 tiae.
2346 3941 2585 3994 Dicimus
2619 3942 2793 4005 enim,
2849 3941 2954 3995 sub
3011 3943 3243 3996 testibus
3301 3941 3411 3996 Deo
3465 3954 3518 3997 et
3563 3942 3727 4013 angelis

2198 4035 2361 4088 verba
2388 4032 2669 4099 lacierrtes,
2700 4034 2846 4104 quod
2876 4050 3037 4088 omne
3068 4036 3305 4089 sclrisma
3341 4035 3471 4090 inter
3505 4034 3726 4091 Eiclesiat

2201 4126 2318 4191 Dei,
2351 4125 2552 4180 veteris
2587 4122 2776 4181 Romae
2803 4128 3013 4181 scilicet
3050 4136 3104 4181 et
3146 4143 3300 4183 nota:
3355 4142 3570 4188 nostrae.
3624 4127 3727 4179 trralc

2200 4220 2577 4275 introductum
2621 4219 2675 4273 in
2718 4220 2996 4275 larsionem
3036 4218 3490 4287 Christianitatis,
3527 4219 3727 4292 aspcrtri-

2200 4328 2325 4366 nius
2356 4320 2411 4366 et
2444 4312 2771 4380 abjieimus;
2806 4322 2859 4367 et
2880 4314 3219 4384 prarcordiali
3253 4314 3471 4381 aﬂrctu,
3497 4324 3623 4368 elrx
3647 4321 3726 4367 tota

2199 4404 2379 4457 anima
2440 4406 2598 4475 prius
2642 4409 2819 4485 ipsum
2887 4403 3245 4473 deponentes,
3287 4420 3381 4475 per
3433 4408 3667 4477 linguam,
3690 4413 3729 4456 et

2200 4495 2364 4561 labia,
2398 4503 2452 4549 et
2488 4496 2812 4565 prolativum
2867 4506 3113 4550 nostrrrrn
3146 4510 3481 4563 sermonem,
3529 4494 3725 4552 etiamin

2199 4589 2447 4656 priesenti
2505 4590 2711 4659 scripto
2759 4589 2937 4658 ipsum
2990 4592 3362 4658 abnegamus,
3422 4600 3476 4644 et
3517 4588 3725 4645 ecclesia-

2197 4677 2389 4733 sriram
2423 4692 2611 4747 pacem
2643 4688 2696 4733 et
2722 4681 3010 4744 unitatem,
3048 4685 3103 4732 et
3127 4680 3425 4748 prirnaturrr
3460 4679 3723 4750 apostvlir:

2196 4768 2340 4824 sedis
2389 4769 2739 4836 conﬁtemur,
2787 4772 3261 4840 recogrmscimus,
3316 4784 3643 4845 acceptanrus
3684 4776 3720 4823 et

2196 4872 2391 4928 sponte
2431 4861 2764 4931 suscipimus
2798 4881 2810 4914 ;
2845 4874 2899 4917 et
2929 4864 2996 4918 ad
3023 4867 3195 4935 ipsius
3219 4865 3575 4919 Obedientiam
3597 4878 3721 4933 spon-

2204 4953 2352 5007 tanei
2391 4954 2701 5019 venientes,
2757 4963 2931 5008 ratum
2966 4956 3188 5023 habere,
3223 4966 3280 5012 et
3309 4972 3620 5012 conservare
3646 4954 3718 5005 inr-

2207 5042 2477 5097 mutabile
2514 5045 2888 5113 promittimus
2916 5054 2971 5099 et
3009 5050 3335 5112 asserimus,
3367 5060 3421 5102 et
3448 5062 3537 5101 eas
3568 5057 3719 5115 praem-

2201 5133 2440 5201 gativas,
2479 5149 2602 5203 qua:
2637 5149 2667 5188 a
2700 5135 2971 5206 principio
2994 5120 3119 5194 ante
3159 5140 3402 5194 sebisma
3433 5139 3713 5209 praesultat:-

2197 5233 2285 5277 tur
2311 5227 2629 5294 apostolica:
2658 5227 2774 5280 sedi
2809 5230 2878 5283 ab
2910 5229 3039 5293 illis,
3072 5234 3165 5301 qui
3194 5245 3294 5301 pro
3341 5240 3589 5299 tempore,
3625 5234 3717 5296 ρω-

2202 5314 2369 5371 tilicio
2408 5318 2462 5371 in
2524 5317 3009 5393 Constantinopoli
3052 5320 3440 5391 fungebantur,
3487 5321 3712 5389 integr"l

2202 5406 2539 5466 inviolabilia
2562 5412 2932 5481 promittimus
2951 5429 3301 5469 conservare.
3332 5414 3561 5470 Sibisma
3584 5397 3723 5466 culm,l

2201 5502 2349 5571 quod
2382 5502 2437 5554 in
2476 5504 2654 5559 medio
2693 5505 3027 5573 intercessit,
3063 5506 3260 5560 intimo
3288 5506 3468 5561 cordis
3486 5502 3645 5556 aﬁ‘ectu
3668 5504 3706 5548 ει

2202 5605 2314 5650 tota
2380 5596 2549 5651 animi
2585 5597 2867 5654 voluntate
2910 5609 3291 5669 aspernentes,
3328 5597 3702 5668 compaginarat“

2263 5876 2359 6001 ’23)
2385 5873 2614 5959 Michael
2646 5876 2799 5957 imp.
2964 5946 2977 5959 .
3103 5948 3115 5960 .
3247 5948 3261 5962 .

2263 5969 2272 6001 r
2322 5951 2496 6001 )Lum
2553 5948 2871 6001 Andronrco
2903 5946 3016 6001 ﬁlro
3045 5959 3209 6001 etiam
3247 5965 3261 6001 ι

2259 5946 2336 6019 (ι)
2361 5949 2496 6003 Cum
2553 5946 3016 6021 Andronico_ﬁlio
3045 5948 3209 6007 etiam
3247 5948 3561 6020 imperatore.
