3828 6620
193 559 271 623 illi)
1261 543 1509 608 EPIST.
1549 544 1650 605 AD
1684 544 2039 610 JOANNEM
2071 551 2186 613 PP.
3255 539 3362 602 (illi

188 676 500 741 οιεοθῃῐαπιιιε
523 660 890 733 ηοεηιθιῖνεοε
917 661 1075 719 “nea?
1096 662 1415 733 pontiﬁcum
1441 661 1681 726 illorum,
1713 663 1761 722 Α
1791 668 2248 739 omnipotentem,
2281 664 2669 726 immortalem,
2705 657 3061 719 iuvisibilem,
3098 655 3363 723 itnpalpa-

190 769 260 840 qui
287 761 481 819 scltisma
519 754 829 839 apostolicae
855 753 983 810 Sedi
1042 755 1243 810 veteris
1292 752 1482 820 Romae
1524 769 1679 810 suam
1784 760 1978 827 bilem,
2013 762 2332 818 universum
2375 759 2713 829 implenlem,
2741 764 2792 808 ct
2822 767 2985 822 super
3009 748 3188 804 omnia
3220 749 3366 802 exsi-

187 851 480 915 obedientiam
503 846 766 902 canonice
799 853 855 900 et
888 844 1134 916 legitime
1160 845 1595 913 conservabant;
1629 854 1684 899 et

1859 862 2042 921 antem,
2095 855 2431 909 conditorem
2486 860 2651 906 totius
2686 846 2959 902 creatura:
3011 841 3243 897 visibilis
3315 851 3371 896 et

185 942 499 1006 nihilnmnino
539 938 919 1005 imperfectum
950 937 1205 992 omittere
1249 937 1570 1006 pollicemur
1618 939 1685 992 de
1785 948 2101 1014 invisibilis,
2162 947 2468 1019 corporalis
2522 955 2575 999 ct
2630 940 2950 1013 spiritualis.
3009 936 3073 991 Et
3116 937 3169 989 in
3201 951 3369 990 unum

184 1044 372 1108 εἰςμῃυπε
400 1042 509 1091 ante
529 1031 767 1086 ειἸιίδιυθ
792 1030 998 1086 ίιίίάίνί
1024 1039 1092 1086 ρει
1127 1030 1299 1087 “ne”
1328 1031 1686 1100 imperatores
1790 1039 2085 1095 Dominum
2121 1038 2310 1095 Jesttm
2361 1038 2663 1098 Cltristttm,
2710 1032 2975 1095 Verbum,
3030 1028 3369 1097 unigenitum

182 1132 431 1204 apostolica:
455 1127 569 1182 setli
602 1126 916 1195 praestando
949 1126 1301 1190 roboraruut,
1351 1133 1405 1181 et
1453 1124 1685 1181 aﬂlrma-
1789 1131 2013 1196 Filium,
2060 1142 2324 1188 aeternum
2363 1130 2430 1185 ab
2469 1138 2673 1183 ωιρτιιο
2706 1124 2885 1188 Patre,
2922 1119 3251 1192 principium
3306 1118 3375 1173 de

176 1236 307 1287 runt;
335 1224 535 1290 insuper
571 1221 734 1275 etiam
764 1231 817 1274 ct
868 1222 935 1274 de
967 1220 1054 1280 iis,
1101 1235 1223 1287 quae
1266 1221 1319 1274 in
1349 1221 1524 1275 sacris
1542 1234 1683 1275 con-
1791 1225 2085 1295 principio,
2125 1225 2306 1280 lumen
2344 1222 2411 1277 de
2443 1221 2672 1280 lumine,
2712 1218 2881 1272 Deum
2922 1218 2986 1268 de
3029 1212 3159 1276 Deo,
3192 1210 3375 1267 omni-

177 1318 288 1373 tiliis
317 1317 479 1370 Patres
507 1311 673 1366 nostri
709 1312 777 1366 ad
821 1312 995 1380 ipsius
1038 1311 1403 1366 obedientiam
1459 1312 1687 1367 tlemon—
1798 1327 2077 1389 potentem
2116 1318 2183 1373 de
2223 1317 2624 1386 omnipotente,
2653 1309 2918 1382 aequalem
2950 1302 3379 1362 incommutabi-

171 1412 445 1466 straltattlse
477 1419 820 1459 conservare.
875 1405 1085 1459 Rursus
1115 1405 1183 1459 ad
1210 1405 1567 1474 apostolicam
1599 1420 1687 1461 se-
1791 1410 1915 1466 liter
1965 1409 2247 1479 generanti
2271 1408 2438 1474 Patri,
2476 1414 2639 1478 prout
2678 1406 2796 1475 ipse
2819 1400 3086 1457 Dominus
3111 1399 3161 1452 itt
3199 1395 3378 1452 Evan-

172 1503 269 1556 dem
313 1497 681 1551 conﬁrmamus
738 1496 1127 1551 inviolabiliter
1153 1506 1206 1551 et
1259 1497 1468 1566 integre
1497 1509 1691 1552 omnes
1792 1502 1936 1572 gelio
1966 1500 2165 1556 asserit
2203 1501 2393 1556 dicens
2431 1515 2447 1554 :
2494 1518 2512 1552 t
2546 1496 2649 1565 Qui
2686 1494 2831 1550 videt
2874 1507 2979 1553 tne,
3019 1490 3163 1544 videt
3196 1498 3252 1544 et
3280 1489 3383 1543 Pa-

171 1591 502 1670 pm'agativas
531 1600 580 1643 el
610 1588 913 1659 privilegia.
951 1605 1073 1660 quae
1102 1598 1228 1642 ante
1256 1589 1495 1644 scltisma
1539 1605 1693 1645 reve-
1792 1595 2121 1662 lrem’pqui
2148 1604 2277 1649 ante
2304 1592 2488 1647 omnia
2513 1589 2713 1648 saecula
2744 1594 2932 1646 natus.
2956 1580 3383 1647 ineffabilem,et

172 1683 292 1740 muli
317 1694 361 1736 et
390 1682 522 1738 brati
552 1683 933 1750 imperatores,
977 1692 1027 1737 et
1057 1683 1247 1737 deileri
1299 1683 1488 1738 Patres
1519 1682 1688 1737 nostri
1794 1686 2079 1743 intellectu
2120 1684 2730 1758 incomprehensibilem
2794 1680 2963 1736 habet
2999 1674 3333 1732 nativitatem
3366 1691 3382 1729 ;

162 1775 386 1831 ductores.
416 1772 479 1825 ad
508 1770 800 1841 primatum
834 1772 1146 1841 apostolica:
1177 1772 1326 1827 sedis
1352 1772 1406 1826 ἰιι
1434 1771 1690 1826 obedien-
1801 1798 1821 1833 ι
1850 1779 2272 1835 Generalionem
2302 1779 2422 1848 ejus
2455 1776 2579 1848 quis
2602 1773 2920 1830 θυεμ-γει)ὴῖ
2965 1792 2984 1827 ι
3020 1786 3176 1829 sacra
3212 1768 3387 1823 fate".

163 1865 266 1918 tiam
285 1864 624 1919 ostendebant
653 1880 671 1920 :
708 1863 981 1928 videlicet,
1017 1864 1146 1932 quia
1182 1864 1296 1931 ipsa
1340 1872 1675 1917 sacrosancta

1872 1870 2180 1941 'Eloquia;
2228 1872 2331 1925 Itoc
2364 1880 2468 1934 est,
2527 1866 2743 1923 Nullus.
2795 1865 2849 1921 In
2905 1859 3384 1922 consummatione

159 1954 365 2011 Romana
392 1954 632 2010 Ecclesia
661 1970 938 2010 summum
969 1965 1023 2010 et
1049 1954 1353 2026 perfectum
1392 1955 1671 2025 pritnatuu

1872 1965 2120 2020 culorum
2144 1962 2427 2018 descendit
2447 1959 2885 2030 inseparabiliter
2909 1972 2974 2011 ex
3005 1955 3236 2008 Paterno
3263 1951 3383 2006 sinu

159 2060 203 2104 et
235 2050 570 2118 principatum
605 2064 769 2117 super
795 2048 1105 2103 universam
1138 2048 1463 2104 catholicam
1492 2048 1684 2103 Ecclc-
1716 2043 1765 2069 ”
1794 2054 1898 2130 [ῑη]
1937 2056 2312 2111 intemeratnm
2349 2059 2406 2108 et
2444 2065 2660 2121 semper
2707 2048 2984 2118 Virginem
3038 2043 3292 2107 Mariam.
3337 2052 3391 2095 ει

152 2138 264 2192 siam
290 2138 504 2202 obtinet,
538 2152 704 2207 quem
736 2138 791 2192 in
824 2138 1003 2208 seipsa
1050 2139 1121 2193 ab
1171 2140 1290 2208 ipso
1317 2137 1574 2204 Domino,
1633 2139 1664 2193 it

1878 2159 2038 2203 stram
2078 2161 2145 2200 ex
2177 2145 2298 2215 ipsa
2340 2144 2644 2211 assumpsit
2672 2152 2947 2198 naturam.
2983 2153 3207 2195 carnem
3237 2135 3390 2190 vidc-

152 2234 284 2287 lteato
308 2231 459 2287 Petro
485 2232 860 2298 apostolorum
894 2232 1140 2303 principe
1164 2247 1261 2288 seu
1288 2233 1511 2297 vertice,
1533 2232 1659 2299 cujtt

1880 2249 1922 2294 et
1950 2240 2249 2295 humanam
2279 2252 2403 2293 cum
2438 2236 2618 2290 anima
2641 2232 2917 2296 rationali,
2942 2247 3050 2287 non
3083 2227 3392 2285 secundum

148 2324 393 2379 liornanus
422 2323 667 2393 pontifex
687 2334 770 2379 est
820 2340 1132 2386 successor,
1178 2339 1305 2380 cum
1362 2327 1696 2410 plenitudine
1793 2332 2158 2403 phantasiam,
2178 2330 2270 2387 sed
2292 2330 2594 2385 secundum
2624 2326 2904 2380 veritatem
2929 2341 2944 2389 ;
2974 2338 3147 2393 neque
3173 2320 3399 2394 [secun-

146 2418 396 2488 potestatis
435 2418 734 2486 rerepisse,
790 2434 917 2473 vere
950 2434 1015 2474 ac
1042 2418 1317 2474 humiliter
1350 2421 1696 2490 recognosci-
1797 2420 1951 2493 dum]
1969 2437 2259 2492 supernam
2286 2429 2339 2476 et
2366 2418 2776 2485 intemporalcm
2812 2414 3149 2469 nativitatem
3173 2413 3397 2474 adopta-

146 2528 267 2567 mus.
298 2513 363 2568 Et
409 2513 875 2581 quemadmodum
910 2528 1022 2583 pra:
1051 2512 1175 2569 aliis
1203 2522 1421 2569 tenetur
1452 2513 1574 2568 fidei
1604 2528 1697 2570 ve-
1798 2515 1910 2580 tus,
1934 2532 2108 2586 neque
2129 2513 2434 2570 secundum
2463 2510 2774 2566 inferiorem
2807 2506 3162 2578 temporalem
3190 2523 3203 2560 :
3234 2512 3396 2558 natu—

141 2605 326 2658 ritatetn
359 2600 659 2657 delendcre
697 2617 714 2656 :
749 2603 830 2658 sic
876 2610 929 2656 et
958 2604 1004 2657 si
1056 2618 1179 2671 qua:
1209 2604 1277 2658 de
1309 2604 1414 2659 [ide
1459 2605 1701 2662 suborlae
1802 2609 1932 2665 ralis
1953 2609 2098 2664 enim
2128 2609 2401 2663 exsistens
2428 2614 2482 2660 et
2514 2619 2680 2660 verus
2709 2601 2881 2658 Filius
2910 2600 3030 2667 Dei,
3054 2597 3324 2654 naturalis
3344 2604 3399 2648 et

139 2694 320 2748 Ῑυετληῑ
354 2694 720 2764 quieslione-t.
752 2708 852 2749 δυο
878 2692 1080 2749 debent
1116 2694 1322 2763 Ῑυιιίεὶο
1341 2694 1574 2750 deﬁniti-
1620 2696 1701 2750 Ad
1806 2718 1966 2759 verus
1989 2716 2201 2770 semper
2226 2697 2467 2770 Virginis
2487 2695 2669 2751 Marite
2692 2695 2809 2766 ipse
2831 2693 2973 2749 idem
2999 2692 3142 2747 Illius
3162 2689 3399 2755 exsistit,

139 2787 260 2842 banc
296 2796 471 2857 potest
496 2786 758 2857 quilibet,
791 2796 1052 2855 gravatus
1085 2787 1138 2841 in
1164 2788 1397 2857 negotiis
1428 2789 1496 2842 ad
1523 2786 1703 2843 forum
1811 2795 1921 2866 qui
1942 2809 2163 2849 carnem
2191 2793 2404 2861 accepit
2454 2806 2518 2845 ex
2554 2789 2698 2859 ipsa,
2757 2787 3027 2842 visibilem
3085 2780 3399 2846 invisibilis,

136 2879 544 2934 ecclt'siasticum
589 2878 1018 2948 pertinentibus,
1070 2880 1378 2949 appellare:
1405 2889 1462 2936 et
1510 2881 1563 2935 in
1592 2896 1710 2935 om-
1810 2887 2098 2944 mortalem
2142 2883 2496 2945 immortalis,
2524 2882 2842 2951 passibilem
2869 2878 3246 2948 itnpassibilis,
3283 2875 3404 2946 pal—

132 2973 276 3028 nibus
309 2975 514 3036 causis,
560 2975 635 3028 ad
659 2988 891 3029 examen
943 2974 1377 3031 ecclesiasticum
1415 2975 1710 3045 spectanti-
1809 2981 2044 3053 pabilem
2085 2976 2492 3048 impalpabilis:
2533 2976 2587 3028 in
2621 2989 2724 3044 qua
2762 2986 2929 3026 carne
2981 2980 3036 3026 et
3094 2985 3193 3040 pro
3224 2968 3406 3032 nobis

133 3064 242 3126 bus.
284 3064 349 3118 ad
398 3065 582 3135 ipsius
615 3072 798 3134 potest
856 3078 1063 3118 recum
1098 3063 1411 3133 indicium:
1452 3073 1505 3118 et
1533 3063 1708 3118 eidem
1813 3084 2008 3143 sponte
2043 3069 2288 3140 suscepit
2332 3066 2671 3139 passionem,
2731 3078 2859 3117 vera
2905 3062 3090 3117 carnis
3126 3060 3403 3130 passione.

130 3177 302 3218 omnes
322 3160 593 3218 Ecclesia:
625 3171 756 3218 sunt
780 3162 1060 3232 subjectae,
1098 3163 1452 3234 ipsarumque
1500 3160 1711 3230 pra-lati
1816 3168 2089 3228 Mortuus,
2124 3174 2178 3219 et
2217 3163 2486 3234 sepultus,
2521 3168 2576 3213 et
2602 3155 2942 3212 descende-ns
2989 3153 3056 3210 ad
3092 3154 3319 3218 inferos.
3353 3160 3410 3207 et

128 3254 478 3309 obedientiam
522 3265 580 3309 et
624 3256 989 3310 reverentiam
1025 3255 1099 3308 illi
1129 3253 1350 3310 dttbt‘ltl.
1386 3254 1540 3324 Apud
1572 3253 1715 3309 Itane
1818 3261 1980 3318 tertia
2003 3261 2113 3324 die,
2141 3256 2446 3312 secundum
2480 3250 2850 3321 scripturam,
2882 3263 3177 3316 resurgens
3200 3263 3229 3301 3
3263 3260 3406 3301 mor.

124 3356 291 3401 auttm
334 3348 643 3416 plenitudo
677 3347 967 3418 potestatis
998 3352 1271 3411 consistit.
1302 3347 1446 3416 quod
1479 3361 1563 3413 ea.
1592 3361 1717 3418 quae
1744 3376 1787 3434 ο
1823 3357 1932 3411 tuis
1962 3368 2094 3409 vera
2126 3350 2309 3408 carnis
2369 3347 2793 3402 resurrectione.
2867 3342 2998 3397 Post
3045 3339 3407 3411 quadraginta

122 3449 318 3495 cratera:
366 3438 677 3504 Ecclesim,
709 3448 764 3494 et
817 3439 1213 3509 patriarchales
1251 3439 1584 3509 specialiter,
1626 3457 1634 3491 ι

1898 3449 1990 3521 les]
2013 3463 2043 3502 a
2061 3442 2466 3501 resurrectione
2486 3455 2583 3496 sua
2604 3454 2634 3494 a
2658 3436 2910 3499 mortuis,
2932 3433 3179 3490 ascendit
3203 3432 3266 3487 ad
3297 3448 3410 3490 cae-

115 3531 274 3586 versis
307 3533 681 3602 temporibus
734 3530 1019 3601 privilegia
1060 3531 1444 3596 obtinuerunt,
1476 3540 1627 3584 sanct

1895 3560 1932 3610 ς,
1970 3557 2094 3597 cum
2132 3538 2347 3601 eadem,
2394 3550 2499 3603 qua
2533 3530 2857 3594 resurrexit,
2895 3543 3063 3583 carne
3102 3536 3155 3581 et
3191 3529 3407 3580 anima:

117 3622 267 3676 nibus
297 3623 603 3677 beatorum
669 3633 983 3677 sanctorum
1022 3622 1417 3693 imperatorum
1470 3623 1629 3678 illoru

1901 3636 2052 3693 sedet
2073 3631 2140 3688 ad
2175 3632 2456 3688 dexteram
2497 3625 2588 3681 Dei
2626 3623 2828 3687 Patris,
2865 3622 3147 3677 introitum
3205 3621 3257 3672 itt
3299 3633 3413 3673 cm-

109 3725 157 3769 ει
182 3716 475 3770 eamme“
508 3716 911 3771 εθηειῖοηίδυε
962 3730 1246 3769 sacrorum
1291 3723 1348 3769 ει
1400 3716 1712 3769 (“ﬁliorum
1828 3730 1963 3788 leste
1985 3743 2214 3800 regnum
2252 3724 2413 3779 nobis
2438 3719 2734 3790 elargiens.
2767 3716 2868 3783 Qui
2921 3724 3184 3769 venturus
3211 3719 3293 3766 est
3317 3711 3417 3765 itc-

111 3808 494 3870 conciiiorum,
535 3807 744 3862 eadem
809 3805 1051 3861 ltomana
1084 3805 1325 3861 Ecclesia
1374 3806 1725 3862 conﬁrmavit
1833 3839 1956 3879 mm
1982 3822 2152 3891 iudex
2187 3818 2439 3874 vivorum
2474 3821 2528 3868 et
2555 3820 2923 3872 mortuorum,
2960 3804 3270 3861 redditurus
3293 3802 3417 3855 uni-

103 3909 154 3954 et
175 3901 469 3956 roboravit
506 3917 522 3955 :
551 3909 617 3955 et
677 3913 787 3953 non
833 3899 991 3954 aliter
1038 3900 1395 3955 obtinuerunt
1426 3900 1709 3955 eontlrma-
1834 3916 2033 3985 cuique
2061 3910 2367 3969 secundum
2392 3920 2558 3978 opera
2583 3917 2705 3957 sua.

106 3993 299 4048 tionem
344 3994 751 4050 Ecclesiarum
805 3992 1116 4061 bnjusmodi
1162 3995 1554 4064 praerogativae,
1615 4011 1618 4048 1

1906 4005 2196 4063 Credimus
2227 4001 2420 4057 eodem
2471 3995 2632 4054 modo
2653 4001 2707 4047 et
2746 3994 2801 4049 in
2840 3991 3108 4064 Spiritum
3140 3995 3418 4046 sanctum,

98 4087 280 4142 eadem
315 4087 596 4144 Ecclesia
642 4083 894 4140 Romana
941 4100 1103 4140 suum
1141 4100 1308 4156 super
1331 4086 1402 4142 iis
1452 4086 1723 4157 judicium
1837 4118 1857 4155 ι
1899 4101 2084 4157 omnia
2112 4104 2476 4161 scrutantem,
2506 4092 2671 4147 etiam
2718 4086 2988 4161 profunda
3033 4082 3127 4137 Dei
3168 4080 3213 4144 ⁸,
3250 4097 3271 4132 ι
3322 4078 3418 4148 (ιιιί

100 4188 150 4233 et
174 4179 529 4236 sententiam
566 4178 899 4249 protulisset
938 4195 952 4234 :
983 4194 1082 4235 sua
1136 4188 1317 4234 tamen
1366 4195 1611 4252 praeroga

1913 4192 2163 4247 turaliter
2194 4191 2338 4245 inest
2364 4187 2473 4242 Deo
2501 4195 2555 4240 et
2585 4184 2754 4247 Patri,
2790 4190 2845 4236 et
2879 4175 3251 4235 essentialiter
3279 4172 3420 4226 insi-

93 4280 193 4329 ί³¹¹¹
227 4274 283 4330 i"
324 4273 1010 4347 δεπενδίῖδυδθθηθίίίίεν
1060 4289 1224 4345 quam
1264 4274 1318 4328 ίη
1381 4276 1725 4345 ειυιιηιεοιιηο
1835 4293 1926 4341 tus
1957 4292 2073 4349 est,
2124 4289 2184 4338 ut
2212 4279 2285 4334 ita
2331 4277 2612 4339 dicamus,
2660 4281 2714 4328 et
2765 4266 3169 4325 indivisibiliter
3197 4279 3266 4318 ex
3303 4262 3423 4332 ipso

92 4380 193 4435 qna
217 4369 348 4422 aliis
385 4383 648 4436 semper
684 4367 858 4421 salva.
900 4367 967 4421 Et
1010 4370 1079 4423 de
1107 4369 1472 4439 abnegatione
1503 4371 1726 4441 quidem
1838 4374 2164 4448 procedens,
2219 4367 2546 4425 naturaliter
2598 4364 2745 4420 inest
2802 4368 2857 4417 et
2908 4358 3067 4421 Filio,
3124 4365 3181 4410 et
3234 4367 3424 4448 essen-

85 4462 443 4529 scbismatis,
476 4474 544 4519 et
569 4461 965 4531 recognitione
997 4462 1271 4532 primatus
1295 4464 1610 4533 apostolica:
1645 4479 1735 4520 sc-
1840 4443 2041 4524 tialiter
2097 4465 2148 4522 ei
2206 4462 2406 4517 insitus
2456 4469 2563 4525 est,
2612 4467 2668 4512 et
2722 4451 3126 4511 indivisibillter
3189 4460 3258 4501 ex
3306 4443 3425 4514 ip:o

88 4553 191 4618 dis,
219 4566 384 4612 tanta
416 4558 551 4613 sint
610 4554 792 4610 dicta.
1847 4559 2105 4636 procedit.
2141 4549 2505 4612 Profunditur
2532 4550 2751 4623 quidem
2782 4556 2837 4602 et
2860 4542 3126 4636 procedit,
3162 4534 3427 4610 quemad-

148 4648 453 4715 Quouiam
494 4657 718 4705 autem
748 4647 978 4703 multum
1006 4648 1317 4706 schismatis
1347 4660 1561 4722 tempus
1610 4654 1737 4725 Opi-
1844 4634 2064 4709 modum
2096 4666 2126 4705 a
2177 4650 2344 4713 fonte,
2395 4647 2507 4701 Deo
2541 4652 2597 4699 et
2617 4641 2777 4697 Patre
2811 4657 2828 4696 :
2855 4634 3202 4711 profunditur
3240 4635 3426 4725 autem

85 4739 307 4797 nionem
343 4740 736 4813 quibusdam
770 4755 967 4795 vanam
1001 4750 1056 4796 et
1101 4739 1296 4797 falsam
1338 4745 1549 4811 tribuit,
1591 4724 1736 4817 quod
1769 4735 1814 4794 Ι)
1844 4757 1898 4804 et
1930 4746 1999 4803 ab
2029 4745 2149 4816 ipso
2173 4740 2336 4807 Filio,
2375 4736 2838 4812 quemadmodum
2879 4749 2908 4788 a
2933 4731 3103 4793 fonte,
3138 4726 3288 4783 velut
3319 4724 3431 4781 uti-

74 4833 143 4889 sit
196 4836 407 4906 aliqua
469 4833 826 4891 din'erentia
880 4834 1196 4905 dogmatum
1256 4835 1399 4890 inter
1445 4848 1739 4912 utramque
1843 4856 1950 4913 que
1978 4849 2031 4896 et
2061 4853 2125 4895 ex
2157 4838 2279 4909 ipso
2319 4826 2436 4889 Deo
2465 4842 2518 4888 et
2542 4832 2722 4886 Patre.
2772 4828 2877 4883 Sed
2906 4826 3034 4881 licet
3086 4823 3250 4877 Pater
3305 4818 3430 4875 (0118

73 4928 427 5002 Ecclesia-tt,
465 4931 754 4988 Graecam
797 4929 1048 4986 videlicet
1088 4942 1141 4986 et
1176 4930 1454 5001 Latinam,
1517 4946 1739 5008 propter
1846 4934 2086 5004 Spiritus
2108 4930 2200 4995 sit,
2235 4936 2287 4983 et
2329 4923 2506 4981 Filius
2535 4922 2657 4979 fons
2688 4919 2933 5002 Spiritus
2972 4917 3042 4972 sit
3061 4932 3089 5008 ;ﬁ
3108 4930 3215 4970 non
3249 4923 3431 5008 tamen

66 5021 118 5077 in
153 5024 456 5097 Syntbolo
506 5023 746 5078 factam
779 5022 1111 5079 additionem
1143 5040 1241 5095 per
1280 5005 1581 5084 Romanam
1622 5005 1741 5087 -Εεο
1845 5028 1956 5084 duo
1980 5023 2160 5079 fontes
2184 5020 2422 5092 Spiritus
2444 5014 2756 5074 suntPater
2776 5021 2832 5069 et
2853 5011 3046 5067 Filius.
3075 5007 3253 5063 Unum
3281 5005 3430 5062 enim

68 5114 299 5170 clesiam
333 5132 351 5167 :
384 5122 665 5186 oportet
687 5112 899 5180 utique,
953 5128 1055 5169 nos
1099 5114 1342 5170 libellum
1392 5118 1512 5173 litlei
1571 5134 1740 5190 expo-
1852 5120 2056 5174 fontem
2086 5117 2323 5188 Spiritus
2352 5113 2566 5168 Patrem
2590 5121 2644 5166 et
2664 5108 2865 5165 Filium
2896 5106 3070 5162 lidelis
3086 5116 3138 5159 et
3163 5104 3248 5174 pia
3273 5098 3436 5157 intel-

59 5217 213 5271 nere,
243 5221 322 5262 ex
360 5221 503 5278 quo
544 5211 758 5259 vestra
791 5201 901 5259 Deo
928 5204 1218 5275 magniﬁca
1256 5207 1510 5275 altitudo,
1546 5219 1601 5265 et
1632 5220 1742 5266 tota
1851 5211 2074 5283 ligentia
2111 5218 2256 5266 tenet
2292 5225 2307 5264 :
2336 5218 2389 5263 et
2416 5214 2636 5278 propter
2663 5205 2774 5259 boc
2796 5214 3144 5258 communem
3176 5194 3352 5250 Patris
3380 5199 3437 5246 et

62 5291 327 5353 Romana
367 5297 707 5359 Ecclesia,
737 5305 1052 5366 cognoscet,
1087 5297 1233 5367 quod
1257 5299 1403 5354 nulla
1433 5299 1747 5359 dm'erentia
1854 5304 1976 5361 Filii
2006 5301 2268 5375 Spiritum
2294 5310 2548 5356 sanctum
2573 5297 2832 5353 Ecclesiae
2852 5291 3149 5350 luminaria
3174 5295 3226 5341 et
3250 5287 3438 5341 docto-

49 5387 175 5442 lidei
219 5400 318 5446 est
357 5390 473 5455 iis,
537 5386 667 5459 qui
702 5385 1022 5458 Symbolum
1068 5390 1230 5459 primi
1264 5391 1467 5447 Nicmni
1529 5395 1746 5451 concilii
1859 5410 1949 5452 res
1975 5395 2431 5465 tbeologizarunt.
2468 5393 2625 5447 Sicut
2658 5392 2803 5445 enim
2833 5389 2899 5442 de
2923 5380 3227 5441 sulstantia
3258 5377 3439 5431 Patris

49 5474 274 5547 legunt,
332 5491 403 5538 et
443 5482 571 5552 qui
643 5478 972 5549 Symbolum
1028 5479 1618 5556 Constantinopolitani
1655 5504 1746 5545 se-
1857 5489 2184 5546 naturaliter
2210 5486 2451 5557 Spiritus
2499 5493 2604 5547 est,
2644 5484 2725 5539 sic
2763 5489 2819 5537 et
2866 5495 2930 5534 ex
2963 5474 3275 5532 substantia
3313 5468 3435 5526 Filii

44 5573 221 5629 randi
270 5573 558 5632 concilii
636 5572 973 5642 praedicant,
1007 5586 1065 5628 et
1095 5576 1187 5642 iis,
1220 5577 1315 5648 qui
1373 5578 1481 5634 hoc
1518 5579 1752 5652 Symbo-
1858 5581 2184 5637 naturaliter
2211 5577 2447 5650 Spiritus
2500 5584 2583 5632 est
2614 5592 2629 5632 :
2666 5584 2722 5630 et
2771 5574 2911 5627 sicut
2942 5564 3244 5624 secundum
3310 5563 3442 5652 sub-

48 5661 192 5731 lum,
238 5669 421 5737 quod
467 5682 506 5720 a
548 5666 829 5719 Romana
861 5665 1108 5723 Ecclesia
1159 5668 1376 5739 legitur,
1435 5651 1568 5726 cum
1597 5670 1752 5729 addi-
1861 5673 2118 5729 stantiam
2140 5669 2357 5726 exsistit
2386 5666 2478 5722 Dei
2510 5676 2564 5721 et
2587 5664 2783 5727 Patris,
2812 5661 2887 5715 ita
2917 5668 2973 5714 et
2992 5654 3292 5713 secundum
3310 5651 3442 5709 sub-

37 5757 199 5816 “003
227 5768 696 5818 νθηετεηιυΐο
1862 5766 2116 5823 stantiam
2151 5762 2277 5818 Filii
2321 5761 2538 5817 exsistit
2571 5776 2585 5813 :
2618 5766 2671 5812 et
2719 5764 2780 5811 ut
2833 5750 3089 5825 proprius
3145 5756 3234 5804 est
3261 5760 3443 5803 essen-

109 5852 467 5910 Credimus
510 5850 709 5909 enim
736 5848 790 5905 in
817 5864 983 5906 unum
1008 5849 1179 5907 Deum
1212 5852 1511 5928 ingenitum
1538 5856 1753 5915 Patrem
1865 5861 1956 5914 tia:
1980 5857 2265 5921 Patris,_et
2294 5870 2401 5910 non
2428 5862 2582 5908 extra
2609 5851 2755 5906 hanc
2785 5845 3086 5919 procedens
3113 5842 3167 5899 in
3191 5855 3332 5907 esse,
3365 5838 3439 5894 ita

138 6040 162 6069 ³
192 6040 396 6099 Joan.
457 6053 616 6101 xw,
666 6034 727 6091 9.
802 6035 866 6092 ³1
903 6035 1031 6094 Cor.
1060 6051 1123 6105 tt,
1160 6037 1247 6093 lt).
