3932 6580
471 497 572 559 9n
751 459 757 465 ’
1534 501 1748 566 JOAN.
1782 501 1999 566 VECCI
2035 501 2143 565 cp.
2189 473 2700 567 ruminans
3621 502 3716 567 ωδ

474 619 531 662 et
562 608 817 665 essentia:
846 607 966 666 Filii
1017 612 1272 683 proprius
1305 621 1409 680 est,
1447 621 1500 669 et
1542 630 1651 670 non
1710 628 1863 672 extra
1915 615 2056 670 hanc
2083 617 2130 675 Δ
2163 618 2267 671 turi
2289 617 2354 673 de
2374 617 2532 674 factis
2590 618 2825 690 propriis
2868 618 3135 675 rationem
3167 633 3182 671 :
3209 615 3464 687 quoniam
3513 615 3737 685 quidem.

476 699 783 769 procedens
820 700 872 755 in
899 716 1037 758 esse.
1079 700 1422 760 Naturalium
1451 704 1594 760 enim
1648 707 1918 763 bonorum
1953 704 2047 762 Dei
2169 718 2357 765 sancta
2394 709 2635 767 Ecclesia
2670 709 2917 766 Romana
2947 710 3027 767 sic
3058 710 3264 765 dicitet
3290 705 3569 778 praedicat,
3599 707 3721 762 reei-

477 802 531 846 et
556 790 736 848 Patris
777 795 1141 852 essentialiter
1168 797 1439 854 exsistens
1474 797 1648 855 Filius
1679 802 2053 857 communica-
2167 801 2352 871 pimus
2386 802 2499 857 haec
2524 813 2577 857 et
2602 803 2951 868 conﬁtemur,
2988 802 3251 872 quoniam
3281 806 3600 855 sanctorum
3628 798 3719 853 Pa-

480 893 588 948 tor,
639 883 796 939 habet
831 883 1118 957 Spiritum,
1169 888 1314 944 sicut
1346 890 1726 962 unusquisque
1778 904 2048 957 nostrum,
2167 903 2309 950 trum
2345 894 2541 951 divina:
2578 897 2864 967 scriptura:
2896 897 3010 967 ipsa
3032 894 3337 950 continent.

481 974 760 1044 proprium
802 976 855 1031 in
897 977 1077 1048 seipse
1118 980 1404 1036 continens
1436 982 1712 1053 spiritum,
1747 993 1800 1039 et
1826 1000 1892 1042 ex
1925 986 2052 1040 inti-
2240 985 2376 1042 Cum
2405 996 2586 1043 autem
2615 990 2814 1044 iterum
2841 1002 2965 1043 cum
2991 986 3584 1057 suprascriptissancta
3610 997 3723 1053 apo-

484 1066 589 1122 tnis
619 1068 922 1124 visceribus
970 1069 1036 1125 ad
1068 1080 1217 1126 extra
1252 1073 1530 1144 profundit
1568 1076 1771 1146 ipsum.
1821 1076 2054 1148 Propter
2168 1079 2369 1135 stolica
2423 1079 2669 1136 Ecclesia
2705 1081 2953 1137 Romana
2989 1080 3122 1134 dicit
3183 1091 3237 1134 et
3273 1078 3557 1149 praedicat.
3596 1074 3722 1143 quod

481 1158 625 1225 quod
657 1167 708 1212 et
763 1161 1126 1230 corporaliter
1166 1163 1346 1233 ipsum
1404 1164 1688 1236 discipulis
1735 1165 2052 1232 insulﬂavit,
2170 1181 2380 1240 septem
2421 1180 2553 1227 sunt
2596 1172 2964 1227 ecclesiastica
2992 1180 3358 1232 sacramenta,
3414 1170 3722 1237 baptismns,

483 1247 611 1315 quia
635 1248 993 1320 inspiratione
1023 1252 1143 1308 Filii
1168 1254 1429 1325 Spiritum
1449 1260 1720 1323 novimus,
1749 1268 1805 1312 et
1828 1274 2051 1314 sensum
2176 1263 2242 1318 de
2273 1277 2381 1333 quo
2405 1263 2609 1319 dictum
2645 1276 2729 1320 est
2764 1280 2967 1335 supra;
3002 1272 3403 1319 sacramentum
3457 1260 3729 1314 conﬁrma.

482 1339 683 1406 Christi
741 1342 1003 1414 Spiritum
1026 1363 1147 1402 esse
1191 1348 1259 1403 ah
1310 1349 1571 1419 Apostolo
1618 1351 1794 1407 edocti
1843 1366 2054 1409 sumus.
2170 1357 2361 1421 tionis,
2400 1355 2545 1427 quod
2579 1372 2672 1426 per
2700 1356 3312 1427 manusimpositionem
3342 1353 3589 1424 episcopi
3618 1367 3728 1406 con-

482 1429 821 1488 L'ndeuuam
853 1450 974 1491 esse
996 1439 1318 1494 catholicam
1352 1450 1402 1494 et
1427 1452 1668 1497 sanctam
1702 1444 2054 1514 apostolicam
2172 1449 2354 1504 ferunt
2384 1448 2738 1503 chrismando
2787 1457 3045 1514 renatos;
3088 1445 3433 1516 pmnilentia,
3498 1441 3727 1496 euchari-

484 1523 785 1581 Ecelesiam
838 1530 1179 1597 conﬁtentes,
1220 1532 1271 1586 in
1305 1549 1407 1604 qua
1452 1550 1619 1590 unum
1676 1537 1840 1593 datur
1886 1539 2061 1611 bapti-
2173 1541 2730 1606 stia,sacrame'utum
2768 1539 2999 1603 ordinis,
3026 1537 3460 1596 matrimonium,
3494 1543 3549 1589 et
3577 1543 3730 1588 extre-

486 1632 625 1686 Smai
659 1630 710 1674 ει
747 1636 873 1675 Vere
896 1624 1149 1679 remissio
1176 1627 1419 1681 omnium
1458 1641 1832 1699 peccatorum,
1883 1622 2065 1690 tribus
2176 1648 2266 1689 ma
2300 1633 2507 1698 unctio,
2560 1648 2684 1700 quae
2740 1632 3042 1686 secundum
3081 1632 3387 1686 doctrinam
3455 1626 3517 1681 Β.
3564 1624 3729 1680 Jacobi

483 1712 757 1782 personis,
790 1714 997 1771 scilicet
1021 1714 1186 1785 Patri,
1216 1728 1269 1775 et
1296 1717 1455 1783 Filio.
1503 1727 1557 1775 et
1588 1720 1811 1793 Spiritui
1842 1735 2058 1793 sancto,
2174 1725 2579 1782 inﬁrmantibus
2609 1724 2897 1781 exhibetur
2931 1742 2945 1780 :
2982 1724 3215 1780 dicimus
3259 1732 3314 1778 et
3351 1721 3424 1777 de
3474 1721 3543 1776 iis
3589 1719 3727 1774 hac:

487 1805 542 1859 in
579 1807 777 1876 quibus
807 1817 855 1862 et
886 1809 954 1864 ad
986 1825 1125 1879 quas
1157 1826 1416 1876 personas
1447 1812 1809 1884 haptizamur,
1832 1815 2058 1883 gloriam
2174 1820 2513 1891 Baptismum
2572 1819 2868 1889 recipimus
2897 1858 2911 1882 .
2969 1827 3024 1873 et
3084 1818 3434 1878 conﬁtemur,
3493 1814 3631 1868 sicut
3659 1825 3731 1865 se-

487 1898 796 1969 rel’erinms,
816 1902 959 1958 sicut
987 1904 1077 1959 uni
1120 1904 1270 1960 Deo:
1306 1919 1356 1962 et
1398 1907 1544 1979 ipsas
1580 1919 1688 1966 tres
1720 1926 1841 1967 esse
1858 1926 2063 1982 cogno-
2178 1912 2416 1966 cundum
2483 1909 2920 1965 conﬁrmationis
2973 1916 3405 1970 sacramentum,
3460 1905 3584 1959 licet
3610 1901 3730 1974 apud

488 2002 704 2049 scentes
735 2010 1022 2066 personas,
1056 2015 1223 2055 unum
1261 1999 1428 2055 Deum
1462 2003 1885 2074 omnipotentem
1914 2006 2061 2076 ipsas
2095 2054 2133 2076 η
2182 2001 2479 2058 Ecclesiam
2540 2001 2846 2057 Romanam
2905 2017 2999 2073 per
3052 2000 3458 2071 impositionem
3497 2009 3731 2051 manuum

493 2087 903 2155 cognoscimus,
943 2099 1221 2162 totamque
1275 2093 1329 2147 in
1368 2093 1633 2150 Ttinitate
1678 2097 1931 2153 deitatem
1966 2084 2032 2154 co
2095 2054 2135 2110 Β
2170 2096 2269 2149 soli
2306 2094 2547 2164 episcOpi
2587 2093 2875 2149 conferant
2924 2090 3277 2148 chrismando
3308 2099 3560 2151 renatos,
3613 2085 3730 2156 apud

491 2176 1237 2248 essentiaiem,comternam,
1262 2187 1869 2257 etcoomnlpotcntem;
1905 2188 2067 2245 unius
2171 2201 2270 2242 nos
2294 2196 2475 2242 autem
2543 2185 2917 2241 indiﬂ‘erenter
2968 2184 3173 2256 praelati
3209 2192 3262 2238 et
3310 2180 3611 2253 presbyteri
3649 2179 3735 2232 hoc

492 2266 797 2338 dignitatis,
832 2274 995 2330 unius
1035 2278 1313 2345 potentiae,
1350 2280 1516 2335 unius
1546 2282 1867 2348 voluntatis,
1903 2283 2069 2336 unius
2171 2280 2380 2338 faciunt
2418 2298 2432 2335 :
2465 2288 2643 2335 tamen
2676 2295 2777 2334 nos
2830 2293 2950 2333 eam
2991 2293 3112 2347 qua:
3158 2276 3424 2329 hactenus
3461 2270 3603 2341 apud
3653 2285 3735 2324 nos
3806 2318 3814 2333 η

497 2364 859 2432 operationis,
912 2368 1186 2436 singulam
1218 2380 1423 2426 sancta:
1463 2369 1747 2429 Trinitatis
1775 2389 2068 2443 personam
2172 2362 2394 2429 obtenta
2416 2372 2519 2428 fuit
2543 2371 2905 2438 consuetudo,
2936 2370 2990 2424 in
3022 2370 3137 2439 ipsa
3162 2368 3517 2441 ordinatione
3542 2376 3736 2418 conser-

491 2451 663 2508 Deum
696 2456 937 2526 plenum,
969 2467 1018 2514 et
1053 2459 1354 2530 perfectum
1389 2462 1767 2532 praedicantes,
1804 2473 1859 2520 et
1898 2465 2069 2519 couli-
2174 2477 2387 2532 vantes,
2425 2466 2570 2535 quod
2608 2480 2638 2520 a
2672 2464 2916 2519 Romana
2964 2461 3207 2517 Ecclesia
3257 2473 3429 2528 super
3489 2458 3603 2527 ipsa
3658 2452 3733 2515 εἱιν

493 2555 691 2603 tentes.
720 2548 786 2603 Et
824 2549 899 2604 ita
929 2552 1238 2618 credentes,
1293 2553 1521 2624 gloriam
1564 2555 1851 2613 oderimus
1899 2556 2068 2621 Patri,
2173 2557 2625 2614 sanctiﬁcativum
2657 2567 2711 2612 et
2728 2555 3082 2627 prrfectivum
3110 2568 3233 2609 esse
3262 2550 3613 2604 conﬁtemur.
3632 2544 3738 2598 Pe:-

494 2637 723 2706 gloriam
756 2638 1040 2699 oderimus
1067 2642 1227 2710 Filio,
1258 2646 1487 2714 gloriam
1524 2647 1810 2706 oderimus
1841 2648 2071 2722 Spiritui
2174 2653 2463 2710 nitentiam
2508 2663 2562 2707 et
2588 2652 2761 2722 ipsam
2794 2649 3181 2719 atuplcctet’ttes
3215 2642 3549 2701 conﬁtemur
3578 2649 3632 2691 et
3670 2650 3737 2689 re-

495 2740 707 2787 saucto.
760 2731 1054 2791 Credimus
1119 2752 1303 2792 veram
1362 2743 1820 2796 resurrectionem
1873 2757 2074 2816 nostra:
2176 2748 2431 2816 cipimus.
2473 2743 2875 2800 Eucharistiam
2921 2750 2974 2796 ct
3008 2742 3179 2810 ipsum
3218 2740 3621 2791 saczamentum
3648 2726 3738 2781 Eu-

494 2824 700 2890 carnis,
720 2840 882 2895 quam
914 2828 970 2882 in
1002 2831 1253 2899 praesenti
1288 2830 1391 2885 tita
1416 2841 1715 2904 gestamus,
1741 2842 1794 2889 et
1825 2813 2069 2890 futuram
2178 2813 2474 2903 rliaristiie,
2504 2851 2599 2908 per
2619 2844 2861 2890 sanctam
2890 2832 3180 2888 Ecclesiam
3213 2828 3526 2882 Romanam
3554 2839 3615 2877 ex
3636 2834 3741 2890 azy-

493 2916 984 2989 vitam,:cternam,
1011 2934 1323 2996 perpetuam
1357 2938 1759 2998 exspectamus.
1788 2930 2076 2988 Credimus
2181 2947 2271 2988 mo
2328 2944 2468 3002 pane
2524 2927 2860 2991 confectum,
2914 2923 3218 2981 secundum
3258 2920 3433 2990 ipsius
3485 2916 3737 2983 antiquam

494 3012 659 3066 etiam
701 3011 878 3083 ipsum
925 3024 978 3068 ct
1014 3033 1179 3070 unum
1212 3017 1378 3072 Deum
1413 3031 1690 3076 auctorem
1723 3038 1846 3079 esse
1875 3034 1927 3080 ct
1962 3025 2073 3080 Do-
2178 3022 2629 3082 consuetudinem
2663 3036 2760 3091 per
2794 3019 2967 3089 ipsam
2996 3018 3262 3072 hactenus
3315 3019 3648 3067 veneratam,
3681 3003 3742 3057 si-

494 3103 708 3158 minum
741 3107 1191 3177 omnipotentem,
1222 3109 1433 3167 \‘cteris
1471 3125 1524 3168 et
1550 3113 1683 3170 Novi
1715 3115 2072 3185 Testamenti,
2188 3118 2387 3173 militer
2411 3116 2562 3181 illud,
2594 3116 2736 3184 quod
2770 3128 2865 3183 per
2897 3126 2997 3165 nes
3030 3109 3316 3163 conﬁcitur
3357 3109 3737 3158 sacramentum

492 3199 889 3270 praphetarum
941 3211 994 3256 et
1025 3206 1404 3273 apostolorum
1445 3224 1458 3260 :
1495 3207 1547 3261 in
1601 3206 1867 3265 Trinitate
1908 3228 2075 3267 unum
2181 3208 2414 3264 dicimus
2462 3220 2585 3261 esse
2627 3204 2988 3267 indistanter;
3037 3199 3322 3253 credentes
3352 3205 3407 3249 et
3446 3210 3550 3248 nos
3585 3192 3739 3259 ipsum

496 3294 775 3366 cognitum
827 3294 993 3352 Deum
1045 3298 1429 3355 benedicentes
1470 3316 1616 3358 nunc
1648 3310 1700 3358 et
1751 3304 1802 3357 itt
1857 3307 2076 3361 saecula.
2181 3316 2433 3373 azymum
2477 3313 2668 3368 panem
2722 3298 2777 3351 in
2821 3295 2940 3366 ipso
2983 3308 3138 3349 sacro
3184 3290 3363 3345 cilicio
3406 3282 3741 3373 Eucharistite

493 3389 691 3444 Amen.
728 3387 791 3445 Et
818 3389 923 3446 hoc
945 3389 1164 3461 quidem
1198 3408 1370 3463 usque
1397 3396 1451 3448 in
1484 3402 1719 3452 tantum.
2106 3399 2147 3457 (Σ
2185 3372 2308 3450 vere
2336 3389 2847 3449 transsubstantiari
2872 3384 2931 3441 in
2968 3398 3164 3455 corpus
3188 3381 3402 3437 Domni
3440 3379 3606 3434 nostri
3633 3372 3739 3428 lese

571 3478 653 3536 Ex
679 3497 789 3551 quo
822 3494 1005 3538 autem
1060 3484 1248 3540 sancta
1297 3484 1544 3543 Romana
1581 3488 1822 3546 Ecclesia
1855 3501 2075 3564 propter
2181 3488 2406 3553 Christi,
2435 3496 2488 3541 et
2515 3486 2698 3539 vinum
2740 3483 2791 3536 in
2825 3482 3141 3551 sanguinem
3172 3477 3292 3547 ejus
3318 3491 3414 3545 per
3447 3487 3602 3528 suam
3630 3482 3739 3564 sart-

498 3575 744 3632 diversos
780 3593 1017 3645 errores,
1059 3595 1089 3635 a
1114 3581 1439 3651 quibusdam
1500 3600 1562 3639 ex
1616 3557 1973 3655 ignorantia;
2006 3589 2078 3644 ab
2178 3577 2412 3634 etissimi
2447 3575 2686 3645 Spiritus
2721 3576 2975 3628 virtutem
3004 3580 3059 3624 et
3111 3569 3524 3634 operationem;
3550 3577 3577 3615 a
3607 3557 3739 3612 nobis

500 3669 627 3726 aliis
657 3686 723 3726 ex
762 3690 790 3723 n
817 3671 967 3728 alitia
999 3676 1360 3738 introductos,
1404 3676 1536 3731 dicit
1577 3686 1630 3731 et
1657 3678 1920 3747 praedicat
1956 3694 2076 3745 eos,
2116 3678 2146 3695 ’
2182 3672 2382 3728 iterum
2420 3684 2486 3723 ex
2541 3666 2864 3723 fermentato
2896 3662 3203 3719 confectum
3243 3673 3400 3728 ρεηθι
3455 3665 3740 3708 Sacram”

496 3764 593 3836 qui
630 3774 753 3835 post
796 3765 1124 3835 baptismum
1170 3768 1224 3821 in
1262 3778 1482 3837 peccata
1518 3768 1795 3836 labuntur,
1829 3786 1935 3826 non
1990 3786 2080 3826 re-
2185 3777 2298 3821 tum
2339 3762 2502 3818 etiam
2539 3760 2671 3814 illud
2708 3759 3113 3830 cognoscillllis-
3145 3751 3316 3820 .ουοά
3346 3760 3397 3804 ει
3434 3756 3739 3804 ⁰⁰¹¹εθη³⁰⁶

500 3855 886 3926 baptizandos,
938 3858 1030 3913 sed
1067 3873 1160 3928 per
1195 3873 1378 3914 veram
1426 3861 1805 3929 pmnitentiam
1852 3877 2076 3918 suorutn
2184 3870 2267 3916 tes
2295 3860 2441 3914 sicut
2478 3872 2509 3912 a
2542 3853 2812 3925 principio
2862 3852 3023 3907 nobis
3058 3848 3320 3904 traditum
3354 3845 3661 3900 :credimus
3680 3837 3741 3892 si-

495 3963 659 4019 posse
689 3951 951 4021 consequi
981 3950 1193 4005 veniam
1226 3961 1597 4038 peccatqrum,
1629 3963 1683 4010 ct
1711 3956 1757 4010 si
1782 3970 1907 4012 vere
1958 3971 2076 4028 pm-
2186 3956 2392 4013 utiliter
2416 3955 2593 4026 ipsum
2623 3967 2817 4023 panem
2853 3963 2979 4006 vcte
3023 3942 3535 4003 tt'aussubstantiari
3570 3939 3620 3991 in
3640 3948 3741 4038 cor-

501 4041 741 4097 nitentes
771 4039 823 4096 in
852 4042 1119 4097 charitate
1161 4025 1520 4113 decesserint,
1552 4056 1843 4119 antequam
1897 4025 2077 4119 dignis
2188 4066 2310 4120 pus,
2356 4058 2411 4103 et
2440 4025 2629 4105 vinum
2690 4044 2745 4099 in
2797 4041 3120 4111 sanguinem
3163 4036 3377 4091 Domini
3430 4029 3603 4087 nostri
3635 4025 3737 4120 Jestt

498 4133 835 4203 paenitentiae
877 4136 1147 4190 fructibus
1176 4135 1240 4192 de
1273 4139 1583 4194 commissis
1619 4116 1988 4196 satisfecerint
2024 4152 2081 4196 et.
2188 4116 2399 4199 iLhristi
2430 4157 2527 4212 per
2560 4135 2894 4195 sanctissimi
2927 4132 3186 4202 Spiritus,
3214 4137 3272 4183 ut
3299 4126 3510 4180 dictum
3531 4128 3629 4212 est.
3654 4116 3742 4168 νίν·

500 4224 746 4289 omissis,
780 4241 968 4281 eorum
991 4227 1205 4282 animas
1233 4229 1284 4282 in
1315 4229 1437 4299 igne
1463 4230 1761 4300 purgatorii
1790 4240 1911 4302 post
1934 4246 2083 4287 mor—
2187 4245 2358 4292 tatem
2413 4209 2469 4289 et
2525 4231 2921 4303 operationem.
2978 4222 3396 4280 Sacramentum
3456 4209 3741 4303 ordinisuei

502 4326 612 4371 tem
646 4322 903 4387 purgari;
958 4329 1013 4373 et
1042 4319 1108 4374 ad
1139 4298 1355 4390 pa'uas
1391 4298 1704 4393 hujusmodi
1756 4298 2080 4380 relevandas
2187 4336 2365 4397 ipsum
2405 4298 2795 4395 amplectentes
2827 4321 3155 4374 conﬁtemur
3189 4322 3243 4371 et
3278 4308 3597 4383 recipimus.
3649 4298 3740 4353 11³·

501 4409 766 4479 prodesse
799 4410 867 4464 iis
900 4408 1139 4463 ﬁdelium
1172 4411 1417 4466 vivorum
1446 4412 1733 4483 sulIragia,
1785 4413 2079 4469 Missurum
2189 4418 2530 4480 trimonium,
2590 4416 2656 4469 de
2684 4427 2796 4484 quo
2847 4419 2996 4466 tenet
3054 4409 3169 4478 ipsa
3221 4404 3465 4461 Ecclesia
3507 4402 3737 4455 Romam.

500 4501 712 4558 scilicet
762 4503 1052 4565 sacriﬁcia,
1110 4505 1407 4569 orationes,
1464 4504 1839 4579 eleetnosyuas
1890 4514 1945 4560 et
1981 4504 2082 4559 alia
2186 4508 2337 4580 quod
2372 4524 2472 4563 nec
2515 4522 2656 4561 unus
2688 4508 2769 4559 vir
2798 4504 2983 4573 plures
3015 4513 3216 4554 uxores
3268 4495 3458 4560 simul,
3515 4504 3611 4546 nec
3651 4497 3736 4539 υιιι

501 4594 722 4666 pietatis
751 4594 949 4659 cilicia,
997 4612 1119 4667 qua:
1164 4612 1191 4649 a
1221 4596 1475 4653 ﬁdelibus
1508 4598 1625 4651 ﬁeri
1674 4608 2082 4652 consueverunt
2192 4603 2389 4659 mulier
2429 4599 2591 4655 simul
2622 4596 2827 4652 habere
2866 4593 3198 4665 permittitur
3224 4590 3408 4657 plures
3456 4585 3633 4648 viros;
3665 4592 3737 4634 so-

505 4688 809 4743 secundum
868 4678 1444 4758 Εουὶεδὶωἷηεϋῑνῑμ
1500 4702 1556 4748 et
1608 4691 1823 4747 illorum
1861 4691 2080 4761 quidem
2118 4755 2153 4761 _
2194 4696 2305 4750 luta
2366 4708 2492 4749 vero
2546 4692 2657 4758 lege
2712 4685 3046 4743 matrimonii
3112 4700 3204 4753 per
3257 4690 3488 4735 mortem
3546 4673 3732 4732 θηετίίιε

504 4779 740 4845 animas,
770 4795 890 4851 qua:
939 4791 1064 4850 post
1111 4797 1329 4837 sacrum
1389 4755 1722 4853 baptismum
1769 4755 2083 4854 susceptum
2118 4755 2164 4811 θ
2194 4784 2513 4854 coniugum,
2561 4755 2853 4843 secundas,
2899 4786 2952 4831 et
2986 4775 3193 4839 tertias,
3253 4784 3305 4827 et
3334 4772 3526 4826 deinde
3554 4764 3733 4836 nuptiis

506 4869 714 4924 nullam
765 4870 990 4924 otnnino
1043 4872 1248 4942 peccati
1285 4874 1551 4928 maculam
1584 4873 1933 4937 incuriermt,
1965 4875 2086 4928 illas
2199 4878 2438 4947 legitime
2470 4874 2638 4929 factas
2666 4873 2742 4943 (5)
2777 4870 3090 4939 ευερθεδίιβ
3147 4867 3324 4920 licitas
3374 4880 3497 4919 esse
3522 4863 3662 4923 dicit,
3697 4855 3731 4909 si

513 4967 703 5033 etiam,
738 4984 860 5038 quae
888 4977 1011 5036 post
1043 4968 1370 5038 baptismum
1403 4970 1669 5024 maculam
1704 4969 1914 5039 peccati
1950 4983 2085 5022 con-
2198 4969 2649 5039 impedimentum
2692 4962 3042 5025 canonicum,
3097 4971 3151 5014 et
3191 4974 3359 5014 causa
3396 4958 3496 5011 alia
3533 4968 3629 5008 non
3656 4950 3731 5003 ob-

512 5070 839 5125 traxcruut,
888 5061 970 5116 vel
1024 5062 1075 5115 in
1124 5063 1240 5117 suis
1276 5072 1558 5118 manentes
1611 5063 1966 5133 corporibus}.
2007 5062 2088 5114 νει
2197 5062 2357 5117 sistat
2393 5079 2405 5114 :
2445 5058 2743 5127 recipimus
2795 5055 2985 5110 eodem
3039 5052 3224 5116 modo,
3271 5051 3425 5105 etde
3468 5052 3574 5118 ipso
3618 5043 3728 5098 idem

512 5153 717 5210 eisdem
748 5163 945 5221 exutae,
979 5155 1122 5210 sicut
1146 5156 1400 5227 superius
1434 5156 1641 5211 dictum
1671 5167 1774 5222 est,
1797 5167 1928 5212 sunt
1953 5173 2087 5228 pur-
2199 5154 2437 5209 dicimus
2457 5167 2557 5206 nos
2604 5148 2912 5203 Extremam
2938 5149 3249 5202 unctionem
3283 5144 3447 5198 ειίὲηι
3472 5141 3630 5210 ipsa“
3659 5148 3727 5228 τε·

517 5260 676 5321 gataz,
711 5264 835 5303 mox
868 5248 919 5302 iu
955 5249 1179 5304 caeleste
1211 5264 1437 5319 regnum
1471 5250 1641 5318 recipi
1683 5267 1695 5303 :
1739 5227 1964 5304 illorum
1988 5266 2089 5302 ³ης
2203 5246 2460 5316 cipimus,
2493 5243 2745 5300 similiter
2776 5256 2898 5295 cum
2930 5238 3073 5303 aliis,
3109 5252 3230 5307 quae
3283 5247 3336 5291 et
3371 5251 3403 5290 a
3448 5227 3728 5321 nobisccle-

516 5318 622 5399 tetu
674 5342 911 5407 animas,
982 5341 1074 5411 qui
1112 5355 1237 5394 cum
1289 5341 1506 5394 mortali
1543 5350 1787 5409 peccato,
1822 5340 1900 5393 \‘cl
1962 5357 2087 5394 cum
2200 5342 2348 5394 hrata
2376 5336 2774 5408 cptapapadum
2795 5331 2871 5404 (6)
2891 5330 3228 5386 nominatur.
3254 5326 3432 5382 Unum
3454 5318 3723 5415 summatis!

519 5437 635 5492 solo
664 5435 915 5505 originali
967 5433 1258 5496 decedunt,
1304 5448 1429 5487 mox
1468 5433 1522 5487 in
1554 5432 1828 5487 infernum
1860 5434 2091 5488 descen-
2199 5432 2446 5487 dicamus
2487 5448 2501 5484 :
2531 5444 2651 5483 cum
2695 5427 2811 5481 luce
2835 5423 3022 5479 omnia
3051 5424 3131 5477 sic
3158 5429 3464 5483 veneretur,
3489 5425 3535 5469 et

514 5529 664 5591 dere,
703 5502 878 5597 poenis
905 5524 1218 5595 disparibus
1249 5523 1590 5594 puniendos;
1622 5534 1670 5579 el
1710 5528 1854 5594 quod
1888 5524 2091 5579 uihilo-
2200 5535 2287 5579 cet
2315 5525 2457 5578 dicta
2485 5534 2674 5577 sancta
2708 5519 2949 5575 Ecclesia
2999 5514 3267 5577 Romana,
3302 5510 3563 5566 credimus
3591 5511 3637 5557 ct
3658 5502 3720 5550 di-

516 5596 717 5674 utinus
752 5620 805 5674 iu
835 5617 1139 5689 diejudicii
1171 5631 1363 5672 omnes
1411 5617 1660 5673 homines
1700 5627 1826 5673 ante
1853 5617 2096 5674 tribunal
2199 5619 2397 5682 cimus,
2426 5617 2571 5686 quod
2622 5631 2767 5676 vere,
2815 5612 3044 5666 ﬁdeliter
3072 5617 3125 5664 et
3163 5606 3465 5661 orthodoxe
3509 5600 3646 5653 docet
3680 5596 3722 5689 Ci

510 5710 720 5766 Christi
756 5726 879 5764 cum
912 5712 1028 5765 suis
1082 5708 1407 5780 corporibus
1463 5710 1877 5779 comparebunt,
1914 5710 2095 5766 reddi-
2202 5710 2461 5781 praedicat
2519 5709 2635 5778 ipsa
2669 5715 2857 5762 sancta
2918 5701 3159 5758 Ecclesia
3193 5698 3435 5752 Romana
3466 5704 3656 5747 :tautett
3681 5687 3721 5734 ει

585 5920 660 5989 (5)
702 5918 832 5973 Erat
862 5920 978 5974 sine
1028 5919 1195 5972 dubio
1237 5918 1444 5982 Graece,
1489 5918 1603 5989 XG‘tr
1638 5918 1766 5981 τοὺς
1824 5916 1947 5988 ἑξῆς
1990 5916 2089 5984 γά-

2029 5916 2089 5970 ἀ·
2281 5916 2355 5987 (6)
2393 5913 2517 5971 Cor.
2550 5912 2894 5969 eucliazleum.
2925 5907 3060 5966 Nam
3092 5905 3277 5963 Graece
3303 5902 3582 5974 εὐχέλαιον.

499 6006 678 6059 μους,
711 5993 811 6045 hoc
850 6001 955 6057 est,
986 5998 1034 6044 et
1064 5996 1430 6059 consequentes
1455 5988 1686 6059 nuptias.
