3828 6560
1894 326 1922 346 ἢ

464 460 569 521 955
636 535 640 540 ,

1487 458 1702 521 JOAN.
1744 456 1958 520 VECCI
1993 456 2105 519 (ΖΡ.
2143 455 2654 518 PATRIARCH/E

3589 460 3673 522 9ζῦ

463 567 868 638 chiepiscopum
929 567 996 623 ab
1057 567 1144 635 iis,
1206 569 1296 640 qui
1362 586 1462 626 nec
1523 573 1785 642 episcOpi,
1857 573 2021 628 multo

2130 570 2240 624 τῶν
2289 570 2365 641 μή
2398 570 2480 623 τοί
2510 588 2574 639 γε
2623 569 2947 633 ἐπισκόπου,
2973 562 3110 624 ἀλλά
3134 570 3267 641 μηδὲ
3300 570 3487 641 ἱερέως
3536 571 3673 639 ὄνομα

466 660 647 716 minus
690 661 989 716 sacerdotis
1014 661 1278 733 dignitate
1303 665 1598 737 praesigniti
1628 676 1777 730 sunt,
1804 666 2021 736 deponii

2135 661 2536 732 περικειμένων
2596 661 2987 734 καθαιρεθῆναι
3011 680 3025 729 ;
3079 661 3223 715 Ἀλλ’
3244 663 3277 732 ὴ

463 749 531 805 Ει
562 762 740 805 tamen
787 754 1048 810 adversus
1083 771 1182 810 nos
1227 758 1502 811 decretum
1552 773 1582 812 a
1629 758 1897 814 similibus
1938 774 2035 814 ex-

465 842 667 910 templo
693 844 1103 911 pronnntiatu’m
1135 855 1238 906 est.
1276 856 1330 901 et
1369 862 1531 901 nemo
1563 864 1630 903 ex
1663 849 1753 911 iis.
1787 851 1881 919 qui
1912 859 2032 903 stu-

463 948 651 1002 porem
690 935 926 989 howinis
977 937 1112 991 bene
1141 939 1363 1005 eallent,
1398 940 1562 995 dictis
1592 943 1798 997 nostris
1835 942 2025 997 adver-

462 1026 691 1081 sahitur.
737 1025 849 1097 Ego
895 1028 1254 1087 nihilominus
1297 1033 1482 1103 etjns
1535 1034 1715 1089 simile
1750 1036 1815 1090 ad
1849 1050 2031 1090 causa!

460 1117 831 1175 defensionem
884 1125 1228 1193 aptissimum
1266 1130 1602 1197 prateriens,
1638 1133 1784 1186 sicut
1831 1142 1915 1186 est
1962 1132 2031 1186 ab

460 1225 525 1264 eo
553 1220 741 1267 contra
778 1229 875 1269 nos
910 1218 1181 1271 sententia
1210 1219 1339 1285 lata,
1384 1222 1527 1274 hunc
1562 1222 1615 1275 iu
1662 1223 1883 1276 modum
1915 1239 2033 1278 res-

461 1303 693 1369 pondeo.
736 1305 817 1358 An
849 1319 932 1361 est
960 1323 1230 1363 canonum
1264 1312 1376 1365 ullo
1395 1314 1712 1382 praescripto
1739 1324 2026 1379 statutum,

458 1409 604 1453 eum,
634 1398 721 1463 qtti
756 1397 806 1451 iu
844 1402 1164 1469 occupando
1200 1404 1400 1459 throno
1430 1406 1659 1459 aemulus
1687 1416 1823 1470 erat,
1858 1424 2025 1463 unum

461 1491 856 1550 tantummodo.
893 1503 948 1548 et
993 1497 1145 1549 nullo
1195 1499 1484 1566 praesidum
1537 1499 1798 1570 snﬂ‘ragio
1831 1517 2030 1571 appro-

466 1580 673 1648 batum,
703 1586 780 1638 vel
806 1586 996 1654 plausu
1025 1600 1311 1658 exceptum
1342 1602 1529 1646 contra
1559 1609 1711 1653 eum.
1742 1595 1834 1663 qui
1873 1594 2028 1650 nullo

459 1676 722 1742 synodico
754 1677 972 1732 decreto
1003 1689 1121 1736 erat
1153 1683 1450 1749 obnoxius,
1493 1687 1824 1741 sententiam
1861 1688 2030 1755 depo-

458 1763 702 1817 sitariant
732 1766 956 1822 dicere?
987 1770 1154 1826 Dicite
1186 1788 1278 1840 per
1310 1773 1496 1837 Deum,
1523 1777 1724 1846 quibus
1753 1793 2026 1835 canonum

456 1858 762 1913 observatio
811 1860 1136 1918 demandata
1170 1874 1274 1928 est,
1319 1867 1366 1921 si
1414 1870 1718 1925 canonibus
1760 1872 1860 1926 ista
1891 1888 2027 1943 prm-

2066 1536 2081 1561 \

3357 660 3479 714 καθ*
3550 663 3673 731 ἡμῶν

2132 750 2410 820 ἀπόφασις
2441 753 2591 823 παρὰ
2622 753 2882 807 τοιούτων
2911 753 3262 824 ἑσχεδιάσθη,
3285 753 3378 806 καὶ
3408 751 3572 815 οὖδεὶς
3592 754 3672 807 τῶν
3716 766 3719 771 ‘

2131 844 2193 898 τὸ
2215 845 2541 916 ἀναίσθητον
2589 845 2682 899 τοῦ
2738 846 2931 917 άνδρδς
2950 847 3160 899 ἐκείνου
3216 847 3437 899 εἰδότων
3460 845 3582 914 πρὸς
3604 847 3671 900 sit

2134 939 2404 1010 ἡμέτερον
2462 939 2650 993 τοῦτον
2706 940 3078 1010 ἀπαντήσεται
3134 939 3311 1008 λόγον.
3352 937 3494 1005 Ἐγὼ
3530 937 3581 991 δὲ
3603 941 3672 992 καὶ

2130 1029 2192 1082 τὸ
2245 1029 2486 1083 τοιοῦτον
2520 1030 2880 1102 παρατρέχων
2918 1030 3340 1101 δικαιολόγημα.
3390 1032 3465 1093 ὡς
3509 1032 3672 1101 είπαρ’

2129 1120 2295 1173 αὐτοῦ
2344 1121 2551 1173 ἐκείνου
2581 1121 2902 1191 ἐσχεδιασοη
2937 1122 3006 1175 τὰ
3054 1122 3380 1192 καθ’ήμῶν,
3433 1121 3569 1175 οὕτω
3599 1123 3670 1193 τὴν

2130 1211 2270 1284 πρὸς
2301 1210 2472 1265 ταῦτα
2501 1211 2762 1282 ποιοῦμαι
2785 1214 3110 1283 ἀπάντησιν.
3139 1213 3448 1277 Κανονικῆς
3473 1213 3670 1284 ἑξεξχετο

2128 1300 2227 1370 τῆς
2281 1301 2547 1371 διαταγῆς
2597 1300 2686 1353 τὸν
2723 1302 2816 1353 ἐπὶ
2850 1301 2927 1371 τῷ
2971 1301 3145 1372 θρόνῳ
3165 1300 3669 1370 άντίζηλον.ἕνακαὶ

2127 1391 2302 1445 ταῦτα
2335 1392 2482 1455 ὄντα,
2511 1392 2606 1446 καὶ
2636 1392 2788 1464 παρὰ
2814 1392 3039 1462 μηδενὸς
3064 1392 3173 1445 τῶν
3203 1393 3504 1462 ἀρχιερέων
3526 1409 3671 1458 παρα-

2128 1482 2512 1551 κροτούμενον,
2566 1483 2707 1537 κατὰ
2758 1482 2852 1535 τοῦ
2889 1483 2963 1551 μή
3005 1498 3111 1535 τινι
3141 1482 3393 1550 συνοδεκῇ
3436 1483 3670 1549 ἀποῳάσει

2128 1575 2604 1651 παρακινηθέντος
2649 1574 2744 1629 τοῦ
2798 1574 3011 1642 θρόνου.
3061 1573 3285 1644 γνώμας
3318 1573 3671 1644 καθαιρετικὰς

2127 1670 2569 1736 ἁποφαὶνεσθαις
2639 1668 2843 1721 Εἴπατε
2885 1669 2933 1721 οἱ
2985 1667 3122 1737 πρὸς
3154 1666 3286 1720 Θεὸν
3325 1665 3437 1719 τῶν
3469 1666 3671 1719 κανόνων

2128 1761 2555 1829 πεπιστευμένοι
2598 1761 2698 1830 τὴν
2749 1759 2998 1831 φυλακὴν
3019 1798 3033 1824 ,
3062 1761 3111 1813 εί
3143 1759 3412 1814 κανονικὰ
3436 1758 3617 1821 ταῦτα,
3635 1764 3671 1813 εί

2125 1849 2404 1921 ἔνθεσμα,
2432 1855 2479 1907 εξ
2525 1853 2633 1907 τῶν
2683 1853 2972 1925 πατρικῶν
3021 1854 3121 1907 οὐκ
3167 1851 3349 1922 ἔξωρα
3388 1852 3668 1917 διατάξεων.

457 1946 752 2014 cipiuntur.
789 1949 833 2003 si
871 1951 993 2022 jura
1032 1954 1228 2009 similia
1262 1959 1544 2022 mandant,
1575 1961 1620 2015 si
1655 1932 2019 2020 Patrum-ista

2126 1943 2352 2007 Πάντως
2388 1944 2496 2014 γὰρ
2549 1946 2677 2009 ἔδει,
2729 1947 2776 1999 εί
2810 1945 2884 2016 μὴ
2912 1944 3100 2008 ἁπλῶς
3121 1944 3295 2015 ὄνομα
3324 1947 3375 1998 οἱ
3415 1945 3542 2016 παρ’
3568 1948 3671 2018 ἡμῖν

457 2037 942 2095 constitutionibus
986 2042 1314 2101 innituntur.
1361 2046 1612 2120 Namque
1649 2067 1877 2120 prorsus
1925 2054 2025 2109 ad-

456 2124 705 2192 decebat.
739 2131 791 2184 ni
830 2149 1025 2188 nomen
1073 2136 1249 2192 solum
1283 2140 1425 2208 apud
1465 2157 1562 2195 vos
1603 2158 1845 2199 canones
1874 2146 2029 2199 obti-

457 2228 611 2284 nent,
644 2230 737 2276 aut
763 2222 932 2289 juste,
966 2234 1083 2289 aut,
1123 2228 1217 2283 sed
1255 2229 1429 2295 aliud,
1463 2242 1654 2288 vestrae
1678 2234 1862 2303 pietati
1901 2250 2026 2303 par-

454 2325 608 2375 cens,
638 2314 853 2369 silentio
885 2326 1168 2385 praetereo,
1202 2324 1616 2390 suspensionem
1652 2325 1806 2394 prius
1829 2339 2021 2383 contra

457 2417 556 2456 nos
585 2418 613 2457 a
640 2405 793 2460 vobis
822 2407 1038 2464 decerni
1085 2427 1102 2468 :
1151 2413 1337 2480 sicque
1381 2417 1769 2472 communibus
1796 2418 2023 2474 calculis

455 2507 674 2565 propter
704 2498 946 2566 ejusdem
980 2504 1360 2560 adversantem
1405 2507 1925 2579 discordantemque
1951 2511 2021 2567 ab

454 2584 575 2640 aliis
630 2587 1046 2658 dispositionem
1101 2598 1466 2666 excogitatam
1512 2600 1693 2669 priore
1734 2601 2023 2671 reprobate

454 2680 752 2734 secundum
796 2684 848 2737 in
898 2686 1023 2740 sede
1061 2689 1414 2744 substituere.
1444 2692 1511 2746 At
1548 2708 1695 2748 nunc
1737 2707 1858 2748 cum
1887 2694 2022 2749 nihil

453 2766 560 2821 tale
588 2780 866 2838 peractum
894 2776 984 2842 sit,
1010 2777 1174 2832 surda
1197 2780 1649 2837 condemnatione
1674 2797 1775 2839 nos
1801 2783 2020 2853 quidem

453 2863 868 2933 monasterium,
896 2866 1126 2926 thronus
1174 2886 1323 2937 vero,
1360 2872 1464 2928 nisi
1495 2876 1674 2943 aptius
1701 2875 1774 2931 sit
1810 2875 2021 2942 dicere.

452 2949 646 3015 lectus,
683 2955 833 3010 illum
867 2961 1099 3029 excepit.

522 3044 576 3100 5.
618 3047 684 3100 Et
711 3048 813 3104 hoc
847 3052 1063 3120 quidem
1100 3054 1333 3123 primum
1366 3068 1554 3121 contra
1596 3060 1722 3131 jura
1764 3064 2025 3119 commiso

452 3153 573 3192 sum
611 3138 825 3197 facinus
853 3153 956 3209 est,
1009 3156 1135 3202 ante
1173 3158 1416 3204 nostram
1456 3152 1667 3209 scilicet
1706 3156 2020 3224 synodalem

451 3229 955 3309 condemnationem
1011 3249 1255 3293 nostrum
1298 3240 1354 3294 in
1398 3241 1598 3296 throno
1641 3244 1894 3299 aemulum
1933 3246 2017 3300 in-

450 3321 773 3378 tromittere.
793 3325 989 3380 Verum
1022 3328 1202 3383 oratio
1232 3344 1294 3384 ea
1328 3345 1446 3399 qua?
1470 3341 1592 3400 post
1613 3334 2021 3392 multitudinem

460 3425 847 3485 congregatatn
912 3433 1062 3489 gesta
1108 3434 1258 3488 sunt,
1319 3424 1546 3479 recolat.
1600 3423 2020 3495 Rccitabantur,

449 3508 570 3576 quae
604 3508 672 3563 ab
700 3509 832 3579 ipsis
866 3524 1062 3566 contra
1099 3531 1342 3570 canones
1384 3525 1438 3571 et
1478 3517 1782 3586 jus‘omne
1814 3535 2025 3575 nuncu-

450 3599 740 3668 pabantur,
772 3602 1181 3672 depositiones:
1222 3624 1322 3663 uos
1354 3623 1384 3663 a
1431 3609 1580 3663 nullo
1610 3621 1769 3665 antea
1810 3611 2024 3679 judi:a—

450 3698 553 3752 tos,
596 3699 851 3761 tanquam
897 3694 948 3748 in
976 3696 1140 3752 certis
1198 3714 1261 3753 ac
1300 3699 1626 3756 indubitatis
1660 3710 2020 3772 paternorum

448 3781 761 3849 dogmalum
832 3788 1378 3855 praevaricationibus
1424 3792 1907 3859 criminabantur,
1967 3806 2022 3852 ct

451 3870 738 3928 haereticos
773 3886 825 3929 et
849 3876 1155 3934 Graecorum
1185 3881 1390 3947 hostes,
1422 3897 1454 3936 ο
1480 3884 1719 3951 justitia,
1755 3895 1808 3939 et
1834 3888 2018 3941 omnia

448 3965 774 4031 aspicientes
802 3969 1014 4024 Domini
1039 3973 1213 4028 oculi!
1242 3974 1460 4043 pietatis
1496 3978 1814 4045 magistros,
1848 3988 1903 4033 ct
1925 3980 2019 4049 qui

443 4056 557 4125 jam
592 4061 749 4116 annis
787 4073 914 4118 ante
941 4064 1143 4133 elapsis
1177 4082 1331 4121 suam
1365 4084 1491 4138 erga
1524 4068 1743 4126 Graecos
1776 4071 2015 4125 benevo-

447 4148 667 4204 lentiam
717 4154 1247 4223 demonstraverant,
1297 4161 1502 4229 ubique
1563 4162 1806 4217 locorum
1845 4164 2019 4234 impn-

446 4242 638 4296 tlcnter
671 4248 1107 4303 conclamabant.
1145 4249 1281 4315 Quid
1337 4253 1521 4307 multis
1578 4255 1758 4322 opus?
1796 4255 1865 4308 ita
1906 4256 2018 4309 lure

445 4337 723 4390 enuntiata
758 4338 881 4393 vilis
914 4339 1207 4407 plebecula:
1256 4342 1459 4397 rabiem
1508 4345 1563 4398 in
1620 4362 1720 4400 nos
1772 4347 2016 4400 comita-

446 4436 595 4489 runt,
645 4438 702 4482 ut
738 4445 834 4500 per
866 4440 976 4486 tres
1004 4432 1121 4488 dies
1156 4433 1396 4501 integros
1444 4436 1709 4491 continuo
1741 4437 2013 4493 diffidere.

353 4545 355 4548 ι
447 4532 590 4578 mus.
634 4534 701 4572 an
754 4520 915 4588 cujus
971 4521 1079 4577 dici
1143 4523 1248 4576 vivi
1298 4525 1627 4580 matutinum
1674 4530 2010 4595 aspeximus,

2128 2036 2356 2097 κανόνες
2414 2035 2575 2098 είσὶν,
2601 2035 2633 2107 ἦ
2686 2036 2932 2100 δικαίως,
2960 2036 3020 2107 ἢ.
3052 2036 3189 2091 ἀλλὰ
3227 2036 3286 2090 τὸ
3315 2037 3502 2107 ἕτερον
3532 2039 3672 2104 φειδοῖ

2123 2127 2223 2197 τῆς
2263 2127 2420 2197 ὑμῶν
2477 2127 2911 2197 σεϐασμιότητος
2951 2128 3274 2193 ἀποσιωπῶ,
3310 2128 3509 2199 ἀργίαν
3544 2130 3671 2200 ἡμῶν

2124 2215 2609 2285 καταψηφίσασθαι
2667 2217 2810 2287 ὑμᾶς
2855 2218 3121 2288 πρότερον
3145 2256 3161 2279 .
3227 2220 3325 2272 καὶ
3410 2216 3548 2271 οὕτω
3599 2219 3670 2272 τδν

2124 2308 2330 2370 κοιναῖς
2373 2309 2496 2370 ταῖς
2552 2306 2777 2377 ψήφοις.
2813 2307 2902 2361 διὰ
2934 2309 2995 2361 τὸ
3060 2309 3198 2379 πρὸς
3229 2308 3329 2378 τὴν
3375 2309 3672 2385 άντίῤῥοπον

2128 2397 2443 2467 οἰκονομίαν
2498 2398 2827 2467 ἀσύμφωνον
2882 2398 3047 2451 αὐτοῦ
3100 2397 3597 2465 άποδοκιμασθέντα
3623 2402 3673 2452 τὸ

2126 2488 2275 2556 πρὶν,
2316 2488 2787 2559 άντικαταστῆσαι
2835 2487 2912 2559 τῷ
2943 2487 3117 2559 θρόνῳ
3146 2489 3238 2542 τὸν
3267 2488 3538 2559 δεύτερον.
3579 2490 3671 2544 Νῦν

2122 2578 2179 2631 δὲ
2210 2579 2455 2633 τοιούτου
2505 2582 2732 2651 μηδενὸς
2767 2583 3072 2650 γεγονότος,
3107 2584 3266 2652 κωφῇ
3309 2585 3377 2651 τῇ
3418 2582 3665 2656 καταδίκῃ

2125 2670 2270 2739 ἡμᾶς
2295 2670 2448 2740 μὲνὴ
2480 2673 2639 2743 μονὴ,
2669 2673 2697 2725 ό
2717 2672 2772 2725 δὲ
2799 2672 3006 2742 θρόνος,
3044 2674 3092 2726 εί
3124 2674 3197 2743 μή
3231 2691 3295 2740 γε
3330 2668 3675 2744 repentibu-

2126 2763 2219 2833 ρόν
2249 2764 2396 2818 ἔστιν
2429 2766 2623 2831 εἰπεῖν,
2651 2766 2683 2837 ἡ
2720 2765 2899 2835 κλίνη.
2929 2767 3139 2819 ἐκεῖνον
3162 2765 3461 2837 ἐλάμϐανε.

2201 3035 2252 3091 ἐ.
2302 3033 2598 3089 καὶτοῦτο
2637 3034 2737 3105 μὲν
2774 3033 2916 3089 οὕτω
2946 3035 3162 3107 πρῶτον
3212 3037 3301 3104 ἐφ’
3327 3038 3459 3107 ἡμῖν
3506 3038 3676 3108 γέγονε

2126 3126 2189 3183 τδ
2233 3127 2501 3198 ἀδίκημα,
2536 3129 2598 3181 τὸ
2633 3128 2738 3198 πρὸ
2768 3130 2867 3198 τῆς
2915 3129 3040 3182 καθ’
3072 3132 3104 3199 ὴ
3116 3130 3234 3197 μῶν
3267 3129 3548 3200 συνοδικῆς
3576 3133 3681 3185 δια-

2126 3223 2405 3291 γνώσεως,
2441 3224 2904 3292 άντικαταστῆναι
2954 3224 3032 3295 τῷ
3062 3224 3238 3297 θρό-.ῳ
3280 3225 3377 3303 τὸν
3414 3227 3572 3296 ἡμῶν
3602 3227 3682 3278 ἐπὶ

2124 3314 2302 3386 τούτῳ
2328 3315 2632 3386 ἀντίξηλον.
2671 3317 2731 3370 ’0
2759 3317 2816 3369 δὲ
2855 3317 3011 3385 λόγος
3038 3318 3149 3371 τῶν
3191 3319 3330 3389 μετά
3371 3320 3474 3387 τὴν
3519 3319 3684 3388 ἄθροι-

2128 3425 2214 3463 σιν
2246 3409 2339 3463 τοῦ
2366 3410 2605 3480 πλήθηυς
2640 3410 2739 3481 ήδη
2774 3410 3185 3481 ὲπιμνησθήτω.
3250 3410 3685 3478 Ἀνεγινὼσκοντο

2129 3500 2229 3571 μὲν
2259 3502 2315 3555 ai
2345 3506 2477 3573 ἰιαρ⁴
2509 3503 2692 3563 αὐτοῖς
2722 3502 3113 3564 άλανονίστως,
3150 3501 3245 3555 καὶ
3291 3502 3551 3571 ἀθέσμως
3582 3505 3687 3556 ὀνο·

2129 3593 2432 3663 μαζόμεναι
2464 3594 2838 3664 καθαιρέσεις,
2877 3596 3001 3654 τοὺς
3037 3593 3094 3645 δὲ
3127 3595 3279 3664 παρὰ
3313 3594 3545 3663 μηδενὸς
3573 3596 3688 3646 ἁνα-

2125 3685 2413 3757 κριθέντας
2477 3688 2655 3757 ἡμᾶς,
2711 3687 2785 3749 ὡς
2840 3687 2932 3740 ἐπὶ
2975 3686 3442 3756 ὁμολογουμέναις
3503 3704 3691 3753 πατρι-

2124 3778 2238 3832 κῶν
2300 3778 2585 3848 δογμάτων
2646 3780 3019 3848 παραόασίαις
3061 3779 3335 3850 ᾐτιῶντο,
3385 3779 3690 3849 αἱρετικοὺς

2124 3869 2358 3924 καὶτῶν
2402 3869 2694 3939 Ῥωμαίων
2726 3871 2979 3941 ἐχθροὺς,
3016 3870 3062 3925 ὣ
3087 3871 3255 3932 δίκαι.
3297 3872 3393 3924 καὶ
3441 3874 3494 3925 οἱ
3545 3872 3693 3925 πανθ⁸

2123 3962 2358 4032 δρῶντες
2392 3962 2666 4032 ὀφθαλμοὶ
2716 3962 2812 4016 τοῦ
2855 3963 3030 4017 Θεοῦί
3086 3964 3211 4021 τοὺς
3257 3967 3358 4035 τῆς
3413 3965 3693 4024 εὐσεϐείας

2121 4056 2496 4119 διδασκάλους.
2524 4058 2621 4109 καὶ
2654 4054 2714 4109 τὸ
2753 4056 2960 4110 ἑαυτῶν
2983 4060 3041 4111 ὲν
3076 4056 3297 4117 πολλοῖς
3361 4057 3514 4110 κατὰ
3577 4074 3692 4110 και·

2125 4147 2250 4215 ρους
2300 4148 2687 4215 ἀποδείξαντες
2751 4148 3150 4219 φιλορώμαιον,
3214 4148 3396 4218 πάντη
3471 4148 3695 4207 ἀναιδῶς

2118 4237 2453 4291 ἀπεκάλουν.
2491 4239 2599 4289 Καὶ
2630 4238 2683 4289 τί
2710 4240 2780 4291 τά
2813 4237 2984 4292 πολλά
3019 4256 3034 4305 ;
3076 4237 3236 4292 Οὕτω
3291 4239 3480 4292 ταῦτα
3550 4239 3693 4304 λεγό-

2125 4347 2263 4400 μενα
2291 4331 2389 4401 τὴν
2424 4331 2547 4383 καθ’
2576 4332 2736 4401 ἡμῶν
2768 4333 2970 4400 μανίαν
3023 4330 3120 4385 τοῦ
3161 4331 3407 4402 πλήθους
3474 4331 3695 4401 ἀνῆψεν,

2116 4421 2189 4485 ὡς
2220 4423 2313 4474 ἐπὶ
2346 4424 2524 4492 τρισὶν
2551 4423 2701 4485 ὅλαις
2768 4424 3005 4494 ἡμέραις
3062 4424 3197 4493 μηδὲ
3261 4424 3499 4495 θαρρεῖν
3563 4426 3699 4492 ἔχειν

2117 4513 2288 4582 ἡμᾶς,
2406 4512 2616 4583 ἡμέρας
2648 4512 2710 4565 τὸ
2742 4512 2966 4565 ἑωθινὸν
2998 4514 3212 4581 εἴδομεν
3242 4512 3480 4578 ζῶντες,
3504 4513 3700 4580 ταύτης

444 4608 587 4663 illius
619 4613 780 4665 etiam
809 4613 967 4667 linem
1015 4616 1202 4670 eodem
1242 4606 1410 4673 inodo
1448 4619 1805 4673 intueremur.
1842 4618 2014 4673 "OlttO

2125 4601 2216 4652 καί
2251 4601 2312 4651 τὸ
2334 4599 2489 4663 τέλος
2527 4600 2729 4671 ὁμοίως
2760 4603 2909 4656 ίδεῖν.
2938 4595 3109 4664 Οὗτος
3131 4603 3242 4673 γαρ
3277 4602 3585 4673 ἄνθρωπος
3619 4602 3700 4655 τὶν

443 4701 712 4771 siquidem
754 4705 1003 4769 rationis,
1038 4723 1159 4776 quae
1208 4720 1291 4764 est
1333 4710 1384 4763 in
1412 4710 1495 4764 sui
1536 4711 1880 4777 deﬁnitione,
1912 4728 2013 4765 ex-

444 4807 602 4860 pcrs,
667 4796 933 4852 abSurdas
1008 4802 1385 4855 accusationes
1451 4801 1720 4856 adversus
1773 4804 2012 4873 aliquem

442 4885 513 4956 jar
536 4895 671 4940 tatas
695 4889 1075 4955 exaudiens,'si
1103 4902 1378 4947 momenta
1403 4893 1690 4948 calumniae
1712 4898 2019 4950 accusatio-

374 4982 379 4987 '
448 4974 642 5044 nisque
692 4992 798 5031 non
845 4960 1176 5048 digitoverit.
1227 4981 1410 5035 subito
1434 4991 1486 5036 et
1524 4983 1733 5051 absque
1771 5000 1923 5039 mora
1951 5001 2013 5039 ex

382 5064 718 5121 ’caiumnia
795 5072 1278 5125 criminationibus
1351 5074 1554 5128 exortis
1628 5076 1938 5130 incenditur
1998 5097 2010 5133 :

382 5166 392 5203 μ
445 5159 652 5227 quodsi
681 5163 958 5215 accusatio
995 5164 1062 5217 ab
1096 5163 1276 5232 aliquo
1306 5165 1358 5217 in
1387 5163 1652 5233 dignztate
1686 5170 2010 5236 constituto,

387 5304 396 5329 ε
442 5258 496 5301 et
526 5252 866 5319 praeeellcnte
918 5253 1210 5316 emanarit,
1258 5253 1617 5312 inﬂammatio
1650 5257 1740 5312 illa
1775 5259 2013 5329 majores

388 5324 396 5363 ⁵
442 5345 587 5399 vires
627 5349 885 5418 acquirit,
930 5347 1192 5417 dignitate
1236 5346 1394 5403 facile
1443 5350 1599 5404 [idem
1653 5353 2009 5416 ceneiliantc,

441 5456 565 5495 cum
596 5441 686 5510 qui
723 5441 997 5496 similibus
1045 5441 1289 5494 animum
1340 5443 1649 5508 advertunt,
1691 5444 2014 5515 dignoscere

442 5549 547 5587 non
577 5534 803 5603 possint,
831 5533 1123 5601 aliquando
1154 5533 1461 5600 veritatem,
1496 5552 1658 5607 quant
1691 5538 1742 5590 in
1778 5554 1836 5592 se
1871 5554 2005 5592 con-

440 5624 611 5680 tinere
646 5624 803 5678 deb:-t
827 5625 1061 5692 dignitas
1088 5637 1139 5680 et
1166 5628 1482 5688 auctoritas.
1519 5630 1586 5681 ah
1623 5628 1701 5682 ira
1735 5637 1791 5683 et
1828 5630 2007 5694 rabie,

439 5731 561 5784 qum
594 5726 720 5770 suat
756 5716 1191 5784 perturbationes
1226 5717 1445 5771 immani
1476 5719 1644 5771 animi
1672 5720 1953 5773 interverti
1993 5737 2008 5775 :

441 5806 734 5877 aiiquando
782 5808 967 5873 etiam,
1005 5825 1127 5864 cum
1174 5810 1413 5879 cognitio
1460 5826 1488 5864 a
1542 5811 1806 5882 dignitate
1852 5812 2014 5879 longe

443 5908 543 5966 cst,
581 5902 643 5953 ad
682 5918 799 5955 ιιιςιι
828 5904 1014 5962 'accm.
1054 5912 1104 5957 et
1136 5903 1474 5958 temerariam
1510 5903 1776 5972 ejusmodi
1826 5902 2007 5958 homi-

2123 4693 2223 4762 μὲν
2244 4694 2307 4746 ὲκ
2340 4693 2434 4746 τοῦ
2473 4694 2600 4764 ὅρου
2638 4693 2804 4747 αὐτοῦ
2828 4695 2989 4763 λόγου
3016 4694 3091 4765 μὴ
3117 4696 3422 4765 εὐμοιρῶν.
3467 4696 3701 4757 ἀτόπους

2116 4787 2269 4850 τινὰς
2303 4789 2643 4860 κατηγορίας
2680 4789 3067 4858 ὲνωτιζόμενος
3097 4790 3541 4858 προτεινομένας
3571 4788 3703 4843 κατά

2117 4895 2287 4945 τινος,
2326 4882 2600 4951 μηδεμίαν
2643 4882 2817 4951 ῥοπὴν
2865 4884 2932 4951 τῇ
3006 4881 3105 4951 τῆς
3189 4883 3582 4949 συκοφαντίας
3618 4884 3702 4934 καὶ

2117 4972 2373 5043 διαϐολῆς
2411 4973 2691 5044 διακρίσει
2719 4972 2918 5037 διδοὺς,
2956 4974 3189 5043 τάχιστα
3227 4972 3304 5035 ὼς
3337 4974 3440 5027 ἐπ’
3483 4975 3704 5044 ἀληθέσι

2117 5068 2231 5130 τοῖς
2274 5067 2341 5118 ἐκ
2393 5065 2647 5137 διαϐολῆς
2707 5066 3030 5134 αἰτιάμασιν
3080 5065 3493 5130 ἑξανάπτεται.
3557 5069 3619 5118 Εἰ
3654 5066 3705 5118 δὲ

2117 5159 2211 5210 καὶ
2241 5159 2369 5227 παρ’
2417 5157 2611 5227 ἀνδρὸς
2663 5159 2718 5211 αἱ
2762 5158 3092 5225 κατηγορίαι
3150 5156 3215 5208 ἐκ
3246 5172 3407 5220 τινος
3470 5172 3700 5227 περιφα-

2117 5251 2265 5314 νείας
2292 5252 2351 5304 τὸ
2375 5250 2550 5304 δοκεῖν
2585 5251 2820 5323 ἔχοντος,
2859 5250 3120 5319 μᾶλλονή
3158 5250 3387 5317 ἄναψις,
3450 5252 3517 5304 τὸ
3582 5250 3703 5319 πρὸς

2118 5343 2300 5397 πίστιν
2354 5344 2757 5414 εὐπαράδεκτον
2820 5344 3136 5411 εἰσάγοντος
3191 5342 3284 5395 τοῦ
3359 5344 3705 5413 ἀξιώματος,

2116 5437 2212 5490 iit;
2263 5435 2356 5489 τοῦ
2401 5440 2512 5499 τοῖς
2561 5437 2825 5500 ταιούτοις
2885 5435 3247 5506 προσέχοντος
3313 5436 3404 5502 μὴ
3480 5436 3703 5489 συνιδεῖν

2115 5527 2356 5599 ἔχοντος,
2413 5529 2489 5592 ὡς
2543 5530 2671 5582 ποτὲ
2724 5530 2823 5598 μὲν
2846 5530 2912 5601 ἢν
2971 5529 3282 5597 ὀφείλουσιν
3343 5529 3628 5602 ἀλήθειαν
3655 5529 3704 5582 ai

2114 5624 2468 5695 περιφάνειαι
2494 5623 2589 5676 καὶ
2619 5622 2688 5676 τὰ
2730 5621 3045 5692 ἀξιώματα,
3099 5623 3310 5689 ταύτην
3363 5622 3577 5691 θυμὸς,
3616 5626 3701 5673 καὶ

2114 5716 2272 5787 ὀργὴ,
2311 5714 2459 5786 πάθη
2513 5718 2642 5769 διτα
2686 5714 3028 5784 ἀνθρώπινα,
3084 5712 3424 5782 ὑφαιροῦσι,
3480 5715 3612 5769 ποτὲ
3651 5714 3702 5767 δὲ

2113 5811 2314 5879 γνῶσις
2348 5811 2701 5879 προσήκουσα
2728 5806 2805 5876 τῷ
2826 5806 3121 5881 ἀξιώματι,
3169 5805 3315 5873 πρὸς
3364 5807 3553 5876 ψευδῆ
3605 5809 3693 5859 καὶ

2114 5901 2306 5966 ἄλογον
2359 5900 2483 5960 τοὺς
2520 5898 2799 5962 τοιούτους
2833 5897 3028 5967 ἀνάγει
3082 5899 3481 5966 κατηγορίαν,
3513 5897 3614 5970 οὐχ
3637 5896 3705 5959 ὡς
