3932 6630
230 444 336 510 νει

1234 445 1334 506 DE
1376 443 1880 506 DEPOSITIONE
1920 444 2067 506 SUA
2101 444 2327 509 ORAT.
2369 446 2416 507 Ι.

3393 448 3499 513 902

228 560 329 614 τοῦ
374 559 652 630 βασιλέως
687 556 999 628 παρουσίαν
1059 554 1475 619 δικαιώσωσινς
1527 552 1730 621 Γέγονε
1768 551 1813 606 δ’

1924 560 2025 612 tur.
2056 554 2401 622 praesentiam
2442 552 2786 621 imperatoris
2819 553 3208 624 appellabunt?
3242 556 3353 613 Hac
3384 557 3501 628 igi—

228 649 330 708 οὖν
386 652 477 722 ἐφ’
534 654 669 722 ἡμῖν
709 650 856 704 οὕτω
911 649 1006 703 καὶ
1050 648 1239 702 τοῦτο’
1279 648 1376 701 καὶ
1407 648 1531 701 τότε
1568 647 1670 717 μὲν
1722 646 1817 699 ἐπὶ

122 754 127 755 ’
227 742 508 806 τοιούτοις
545 743 580 813 ἡ
623 759 683 796 τε
717 739 937 803 σύνοδος
982 738 1227 809 διελύθη,
1269 742 1364 794 καὶ
1397 739 1460 792 τὸ
1497 739 1623 794 καθ’
1653 736 1815 809 ἡμῶν

229 832 590 901 διεσκεδάσθη
625 830 932 900 συνέδριον.

304 926 373 980 θ’.
408 926 563 978 Κατὰ
596 925 654 979 δὲ
675 924 774 994 τὴν
816 923 876 988 ἐξ
911 922 1130 993 ἐκείνης
1170 922 1364 995 τρίτην
1394 923 1531 995 πρὸς
1560 926 1626 994 τῇ
1656 940 1814 978 συνο-

227 1016 357 1087 διιιῇ
387 1016 662 1087 ὁμηγύρει
694 1018 791 1069 καὶ
823 1018 888 1087 τῇ
928 1017 1225 1086 ἀρχοντικῇ
1261 1016 1593 1081 συνελεύσει,
1624 1015 1818 1089 ὴαῦτὴ

226 1110 330 1163 καὶ
358 1110 521 1163 πάλιν
555 1110 697 1180 μετά
722 1110 821 1179 τῆς
863 1108 1038 1179 αὐτῆς
1079 1108 1279 1172 κακίας
1310 1109 1418 1162 τῶν
1470 1108 1682 1163 πολλῶν
1721 1107 1818 1163 τοῦ

228 1203 506 1273 πλήθους,
536 1205 585 1257 εί
609 1203 702 1257 καὶ
741 1205 815 1274 μὴ
842 1204 1080 1267 πάντων,
1124 1203 1270 1273 ὁρμή
1305 1218 1364 1255 τε
1393 1201 1492 1256 καὶ
1517 1204 1814 1275 συνδρομὴ,

225 1297 332 1348 καὶ
362 1297 599 1366 μηνυταὶ
630 1294 815 1359 πάλιν,
843 1296 942 1349 καὶ
970 1297 1083 1358 τοῖς
1107 1296 1383 1365 πρότερον
1419 1297 1582 1364 ὃμοια
1612 1297 1679 1350 τὰ
1713 1315 1820 1368 μη-

225 1389 470 1457 νύματα.
517 1387 708 1457 Ἡμεῖς
732 1387 790 1440 δὲ
818 1387 937 1457 Θεῴ
970 1387 1069 1458 μὲν
1099 1389 1162 1440 τὸ
1190 1388 1410 1458 πρῶτον
1440 1387 1669 1450 ἑαυτοὺς
1692 1389 1823 1441 ἀνα-

225 1480 483 1550 θέμενοι,
521 1480 805 1548 σκέμμασι
835 1464 982 1532 δὲτὸ
1034 1478 1313 1549 δεύτερον,
1353 1474 1435 1541 οἷς
1476 1482 1611 1550 ἡμῖν
1645 1480 1819 1533 ἐδόκει

226 1574 542 1643 συμφέρειν
571 1576 936 1644 χρησάμενοι,
969 1574 1063 1626 καὶ
1116 1572 1177 1627 τδ
1215 1573 1470 1626 ἀπελθεῖν
1514 1573 1652 1644 πρὸς
1691 1572 1818 1637 τοὺς

226 1667 563 1730 καλοῦντας,
596 1669 689 1719 καὶ
735 1665 796 1718 τὸ
832 1667 906 1735 μὴ
938 1665 1195 1718 ἀπελθεῖν
1232 1666 1432 1735 ὁμοίως
1475 1666 1818 1720 ἐπικίνδυνον

227 1759 526 1830 ἑωρῶμεν.
561 1759 623 1811 τὸ
647 1759 751 1825 μὲν
778 1761 826 1811 εί
856 1760 992 1828 μετὰ
1015 1758 1113 1825 τῆς
1145 1759 1287 1831 ὑπὲρ
1318 1758 1475 1828 ⁴ἡμῶν
1501 1758 1654 1812 ἔσται
1681 1762 1818 1814 ἀπο-

225 1852 446 1923 λογίας,
473 1854 534 1905 τδ
557 1851 613 1905 δὲ
644 1851 720 1914 ὡς
751 1852 935 1905 πᾶσαν
961 1850 1148 1904 ἄδειαν
1175 1851 1415 1921 παρέξον
1452 1853 1566 1912 τοῖς
1592 1849 1816 1903 διαϐάλ-

224 1946 386 2000 λουσι
415 1945 486 1997 τὰ
526 1944 788 2014 ἡμέτερα.
824 1943 889 1996 Ἦ
936 1944 1032 2013 μὲν
1061 1947 1170 2012 γάρ
1213 1943 1352 2012 μετὰ
1382 1947 1482 2013 τῆς
1512 1943 1815 2010 ἀπολογίας

224 2040 369 2107 ἡμῖν
391 2035 666 2106 παρουσία
700 2030 847 2104 εἶχεν
874 2036 940 2088 ἂν
974 2037 1112 2104 πρὸς
1142 2036 1412 2105 ἡμέτερον
1444 2035 1687 2088 κίνδυνον
1718 2036 1817 2088 ἀν-

225 2131 371 2200 άψαι
393 2132 459 2183 τὰ
492 2128 693 2200 πλήθη,
725 2130 807 2181 ὅτι
837 2144 900 2196 γε
932 2128 995 2180 τὸ
1033 2129 1089 2179 ὲν
1141 2127 1354 2190 τούτοις
1398 2127 1817 2199 ἁλογιστὸτερον

227 2226 334 2294 οὐχ
358 2221 734 2293 ὑπερηγορίαν
765 2220 946 2291 ἡμῶν,
976 2223 1076 2290 τῆς
1103 2220 1339 2290 δὲκκοινῇ
1366 2221 1819 2292 σπουδαζομένης

225 2318 631 2385 ἐπιχειρήσεως
664 2314 1003 2383 κατηγορίαν
1042 2314 1136 2365 καὶ
1178 2313 1461 2382 ἀναίρεσιν
1493 2312 1700 2381 ταύτην
1732 2312 1819 2364 λο-

226 2404 496 2475 γίσασθαι
529 2404 745 2474 ἔμελλε,
777 2403 873 2456 καὶ
900 2403 998 2473 οὐχ
1038 2405 1267 2463 ἑαυτοὺς
1295 2404 1555 2473 συνιστᾴν
1585 2421 1595 2429 ν
1625 2406 1740 2466 τοῖς
1761 2405 1818 2458 δὲ

226 2498 493 2561 Λατίνοις
528 2498 893 2566 προσόοηθεῖν
934 2497 1078 2550 οὕτω
1120 2496 1403 2559 ποιοῦντες
1450 2497 1820 2567 ἑνομίσθημεν

227 2590 322 2655 ἂν,
363 2590 459 2644 καὶ
489 2588 611 2660 τάχ’
643 2590 709 2644 ἂν
738 2591 827 2644 διά
863 2589 1022 2643 τοῦτο
1075 2592 1169 2643 καὶ
1200 2591 1396 2643 Θυσίαν
1431 2591 1551 2659 Θεῴ
1580 2591 1824 2662 προσφέ-

228 2700 352 2754 ρειν
381 2684 629 2755 ἡγήσατο
689 2685 718 2736 ὀ
758 2681 945 2753 πικρῷ
982 2682 1203 2751 θανάτῳ
1250 2683 1594 2753 παραδώσων
1642 2685 1818 2753 ἡμᾶς.

226 2776 491 2829 Τοιοῦτον
522 2777 654 2847 γὰρ,
684 2778 772 2841 ,ὡς
828 2776 1062 2846 ἔφημεν,
1103 2776 1419 2847 ἄνθρωπος,
1470 2778 1818 2850 ἀλογώτερον

226 2868 608 2938 ἀκροώμενος,
632 2869 760 2923 ὃταν
795 2885 872 2923 τι.
899 2871 991 2922 ἐπὶ
1011 2873 1123 2935 τοῖς
1154 2872 1284 2938 περὶ
1308 2870 1441 2924 Θεοῦ
1468 2875 1561 2924 καὶ
1582 2873 1819 2936 πίστεως

227 2961 457 3032 αἰτιῷτο
478 2963 616 3031 ζητή
627 2980 783 3032 μασι.
809 2961 884 3016 Τὸ
912 2963 970 3016 δὲ
1007 2966 1083 3034 μὴ
1113 2965 1372 3019 ἀπελθεῖν
1400 2966 1535 3031 ὅλως
1563 2967 1820 3021 ὲπιπλέον

228 3050 298 3104 ἂν
322 3055 407 3115 είς
438 3053 531 3105 τὸν
562 3054 853 3123 εἰρημένον
881 3054 1009 3116 τοὺς
1042 3054 1165 3108 καθ’
1195 3055 1354 3125 ἡμῶν
1383 3036 1605 3125 ἠρέθισε
1639 3058 1821 3111 κίνδυ-

226 3161 349 3208 νον,
368 3144 445 3207 ὡς
479 3146 664 3198 πίστιν
693 3147 835 3216 τάχα
857 3145 967 3200 τῶν
995 3145 1117 3199 καθ’
1151 3147 1310 3217 ήμῶν
1346 3151 1692 3218 αίτιαμάτων
1721 3149 1819 3202 δυ-

1922 651 2010 697 tur
2041 645 2255 699 ratione
2295 645 2400 699 hoc
2429 661 2651 715 quoque
2678 646 2745 701 de
2799 646 2957 700 nobis
2987 656 3324 702 transactum
3360 661 3444 705 est
3478 667 3494 706 :

1924 744 2039 791 tum
2086 739 2346 809 deinceps
2390 740 2631 811 synodus
2672 740 2941 795 dissoluta
2985 750 3090 807 est,
3138 751 3193 797 et
3233 741 3500 800 adversus

1920 848 2022 887 nos
2051 842 2274 888 coactus
2300 848 2631 903 congressus
2657 835 2955 902 dissipatus

1996 927 2050 981 9.
2092 924 2278 981 Tertia
2312 930 2658 996 postmodum
2707 927 2794 981 die
2826 926 3111 997 synodalis
3137 929 3494 997 congregatio

1920 1035 2046 1074 cum
2084 1018 2390 1088 principum
2425 1019 2734 1074 assistentia
2767 1022 2999 1088 cogitur,
3034 1022 3340 1089 iterumque
3364 1035 3490 1075 cum

1919 1112 2108 1167 eadem
2142 1113 2440 1165 multorum
2489 1125 2552 1165 ex
2590 1110 2680 1164 \‘ili
2710 1112 2991 1180 plebecula
3039 1110 3409 1180 improbitate.
3441 1119 3497 1167 et

1919 1204 1963 1259 si
1996 1219 2104 1257 non
2146 1206 2413 1267 omnium,
2447 1204 2708 1274 impetus,
2740 1214 2794 1259 et
2840 1219 3171 1268 concursus,
3222 1213 3278 1259 et
3317 1203 3494 1259 nuntii

1917 1296 2196 1367 p‘ioribus
2238 1311 2347 1350 non
2405 1295 2705 1350 absitntles.
2754 1295 2864 1349 Nos
2896 1310 3058 1362 porro
3093 1294 3200 1350 Deo
3252 1306 3496 1349 nasute!-

1922 1392 2073 1460 ipsos
2099 1390 2798 1459 primumcontttiittentes,
2829 1399 2882 1443 et
2909 1391 3093 1442 animo
3119 1393 3489 1457 postmodum,

1917 1498 2041 1553 qutc
2089 1482 2248 1536 nobis
2292 1482 2446 1536 utilia
2493 1495 2616 1536 esse
2657 1482 3006 1547 videbantur,
3036 1483 3403 1547 revolventes,
3437 1492 3524 1549 et.

1918 1579 1983 1630 ad
2015 1586 2360 1631 accerseutes
2404 1584 2712 1641 accessum,
2764 1588 2819 1631 et
2858 1579 2912 1631 in
2947 1581 3270 1645 spernendis
3319 1580 3495 1647 impe-

1919 1670 2015 1725 riis
2058 1670 2487 1732 contumaciam,
2518 1685 2671 1739 atque
2720 1670 3086 1738 periculosum
3126 1686 3249 1726 esse
3296 1672 3495 1740 depre-
3555 1721 3559 1725 .

1917 1763 2294 1818 bendebamus
2326 1780 2342 1821 :
2377 1764 2551 1827 illum,
2586 1764 2629 1817 si
2673 1780 2797 1818 cum
2833 1775 3016 1819 nostra
3051 1765 3372 1821 defensione
3401 1780 3499 1818 ct-

1919 1857 2238 1923 mitaretur;
2267 1857 2429 1920 hanc,
2465 1868 2723 1926 tanquam
2750 1873 2872 1926 quae
2895 1870 3080 1912 nostra
3109 1857 3499 1913 caluumianti-

1921 1950 2024 2003 bus
2051 1949 2263 2017 plenam
2295 1947 2609 2003 facultatem
2643 1950 2827 2003 omnia
2866 1950 3058 2016 agendi
3106 1953 3493 2006 concessisset.

1917 2039 2164 2110 Namque
2201 2053 2388 2094 nostra
2421 2043 2709 2108 praesentia
2751 2056 2875 2095 cum
2911 2040 3230 2095 defensione
3279 2048 3496 2110 poterat

1919 2135 1984 2186 ad
2014 2140 2202 2185 nostra
2246 2133 2444 2185 damna
2479 2132 2884 2185 multitudinem
2918 2134 3221 2197 concitare,
3256 2132 3398 2199 quod
3441 2130 3498 2187 in

1919 2240 1980 2277 ea
2027 2240 2175 2292 pars,
2205 2239 2329 2293 qua:
2375 2224 2560 2277 minus
2607 2224 2820 2277 ratione.
2851 2233 3117 2286 uteretur,
3167 2239 3274 2277 non
3322 2220 3497 2277 nostri

1920 2316 2332 2380 defensionem,
2389 2316 2484 2371 sed
2548 2323 2781 2370 conatus
2835 2317 3095 2369 adversus
3145 2330 3241 2368 nos
3292 2314 3495 2383 publici

1921 2408 2352 2471 accusationem,
2390 2414 2443 2459 et
2494 2406 2904 2459 demolitionem
2957 2406 3101 2458 illam
3152 2420 3275 2459 esse
3331 2420 3495 2474 repu-

1923 2510 2136 2556 tasset:
2175 2509 2230 2554 et
2267 2514 2367 2554 nos
2395 2514 2502 2552 non
2551 2498 2708 2552 nobis
2746 2498 3027 2567 suppetias
3059 2496 3221 2560 ferre,
3252 2497 3346 2551 sed
3389 2496 3497 2552 La-

1921 2594 2051 2647 tinis
2081 2608 2201 2646 esse
2244 2593 2582 2659 adjunn-nto,
2630 2592 2673 2643 si
2710 2591 2761 2644 id
2794 2606 3102 2657 agerentns,
3158 2574 3499 2646 existimare-

1922 2700 2063 2738 tnur.
2099 2682 2159 2736 Et
2193 2682 2331 2737 ἴοι-ιω
2366 2683 2529 2736 etiam
2576 2683 2645 2736 ob
2676 2682 2818 2736 hanc
2847 2684 3093 2737 eamdem
3126 2698 3348 2737 causam
3401 2698 3498 2738 sa-

1920 2770 2188 2831 criticiutn
2227 2776 2337 2829 Deo
2385 2772 2582 2828 oﬂerre
2628 2776 2883 2843 upinatus
2913 2776 3208 2843 quispiam,
3242 2775 3358 2828 neci
3395 2788 3496 2830 nos

1919 2871 2171 2939 pessime
2205 2867 2524 2922 tradidisset
2553 2887 2565 2921 :
2602 2869 2726 2922 talis
2756 2870 2903 2921 enim
2940 2871 3104 2922 homo
3134 2876 3240 2933 est,
3272 2878 3323 2922 et
3348 2868 3493 2922 nulla

1929 2963 2140 3017 ratione
2180 2967 2316 3017 duce
2368 2978 2454 3017 res
2499 2962 2779 3031 diiudicat,
2818 2976 2943 3014 cum
2994 2960 3060 3014 de
3113 2960 3222 3014 Deo
3272 2975 3338 3014 ac
3382 2960 3489 3015 title

1919 3056 2151 3127 quaestio
2182 3066 2289 3118 est,
2325 3067 2378 3110 et
2401 3054 2669 3125 judicium
2703 3053 3077 3108 constituitur.
3108 3053 3171 3106 Et
3210 3061 3500 3105 contmna-

1918 3150 2000 3203 (εἰει
2033 3148 2208 3216 magis
2230 3162 2297 3202 ac
2326 3146 2500 3212 magis
2544 3145 2595 3197 in
2642 3158 2840 3197 noxam
2876 3153 3120 3199 nostram
3155 3142 3480 3202 excitasset,

228 3237 468 3305 νάμενον
512 3239 841 3308 παρασχεῖν.
891 3238 1014 3291 Ὅτι
1062 3238 1194 3307 γοῦν
1264 3239 1587 3294 ἐπικίνδυνα
1643 3241 1817 3296 ταῦτα

1924 3249 2183 3309 tanquam
2239 3255 2361 3309 quas
2393 3238 2627 3292 crimina
2668 3237 2931 3291 adversus
2997 3252 3099 3290 nos
3129 3236 3179 3289 in
3218 3236 3488 3306 judicium

229 3328 455 3383 ἐδόκουν
484 3331 621 3399 ἡμῖν
648 3332 743 3382 καὶ
784 3324 1099 3401 ἀμφότερα,
1151 3333 1345 3405 τρίτην
1370 3334 1540 3404 ἄλλην
1594 3335 1816 3391 ὁδεῦσαι

227 3415 557 3486 διέγνωμεν.
589 3417 664 3470 Τὸ
693 3419 801 3487 γὰρ
830 3420 925 3473 ἐπὶ
956 3422 1092 3474 πᾶσι
1126 3425 1240 3486 τοῖς
1296 3424 1589 3494 ἡμετέροις
1635 3426 1817 3480 ἔθεσιν

228 3506 657 3577 ἀπαράτρωτον,
706 3509 801 3562 καὶ
855 3512 956 3583 τὴν
1012 3513 1480 3584 ἀπαράθραυδτον
1522 3521 1623 3587 τῆς
1657 3521 1818 3589 ἡμῶν

229 3598 523 3662 εὐσεϐείας
552 3603 890 3672 συντήρησιν
930 3605 1150 3669 ἑαυτοῖς
1183 3608 1512 3672 συνειδότες,
1540 3609 1659 3663 δέον
1694 3613 1818 3665 ἐλο-

228 3693 535 3763 γισάμεθα,
568 3697 666 3764 τὴν
695 3701 795 3765 μὲν
818 3697 1115 3751 ἀπελευσιν
1149 3701 1223 3770 μὴ
1244 3701 1663 3770 ἀναϐάλλεσθαι,
1688 3706 1819 3775 μίαν

230 3782 291 3834 δὲ
317 3785 491 3853 μόνην
522 3785 822 3854 ἀπολογίαν
847 3788 947 3856 τὴν
976 3787 1077 3857 τῆς
1105 3791 1321 3852 οἰκείας
1362 3794 1597 3856 πίστεως
1629 3797 1818 3865 ὁμολο-

231 3876 364 3943 γίαν
390 3876 745 3952 ποιήσασθαι,
777 3878 915 3948 πρὸς
945 3879 1073 3933 ἄλλο
1117 3881 1175 3934 δὲ
1212 3884 1320 3937 πᾶν
1355 3887 1491 3955 πρὸς
1523 3887 1634 3940 τῶν
1664 3890 1816 3943 ἀντι-

234 3966 637 4037 διατιθεμένων
670 3972 805 4039 ἡμῖν
832 3973 1124 4043 ἐριστικῶς
1180 3972 1629 4049 πῳσῴερόμενον
1680 3984 1815 4036 ἀπο-

236 4061 536 4132 σιωπῆσαι,
563 4063 656 4115 καὶ
684 4065 822 4132 πρὸς
848 4069 1029 4120 πᾶσαν
1065 4068 1428 4137 ἐπελθοῦσαν,
1463 4076 1558 4125 καὶ
1592 4074 1819 4129 ἐπελευ-

236 4156 475 4225 σομένην
503 4158 637 4225 ἡμῖν
658 4156 898 4219 ἀδικίαν,
932 4160 1102 4231 μηδὲν
1130 4163 1266 4232 πρὸς
1308 4164 1369 4215 τὸ
1406 4165 1580 4234 παρὸν
1619 4182 1804 4235 παρα-

242 4246 614 4314 φθεγξασθαι.
656 4249 769 4303 Καὶ
796 4253 988 4318 γέγονε
1017 4252 1199 4306 τοῦτο.
1250 4256 1362 4308 Καὶ
1392 4250 1539 4326 εἶχεν
1578 4258 1723 4327 ἡμᾶς
1757 4257 1821 4312 τὸ

232 4340 590 4409 δικαστήριον
610 4341 672 4394 οῦ
701 4342 1232 4415 δικασθησομένους,
1262 4346 1378 4400 ἀλλ’
1411 4351 1477 4419 ἡν
1508 4352 1820 4417 προπεπόν-

235 4428 412 4498 θαμεν
442 4431 765 4500 καταδίκην,
799 4432 1145 4503 βεϐαιότερον
1172 4437 1300 4500 ίσως
1321 4438 1726 4508 ἀποισομένους
1749 4440 1816 4494 δι’

234 4514 316 4580 ἓν,
350 4514 426 4578 ὠς
477 4515 625 4570 ἔοικε
651 4560 667 4583 ,
713 4521 873 4590 μόνον
899 4523 997 4591 τὴν
1032 4524 1308 4595 ἡμετέραν
1342 4527 1647 4596 παρουσίαν
1683 4545 1817 4582 κατ-

1879 3326 1899 3357 ’
1920 3333 2115 3394 delata,
2143 3332 2221 3384 uti
2258 3346 2382 3384 vera
2415 3329 2847 3384 constabilisset.
2873 3328 3010 3382 Cum
3048 3331 3234 3397 itaque
3262 3337 3497 3393 utraque

1928 3424 2087 3478 nobis
2119 3424 2423 3493 periculosa
2471 3422 2803 3484 viderentur,
2854 3426 3070 3475 tertium
3116 3419 3256 3472 inire
3298 3418 3488 3473 consi-

1920 3514 2055 3568 lium
2091 3515 2454 3568 decrevimus.
2483 3513 2731 3582 Namque
2761 3528 2885 3567 cum
2916 3513 2969 3564 in
3001 3511 3259 3564 omnibus
3286 3510 3492 3562 nostris
3526 3562 3529 3567 ,

1920 3608 2409 3661 consuetudinibUs
2476 3606 2874 3660 invulneralam
2932 3613 2984 3658 et
3033 3615 3234 3657 nostra:
3279 3602 3498 3671 pietatis

1920 3699 2208 3755 inhactam
2313 3700 2680 3770 integritatem
2763 3709 3138 3754 conservatam
3216 3710 3247 3749 a
3339 3695 3497 3751 nobis

1921 3795 2165 3864 apprime
2211 3801 2552 3854 teneremus,
2594 3792 2738 3846 facto
2772 3807 2911 3861 opus
2945 3806 3065 3844 esse
3094 3788 3498 3858 judicavimus,

1931 3900 2215 3940 arcessunt
2266 3899 2464 3953 nempe
2514 3900 2621 3937 non
2658 3885 2865 3937 diutius
2899 3884 3237 3950 protrahere.
3275 3891 3322 3933 et
3361 3880 3498 3934 satis

1925 3993 2024 4049 pro
2062 3980 2226 4032 nubts
2257 3992 2607 4047 responsum.
2643 3977 2686 4032 si
2723 3985 2923 4029 nostra:
2949 3975 3068 4028 lidei
3097 3973 3497 4045 professionem

1920 4076 2342 4137 emitteremus,
2404 4072 2613 4141 reliqua
2682 4085 2812 4126 vero
2870 4071 3096 4135 omnia,
3161 4083 3284 4135 qua:
3338 4066 3500 4121 nobis

1922 4168 2225 4221 adversarii
2275 4167 2620 4220 coiitentiose
2679 4173 3042 4235 opponerent,
3095 4163 3316 4215 silentio
3367 4175 3496 4229 per-

1926 4258 2312 4319 transiretntts,
2344 4266 2398 4309 et
2448 4260 2513 4309 ad
2550 4271 2733 4317 Omtte,
2766 4255 2911 4324 quod
2951 4256 3151 4322 injuste
3183 4251 3328 4320 passi
3373 4264 3498 4305 era-

1922 4366 2082 4413 tuus,
2135 4350 2218 4403 vel
2255 4349 2607 4416 imposterutn
2666 4346 2952 4402 toleraturi
3011 4359 3304 4406 t‘SaCtllUS,
3359 4341 3495 4396 nihil

1921 4453 2035 4497 tum
2080 4441 2563 4512 responderctnus.
2603 4440 2759 4505 Quod
2813 4448 2866 4492 et
2914 4438 3114 4490 factum
3172 4444 3271 4488 est.
3317 4435 3384 4488 Et
3424 4433 3494 4488 ad

1922 4534 2163 4590 tribunal
2238 4534 2578 4589 accessimus
2633 4548 2740 4585 non
2786 4530 3111 4600 iudicandi.
3175 4527 3270 4582 sed
3331 4539 3493 4595 qiiam

234 4608 570 4674 επειγόντων
604 4610 712 4664 τῶν
752 4612 886 4681 ἡμῖν
909 4614 1316 4684 ὲξυφαινόντων
1344 4618 1411 4670 τά
1447 4619 1728 4686 πάνδεινα,
1754 4619 1816 4673 τὸ

1924 4634 2081 4680 antea
2125 4623 2642 4679 condemnationem
2686 4621 3016 4682 subnimus,
3050 4619 3264 4671 firmius
3310 4630 3497 4684 repor-

235 4700 336 4751 καὶ
361 4699 589 4769 ἀτιμίαν
613 4702 711 4755 ἐπὶ
733 4708 798 4774 τῇ
829 4706 1014 4776 ἀδικίᾳ
1043 4708 1550 4780 προστρίψαιήμῐν.
1575 4706 1678 4764 Οἷα
1705 4729 1813 4785 γαρ

234 4793 507 4862 εῖπομενς
537 4789 623 4848 οἶα
648 4795 704 4848 δὲ
739 4797 839 4850 καὶ
878 4798 1233 4869 ἠκούσαμεν;

1925 4717 2116 4781 taturi,
2167 4717 2239 4772 ob
2288 4717 2465 4783 quod,
2507 4725 2565 4770 ut
2608 4715 2914 4775 videbatur,
2976 4709 3356 4764 tantummodo
3399 4720 3499 4759 uo-

1925 4818 2092 4864 stram
2124 4809 2470 4879 praesentiam
2506 4807 2752 4862 Studiose
2788 4804 3181 4875 poposcebant,
3222 4804 3314 4871 qui
3349 4810 3501 4853 atro-

234 4890 463 4945 cissima
513 4908 744 4963 quaeque
806 4893 859 4946 in
921 4910 1024 4950 nos
1084 4896 1487 4964 moliebantur,
1540 4907 1596 4954 et
1650 4902 1809 4957 nobis
1844 4914 2043 4975 praeter
2108 4905 2426 4973 injustitiam
2479 4900 2720 4957 infamia:
2796 4913 3017 4970 quoque
3065 4909 3245 4952 notam
3311 4898 3500 4950 inure-

233 4990 393 5045 bant.
426 4987 557 5054 Quae
583 4990 727 5044 enim
761 5000 874 5043 tum
905 4990 1189 5045 diximus?
1223 5007 1346 5062 quae
1375 5001 1430 5048 et
1458 4997 1810 5052 audivimus?

262 5089 370 5137 .t'.
428 5084 636 5136 Λύτίκα
704 5082 937 5153 πρώτως
992 5085 1121 5155 περὶ
1161 5078 1237 5139 ὧν
1291 5087 1819 5159 ἑλογογραφήσαμεν

234 5177 371 5249 περὶ
409 5176 510 5246 τῆς
554 5176 1024 5247 ὲκκλησιαστικῆς
1080 5178 1335 5244 ἑνώσεως
1387 5181 1814 5251 ἀνεκρινόμεθα.

176 5318 181 5323 .
240 5269 352 5321 Καὶ
386 5264 454 5339 ἦν
488 5267 588 5339 μὲν
618 5271 651 5337 ἡ
695 5268 903 5342 σπλιυδὴ
935 5273 1047 5333 τοῖς
1081 5271 1424 5324 ἀντιδικοῦσι
1461 5272 1675 5325 στάδιον
1700 5272 1820 5327 διαί

236 5359 439 5425 λέξεως
460 5360 768 5429 ὑπανοῖξαι,
810 5362 905 5415 καὶ
950 5364 1125 5432 μέγαν
1166 5365 1545 5437 ἀντιρρήσεως
1577 5382 1817 5436 συγκρο-

236 5457 408 5528 τῆσαι
439 5456 646 5525 ἀγῶνα,
679 5455 756 5520 ὡς
784 5455 853 5509 ἂν
894 5456 983 5509 διὰ
1033 5457 1491 5528 παρεξηγησεων,
1543 5453 1631 5521 αἶς
1662 5457 1818 5510 αὐτοὶ

190 5542 195 5549 ’
240 5547 749 5621 νομοθετικώτερον
777 5547 941 5602 πλέον
968 5549 1002 5619 ἢ
1030 5549 1559 5620 άποδεικτικώτερον
1584 5551 1680 5604 ἐπὶ
1699 5552 1824 5614 ταῖς

241 5642 584 5711 θεολογικαίς
617 5642 728 5695 τῶν
764 5641 1029 5712 Πατέρων
1068 5641 1310 5712 χρῶνται
1341 5645 1574 5710 φωναῖς,
1603 5642 1664 5696 τὸ
1686 5643 1819 5697 ἀλο-

244 5722 490 5806 γώτερον
523 5735 618 5788 τοῦ
640 5736 876 5807 πλήθους
904 5734 1522 5806 κσταδημαγωγήσωσι,
1555 5738 1651 5790 καὶ
1674 5736 1818 5790 οὕτω

244 5843 349 5898 την
377 5826 503 5880 καθ’
526 5826 686 5897 ἡμῶν
714 5826 880 5897 δῆθεν
919 5826 1333 5896 ἀπενέγκωνται
1367 5829 1525 5901 νίκην
1552 5845 1568 5860 θ
1601 5831 1736 5900 ἡμῖν
1770 5829 1817 5881 δ’

242 5919 418 5973 ὅτιτὸ
456 5918 820 5989 τυρευόμενον
853 5916 1065 5983 τούτοις
1111 5919 1212 5972 οὐκ
1260 5918 1543 5988 ἠγνοεῖτοσ
1579 5920 1641 5973 τὸ
1670 5918 1715 5973 δ’
1744 5914 1814 5987 ἦν

2000 5086 2090 5143 10.
2128 5086 2324 5140 Statim
2361 5085 2475 5149 illa,
2505 5098 2629 5155 quae
2665 5095 2767 5137 nos
2798 5082 2865 5136 dc
2890 5080 3096 5136 unione
3128 5083 3499 5137 ecclesiastica

1929 5181 2137 5249 scripto
2189 5179 2538 5243 tradidimus,
2591 5178 2644 5230 in
2686 5177 2954 5246 judicium
3001 5185 3195 5229 vocata
3245 5187 3393 5228 sunt.
3438 5175 3503 5229 Et

1924 5272 2261 5327 adversariis
2303 5280 2513 5325 tantum
2567 5269 2702 5323 illud
2759 5268 3131 5329 incultibebat,
3179 5268 3501 5335 disputatio-

1924 5367 2009 5420 nis
2067 5363 2308 5419 stadium
2367 5362 2623 5433 aperire,
2687 5371 2742 5415 et
2793 5364 2985 5430 ingens
3049 5359 3503 5413 contradit'limtis

1923 5467 2202 5513 certamen
2252 5458 2610 5519 constituere,
2671 5463 2729 5508 ut
2778 5468 2872 5522 per
2928 5466 3123 5522 pravas
3175 5453 3501 5519 interpreta-

1928 5551 2128 5615 tiones,
2186 5549 2253 5604 ad
2299 5563 2437 5618 quas
2489 5545 2891 5602 construendas
2924 5544 3000 5597 illi
3055 5544 3497 5596 ηοιιιοῑὶιιιιιιιύιη

1928 5647 2103 5714 magis
2158 5657 2333 5707 more,
2399 5656 2564 5713 quam
2621 5638 3163 5693 demonstrationum
3222 5633 3499 5687 methodis

1928 5737 2153 5792 Patrum
2222 5736 2449 5791 vocibus
2504 5743 2755 5797 utuntur,
2805 5730 3149 5784 vesaniorem
3207 5728 3503 5794 plebecula:

1928 5829 2340 5885 multitudinem
2393 5826 2550 5896 quasi
2608 5822 2884 5879 lenocinio
2933 5821 3253 5884 allicereut,
3311 5819 3501 5887 sicque

1921 5922 2187 5979 adversus
2221 5936 2318 5977 nos
2360 5920 2641 5976 victoriam
2673 5923 3039 5988 reportarem.
3068 5910 3179 5971 Nos
3210 5926 3375 5986 porro
3404 5924 3499 5965 eo.
