3932 6634
454 434 562 499 963

1478 425 1688 488 JOAN.
1728 422 1943 488 YECCI
1980 422 2090 484 ΕΡ.
2123 419 2634 483 ΡΑΤΒΙΑΒΟΗᾸΞ

3582 418 3685 480 (364

470 565 592 608 rum
632 549 920 613 machinae,
955 555 1009 604 et
1040 544 1322 602 molimina
1366 559 1487 599 cum
1525 558 1632 598 non
1665 542 2025 613 praeterirent,

2139 539 2191 592 εδ
2236 537 2304 592 τὰ
2334 537 2515 609 πλήθη
2543 536 2677 607 πρὸς
2708 533 2808 607 τὴν
2839 532 2965 590 καθ’
2993 535 3025 606 ἡ
3036 533 3153 601 μῶν
3173 531 3345 606 ὀργὴν
3369 535 3685 607 ἀναφθῆναι,

454 649 615 697 erant
645 654 796 705 vero,
830 638 966 693 iram
989 634 1174 706 populi
1204 642 1393 689 contra
1424 648 1523 688 nos
1551 631 1902 693 succendere,
1930 628 2022 699 qui

460 735 531 788 ab
572 731 800 799 antiquo
853 740 1096 796 tempore
1154 725 1312 779 fama:
1343 724 1483 794 apud
1523 723 1744 778 eosdem
1797 721 2025 789 vulgatae
2062 738 2071 743 ·

456 826 732 881 luere-bant
774 823 839 874 ad
895 821 1151 874 unionem
1197 816 1579 873 stabiliendam
1632 813 1934 869 maximum
1970 811 2027 866 in

456 917 678 972 modum
714 915 780 969 ab
820 914 1010 968 eodem
1052 912 1216 966 modo
1245 911 1482 964 babitam
1521 908 1759 962 studium
1794 920 1895 959 nos
1927 918 2026 958 nec

457 1010 715 1077 exiguum
742 1007 1061 1061 contuliSse.
1091 1004 1156 1058 Et
1181 1000 1462 1070 responsio
1485 999 1724 1077 quidem,
1753 1007 2029 1065 utcunque

459 1104 552 1157 illa
584 1102 767 1161 fuerit,
811 1101 882 1154 ita
923 1114 982 1153 se
1012 1097 1195 1151 habuit
1224 1112 1240 1149 :
1274 1094 1329 1149 Si
1356 1095 1421 1149 de
1456 1093 1561 1147 fide
1608 1106 1708 1145 nos
1751 1090 1912 1144 hodie
1942 1088 2030 1141 in-

462 1194 784 1266 quirimnr,
853 1192 1027 1260 palam
1080 1198 1134 1243 et
1189 1188 1360 1242 libere
1416 1201 1606 1239 vocem
1674 1181 2030 1239 sustollentes

460 1289 717 1351 dicimus,
766 1286 1011 1343 credere.
1055 1291 1110 1337 et
1155 1282 1431 1350 profiteri,
1463 1289 1517 1334 et
1553 1290 1736 1333 tenere
1766 1278 2031 1346 quemad-

460 1385 682 1434 modum
719 1390 906 1432 salicta
940 1375 1326 1442 catltulicaque
1368 1372 1607 1426 Ecclesia
1639 1370 1946 1439 profitetur,
1977 1376 2035 1421 ct

460 1482 630 1537 tenet,
678 1487 706 1525 a
749 1485 855 1539 qua
910 1483 1070 1523 sacro
1108 1468 1328 1521 lavacro
1378 1465 1548 1519 abluti
1589 1479 1798 1528 sumus,
1848 1479 1879 1517 a
1926 1476 2032 1532 qua

462 1568 738 1621 sincerum
777 1564 899 1617 fidei
928 1564 1008 1616 lac
1039 1560 1347 1621 hausimus,
1392 1574 1420 1611 a
1470 1574 1577 1628 qua
1617 1571 1904 1613 ser'noues
1936 1555 2035 1609 do-

463 1661 729 1729 gmaticos
757 1658 1071 1714 ιΙὶιΙίιιὶιιίιιε,
1107 1669 1245 1723 quos
1275 1652 1342 1705 ab
1376 1649 1607 1704 infantia
1641 1651 1755 1717 ipsa
1792 1648 1856 1702 ad
1884 1647 2039 1701 cani-

470 1751 713 1806 tudinem
766 1749 908 1801 hanc
954 1746 1148 1816 rapitis
1206 1758 1456 1815 peraqua
1507 1737 1775 1796 aetatibus
1808 1754 2039 1810 propor-

466 1845 613 1899 tione
660 1839 1136 1911 pertractavimus,
1176 1840 1328 1906 prius
1376 1834 1747 1897 addiscentes,
1784 1841 1839 1886 et
1887 1842 2037 1902 pust-

464 1931 687 1985 modum
716 1932 995 1983 docentes.
1026 1926 1106 1980 Ad
1143 1926 1258 1981 haec
1285 1939 1435 1985 vero,
1468 1940 1591 1994 quae
1630 1923 1921 1977 subsecuta
1953 1933 2037 1977 est

464 2036 652 2077 eorum
702 2021 1009 2090 responsio,
1067 2018 1172 2071 hoc
1224 2018 1275 2070 in
1322 2017 1440 2069 luco
1470 2015 1740 2086 digerere,
1788 2013 2034 2084 ineptum

470 2129 700 2185 prorsus
733 2112 1007 2166 existimo.
1048 2108 1302 2178 Namque
1342 2108 1682 2163 Christianos
1721 2122 1821 2161 nos
1858 2116 1913 2161 et
1946 2121 2039 2161 or-

364 2194 383 2209 ’
466 2207 744 2260 tltodoxos
791 2218 913 2257 esse
967 2202 1180 2272 iudices
1228 2201 1613 2265 declararunt,
1678 2199 2038 2255 nihilominus

466 2297 792 2367 praesulatus
836 2294 1198 2364 privationem
1251 2294 1631 2352 decrevi-runt,
1683 2291 1870 2346 nescio
1926 2306 2036 2360 qua

466 2385 716 2450 ratione,
767 2394 820 2437 et
880 2384 1024 2437 unde
1060 2382 1214 2449 moti,
1258 2383 1326 2437 ad
1378 2382 1557 2437 simile
1588 2382 1865 2436 decretum
1909 2396 2037 2444 pro-

466 2476 602 2546 lapsi
635 2486 785 2537 sunt,
811 2484 865 2529 ct
898 2476 1059 2544 plane
1086 2491 1188 2528 non
1215 2476 1456 2539 aliunde,
1492 2489 1669 2544 neque
1698 2476 1860 2529 rebus
1890 2472 2033 2540 aliis,

466 2566 571 2622 nisi
597 2566 684 2630 iis,
718 2582 853 2633 quas
889 2582 1053 2635 supra
1085 2567 1650 2635 praementoravimus.
1679 2564 1863 2635 Neque
1887 2565 2033 2619 cnint

464 2672 715 2730 pmerant
759 2658 848 2716 vix
903 2660 1176 2728 compotis
1215 2657 1382 2712 animi
1425 2658 1787 2712 multitudinis
1838 2657 2029 2721 rabiei,

476 2762 531 2831 et
582 2754 859 2810 eﬂrenata:
913 2750 1227 2822 appetitioni
1278 2752 1571 2815 resistere,
1636 2766 1801 2821 quam
1860 2750 1913 2805 in
1976 2767 2035 2807 se

2129 630 2193 683 ὲκ
2236 628 2481 691 παλαιᾶς
2536 625 3065 698 προκατειλημμένα
3113 627 3216 697 τῆς
3263 626 3478 697 φήμης,
3524 626 3690 685 πολλὰ

2128 721 2265 793 πρὸς
2294 721 2395 789 τὴν
2426 720 2768 790 μισουμένην
2800 720 2985 783 αὐτοῖς
3031 718 3495 789 ὲκκλησιαστικὴν
3524 718 3689 772 σπεύ-

2128 810 2239 864 δειν
2262 811 2408 880 ἡμᾶς
2432 809 2647 863 ἕνωσιν.
2680 808 2916 879 Τοιαύτη
2949 826 3032 871 τις
3061 810 3290 877 γέγονεν
3324 810 3358 878 η
3406 807 3687 877 ἁπολογὶσ.

2129 903 2193 957 Εἰ
2220 904 2351 974 περ)⁸
2380 902 2613 965 πίστεως
2644 902 2804 971 ἡμεῖς
2836 908 3079 973 σήμερον
3113 902 3545 974 ἀνακρινόμεθα,
3570 902 3691 972 επ.

2136 1013 2256 1067 μεν,
2292 998 2349 1048 ὲν
2381 993 2670 1067 παρρησία
2698 993 2917 1065 βοῶμεν
2951 994 3254 1057 πιστεύειν,
3277 995 3374 1047 καὶ
3398 992 3688 1062 ὁμολογεῖν,

2135 1087 2230 1141 καὶ
2257 1090 2477 1158 φρονεῖν
2503 1086 2576 1148 ῶς
2600 1088 2632 1157 ή
2660 1085 2800 1154 άγία
2830 1087 2925 1138 καί
2950 1084 3215 1156 καθολικὴ
3248 1083 3542 1154 Ἐκκλησία
3572 1100 3693 1152 cppe-

2132 1181 2237 1245 νεῖ,
2266 1181 2360 1234 καὶ
2386 1178 2659 1247 ὁμολογεῖ,
2697 1178 2830 1248 παρ’
2849 1172 2915 1248 ἧς
2944 1177 3005 1231 τδ
3044 1177 3331 1247 βάπτισμα
3362 1176 3680 1245 ἐδεξάμεθα,

2134 1275 2266 1343 παρ’
2293 1271 2359 1348 ἧς
2393 1275 2456 1328 τὸ
2496 1275 2686 1328 ἄδολον
2720 1275 2863 1342 γάλα
2892 1274 2993 1343 τῆς
3021 1273 3257 1335 πίστεως
3303 1271 3688 1342 ἐποτίσθημεν,

2135 1368 2267 1437 παρ’
2290 1361 2355 1440 ἧς
2385 1367 2511 1431 τοὺς
2555 1367 2928 1437 δογματικοὺς
2975 1366 3171 1435 λόγους
3223 1364 3691 1435 ἐμαθητεύθημεν,

2136 1460 2231 1524 οὓς
2269 1464 2327 1529 ἐξ
2357 1461 2435 1514 ἔτι
2469 1461 2672 1531 νηπίου
2703 1462 2796 1515 καὶ
2824 1461 2905 1524 εἰς
2941 1459 3106 1529 τήνδε
3154 1459 3254 1529 τὴν
3285 1456 3477 1510 πολιὰν
3513 1454 3697 1509 ἀναλό-

2136 1573 2249 1625 γως
2280 1555 2390 1608 τῶν
2447 1557 2679 1626 ἡλικιῶν
2718 1556 2926 1627 ἑκάστῃ
2988 1554 3304 1626 διήλθομεν,
3346 1550 3695 1622 μανθάνοντες

2088 1640 2095 1651 “
2139 1652 2434 1718 πρότερον,
2475 1648 2571 1701 καὶ
2605 1647 2953 1710 διδάσκοντες
2981 1647 3232 1718 ὕστερον.
3260 1645 3373 1699 Kal.
3397 1645 3429 1714 η
3456 1641 3557 1712 μιν
3580 1643 3697 1695 ἀπο-

2137 1739 2296 1808 λογία
2318 1739 2478 1810 ἡμῶν
2517 1739 2662 1810 αὕτη
2689 1756 2705 1771 ’
2761 1740 2861 1811 τὴν
2896 1740 2946 1794 δ’
3003 1739 3304 1810 ἀμοιϐαξαν
3336 1736 3470 1806 πρὸς
3499 1733 3696 1803 ταύτην

2140 1833 2435 1902 ἀπόκρισιν
2471 1832 2765 1887 ἀκόλουθον
2797 1833 3148 1902 ἐξενεχθῆναι
3178 1829 3326 1884 κατὰ
3354 1829 3415 1881 τὸ
3446 1827 3696 1897 ἁρμόδιον

2136 1924 2391 1993 οὐδαμῶς
2417 1921 2592 1994 οἶμαι.
2631 1924 2950 1995 Ὀρθοδόξου
2982 1925 3092 1993 γάρ
3120 1917 3556 1993 Χριστιανισμοῦ
3599 1934 3685 1969 πα-

2150 2015 2379 2088 ραδοχὴν
2412 2018 2461 2070 οἱ
2487 2015 2799 2081 δικάζοντες
2852 2017 2954 2085 τῆς
2997 2011 3415 2086 ἀρχιερωσύνης
3454 2011 3696 2081 στέρησιν

2142 2110 2282 2179 ὑμᾶς
2318 2108 2666 2173 ἐδικαίωσαν,
2706 2108 2805 2161 οὐκ
2841 2103 2939 2161 οἶδ’
2982 2107 3153 2169 ὅπως,
3197 2106 3293 2158 καὶ
3326 2103 3447 2156 ὅθεν
3488 2101 3573 2162 εἰς
3607 2099 3692 2168 τὴν

2140 2199 2402 2269 τοιαύτην
2435 2199 2758 2270 κινηθέντες
2804 2200 3107 2267 ἀπόφασιν,
3144 2198 3365 2261 πάντως
3408 2193 3457 2250 δ’
3488 2193 3592 2247 ούκ
3614 2192 3695 2247 άλ-

2139 2290 2315 2356 λοθεν,
2347 2288 2464 2344 ἀλλ’
2490 2291 2547 2358 ἐξ
2582 2284 2657 2344 ὧν
2681 2290 3120 2361 προειρήκαμεν.
3146 2288 3221 2340 Οὐ
3252 2286 3364 2355 γὰρ
3387 2278 3487 2338 οἷοί
3521 2299 3582 2335 τε
3610 2281 3693 2335 δύο

2149 2384 2341 2453 δαμῶς
2378 2379 2519 2452 ἦσαν
2573 2384 2710 2455 πρὶς
2739 2384 2933 2451 ἄλογον
2981 2382 3181 2452 μανίαν
3228 2379 3466 2449 πλήθους
3495 2376 3595 2430 καὶ
3614 2376 3697 2445 δρ-

2146 2478 2253 2547 μὴν
2275 2476 2521 2547 ἀντέχειν
2544 2476 2867 2539 ἀκάθεκτον,
2905 2476 2972 2546 ἣν
3000 2475 3087 2545 ἐφ’
3109 2472 3303 2526 ἑαυτὸν
3330 2472 3562 2531 ἕκαστος
3591 2470 3695 2522 ἐπι·

2144 2570 2485 2624 σπεύσασθαι
2509 2569 2666 2641 ᾤετο,
2690 2570 2818 2623 εττί
2836 2587 2938 2622 που
2964 2569 3057 2622 καὶ
3084 2568 3278 2637 μικρὸν
3301 2563 3545 2633 ὲνσταίη,
3572 2562 3694 2630 πρὲις

2142 2663 2284 2734 ἅπερ
2321 2663 2373 2715 οἱ
2426 2666 2493 2716 τά
2532 2663 2653 2717 καθ’
2708 2663 2868 2733 ἡμῶν
2901 2661 3194 2732 δυνάμενοι
3230 2658 3442 2730 ἤθελον.
3498 2653 3690 2725 ’ΔλλἿι

2146 2758 2243 2827 μὲν
2272 2755 2546 2825 ἀπόφασις
2577 2758 2826 2828 τοιαύτη,
2855 2758 2950 2809 καὶ
2980 2755 3073 2808 διὰ
3114 2754 3361 2807 τοιαῦτα.

466 2849 701 2917 quisque
749 2843 1175 2901 convertendam
1216 2842 1333 2899 fore
1367 2845 1615 2912 putabat,
1660 2844 1706 2898 si
1774 2844 1857 2897 vel
1911 2845 2195 2901 minimum
2269 2848 2377 2905 illis
2420 2849 2746 2912 obstitisset,
2818 2863 2941 2918 quae
2991 2848 3257 2902 adversus
3302 2860 3401 2901 nos
3463 2848 3693 2915 patentes

466 2941 709 3010 alioquin
769 2941 871 2992 viri
928 2936 1291 2991 intentabant.
1348 2935 1748 2991 Condetunatio
1797 2935 1978 3006 itaque
2004 2978 2020 3002 ,
2064 2939 2141 2993 uti
2174 2940 2442 3003 diximus,
2476 2956 2576 2995 nec
2608 2942 2769 2994 aliam
2801 2942 2872 2995 ob
2908 2955 3127 2994 causam
3161 2941 3274 2993 hanc
3305 2939 3427 2993 fult.

542 3032 630 3087 ll.
690 3030 799 3086 Nos
842 3045 997 3091 vero,
1051 3029 1291 3099 quitum
1349 3040 1573 3099 propter
1604 3023 1717 3099 jam
1766 3030 2035 3085 adductas

467 3124 709 3181 rationes
768 3122 905 3177 nihil
954 3120 1363 3192 respondimus,
1410 3136 1555 3174 nunc
1595 3121 1770 3189 palam
1819 3124 2040 3188 aperto-

2217 3041 2308 3089 ta'.
2353 3032 2546 3104 Ἡμεῖς
2587 3032 2644 3087 δι
2673 3034 2810 3099 ὅπερ
2860 3033 2981 3086 τότε
3023 3034 3094 3087 δι’
3118 3031 3207 3094 οὓς
3237 3031 3450 3102 ἔφημεν
3491 3028 3690 3098 λόγους,

2148 3124 2596 3197 ἀπολογήσασθαι
2616 3126 2717 3180 οὐκ
2740 3127 3171 3196 ἐδοκιμάσαμεν,
3201 3123 3298 3178 νῦν
3328 3126 3408 3186 εις
3449 3120 3688 3191 λαμπρδν

470 3232 598 3288 que,
636 3226 696 3271 ιιι
723 3229 916 3270 omnes
969 3214 1219 3275 audiant,
1265 3228 1359 3267 ore
1404 3215 1821 3282 respondemus.
1868 3213 2038 3269 Adde-

2145 3220 2498 3293 προτείνομεν
2526 3220 2616 3274 τὸν
2657 3220 2949 3287 ἀπόλογον.
2995 3219 3167 3283 Ἔδει,
3205 3212 3252 3271 ὦ
3284 3218 3486 3280 πάντες
3542 3215 3688 3286 ἱεροὶ,

471 3311 718 3373 cebatne,
768 3322 802 3363 o
850 3307 1091 3361 universi
1134 3307 1469 3369 sacerdotes,
1501 3316 1556 3360 ct
1586 3306 1679 3376 qui
1723 3308 2036 3362 divinorum

469 3411 770 3459 canomnn,
806 3404 860 3450 et
900 3405 1214 3449 sanctarum
1264 3395 1715 3449 constitutiunum
1754 3395 2038 3452 scientiam

472 3489 690 3553 tenetis,
724 3488 1035 3542 sacerdotio
1086 3502 1211 3541 eum
1247 3487 1469 3556 privari,
1503 3488 1596 3555 qui
1644 3488 2039 3557 prmlaudatam

469 3581 592 3635 lintei
637 3579 1035 3649 professionem
1075 3587 1129 3633 et
1188 3581 1370 3633 animo
1422 3580 1615 3642 credit,
1658 3591 1713 3634 et
1738 3581 1919 3650 lingua
1947 3582 2044 3638 de-

467 3671 768 3742 prtcdirat?
802 3669 1176 3727 Ortbodoxum
1208 3672 1389 3736 nobis,
1419 3688 1451 3725 ο
1480 3672 1679 3742 judex,
1720 3673 2046 3729 Christiani-

468 3776 649 3817 smum
697 3764 1004 3830 atteStaris,
1059 3774 1114 3819 et
1169 3765 1541 3820 sacerdotium
1596 3766 1829 3821 adimis?
1878 3766 2044 3823 Forte

469 3853 643 3920 dices,
673 3856 819 3925 quod
855 3870 953 3924 pro
984 3855 1373 3924 ecclesiastica‘I
1399 3859 1602 3912 unione
1638 3859 1841 3929 scripta
1865 3858 2045 3928 publi-

470 3946 736 4001 caverim.
769 3945 935 4011 Bene,
970 3946 1125 4011 bene,
1167 3946 1213 4002 si
1250 3958 1434 4002 nostra
1499 3949 1768 4005 sententia
1801 3966 1907 4006 non
1955 3965 2044 4005 re-

470 4047 617 4092 ctam
679 4037 1102 4108 sinceramque,
1162 4049 1214 4094 et
1264 4041 1723 4098 excellentissimo
1802 4042 2041 4113 quodam

471 4130 634 4185 modo
665 4130 917 4199 pietatem
959 4131 1299 4199 praeseferrct
1334 4150 1346 4186 :
1387 4133 1433 4187 si
1469 4148 1556 4189 res
1588 4142 1795 4189 vestras
1839 4135 2044 4203 impro-

472 4221 719 4278 bavimus
764 4238 780 4277 :
828 4223 873 4277 si
927 4223 1168 4280 alienum
1223 4225 1292 4280 ab
1350 4224 1590 4281 Ecclesia
1639 4228 1836 4293 degma
1872 4227 2045 4281 intro-

471 4313 755 4369 duximus.
808 4314 967 4381 Quod
1019 4317 1066 4371 si
1131 4319 1186 4372 in
1241 4317 1330 4373 bis
1382 4320 1638 4376 omnibus
1698 4321 1929 4388 innoxii,
1989 4330 2044 4376 et.

470 4405 655 4461 animo
697 4415 753 4461 et
800 4417 982 4462 mente
1029 4423 1244 4473 sumus,
1291 4418 1345 4464 et
1393 4424 1608 4465 Summa
1641 4411 1812 4465 nostri
1849 4410 2041 4480 scripti

472 4498 724 4552 tractatio
769 4514 875 4552 non
931 4498 1038 4552 alia
1082 4508 1223 4564 erat,
1251 4516 1416 4569 quam
1453 4502 1741 4571 utriusque
1785 4500 2040 4558 Ecclesiae

2140 3308 2186 3368 ὦ
2221 3313 2422 3378 πάντες
2451 3314 2692 3385 κανόνων
2726 3312 2889 3367 θείων
2939 3313 3033 3366 καὶ
3084 3313 3374 3382 πατρικῶν
3426 3310 3690 3380 εἰδήμονες

2140 3404 2459 3472 διατάξεων,
2496 3405 2799 3476 ίερωτύνην
2839 3404 3202 3475 ἀφαιρεθῆναι
3256 3403 3350 3457 τὸν
3380 3402 3478 3475 τὴν
3518 3401 3690 3473 ῥηθεῖ-

2143 3512 2240 3551 σαν
2266 3498 2558 3568 ὁμολογίαν
2592 3498 2686 3552 καὶ
2719 3497 2864 3569 ψυχῇ
2898 3496 3200 3569 φρονοῦντα
3232 3496 3326 3550 καὶ
3356 3494 3573 3565 γλώσσῃ
3599 3509 3691 3562 κη-

2146 3592 2412 3661 ρύττοντα
2435 3607 2450 3657 ;
2488 3590 2800 3663 Ὀρθόδοξον
2824 3593 2957 3662 ημῖν
2984 3590 3432 3662 προσμαρτυρεῖς
3454 3587 3543 3640 τδν
3567 3586 3688 3657 Χρι-

2144 3683 2489 3753 στιανισμδν,
2522 3684 2550 3737 ό
2594 3683 2857 3748 δικάζων,
2898 3681 2995 3738 καὶ
3037 3686 3135 3754 τὴν
3185 3680 3494 3751 ἱερωσύνην
3546 3677 3688 3750 ἡμῶν

2142 3773 2391 3845 ἀφαιρῇς
2424 3775 2550 3827 Ὀτι
2584 3791 2674 3843 γε,
2716 3775 2847 3839 ἴσως
2886 3776 3055 3847 ἐρεῖς,
3108 3775 3175 3827 τά
3206 3774 3336 3843 περὶ
3371 3773 3468 3842 τῆς
3513 3772 3689 3840 ἐκκλη-

2146 3867 2435 3938 σιαστικῆς
2459 3866 2705 3932 ἑνώσεως
2750 3866 3219 3939 ὲλογογράφησας.
3258 3866 3471 3930 Καλῶς,
3500 3862 3681 3926 καλῶς,

2145 3961 2193 4013 εί
2218 3961 2295 4031 μὴ
2315 3959 2376 4012 τὸ
2399 3961 2659 4031 φρόνημα
2692 3962 2725 4030 ἡ
2736 3959 2852 4030 μῶν
2886 3960 2988 4030 τῆς
3012 3960 3186 4031 ἄκρας
3209 3960 3387 4031 εἴχετο
3409 3956 3685 4022 εὐσεϐείας,

2144 4054 2193 4106 ει
2220 4054 2287 4106 τὰ
2317 4053 2562 4125 ἡμέτερα
2591 4052 2966 4125 ὴθετήκαμεν,
2996 4057 3045 4107 εἰ
3097 4055 3380 4124 ἀλλότριον
3421 4053 3591 4121 δόγμα
3629 4051 3684 4119 τῇ

2144 4146 2239 4201 τοῦ
2275 4146 2410 4200 Θεοῦ
2466 4146 2767 4218 Ἐκκλησεᾳ
2825 4146 3388 4218 παρεισεφθείραμεν.
3429 4145 3486 4197 El
3533 4143 3580 4197 δ’
3609 4142 3687 4194 ἐπὶ

2142 4240 2357 4301 τούτοις
2393 4241 2562 4294 πᾶσιν
2603 4240 2771 4294 άθῶοι
2814 4241 2909 4294 καὶ
2934 4239 3116 4311 ψυχὴν
3144 4240 3239 4293 καὶ
3267 4238 3487 4307 γνώμην
3513 4236 3681 4305 ἡμεῖς,

2144 4333 2239 4386 καὶ
2268 4332 2490 4404 σύμπαν
2508 4332 2567 4387 τὸ
2585 4332 2686 4404 τῆς
2703 4330 3214 4405 λογογραφηθείσης
3238 4331 3328 4400 ὑφ’
3353 4329 3501 4400 ἡμῶν
3525 4341 3686 4396 πραγ-

2147 4426 2372 4496 ματείας
2400 4427 2762 4497 κεφάλαιονή
2809 4427 2945 4497 πρὸς
2993 4427 3219 4495 εἰρήνην
3266 4425 3534 4493 ἑκατέρων
3591 4416 3682 4470 τῶν

2155 4517 2495 4590 Ἐκκλησιῶν
2535 4515 2603 4589 ἦν
2654 4519 2923 4590 στμϐολῆ,
2983 4517 3168 4580 καλῶς
3223 4519 3288 4587 τῇ
3321 4513 3415 4569 τοῦ
3469 4507 3677 4582 Χριστοῦ

470 4602 666 4655 nexus,
702 4590 839 4643 bene
872 4599 927 4643 et
952 4589 1248 4643 admodum
1279 4590 1484 4645 utiliter
1517 4590 1609 4645 Dei
1640 4592 1813 4661 gratia
1845 4608 2038 4662 procc-

2146 4581 2354 4681 χάριτι,
2371 4611 2468 4664 καὶ
2493 4581 2614 4663 λίαν
2643 4581 3034 4681 συμφερόντως
3060 4581 3452 4680 προϐαίνουσα,
3475 4581 3524 4658 εί
3543 4599 3678 4657 πάνθ’

469 4678 606 4732 dens
635 4694 650 4731 :
678 4679 724 4732 si
763 4693 1106 4749 quaecunque
1135 4680 1396 4744 diximus,
1430 4690 1525 4735 aut
1562 4681 1891 4751 scripsimus
1930 4699 2043 4738 me-

468 4769 712 4825 diatores
762 4785 883 4833 nos,
922 4780 977 4825 et
1018 4770 1418 4838 pacificatores,
1471 4788 1580 4828 non
1630 4788 1898 4828 novorum
1944 4775 2043 4830 do-

468 4873 712 4931 gmatum
768 4871 1068 4917 assertores
1113 4862 1496 4931 comprobant,
1531 4872 1587 4920 et
1624 4880 1729 4920 non
1765 4876 1822 4920 ut
1852 4876 2041 4923 contra

473 4952 757 5005 veritatem
808 4952 1091 5021 impudens
1142 4953 1432 5023 audaxque
1464 4954 1644 5026 lingua
1695 4958 2042 5013 calumnian-

476 5044 609 5100 tium
662 5044 969 5108 contcndit,
1014 5060 1188 5115 quare
1222 5046 1507 5115 indignum
1549 5048 1655 5103 illis
1697 5051 1790 5116 qui
1828 5052 2043 5121 patiun-

472 5145 596 5202 tur,
650 5135 933 5206 indignum
982 5145 1035 5191 et
1070 5136 1211 5202 illis,
1264 5137 1360 5207 qui
1407 5138 1479 5192 ita
1528 5139 1922 5210 decreverunt,
1973 5143 2043 5200 de

472 5228 645 5282 nostri
690 5228 981 5284 sacerdotii
1012 5228 1360 5298 ademptione
1387 5230 1665 5286 decretum
1700 5232 1867 5289 latum
1913 5236 2042 5291 est?

542 5321 631 5377 £2.
672 5321 738 5375 Et
772 5336 880 5391 qua
908 5322 975 5376 de
1007 5337 1175 5377 causa
1219 5322 1601 5379 contradicens
1652 5325 1873 5393 asserit,
1914 5344 2039 5383 cum

466 5411 720 5468 volumen
754 5423 903 5466 tuum
941 5412 1049 5483 igni
1097 5414 1425 5477 traderetur,
1476 5413 1624 5470 illius
1663 5415 2038 5473 defensionem

466 5519 759 5576 aggressus
808 5521 918 5560 non
967 5521 1049 5571 es,
1084 5521 1186 5560 nec
1227 5505 1503 5562 adustioni
1536 5517 1643 5563 tete
1695 5510 2042 5578 Opposuistil

464 5600 536 5653 At
576 5611 790 5670 tempus
836 5597 968 5654 illud
1011 5597 1345 5652 auditionem
1393 5613 1501 5652 non
1544 5599 1882 5665 admittebat,
1911 5614 2037 5656 cum

466 5692 655 5746 omnia
697 5690 918 5745 turbato
965 5705 1146 5746 rerum
1179 5689 1374 5744 ordine
1419 5692 1741 5748 confusione
1775 5695 2039 5749 tumultu-

465 5797 573 5852 que
614 5781 976 5851 jactarentur,
1017 5790 1072 5837 et
1107 5781 1393 5839 seditionis
1439 5791 1693 5840 auctores
1735 5785 1893 5857 vilem
1929 5786 2042 5856 ple-

432 5873 717 5930 Abeculatu
766 5888 867 5931 nos
915 5873 1248 5951 discerpere,
1304 5885 1356 5931 et
1413 5874 1467 5931 in
1517 5873 1690 5932 l‘ruSIa
1746 5877 2036 5937 concidere

2143 4705 2244 4757 ὃσα
2276 4705 2370 4757 καὶ
2405 4705 2655 4775 εἴπομεν,
2698 4704 2794 4758 καὶ
2847 4704 3190 4777 ἐγράψαμεν,
3246 4704 3341 4756 καὶ
3388 4700 3676 4759 διαλλάκτες

2141 4799 2292 4870 ἡμᾶς
2328 4796 2591 4868 οὖμενουν
2622 4799 2964 4867 κενοφωνιῶν
2989 4795 3302 4867 παριστῶσι
3321 4794 3622 4866 δογματιπί
3634 4808 3672 4854 ς,

2142 4889 2214 4951 ὡς
2244 4890 2276 4959 ἡ
2308 4888 2453 4942 κατὰ
2490 4891 2591 4959 τῆς
2622 4888 2886 4960 ἀληθείας
2937 4888 3314 4959 θρασυνομένη
3345 4888 3549 4955 γλῶττα
3585 4883 3673 4937 τῶν

2143 4982 2288 5052 ἡμᾶς
2317 4980 2717 5035 διαϐαλλόντων
2744 4980 3142 5051 ἀνακηρύττει,
3178 4980 3266 5033 ἵνα
3292 4980 3345 5032 τί
3375 4977 3556 5044 ἀναξία
3589 4974 3671 5045 μὲν

2142 5073 2250 5126 τῶν
2278 5074 2616 5144 πασχόντων,
2645 5071 2840 5136 ἀναξία
2869 5072 2926 5125 δὲ
2965 5073 3073 5125 τῶν
3106 5071 3405 5126 ποιούντων
3434 5068 3669 5136 ὐπ’ἁφαι·

2146 5164 2292 5233 ρέσει
2327 5164 2426 5233 τῆς
2469 5162 2630 5234 ἡμῶν
2666 5164 2975 5235 ἱερωσύνης
3027 5163 3294 5234 ἐξηνέχθη
3326 5165 3360 5234 ὴ
3393 5163 3663 5230 άπόφασιξς

2216 5322 2307 5393 ιβ’.
2334 5324 2445 5378 Καὶ
2478 5323 2618 5388 πῶς,
2648 5324 2815 5394 φησὶν
2838 5324 2868 5378 δ
2894 5326 2991 5379 ἀντ
3003 5322 3218 5393 ιλέγων,
3261 5323 3399 5395 ἡμῖν
3429 5322 3551 5391 πυρὶ
3581 5335 3663 5370 πε-

2145 5416 2505 5489 ραδιδομένης
2530 5416 2632 5488 τῆς
2665 5415 2853 5487 βίϐλου
2877 5416 2976 5487 τῆς
3006 5416 3128 5486 σῆς,
3156 5416 3297 5487 πρὸς
3321 5417 3419 5487 τὴν
3441 5417 3516 5477 είς
3540 5410 3667 5466 τοῦτο

2141 5512 2242 5565 οὐκ
2276 5510 2438 5581 ἔστης
2469 5512 2788 5583 ἀντίρρησιν
2812 5527 2827 5578 ;
2853 5510 2979 5564 Ὀτι
3008 5510 3117 5564 οὐδ’
3146 5513 3175 5565 ό
3202 5510 3391 5582 καιρὸς
3414 5508 3665 5579 ἐτύγχανεν

2141 5604 2482 5675 ἀκροάσεως,
2517 5603 2632 5657 ἀλλ’
2660 5603 3043 5657 ἀκαταστασία
3072 5604 3134 5658 τὸ
3161 5605 3292 5669 πᾶν,
3320 5603 3416 5656 καὶ
3445 5601 3664 5669 σύγχυσις

2141 5690 2253 5765 εἶχε
2289 5698 2386 5749 καὶ
2414 5697 2665 5768 θόρυϐος,
2717 5696 2812 5750 καὶ
2844 5698 2937 5750 τὸν
2959 5696 3178 5767 χυδαῖον
3216 5696 3345 5751 λαὸν
3389 5698 3439 5748 ει
3462 5696 3663 5747 ἀνάπτει

2139 5785 2437 5841 διασπάσαι
2461 5791 2631 5859 ἡμᾶς,
2664 5789 2760 5844 καὶ
2798 5789 3117 5859 διαμερίσαι
3150 5788 3363 5859 φύρδην
3411 5784 3660 5857 παρώτρυ-

2146 5895 2257 5936 νον.
2295 5880 2403 5936 Καὶ
2439 5881 2605 5938 πάλιν
2625 5881 2735 5937 οὐδ’
2765 5882 2849 5937 ὅτι
2876 5882 3046 5955 πυρδς
3085 5882 3261 5953 τροφὴ
3301 5882 3370 5936 τὰ
3401 5880 3660 5952 γράμματα
