3932 6592
237 398 330 463 969
1237 391 1333 451 DE
1375 389 1874 453 DEPOSITIONE
1915 390 2057 453 SUA
2103 389 2323 452 ORAT.
2368 389 2450 452 Il.

3352 394 3458 457 970

239 516 292 568 τὸ
332 522 497 580 πειρον
532 506 819 578 ὲπικρίνω.
846 506 958 579 Τὴν
1008 506 1118 577 γὰρ
1166 508 1333 562 αὐτόῦ
1364 509 1459 560 ἐπὶ
1511 507 1671 561 πλέον
1704 507 1781 559 ὲ).-

1893 509 2186 565 terminare
2216 524 2484 580 propono.
2524 509 2627 564 Sed
2663 508 2810 565 illius
2848 505 3219 579 profusiorem
3252 517 3459 565 tracta-

238 603 393 670 πίζων
418 601 736 668 ὲξάπλωσιν,
766 599 1022 672 εὔχομαι,
1058 602 1226 665 είπως
1255 600 1321 655 ἂν
1356 602 1487 664 Θεὸς
1519 600 1601 655 ἔτι
1639 601 1778 665 ζῶν-

235 714 320 758 τας
382 695 523 764 ἡμᾶς
589 694 677 747 ἐπ’
724 692 1011 766 ἀκροατῶν
1062 693 1440 762 ἀγωνίσασθαι
1492 692 1781 763 τιμώντων

234 785 480 855 εὐθύτητα
506 786 632 855 περί
675 803 735 839 τε
771 787 873 855 τῆς
907 785 1066 855 ἡμῶν
1100 785 1382 849 εὐσεϐείας
1423 786 1552 857 περί
1596 802 1657 838 τε
1685 785 1785 855 τῆς

233 879 708 947 φιλορωμαιότητος
732 878 1046 949 εὐδοκήσειε
1079 878 1167 931 διὰ
1191 877 1292 948 τὴν
1328 877 1420 930 ὲπί
1453 877 1607 932 δυσὶν
1630 878 1784 945 ὅμως

230 970 428 1041 ἢτρισὶ
478 970 748 1042 μάρτυσιν
798 970 1179 1039 Εὐαγγελικὴν
1228 972 1412 1025 πίστιν
1463 972 1574 1024 τῶν
1628 971 1783 1043 είρη-

233 1064 412 1132 μένων,
446 1063 739 1134 προσθήσω
767 1061 831 1135 δὴ
858 1066 972 1128 τοῖς
1000 1064 1298 1136 ἀκροαταῖς
1331 1065 1459 1135 ὑμῖν
1517 1066 1598 1128 είς
1654 1064 1786 1118 ἀνά-

234 1170 441 1223 μνησιν,
465 1153 560 1207 καὶ
585 1153 655 1207 τὰ
682 1154 741 1207 ὲν
797 1155 1107 1226 προοιμίοις
1156 1173 1248 1226 μοι
1278 1157 1371 1209 ἐπὶ
1401 1159 1468 1228 τῇ
1495 1156 1659 1229 ὁμοίᾳ
1691 1158 1785 1210 δυ-

226 1243 373 1311 νὶμει
411 1244 956 1312 προανατεταγμένα,
1002 1245 1154 1307 ὅπως
1202 1243 1409 1315 δηλαδὴ
1455 1247 1483 1298 6
1520 1246 1686 1309 πολὺς
1715 1248 1785 1302 τὰ

228 1333 333 1385 θεῖα
359 1330 654 1397 Βασίλειος,
680 1333 750 1387 τὰ
788 1336 933 1388 κατὰ
966 1335 1068 1407 τὴν
1114 1335 1477 1410 Ἐκκλησίαν,
1506 1334 1577 1411 ἦς
1611 1339 1782 1409 ἀκρο-

224 1425 456 1490 γωνιαῖος
483 1426 576 1478 καὶ
608 1427 861 1494 συνδέτης,
887 1427 1036 1492 λίθος
1067 1430 1311 1500 Χριστὸς
1338 1434 1366 1484 6
1400 1432 1554 1496 Θεὸς,
1579 1432 1779 1487 διοικο-

225 1516 558 1585 νομούμενος,
602 1518 730 1579 τοὺς
772 1520 848 1588 μὴ
902 1519 1161 1586 λέγοντας
1214 1522 1441 1594 Πνεῦμα
1494 1524 1660 1592 Θεὸν,
1721 1527 1779 1581 ὲν

223 1605 391 1670 ἄλλαις
433 1607 489 1661 δὲ
535 1612 744 1677 φωναῖς
789 1611 851 1663 τὸ
908 1611 1023 1667 ίσον
1069 1614 1457 1688 ἐμφαίνοντας,
1499 1621 1610 1682 τοῖς
1643 1619 1778 1673 Θεὸν

222 1698 337 1750 αὐτὸ
366 1702 530 1770 τρανῇ
582 1702 648 1771 τῇ
697 1699 916 1773 γλώττῃ
961 1688 1424 1775 ἀνακηρύττωσι,
1468 1710 1779 1780 συγκατῆλ-

150 1857 163 1861 -
221 1788 413 1846 λαττεν.
440 1791 602 1846 Ἀλλὰ
641 1792 705 1865 δὴ
751 1795 845 1848 καὶ
893 1795 1042 1860 ὅπως
1071 1799 1099 1851 6
1144 1799 1244 1867 τῆς
1281 1798 1560 1868 θεολογίας
1596 1801 1777 1873 φερώ⁸

221 1898 372 1951 νυμος
423 1882 522 1953 τὴν
593 1884 765 1956 αὐτὴν
816 1886 935 1940 ὁδὸν
987 1887 1091 1958 τῆς
1146 1890 1257 1943 τῶν
1325 1893 1508 1963 μερῶν
1570 1895 1780 1948 τούτων

221 1973 555 2045 καταλλαγῆς
633 1978 1065 2049 μετερχόμενος,
1153 1981 1288 2053 μηδὲ
1362 1983 1425 2036 τὸ
1508 1985 1780 2041 Ἰουδαίων

218 2068 353 2131 ἔθνος
387 2069 684 2125 ἀποϐαλεῖν
723 2071 812 2138 ἂν,
851 2073 902 2126 εί
934 2074 1034 2145 τὴν
1080 2074 1176 2128 τοῦ
1198 2075 1568 2147 ὴλεψμένου
1598 2079 1785 2152 φωνὴν

222 2159 329 2211 ἀντὶ
352 2159 451 2229 τῆς
478 2161 722 2232 Χριστοῦ
749 2164 888 2234 πρὸς
929 2163 1112 2233 ὀλίγον
1155 2167 1564 2239 ἐπιζητοῦντες,
1590 2170 1777 2241 ἠξίουν

220 2251 329 2321 μεθ’
361 2254 515 2323 ἡμῶν
556 2254 871 2322 τάττεσθαι,
903 2259 985 2321 είς
1036 2257 1240 2322 πλάτος
1285 2260 1643 2333 ὲλογογράφει
1684 2266 1781 2319 καὶ

216 2343 514 2416 διαρρήδην.
574 2345 762 2400 Ταῦτα
813 2350 927 2411 τοῖς
981 2349 1448 2422 προαναταχθεῖσι
1495 2355 1778 2424 προσθεὶς,

220 2435 364 2488 ἱκανὰ
390 2437 486 2506 τὴν
514 2437 698 2507 ἡμῶν,
727 2438 802 2502 ὠς
830 2434 1009 2508 οἶμαι,
1029 2439 1158 2495 ὄντα
1192 2442 1539 2511 δεφένδευσιν
1582 2446 1670 2514 ἐφ’
1695 2441 1783 2510 οἷς

216 2527 302 2579 καὶ
329 2528 485 2597 ἡμεῖς
533 2527 635 2599 τὴν
669 2529 735 2582 ἐκ
776 2529 992 2602 Πατρδς
1048 2531 1143 2584 δι”
1171 2531 1302 2586 Υίοῦ
1362 2532 1457 2586 τοῦ
1506 2536 1778 2604 παναιτίου

216 2614 523 2685 ἑκπόρευσιν
568 2619 913 2686 Πνεύματος,
947 2621 1118 2691 μηδὲν
1161 2622 1278 2692 τῆς,
1322 2623 1380 2687 ἐξ
1421 2624 1624 2693 ἀμφοῖν
1660 2625 1779 2679 δια-

219 2706 389 2776 φέρειν
437 2709 864 2776 ἀποδεικνύντες
912 2714 1021 2766 ἀπὸ
1070 2714 1328 2785 Γραφῶν,
1360 2716 1497 2785 πρὸς
1544 2716 1643 2788 τὴν
1677 2717 1779 2788 τῆς

216 2799 661 2873 ὲκκλησιαστικῆς
698 2803 1014 2875 οἰκονομίας
1061 2805 1288 2877 εἰρήνην
1312 2806 1623 2880 δεδώκαμεν
1651 2811 1782 2863 ἐαυ-

217 2891 347 2955 τούς,
373 2893 460 2945 τὸν
482 2894 643 2963 λόγον
673 2896 870 2967 πέρατι
898 2896 1112 2966 δίδωμι.
1143 2900 1216 2952 Σὺ
1242 2899 1310 2965 δ’,
1343 2894 1387 2953 ὧ
1423 2903 1776 2975 πατριαρχῶν

217 2982 354 3050 δυὰς,
380 2978 452 3038 ὧν
492 2988 520 3040 6
577 2987 679 3056 μὲν
729 2988 829 3060 τὴν
884 2989 1260 3061 Ἀλεξάνδρου,
1293 2993 1322 3047 6
1348 2992 1404 3045 δὲ
1435 2994 1533 3062 τὴν
1571 2995 1782 3050 Ἀντιο-

219 3075 346 3147 χίων
374 3082 657 3148 κοσμεῖτε,
690 3078 785 3143 οὓς
831 3080 927 3134 νῦν
958 3084 992 3153 ὴ
1036 3085 1452 3139 Κωνσταντίνου
1499 3086 1614 3156 ἔχει
1638 3088 1774 3158 παρ’

219 3168 391 3240 ἑαυτῇ,
442 3172 724 3245 μνήσθητε
779 3173 855 3238 ὡς
898 3175 1047 3230 ἔστιν
1094 3179 1122 3231 6
1181 3178 1417 3233 δικάσων
1470 3182 1619 3250 ἡμᾶς
1672 3181 1774 3234 οὐκ
1806 3196 1852 3258 ς

218 3260 459 3334 ἂλλως,ἢ
512 3264 592 3329 ὡς
633 3265 953 3332 δικάζομεν,
987 3268 1083 3321 καὶ
1111 3269 1139 3321 6
1180 3270 1409 3334 εὐθύνας
1457 3274 1778 3343 ἀπαιτήσων

215 3350 370 3418 ἡμᾶς,
406 3352 590 3420 καθὼς
636 3355 800 3424 ἡμεῖς
853 3356 946 3409 τὸν
1012 3358 1242 3428 πλησίον
1290 3360 1610 3432 εὐθύνομεν.
1669 3364 1781 3417 Καὶ

216 3440 320 3507 εῖγε
363 3444 436 3514 μὴ
473 3444 718 3515 ἐπαχθὲς
747 3445 875 3516 ὑμῖν
925 3447 1275 3515 ὲναγομένοις
1321 3450 1455 3520 παρ’
1503 3451 1661 3521 ἡμῶν
1700 3455 1780 3516 είς

218 3531 431 3601 ἔννοιαν,
474 3531 550 3589 ὧν
595 3536 841 3607 ἀκριϐῶς
888 3538 1092 3605 οἴδατε,
1143 3539 1457 3609 λογίσασθε,
1494 3542 1545 3596 τι
1592 3544 1692 3614 μὲν
1724 3546 1780 3599 at!

218 3629 491 3683 κανονικαὶ
524 3630 796 3698 διατάξεις
829 3634 924 3686 καὶ
951 3635 1000 3687 οί
1032 3638 1290 3707 πατρικοὶ
1323 3637 1518 3707 θεσμοὶ
1553 3639 1817 3707 διατάτ-,

214 3731 401 3859 signat,
431 3721 483 3773 τί
510 3721 568 3774 δὲ
602 3723 766 3793 ἡμεῖς
818 3725 1193 3791 ἁκανονίστως
1235 3729 1330 3782 καὶ
1366 3729 1624 3800 ἁθέσμως
1675 3749 1779 3786 πε-

218 3823 253 3859 π
282 3810 490 3859 νθιιιεν.

218 3810 490 3881 πόνθαμεν.

1887 600 2089 655 tionem
2139 602 2460 656 moliturum
2500 617 2586 657 me
2617 617 2870 671 sperans,
2901 608 3122 669 exopto,
3156 600 3456 655 dummodo

1891 690 2038 746 Dens
2075 692 2411 749 concesserit
2440 733 2454 755 ,
2490 701 2543 746 et
2576 693 2683 745 vita
2718 691 3024 760 permiserit
3051 732 3064 756 ,
3096 698 3223 745 ante
3252 690 3465 745 audito-

1889 799 1998 850 res,
2027 784 2121 854 qui
2162 784 2525 854 integritatem
2574 784 2779 851 colant,
2811 784 2880 839 de
2930 796 3115 839 nostra
3152 785 3374 853 pietate,
3408 792 3464 837 et

1888 877 1943 931 in
1992 876 2307 933 Graecorum
2362 877 2640 932 nationem
2717 877 3137 940 benevolentia,
3189 887 3467 931 certamen

1888 968 2051 1023 inire.
2107 966 2338 1036 Propter
2380 967 2744 1022 nihilominus
2803 968 2856 1023 in
2908 967 3130 1021 duobus
3158 966 3241 1021 vel
3291 966 3468 1020 tribus

1890 1061 2124 1117 testibus
2168 1060 2542 1131 evangelicae:
2576 1060 2849 1116 dictorum
2883 1060 3041 1115 tidem
3073 1100 3086 1123 ,
3123 1059 3278 1113 vobis
3312 1058 3468 1114 andi-

1892 1153 2110 1209 toribus
2142 1153 2195 1206 in
2229 1152 2550 1208 memoriam
2580 1152 2853 1217 inducam,
2883 1167 3005 1222 quae
3038 1151 3222 1205 statim
3260 1150 3314 1205 in
3342 1166 3471 1205 ora-

1894 1245 2061 1299 tionis
2090 1244 2339 1309 exordio,
2372 1244 2442 1299 ab
2469 1243 2658 1297 eadem
2692 1244 2962 1299 sententia
2992 1243 3216 1298 minime
3249 1243 3467 1297 discor-

1890 1335 2077 1391 dantia
2107 1334 2369 1390 collocavi
2408 1333 2725 1405 :quomodu
2774 1349 2969 1404 nempe
3010 1349 3241 1405 magnus
3277 1334 3331 1388 in
3378 1349 3467 1388 rc-

1892 1428 1996 1482 bus
2024 1427 2227 1482 divinis
2279 1425 2688 1497 pertractandis
2739 1425 2974 1481 Basilius
2998 1467 3012 1492 ,
3061 1442 3150 1481 res
3181 1426 3464 1491 Ecclesia),

1892 1520 2053 1592 cujus
2109 1520 2249 1589 lapis
2314 1518 2599 1590 angularis
2643 1527 2698 1575 et
2738 1518 3021 1590 colligator
3068 1517 3320 1575 Chrisrus
3361 1530 3469 1586 est,

1889 1612 2188 1682 disponens
2221 1651 2235 1679 ,
2294 1626 2434 1678 cos,
2496 1613 2589 1682 qui
2659 1625 2769 1666 non
2830 1611 3147 1666 asserebant
3203 1612 3469 1682 Spiritum

1890 1704 2062 1759 Deum
2093 1745 2107 1771 ,
2172 1704 2271 1760 sed
2325 1704 2450 1759 aliis
2498 1703 2737 1759 vocibus
2795 1702 2848 1758 id
2895 1703 3297 1774 exprimebant,
3344 1719 3468 1773 quae

1888 1814 2012 1853 eum
2047 1809 2237 1869 aperte
2273 1799 2423 1853 clara
2452 1813 2589 1854 voce
2619 1796 2789 1853 Deum
2826 1797 3152 1853 intonabant
3174 1837 3191 1860 ,
3228 1799 3464 1853 invicem

1885 1893 2236 1960 conciliabat;
2290 1909 2503 1948 necnon
2551 1892 2866 1964 quomodo,
2921 1892 3012 1947 cui
3060 1908 3127 1948 ex
3191 1892 3467 1963 theologia

1887 1999 2088 2038 nomen
2122 1993 2231 2049 est,
2264 1984 2565 2054 Gregorius
2607 1984 2846 2039 similem
2901 1985 3044 2038 viam
3077 1983 3299 2040 easdem
3336 2000 3473 2055 par-

1889 2086 1969 2129 tes
2017 2075 2355 2132 conciliandi
2409 2075 2589 2132 iniens
2618 2117 2633 2142 ,
2687 2091 2865 2146 neque
2897 2074 3214 2131 Judaeorutn
3251 2086 3469 2146 gentem

1884 2168 2235 2237 ejiciendam,
2292 2167 2335 2223 si
2367 2168 2583 2222 deuncti
2612 2183 2820 2230 vocem,
2854 2169 2975 2222 loco
3004 2168 3204 2223 Christi
3233 2169 3299 2223 ad
3335 2177 3473 2224 tem-

1885 2275 1990 2329 pus
2012 2260 2116 2315 sibi
2151 2261 2377 2315 concedi
2409 2261 2776 2331 postulantes,
2816 2261 2870 2314 in
2896 2271 3146 2316 nostrum
3177 2275 3472 2315 numerum

1887 2361 2051 2423 atque
2086 2352 2333 2409 ordinem
2385 2352 2588 2408 ascribi
2626 2352 2865 2419 vellent,
2916 2351 3153 2423 longiori
3214 2366 3472 2406 sermone

1886 2452 1940 2497 et
1980 2442 2157 2513 palam
2190 2443 2650 2512 prosequebatur.
2706 2442 2831 2497 "are
2861 2443 3227 2513 suprapositis
3258 2442 3467 2497 addens

1888 2535 2023 2590 satis
2059 2549 2331 2604 superque
2369 2549 2492 2590 esse
2525 2549 2624 2605 pro
2656 2544 2847 2589 nostra
2877 2533 3207 2590 defensione
3240 2533 3465 2604 Opinor.

1886 2628 1934 2682 si
1965 2642 2065 2682 nes
2102 2643 2165 2682 ex
2210 2626 2370 2682 Patre
2420 2642 2519 2698 per
2580 2627 2780 2682 Filium
2837 2627 3180 2683 sanctissimi
3228 2624 3470 2697 Spiritus

1887 2720 2297 2791 processionem
2326 2759 2342 2786 ,
2395 2720 2535 2775 nihil
2563 2719 2787 2775 dili'erre
2815 2735 2846 2774 a
2881 2720 3155 2775 sententia
3181 2760 3196 2786 ,
3247 2735 3373 2791 qua:
3402 2717 3474 2773 il-

1896 2810 2007 2866 lum
2037 2827 2102 2867 ex
2138 2820 2372 2880 utroque
2405 2810 2610 2866 fatetur
2657 2811 3105 2866 demonstrantes
3156 2826 3225 2866 ex
3258 2810 3472 2879 scripto

1907 2905 2123 2959 traditis
2155 2905 2482 2960 testimoniis
2506 2946 2520 2970 ,
2551 2904 2619 2960 ad
2649 2905 3041 2961 ecclesiastica:
3080 2904 3304 2960 unionis
3352 2903 3470 2959 dis-

1902 2999 2277 3065 pensationem
2334 2998 2707 3069 nosmetipsos
2750 2997 3099 3063 dedidimus,
3152 2998 3316 3052 linem
3344 3011 3471 3052 ora-

1890 3089 2026 3143 tioni
2058 3091 2362 3160 imponam.
2403 3090 2513 3147 Vos
2540 3106 2705 3157 vero,
2744 3106 2778 3146 o
2833 3091 3190 3161 patriarchae,
3227 3104 3466 3161 quorum

1899 3184 2039 3239 alter
2070 3183 2521 3249 Alexandrinam,
2556 3184 2691 3239 alter
2721 3184 3120 3240 Antiochenam
3158 3184 3469 3239 Eeclesiam

1887 3276 2171 3332 adornatis
2191 3317 2206 3339 ,
2238 3287 2291 3331 et
2325 3291 2464 3347 quos
2497 3292 2646 3332 nunc
2691 3277 2837 3347 apud
2868 3291 2929 3331 se
2956 3275 3467 3345 Constantinopolis

1889 3376 2071 3432 tenet,
2101 3369 2347 3424 reducite
2397 3366 2481 3423 in‘
2517 3370 2839 3424 memoriam
2872 3383 2972 3424 nos
3023 3369 3092 3423 ab
3137 3368 3247 3422 alio
3273 3368 3467 3423 eadem

1888 3460 2007 3530 ipsa
2055 3460 2261 3525 lance,
2308 3474 2418 3529 qua
2470 3459 2784 3531 indicamus
2830 3458 2949 3516 fore
2994 3459 3360 3530 iudicandos,
3412 3467 3468 3513 et

1890 3551 2134 3613 rationes
2167 3567 2198 3606 a
2247 3552 2405 3606 nobis
2461 3552 2826 3621 reposcendas
2882 3552 3046 3606 modo
3069 3591 3083 3616 ,
3119 3564 3228 3621 quo
3263 3563 3367 3605 nos
3407 3551 3463 3604 in

1886 3644 2123 3715 proximi
2164 3653 2312 3713 gesta
2342 3643 2695 3714 inquirimus.
2749 3642 2887 3699 Etsi
2920 3658 3029 3697 non
3075 3643 3289 3698 videtur
3312 3641 3470 3698 odio-

1882 3752 2029 3799 sum,
2062 3751 2159 3806 per
2190 3751 2295 3791 nos
2325 3738 2479 3791 vobis
2506 3737 2560 3791 in
2600 3746 2836 3792 mentem
2869 3736 3079 3802 reduci,
3100 3752 3223 3807 quae
3253 3736 3462 3807 optime

1877 3842 1978 3900 per
2008 3843 2107 3883 vos
2159 3828 2309 3898 ipsos
2346 3829 2522 3884 nostis
2548 3867 2562 3893 ,
2609 3829 2793 3883 animo
2838 3839 2893 3884 et
2947 3829 3289 3900 cegitatione
3322 3843 3459 3883 con-

220 3902 398 3958 vertite
425 3942 441 3970 ,
486 3905 621 3976 quid
654 3920 932 3963 canonum
962 3912 1385 3968 constitutiones
1409 3954 1425 3981 ,
1474 3925 1528 3970 et
1559 3914 1779 3971 Patrum
1821 3923 2035 3975 sancita
2102 3920 2460 3992 praecipiunt;
2487 3920 2617 3990 quid
2682 3920 2814 3975 item
2862 3934 2965 3975 nos
2997 3928 3193 3991 praeter
3223 3931 3461 3974 canones

217 4001 267 4047 et
287 3996 407 4079 jura
432 4003 685 4073 perpessi
722 4019 939 4059 sumus.

233 4150 3307 4184 Mm

3318 4168 3444 4184 ,ᾗ

1328 4324 1678 4458 ΤΟΥ
1751 4322 2329 4459 ΑΥΤΟΥ

343 4547 583 4616 ΛΟΓΟΣ,
623 4550 973 4627 ηοξ-Μελ
995 4553 1093 4627 ne;
1118 4555 1435 4627 AETTEPQ
1472 4557 2035 4619 ΔΠΟᾹΟΓΗἹἸΚΟΣ,
2080 4557 2167 4610 se

2217 4556 2693 4629 [insessum
2734 4557 3034 4626 ΥΠΕΣΤΗ,
3075 4558 3206 4612 nos
3240 4558 3321 4611 an

727 4624 1249 4679 ANTIPPHTIKOB
1290 4612 1959 4683 snt'narssnrnssst
2012 4612 2283 4683 russea
2316 4628 2525 4683 'rnveN
2561 4612 2928 4684 resumat.

1475 4932 2194 5062 EJUSDEM

214 5158 503 5252 0195110
528 5209 577 5252 ,_
607 5167 1989 5252 ΡᾼΒΠΜ,εβοῠδρρ-,ᾼΡοιοοιξτῐοᾼ
2059 5171 2741 5252 -ΡιιοίιωυετηιΑ
2812 5175 2976 5252 QUA
3047 5176 3461 5241 AFFECTUS

290 5240 471 5321 EST.
545 5248 848 5308 PARTIM
923 5248 1524 5309 AN'l‘lltRHETlCA
1605 5251 1713 5309 an
1774 5249 2090 5310 PRAVAS
2173 5251 2770 5317 EXPOSITIONES
2822 5240 3457 5321 ‘NONNULLAnUsi

287 5317 625 5386 SCRIPTO
683 5326 1215 5389 TllADITARUM
1259 5326 1913 5391 AUCTORITATUM.
1974 5374 1977 5379 ς

289 5649 359 5707 α’.
390 5652 471 5706 Τὰ
505 5653 605 5724 μιν
632 5650 726 5710 οὖν
753 5656 836 5724 ιφ*
874 5650 957 5719 οἷς
1007 5655 1206 5720 ἀδίκως
1252 5657 1346 5712 τοῦ
1376 5658 1582 5714 οἰκείου
1615 5658 1781 5727 ἡμεῖς

1962 5652 2017 5706 l.
2075 5654 2182 5709 Res
2220 5652 2412 5723 itaque
2442 5693 2457 5716 ,
2520 5669 2621 5725 pro
2675 5656 2877 5726 quibus
2920 5656 3123 5728 injuste
3171 5675 3272 5717 nos
3319 5662 3458 5719 solio

219 5741 572 5814 ἀπηλάθημεν
592 5743 786 5814 θρόνου
835 5749 893 5799 ιν
931 5745 1164 5812 τούτοις,
1197 5749 1256 5800 ὲν
1310 5741 1392 5811 οἷς
1447 5750 1543 5802 καλ⁵
1561 5747 1661 5818 οὐχ
1701 5747 1777 5812 ὡς

218 5831 312 5904 τὴν
340 5835 621 5891 εὐσέϐειαν
654 5837 1020 5908 προδιδόντες,
1060 5837 1169 5911 οὐδ’
1208 5839 1284 5903 ὠς
1332 5840 1441 5897 τῶν
1483 5842 1774 5913 Ῥωμαίων

459 5926 732 5992 Parnm"
770 5930 887 5990 Gn.
947 5927 1160 5990 CXLI.

1887 5743 2029 5816 pulsi
2063 5759 2276 5811 sumus,
2312 5750 2458 5801 hunc
2495 5745 2550 5801 in
2586 5748 2805 5802 modum
2846 5764 2905 5805 se
2952 5750 3210 5818 habuere,
3246 5756 3296 5811 in
3331 5761 3457 5829 qui-

1889 5838 1994 5894 bus
2021 5852 2131 5893 non
2181 5837 2262 5893 uti
2299 5838 2519 5909 pietatis
2570 5841 2914 5910 proditores,
2967 5849 3250 5914 neqnettti
3305 5850 3457 5908 Crte-

3063 5937 3135 6003 31
