3932 6572
252 367 355 430 973

1298 372 1396 434 DE
1435 369 1943 435 naresmonn
1984 372 2132 433 sua
2173 371 2395 435 eam.
2440 350 2521 433 Iti-

3407 364 3510 433 9ιί

251 487 518 558 δικαστὴν
543 489 573 541 ὀ
608 485 767 556 λόγος
796 487 1122 558 ἐφίστησινς
1162 482 1289 554 Ἆρ’
1316 487 1519 551 ἰκανῶς
1546 485 1660 556 ἔχει
1696 485 1830 540 ταῦ⁴⁵

1939 485 2190 556 probant,
2217 483 2535 541 Grzecorum
2569 481 2777 539 amicos
2811 494 2954 547 esse,
2993 480 3084 551 qui
3142 479 3507 539 Eccleslarnm

251 602 342 647 τα,
374 583 638 649 συστῆσαι
679 580 1083 651 φιλορωμαίους
1112 580 1358 651 ἀκριϐῶς
1387 577 1528 635 εἰναι
1579 580 1705 643 τοὺς
1729 580 1832 649 τὴν

251 674 448 729 ῑνωσιν
498 671 607 725 τῶν
655 671 996 741 Ἔκκλησιῶν
1033 671 1484 736 ἑπισπεύδοντας,
1516 665 1592 724 ὦν
1634 672 1666 742 ή
1710 671 1831 725 διά-

254 781 449 828 στασις
479 763 800 834 πληθυσμὶς
848 764 1046 827 κακίας
1092 765 1157 817 ἐν
1183 762 1261 833 τῷ
1308 763 1408 834 βίῳ
1439 764 1704 831 ἐγεγόνει,
1735 763 1830 816 καὶ

249 855 374 908 οὐαὶ
403 853 560 918 πολὺ,
589 856 681 907 καὶ
721 854 936 923 ορήνων
987 861 1253 923 παραιτία
1301 854 1552 919 πολλῶν;
1602 855 1831 918 Πάντως

247 944 450 1008 οὐδεὶς,
502 943 578 1015 μὴ
625 942 861 1006 ἀναιδῶς
915 943 1250 997 ἀντιϐαίνειν
1303 931 1474 997 θέλων
1526 942 1664 1014 πρὸς
1726 944 1830 1012 τὴν

244 1038 531 1108 ἀλήθειαν,
568 1037 642 1106 μὴ
686 1036 762 1098 ὡς
807 1036 1214 1107 φιλορωμαίους
1268 1036 1416 1105 ἡμᾶς
1458 1034 1559 1107 τὴν
1606 1036 1830 1106 εἰρήνην

245 1131 351 1199 τῆς
386 1130 703 1200 Ῥωμαῖκῆς
735 1128 1062 1199 Ἐκκλησίας
1093 1130 1209 1199 ἐρεῖ
1257 1127 1823 1198 πραγματεύσασθαι.

245 1225 312 1276 Εἰ
341 1222 400 1275 δὲ
437 1222 594 1275 τοῦτο
642 1222 822 1292 ἡμεῖς,
859 1220 1081 1290 εὔδηλον
1110 1220 1184 1281 ὠς
1231 1220 1292 1273 τὸ
1342 1220 1585 1273 ἐναντίον
1615 1220 1824 1290 ἐχθροὶ,

245 1318 344 1369 καὶ
379 1315 744 1387 μισορώμαιοι
771 1314 970 1376 πάντες
993 1316 1041 1367 οἱ
1076 1313 1471 1381 ἀντιλέγοντες,
1505 1313 1601 1366 καὶ
1642 1312 1823 1365 πλείο-

244 1425 339 1471 νος
372 1407 453 1460 έτι
488 1410 648 1477 χρεία
670 1407 763 1460 τοῦ
807 1408 966 1473 λόγου
992 1391 1191 1459 ⁸λοιπ“.ν
1231 1405 1367 1474 πρὸς
1417 1406 1690 1469 ἀπόδειξιν
1729 1407 1829 1474 τῆς

242 1499 433 1552 αὐτῶν
482 1497 990 1569 μισορωμαιὸτητος
1048 1496 1283 1559 οὐδενός.
1339 1495 1533 1549 Καίτοι
1574 1512 1637 1564 γε
1684 1498 1829 1566 ἅπερ

242 1593 274 1642 6
326 1592 483 1661 ἅγιος
550 1593 756 1654 ἐκεῖνος
810 1590 906 1643 καὶ
952 1590 1292 1660 προφητικὸς
1349 1589 1424 1651 ὼς
1467 1587 1637 1652 ὅντως
1687 1589 1827 1659 ἀνὴρ

243 1687 371 1740 κατ’
400 1688 578 1740 ἐκεῖνο
606 1684 803 1756 καιροῦ
848 1685 1011 1756 ἐξῆρε
1046 1685 1214 1747 κακὰ,
1247 1685 1454 1747 καπνὸς
1483 1682 1576 1736 τοῦ
1610 1682 1830 1753 μέλλοι-

239 1796 340 1843 τος
364 1776 506 1851 ἦσαν
534 1778 729 1850 πυρὸς,
764 1777 791 1831 ὃ
824 1779 925 1849 τῆς
955 1778 1111 1849 ήμῶν
1159 1780 1335 1850 ἀρχῆς
1385 1782 1480 1831 καὶ
1528 1776 1828 1848 ἡγεμονίας

1936 578 2193 634 unionem
2229 593 2446 633 summo
2480 576 2665 633 studio
2717 584 3037 648 procurant,
3073 590 3306 647 quarum
3347 575 3513 631 dissi-

1933 671 2086 726 dium
2126 671 2473 727 miseriarum
2509 670 2776 736 omnium,
2804 680 2856 725 et
2880 670 3269 740 lacrymarum,
3303 679 3356 723 et
3388 668 3510 736 eju-

1932 762 2139 817 latnum
2174 778 2339 817 causa
2362 762 2509 817 fuit?
2546 761 2780 817 Prorsus
2832 774 3017 825 nemo,
3046 761 3100 815 ni
3151 759 3514 814 inverecunde

1933 853 2221 908 veritatem
2290 863 2584 924 oppugnat,
2650 867 2750 910 nos
2800 869 2908 907 non
2981 852 3146 907 veluti
3195 850 3511 906 Graecorum

1932 948 2159 1007 amicos,
2199 942 2455 998 Romanae
2480 943 2737 1001 Ecclesiae
2792 946 2980 1000 unioni
3024 961 3255 1000 amasse
3283 959 3512 1014 operam
3608 1012 3611 1015 _

1933 1037 2245 1093 aliirmabit.
2282 1035 2437 1103 Quod
2466 1037 2511 1092 si
2568 1053 2668 1093 nos
2699 1038 3012 1094 Graecorum
3071 1052 3260 1093 amore
3301 1038 3352 1091 id
3390 1053 3515 1107 per-

1933 1129 2311 1192 tractavimns,
2341 1128 2687 1185 manifestum
2724 1141 2989 1194 remanet,
3021 1147 3234 1192 eorum,
3307 1130 3398 1201 qui
3434 1130 3512 1183 illi

1932 1234 2052 1274 sese
2117 1230 2421 1290 opponunt,
2486 1224 2814 1277 acerrimum
2879 1227 3067 1278 odium
3129 1225 3182 1278 in
3243 1222 3509 1278 Gl‘iPCiﬂlll

1931 1312 2143 1366 ostendi
2182 1330 2195 1367 :
2231 1327 2407 1382 neque
2447 1314 2694 1383 pluribus
2732 1329 2869 1382 onus
2901 1327 2981 1370 est
3014 1318 3080 1370 ad
3126 1317 3516 1370 demonstran-

1930 1404 2059 1457 dum
2092 1406 2192 1458 hoc
2220 1421 2411 1459 eorum
2436 1407 2488 1461 in
2517 1406 2779 1461 Grmciam
2798 1410 3006 1473 odium,
3032 1420 3084 1463 et
3107 1410 3413 1463 mirandam
3443 1412 3512 1465 ab

1930 1500 2123 1553 eadem
2169 1498 2336 1553 animi
2393 1501 2797 1556 alienationem.
2866 1502 2929 1556 Et
2977 1504 3337 1558 nihilominus
3367 1519 3509 1573 quas

1931 1601 2156 1647 sanctus
2183 1593 2271 1647 ille
2292 1593 2396 1659 vir,
2424 1603 2475 1648 et
2503 1595 2985 1665 verelpropltetico
3043 1597 3239 1665 spiritu
3292 1597 3510 1651 amatus

1929 1699 2206 1740 :erumnas
2236 1701 2299 1740 ea
2345 1697 2666 1756 tempestate
2732 1689 3005 1757 exposuit,
3060 1688 3256 1743 futurae
3279 1690 3514 1744 ﬂammat

1932 1777 2116 1833 fumus
2151 1778 2324 1846 fuere,
2366 1796 2487 1850 qum
2527 1791 2729 1837 nostra:
2755 1783 2980 1838 ditionis
3010 1793 3173 1851 atque
3201 1784 3413 1851 imperii
3446 1783 3515 1836 ab

241 1872 307 1937 ἐξ
337 1873 552 1926 ἐκείνου
593 1872 688 1926 καὶ
722 1874 801 1936 εἰς
827 1871 888 1925 τδ
921 1873 1017 1925 νῦν
1063 1872 1254 1927 ἄλλοτε
1285 1869 1415 1926 ἀλλο
1463 1870 1629 1940 μέρος
1670 1869 1829 1922 ἐπιὸν

1935 1887 1996 1925 eo
2031 1887 2202 1941 usque
2224 1872 2291 1925 ad
2327 1872 2431 1927 hoc
2457 1882 2670 1942 tempus
2696 1874 2752 1928 in
2791 1875 2953 1928 aliam
2986 1882 3151 1945 atque
3185 1875 3348 1928 aliam
3386 1889 3509 1944 par-

244 1965 476 2034 σύμπαν
524 1963 656 2016 αὐτὸ
704 1962 1076 2017 ἐπιϐὁσκεται.
1119 1963 1241 2016 Ἔτι
1293 1962 1404 2031 γὰρ
1457 1962 1579 2014 τότε
1623 1960 1828 2031 Συρίας

243 2060 472 2129 ἁπάσης
500 2060 595 2112 καὶ
633 2057 1061 2126 Μεσοποταμίας
1087 2058 1343 2129 ἄρχοντες
1373 2053 1535 2128 ἦμεν⁹
1570 2054 1653 2108 ἔτι
1677 2056 1826 2108 πᾶσα

252 2149 474 2221 Ἱϐηρία
502 2152 617 2213 τοῖς
652 2149 809 2221 ήμῶν
844 2151 1105 2203 ὑπέκειτο
1143 2148 1608 2219 αὐτοκράτορσινσ
1645 2147 1727 2200 ἔτι
1758 2147 1827 2201 τὰ

242 2244 617 2315 σχοινίσματα
664 2242 823 2314 ἡμῶν
862 2243 919 2306 ἐς
969 2240 1231 2295 Δάνουϐιν
1274 2243 1628 2312 ἐκτεινόμενα
1659 2239 1828 2294 Βουλ-

238 2336 453 2408 γαρίαν
478 2337 662 2389 πᾶσαν
697 2336 790 2388 καὶ
813 2337 913 2404 τὴν
949 2334 1104 2405 παρά
1135 2334 1456 2406 Τριϐαλλῶν
1496 2333 1826 2403 οἰκουμένην

239 2432 400 2491 ἐντὸς
428 2430 765 2501 περιέκλειον
789 2446 806 2464 ·
840 2428 920 2482 ἔτι
950 2426 1198 2499 Κύπρος,
1228 2428 1327 2480 καὶ.
1347 2428 1538 2497 Κρήτη
1562 2428 1660 2480 σὺν
1686 2427 1823 2496 αὑτῇ

239 2521 496 2592 Σικελίᾳ,
529 2526 586 2576 αἰ
629 2523 739 2575 τῶν
779 2523 961 2594 νήσων
1012 2519 1500 2592 περιφανέστεραι,
1535 2518 1824 2585 Καλαϐρία

239 2629 306 2665 τε
371 2614 470 2667 καὶ
499 2613 601 2681 τῆς
648 2611 879 2675 Ἰταλίας
923 2611 982 2664 τὸ
1032 2611 1214 2672 πλέον,
1255 2613 1368 2671 τοῖς
1404 2608 1697 2678 Ῥωμαίων
1731 2606 1829 2677 βα·-

242 2706 495 2762 σιλεῦσιν
539 2705 839 2760 ἐδούλευον.
889 2701 955 2757 Τί
1002 2703 1114 2774 γὰρ
1168 2704 1233 2756 ἄν
1271 2720 1353 2766 τις
1383 2702 1829 2772 Πελοποννήσους

238 2798 618 2869 ἁπαριθμοίη,
647 2800 741 2851 καὶ
789 2800 988 2867 νήσους
1026 2796 1280 2861 Εὐϐοίας,
1310 2796 1403 2847 καὶ
1430 2796 1557 2849 ὅσιι
1599 2794 1678 2864 τῷ
1727 2796 1824 2848 Αἰ-

240 2894 393 2962 γαίῳ
425 2893 518 2945 καὶ
562 2891 889 2962 ’Δδριατικῷ
921 2891 1149 2959 πελάγει
1196 2890 1477 2961 σποράδην
1515 2888 1825 2960 διαλαμϐά-

242 3002 433 3039 νονται
461 3002 476 3053 ;
508 2985 620 3039 Νῦν
647 2985 703 3038 δὲ
735 2984 857 3039 ὅποι
882 2984 948 3038 τὰ
976 2983 1220 3055 ἡμέτερα
1254 2981 1824 3055 συνεστάλη,αἰσχύνη

240 3077 348 3129 καὶ
378 3076 517 3139 ὅλως
548 3076 729 3144 λέγειν
765 3075 936 3131 ἐστίν.

1935 1974 2041 2019 lem
2098 1969 2431 2037 irrumpens,
2478 1969 2734 2022 universa
2801 1968 3135 2039 depascitur.
3201 1967 3337 2022 Nam
3396 1976 3511 2022 tum

1932 2058 2092 2129 Syria
2129 2060 2383 2115 universa
2409 2068 2573 2130 atque
2607 2060 2998 2131 Mesopotamia
3027 2061 3082 2114 in
3126 2076 3290 2114 manu
3326 2070 3515 2116 nostra

1930 2163 2135 2208 erant:
2168 2154 2350 2209 adhuc
2398 2155 2571 2208 Iberia
2604 2156 2783 2208 Omnis
2843 2154 3048 2211 nostris
3100 2155 3347 2223 subjecta
3395 2164 3517 2209 erat

1931 2246 2392 2316 imperatoribus:
2429 2247 2609 2301 adhuc
2651 2247 2876 2303 ditionis
2918 2256 3123 2301 nostra;
3176 2246 3396 2302 termini
3444 2245 3511 2301 ad

1934 2341 2243 2396 Danubium
2286 2341 2525 2406 extensi,
2571 2339 2880 2410 Bulgariam
2923 2343 3260 2406 universam,
3294 2351 3349 2395 et
3395 2352 3516 2409 qua!

1931 2448 1962 2485 a
1983 2431 2241 2488 Triballis
2278 2432 2653 2500 habitabatur,
2689 2416 2966 2503 regionem
2992 2434 3043 2487 in
3068 2449 3189 2489 sese
3216 2431 3514 2487 conclude-

1930 2525 2063 2577 bant
2088 2541 2102 2579 :
2127 2523 2305 2579 adhuc
2338 2524 2574 2596 Cyprus,
2609 2524 2867 2587 etCreta,
2904 2534 2955 2579 et
2975 2524 3163 2580 Sicilia
3192 2524 3331 2595 ipsa,
3361 2526 3513 2579 insuo

1933 2615 2109 2671 larum
2171 2617 2518 2681 celebriores,
2562 2616 2837 2683 Calabria,
2897 2628 2950 2672 et
2988 2618 3158 2673 Italiae
3224 2618 3512 2688 potissima

1933 2722 2059 2776 pars
2088 2706 2403 2762 Graecorum
2460 2708 2690 2777 imperio
2740 2709 3071 2763 serviebant.
3114 2708 3231 2762 Non
3263 2720 3345 2763 est
3374 2724 3515 2779 opus

1934 2798 2020 2854 ltic
2051 2802 2253 2855 reierre
2281 2808 2333 2854 et
2371 2799 2828 2871 Peloponnesum,
2858 2814 2912 2857 et
2954 2803 3216 2857 Euboeam
3248 2801 3512 2866 insulam},

1932 2904 1987 2949 et
2047 2902 2127 2947 tot
2189 2894 2348 2960 alias,
2391 2911 2528 2964 quas
2583 2894 2828 2967 Aigtcum
2863 2903 2917 2951 et
2973 2895 3309 2950 Adriaticum
3364 2911 3516 2949 mare

1930 2980 2162 3049 sparsim
2234 2982 2571 3053 praeterﬂuit.
2624 2985 2783 3040 Nunc
2841 3000 2972 3038 vero
3038 2986 3114 3038 uti
3144 3001 3231 3041 res
3313 2995 3517 3041 nostrae

1931 3081 2227 3127 contracta:
2250 3084 2398 3139 sunt,
2435 3074 2613 3145 pudor
2649 3085 2733 3129 est
2770 3090 2999 3145 prorsus
3026 3076 3230 3132 dicere.

318 3169 386 3224 δ’.
432 3169 577 3222 ’Δλλ⁹
618 3163 736 3221 οἰδα
774 3167 1051 3237 σφύζοντα
1084 3170 1218 3241 πρὸς
1265 3171 1591 3243 ἀντίρρησιν
1625 3171 1718 3225 τὸν
1767 3173 1825 3224 ἐν

2000 3165 2053 3219 4.
2091 3164 2195 3221 Sed
2229 3165 2511 3236 \‘itleojam
2564 3169 2879 3233 micantem,
2911 3178 2964 3226 et
3027 3179 3235 3224 tantum
3277 3184 3383 3222 non
3446 3169 3515 3224 ad

238 3262 459 3334 εἰϐήσει
511 3262 610 3330 τῆς
654 3261 955 3334 εἰρημένης
996 3261 1125 3315 ὅντα
1171 3265 1480 3333 ἐπιστολῆς.
1516 3265 1670 3334 Τάχα
1718 3266 1828 3335 γὰρ

240 3353 650 3425 ἀντιπροσταίη
703 3354 770 3408 ἂν
819 3356 953 3425 ἡμῖν
1009 3356 1037 3407 ὁ
1086 3356 1326 3420 τοιοῦτος
1390 3356 1681 3427 ἑτέρωθεν,
1730 3362 1833 3429 ’καί

242 3450 455 3518 μέρους
486 3448 655 3516 αὐτῆς
684 3446 846 3501 ἄλλου
883 3446 1338 3517 ἐπιδραξάμενος,
1372 3450 1428 3527 ἐν
1451 3443 1496 3518 ᾧ
1528 3449 1628 3524 τὴν
1659 3466 1832 3519 προσο

239 3545 436 3612 θήκην
511 3541 762 3611 φαίνεται
828 3540 1072 3602 κακίζων
1129 3542 1156 3593 ό
1212 3541 1576 3606 ἐπιστέλλων,
1635 3542 1828 3595 τούτου

241 3634 423 3712 “dves
457 3632 633 3697 ἔσται,
665 3634 758 3687 καί⁸
794 3634 939 3687 κατὰ
986 3635 1131 3687 Οεῖον
1161 3634 1304 3703 τάχα
1351 3636 1447 3687 καὶ
1496 3634 1831 3707 θερμότερον

241 3730 680 3801 πίστεωςζῆλον
742 3728 842 3801 τὴν
891 3729 1170 3783 διάστασιν
1220 3731 1317 3800 τῆς
1371 3731 1619 3793 ἐνώσεως
1646 3730 1834 3783 ἀνθαι-

245 3825 470 3895 ρεῖσθαι
527 3825 661 3894 ἐρεῖ.
707 3824 898 3894 Ἡμεῖς
944 3823 991 3878 δ’
1040 3825 1100 3890 ἐξ
1129 3818 1202 3879 ὧν
1234 3824 1332 3894 μὲν
1392 3825 1831 3897 προειρήκαμεν,

243 3915 355 3984 τῆς
384 3933 444 3968 τε
489 3915 648 3986 ήμῶν
692 3915 873 3968 αὐτῶν
919 3915 1450 3987 φιλορωμαιότητος,
1484 3913 1591 3970 τῶν
1630 3917 1834 3972 ἀντιδί-

245 4024 370 4061 κων
396 4009 495 4071 τὰς
522 4008 828 4075 ἀποδείξεις
875 4012 1238 4080 ποιησάμενοι
1293 4011 1829 4082 μισορωμαιότητος,

244 4098 323 4172 τῇ
364 4101 422 4155 δὲ
473 4100 573 4168 τῆς
627 4100 912 4163 εὐσεϐείας
948 4103 1302 4173 ἐνεχομένους
1356 4103 1707 4174 παραστῆσαι
1736 4105 1834 4156 αὐ-

245 4195 384 4257 τοὺς
440 4193 733 4265 προδοσίᾳ,
783 4194 863 4246 ἔτι
916 4193 1260 4263 ὀφείλοντες,
1312 4196 1412 4266 τὴν
1464 4196 1562 4265 μὲν
1607 4197 1833 4268 ὀφειλὴν

247 4285 551 4339 ἀποδοῦναι
581 4283 1074 4355 καθυφιστάμενοι,
1116 4286 1255 4339 ἐπὰν
1302 4288 1330 4338 ὁ
1379 4287 1539 4355 λόγος
1567 4287 1831 4358 δογματι-

249 4376 395 4439 κῶς,
430 4375 506 4440 ὡς
559 4377 796 4447 ἔφημεν,
843 4376 1052 4446 προῖὼν
1099 4378 1191 4429 τὸν
1243 4377 1352 4428 τῶν
1410 4379 1683 4447 νεοφανῶν
1741 4381 1834 4433 ἐπὶ

249 4469 381 4529 ταῖς
437 4467 1028 4533 Θεολογικαῖς’ποιοῖτο
1080 4467 1305 4537 ρήσεσιν
1332 4467 1645 4539 ἐξηγήσεων
1676 4469 1835 4538 ἔλεγ-

1934 3258 2417 3313 Contradicendun‘.
2447 3257 2844 3315 inﬂammatum
2879 3276 3025 3323 eum,
3079 3261 3171 3331 qui
3224 3264 3363 3315 hane
3396 3261 3515 3329 epi-

1934 3351 2129 3404 stolam
2176 3360 2317 3405 recte
2372 3360 2540 3405 tenet.
2578 3349 2764 3420 Neque
2812 3353 2858 3405 is
2898 3350 3039 3406 forte
3091 3353 3311 3406 aliunde
3356 3353 3516 3407 nobis

1935 3458 2058 3498 sese
2095 3455 2355 3511 opponet,
2380 3453 2433 3497 et
2473 3454 2678 3513 partem
2723 3446 2870 3500 illius
2907 3448 3091 3510 aliam,
3126 3448 3177 3499 in
3218 3462 3327 3517 qua
3370 3447 3515 3502 vide—

1936 3544 2022 3589 tur
2056 3536 2391 3589 additionem
2432 3537 2665 3606 scriptor
2688 3537 2974 3592 criminari
3029 3539 3340 3609 assignans,
3376 3538 3517 3594 aﬂiro

1936 3626 2127 3691 mabit,
2156 3640 2221 3679 eo
2284 3626 2424 3690 solo,
2460 3636 2515 3680 et
2566 3627 2754 3683 divino
2802 3627 2944 3684 forte
2990 3644 3054 3685 ac
3118 3632 3329 3684 ardenti
3388 3632 3517 3685 lidei

1935 3719 2053 3773 zelo
2078 3719 2367 3774 dissidium
2407 3721 2593 3773 unioni
2622 3736 2958 3790 praeponere.
2992 3720 3103 3778 Nos
3151 3738 3283 3778 vero
3313 3739 3379 3778 ex
3426 3724 3516 3788 iis,

1934 3825 2056 3880 quae
2089 3810 2329 3867 diximus
2381 3813 2448 3865 de
2482 3826 2755 3881 propenso
2819 3824 3008 3867 nostro
3040 3814 3093 3867 in
3132 3814 3354 3869 Graecos
3395 3822 3519 3868 stu-

1935 3904 2049 3966 (1ιο,
2087 3915 2143 3957 et
2176 3905 2584 3958 adversantium
2628 3908 2681 3958 in
2712 3907 2932 3960 eosdem
2969 3906 3378 3971 malevolentia,
3416 3907 3515 3963 de-

1938 3996 2425 4050 monstrationibus
2451 3995 2672 4064 petitis,
2702 4012 2823 4051 eum
2850 4007 3111 4067 prmterea
3158 4000 3374 4053 eosdem
3408 4001 3519 4067 pie-

1938 4092 2065 4143 tatis
2100 4091 2334 4157 propriae
2394 4089 2699 4157 proditores
2750 4103 2815 4142 ac
2865 4091 3172 4143 desertores
3224 4070 3518 4144 ostendere

1934 4181 2252 4241 debeamus,
2325 4178 2568 4233 debitum
2621 4180 3018 4249 persolvemus,
3081 4195 3205 4234 cum
3246 4182 3422 4235 oratio
3453 4194 3517 4235 eo

1934 4271 2233 4334 devenerit,
2266 4270 2353 4323 ubi
2395 4270 2464 4325 de
2494 4271 2750 4340 dogmate
2773 4285 2965 4339 agens,
2999 4270 3304 4325 recentium
3338 4271 3391 4323 in
3426 4286 3516 4324 re-

1936 4365 2038 4419 bus
2081 4364 2404 4434 tlteologicis
2437 4364 2951 4433 interpretationum
2988 4363 3134 4417 dicta
3163 4362 3512 4417 examinabi-

1937 4473 2079 4512 mus.
2122 4459 2191 4510 At
2216 4469 2361 4510 nunc
2394 4470 2518 4510 cum
2567 4455 2847 4525 pericopes
2877 4455 3021 4508 illius
3062 4454 3308 4524 epistola:
3362 4470 3516 4509 men-

253 4575 380 4630 χον,
404 4560 786 4628 ἁναρτήσομεν
809 4573 822 4589 ’
852 4558 912 4611 τὸ
940 4558 996 4612 δέ
1030 4575 1093 4625 γε
1126 4560 1322 4627 παρὸν,
1367 4561 1488 4612 ἐπεὶ
1546 4560 1645 4630 τῆς
1675 4562 1735 4613 ἐν
1763 4563 1826 4632 τῇ

1942 4553 2141 4604 tionem
2190 4548 2507 4611 fecerimus,
2558 4562 2723 4617 quam
2774 4547 2975 4601 mirum
3018 4546 3070 4599 in
3109 4547 3331 4600 modum
3381 4561 3513 4601 suas

252 4653 619 4726 διειλημμένη
635 4652 890 4722 ἐπιστολῇ
912 4652 1212 4721 περικοπῆς
1228 4653 1441 4721 ἐκείνης
1460 4651 1833 4723 ἐμνήσθημεν,

255 4750 330 4818 ἣν
386 4747 611 4815 ποιήσαι
662 4747 711 4797 τ’
739 4747 802 4798 ἂν
835 4747 988 4809 ἴσως,
1012 4745 1086 4809 ὠς
1114 4745 1250 4815 πρὸς
1285 4745 1451 4799 αὑτοῦ
1498 4746 1567 4798 τά
1601 4746 1834 4816 μάλιστα

256 4841 453 4904 οὖσαν,
492 4839 521 4893 ὁ
556 4839 851 4907 ἀντιλέγων
896 4841 1025 4907 περὶ
1067 4839 1287 4903 πολλοῦ,
1334 4839 1426 4893 τὸν
1469 4839 1732 4911 δικαστήν
1774 4857 1833 4892 σε

258 4931 357 4985 καὶ
397 4930 675 5001 ἀκροατὴν
716 4928 791 4999 μὴ
841 4930 1171 4997 παροδικῶς,
1204 4929 1339 4983 ἀλλά
1381 4931 1473 4983 καὶ
1525 4932 1665 4985 πάνυ
1698 4932 1834 5001 πρὶς

258 5020 553 5088 ἀκρίϐειαν
588 5019 975 5083 ἐπιστατικῶς,
1010 5021 1076 5074 τὰ
1130 5022 1185 5072 ἐν
1229 5020 1307 5092 τῷ
1350 5020 1505 5090 μέρει
1534 5025 1706 5090 τούτῳ
1734 5024 1835 5090 τῆς

259 5106 557 5177 ἐπιστολῆς
592 5106 804 5162 ἐπιέναι
852 5107 1179 5178 ἀξιώσομεν.
1226 5110 1337 5162 Καὶ
1387 5111 1552 5164 ἄκουε
1604 5111 1694 5180 δή.
1746 5111 1835 5174 Ὧς

259 5199 375 5268 γὰρ
420 5197 448 5250 ὁ
502 5198 689 5268 ῥηθεὶς
743 5200 1367 5263 Κωνσταντινουπόλεως
1397 5202 1531 5265 ὅλως
1584 5202 1682 5268 τῆς
1719 5202 1834 5257 δια-

264 5292 511 5353 στάσεως
544 5291 640 5356 ὢν,
668 5293 759 5346 ἐπὶ
790 5291 1003 5353 πολλοῖς
1036 5291 1215 5355 ἄλλοις
1262 5296 1602 5363 αἰτιάμασιν,
1632 5288 1707 5349 ὧν
1743 5295 1834 5348 οὐ·

261 5380 390 5435 δένα
422 5382 580 5450 λόγον
623 5383 651 5434 ὀ
708 5383 1038 5452 Ἀντιοχείας
1071 5385 1326 5447 ποιεῖται,
1378 5374 1479 5438 καί
1506 5387 1605 5457 τὴν
1653 5390 1710 5439 ἐν
1756 5389 1834 5456 τῷ

262 5473 529 5544 Συμϐὁλῳ
556 5474 874 5543 προσθήκην
896 5474 1345 5545 ἀπηριθμήσατο,
1372 5476 1616 5548 Ἔγωγε,
1648 5482 1675 5531 ό
1713 5480 1835 5532 Ἂν..

262 5567 503 5638 τιοχείας
539 5567 730 5629 αὐταῖς
767 5582 898 5633 φησι
929 5566 1158 5631 λέξεσιν,
1194 5568 1295 5620 ἵνα
1324 5567 1440 5638 τὴν
1469 5569 1624 5638 ἐμὴν
1652 5587 1834 5639 φανεν

255 5658 435 5727 ρὼσω
457 5657 718 5727 γνώμην»
735 5660 783 5711 ει
802 5657 914 5725 τὴν
927 5660 996 5711 ἐν
1013 5659 1090 5725 τῷ
1105 5660 1248 5729 ἁγίῳ
1268 5662 1555 5728 regem,»
1570 5662 1835 5731 προσθοῖ-

265 5765 384 5812 κην
420 5748 850 5815 διωρθώσαντο,
898 5748 1082 5803 οὐδὲν
1109 5749 1185 5803 ἂν
1242 5750 1448 5819 ἕτερον
1488 5752 1834 5821 ἐπεζήτουν,

263 5840 593 5911 ἀδιάφορον
616 5842 960 5897 καταλιπὼν
980 5842 1101 5896 σὺν
1125 5841 1246 5911 τοῖς
1270 5842 1480 5912 ἄλλοις
1506 5845 1686 5899 καὶτὸ
1704 5846 1836 5914 περὶ

1940 4644 2101 4697 tutari
2133 4651 2314 4712 partes
2362 4642 2711 4697 adversarius
2751 4640 3069 4704 contendet,
3114 4646 3166 4693 te
3192 4640 3432 4709 judicent
3458 4646 3511 4693 et

1938 4734 2242 4789 auditorem
2308 4733 2679 4797 exorabimus,
2736 4748 2844 4786 non
2908 4731 2964 4784 in
3024 4733 3256 4785 transitu
3312 4739 3367 4785 et
3417 4745 3512 4798 per

1942 4836 2316 4890 transennam,
2380 4827 2471 4880 sed
2524 4834 2780 4879 accurato
2826 4825 3007 4878 studio
3077 4832 3245 4891 atque
3301 4832 3511 4876 attento

1939 4919 2144 4982 animo,
2197 4934 2319 4986 quae
2376 4918 2428 4971 in
2503 4917 2607 4970 bac
2651 4916 2893 4985 epistola:
2951 4928 3102 4983 parte
3142 4913 3513 4975 continentur,

1940 5026 2283 5082 p.-rcurrere.
2314 5009 2380 5063 Et
2413 5010 2525 5078 jam
2557 5019 2792 5063 mentem
2856 5010 3092 5078 applica.
3132 5006 3203 5062 Ut
3248 5009 3511 5071 diximus,

1937 5103 2578 5171 Constantinopolitanae
2604 5116 2730 5155 cum
2788 5112 2933 5157 esset
2957 5102 3217 5156 divisioni
3252 5100 3513 5155 addictis-

1951 5201 2146 5261 sitnus,
2180 5197 2323 5249 inter
2352 5195 2489 5249 alias
2541 5195 2739 5249 multas
2795 5196 3228 5255 criminationes,
3260 5194 3325 5247 ad
3376 5206 3515 5262 quas

1939 5288 2308 5341 Antiochenus
2330 5284 2709 5341 animum'non
2733 5288 2984 5353 advertit,
3011 5295 3064 5339 et
3090 5286 3422 5340 additiOnem
3455 5282 3508 5335 in

1941 5380 2197 5451 Sytnbolo
2228 5378 2425 5434 factam
2457 5382 2740 5433 enumerat
2772 5396 2783 5431 :
2810 5381 2945 5449 Ego,
2977 5380 3060 5433 Itis
3103 5377 3297 5431 iisdem
3332 5375 3513 5430 verbis

1938 5475 2312 5529 Antiochenus
2344 5473 2658 5542 respOndet,
2690 5484 2743 5526 ut
2780 5488 2950 5525 nteant
2986 5473 3299 5526 sententiam
3352 5485 3509 5539 expc.

1940 5579 2063 5616 nam
2090 5578 2109 5616 :
2139 5563 2183 5616 si
2214 5563 2540 5616 additionem
2594 5562 2649 5614 in
2692 5560 2943 5633 Symbolo
2974 5561 3322 5626 correxerint,
3380 5560 3518 5614 nihil

1938 5656 2083 5710 ultra
2126 5655 2188 5708 ab
2218 5656 2345 5724 ipsis
2378 5655 2721 5725 exquirerem,
2755 5655 2890 5706 inter
2941 5652 3049 5705 alia
3084 5662 3133 5706 ct
3173 5655 3514 5719 qawstioncn

1940 5750 2005 5804 de
2033 5750 2235 5820 azymis
2289 5749 2447 5802 veluti
2504 5747 2797 5818 indifferens
2849 5747 3168 5818 relinquens.
3222 5745 3288 5801 Et
3340 5763 3515 5815 apere

1942 5844 2164 5912 ostendi,
2201 5858 2319 5896 cum
2350 5839 2418 5896 ad
2463 5838 2794 5896 Venetiarum
2833 5843 3129 5912 episcopum
3192 5843 3507 5906 scriberent,
