3932 6592
434 454 538 519 983

1467 466 1680 530 JOAN.
1720 469 1938 531 VECCI
1978 474 2087 535 ΕΡ.
2129 476 2646 541 ΡΑΤΒΙᾹΚΠΠΑΞ

3581 481 3677 553 98ί

437 575 732 644 prudentia
774 576 1125 636 obscuretur.
1171 579 1439 649 Quoniam
1491 597 1622 639 vero
1665 584 2019 642 nihilominus

2128 607 2279 657 κειν,
2309 592 2562 665 ἐφεῦρον,
2612 595 2694 658 είς
2729 584 3009 667 ἀναίρεσιν
3033 596 3174 667 τὶχα
3229 594 3330 667 τῆς
3352 594 3422 649 δι’
3448 593 3575 649 Υἱοῦ
3619 596 3676 648 ἐκ

437 666 728 730 prudentes
754 680 904 733 sunt.
946 671 1038 727 diu
1076 688 1288 730 mecum
1331 675 1675 746 multumque
1720 692 2017 747 suspensas

435 755 608 811 habeo
660 762 937 829 rationes,
992 764 1266 822 undenam
1291 760 1505 824 similis-
1538 772 1704 827 sortis
1769 771 2018 830 homines

434 852 566 905 moti
590 854 909 921 pervadendi
937 857 1230 913 dictionem
1262 861 1660 927 adinvenerint,
1692 864 1757 917 ad
1788 865 2019 920 sanctis-

439 944 564 999 simi
600 955 653 999 et
682 950 807 1003 vitae
835 951 1100 1021 principis
1136 951 1375 1023 Spiritus
1407 970 1471 1010 ex
1506 956 1662 1012 Patre
1690 972 1786 1027 per
1817 955 2013 1012 Filium

430 1038 779 1093 essentialem
843 1042 1221 1099 exsisteutiam
1286 1047 1674 1103 destruendam
1710 1088 1724 1113 ,
1781 1058 1833 1103 et
1889 1065 2012 1104 cum

431 1129 604 1183 multa
639 1132 916 1189 curiosius
945 1136 1221 1203 examino,
1260 1136 1476 1192 tandem
1524 1148 1861 1209 anteceptam
1897 1140 2016 1194 ani-

430 1236 521 1275 mo
561 1222 874 1292 opinionem
931 1227 1190 1284 similium
1228 1231 1599 1287 inventionum
1642 1248 1862 1287 causam
1896 1248 2017 1289 esse

429 1314 689 1382 dijucho.
754 1318 816 1375 Et
876 1322 1155 1389 quodnam
1213 1322 1359 1378 aliud
1413 1338 1443 1378 a
1511 1334 1660 1379 recto
1714 1339 2016 1395 securaque

424 1404 636 1474 judicio
663 1425 906 1479 unquam
940 1415 1199 1467 aberrare
1248 1413 1412 1468 faciet
1444 1415 1713 1482 animum,
1749 1417 1839 1487 qui
1880 1417 2016 1472 alias

428 1499 728 1566 prudenter
779 1502 849 1557 de
879 1504 1249 1560 inrident‘bus
1290 1506 1550 1575 judicium
1606 1507 1746 1560 ferre
1793 1504 2017 1576 potest?

429 1585 498 1641 Et
545 1589 709 1661 hujus
740 1594 961 1666 signum
994 1598 1365 1654 certissimum
1398 1611 1504 1663 est,
1529 1600 1676 1669 quod
1718 1614 1827 1654 non
1870 1599 2014 1669 apud

430 1681 648 1751 aliquos
674 1684 778 1740 hoc
813 1686 999 1752 modo,
1034 1690 1176 1759 apud
1220 1691 1358 1746 alios
1382 1707 1508 1746 vero
1533 1691 1664 1757 alio,
1694 1691 1762 1746 de
1785 1692 2013 1746 dissidio

2125 683 2342 754 Πατρὶς
2372 684 2671 746 οὐσιώδους
2701 686 2994 756 ὑπάρξεως
3020 686 3115 741 τοῦ
3151 685 3419 753 παναγίου
3459 686 3554 739 καὶ
3582 684 3678 749 ζω-

2121 773 2352 843 αρχικοῧ
2408 776 2749 846 Πνεύματος.
2800 777 2979 830 Πολλὰ
3022 777 3079 831 δὲ
3101 762 3191 830 τὸν
3226 777 3358 847 scapi.
3385 774 3570 830 τούτου
3600 794 3683 829 πο-

2118 866 2528 940 λυπραγμονων
2590 870 2771 939 λόγον,
2823 871 2980 940 μύλις
3025 871 3088 924 τὸ
3145 869 3678 942 προκατειλημμένον

2119 963 2186 1033 τῇ
2242 960 2370 1033 δόξῃ
2431 962 2605 1017 αἴτιον
2634 959 2774 1016 εἶναι
2822 963 2933 1017 τῶν
2982 961 3243 1017 τοιούτων
3303 960 3680 1030 ὲφευρημάτων

2117 1052 2487 1121 δια-γινώσκω.
2521 1054 2630 1108 Καὶ
2660 1056 2713 1108 τί
2740 1057 2850 1126 γὰρ
2880 1055 3010 1110 ἄλλο
3039 1056 3137 1124 τῆς
3165 1053 3439 1124 ἀσφαλοῦς
3461 1051 3678 1119 διαγνώ-

2120 1160 2258 1205 σεως
2286 1142 2677 1212 ἀποπλανήσει
2708 1146 2841 1198 ποτὲ
2885 1143 3085 1216 ψυχὴν,
3129 1143 3371 1206 συνετῶς
3397 1141 3679 1211 διακρίνειν

2116 1233 2185 1286 τὰ
2209 1231 2671 1302 παρεμπίπτοντα
2687 1234 2993 1306 δυναμένην
3024 1252 3039 1300 ;
3075 1236 3184 1288 Καὶ
3208 1232 3403 1286 τούτου
3436 1232 3680 1301 ἐχέγγυον

2117 1323 2353 1391 ἀσφαλὲς
2377 1322 2486 1394 ἔχω
2513 1324 2573 1377 τὸ
2593 1324 2669 1396 μὴ
2688 1342 2762 1377 πα
2773 1323 2840 1396 ρὰ
2872 1326 2971 1397 μὲν
2993 1329 3107 1390 τοῖς
3127 1324 3293 1389 οὕτω,
3327 1324 3478 1393 παρὰ
3496 1322 3551 1377 δὲ
3583 1325 3681 1384 τοῖς

2115 1416 2260 1471 οὕτω
2281 1419 2380 1489 τὴν
2422 1418 2515 1471 ἐπὶ
2565 1422 2675 1482 τοῖς
2703 1418 3183 1489 ἑκκλησιαστικοῖς
3219 1414 3525 1484 λογίζεσθαι
3548 1414 3685 1480 Γριιο

2115 1509 2228 1562 κῶν
2268 1510 2362 1562 καὶ
2400 1508 2646 1562 Λατίνων
2692 1509 2995 1574 διάστασιν,
3032 1508 3181 1579 παρὰ
3216 1508 3271 1562 δὲ
3308 1508 3471 1561 πᾶσιν
3502 1504 3670 1567 ἁπλῶς

2116 1600 2231 1653 ῐσον
2262 1599 2574 1667 λογίζεσθαι
2616 1600 2714 1668 τῆς
2753 1600 3042 1666 εὐσεϐείας
3095 1600 3372 1660 ἐκπεσεῖν,
3402 1599 3497 1651 καὶ
3536 1598 3683 1651 Λατί-

2115 1709 2237 1752 νους
2263 1694 2435 1747 εἰπεῖν
2457 1693 2724 1747 εὐσεϐεῖν.
2751 1693 3020 1747 Τοσοῦτον
3048 1695 3156 1763 γὰρ
3188 1693 3246 1747 τὸ
3274 1691 3371 1745 τοῦ
3407 1690 3688 1762 σχίσματος

428 1772 752 1831 Latinorum
796 1790 959 1849 atque
1008 1780 1323 1838 Graecorum
1361 1796 1583 1855 propter
1625 1798 1713 1839 res
1749 1784 2011 1838 ecclesia-

2126 1788 2328 1856 χρόνιον
2350 1786 2445 1856 τὴν
2466 1786 2660 1850 ἄλογον
2682 1784 2886 1855 ταύτην
2910 1785 3248 1856 ἐπεκράτυνε
3267 1784 3445 1849 δόξαν,
3464 1780 3538 1846 ὥς
3552 1801 3686 1846 τινας

429 1868 597 1925 sticas
625 1862 963 1938 enuntiatur,
998 1875 1090 1929 sed
1129 1873 1272 1946 apud
1318 1892 1510 1931 omnes
1557 1891 1665 1930 uno
1691 1891 1786 1930 ore
1816 1878 2014 1932 asseri-

2126 1878 2246 1947 περὶ
2304 1877 3101 1948 συνελεύσεωςἢδιαστάσεως
3151 1877 3322 1948 ἄλλης
3377 1874 3685 1945 ἡστινοσοῦν

429 1971 539 2024 tur,
578 1961 769 2016 eadem
826 1964 879 2018 in
920 1964 1074 2020 lance
1113 1983 1257 2033 esse,
1288 1984 1316 2021 a
1375 1968 1574 2038 pietate
1602 1952 1930 2029 abscedere,
1962 1977 2017 2022 et

2126 1968 2408 2031 διαθέσεως
2438 1968 2693 2023 Λατίνων
2740 1969 2834 2021 καὶ
2875 1969 3129 2038 Γραικῶν
3159 1972 3337 2022 είπεῖν
3392 1965 3682 2039 βούλεσθαι,

430 2050 660 2106 Latinos
714 2055 968 2124 pietatem
1037 2059 1219 2113 colere
1270 2075 1605 2115 asseverare.
1658 2061 2012 2117 Intervallum

2126 2063 2215 2114 mi
2245 2062 2425 2128 λέγειν
2446 2060 2522 2125 ὡς
2545 2061 2871 2131 Χριστιανός
2903 2077 2989 2125 τις
3038 2061 3133 2113 καὶ
3156 2060 3388 2121 Λατῖνος
3419 2058 3614 2121 οὕτως,
3656 2055 3683 2127 ἦ

430 2145 705 2215 siquidem
759 2149 1075 2205 schismatis
1109 2152 1246 2207 adeo
1280 2153 1501 2223 longum
1553 2169 1813 2209 vesanam
1870 2156 2013 2212 hanc

2126 2154 2241 2207 τόδε
2297 2153 2331 2224 ἢ
2377 2152 2498 2207 τόδε
2539 2152 2678 2224 πρὸς
2704 2152 2972 2224 ἀλλήλους
3028 2148 3207 2217 εἷπον,
3253 2149 3684 2221 ἢδιεπράξαντο.

429 2238 742 2323 opinionem
821 2244 1220 2311 corroboravit,
1262 2254 1320 2299 ut
1390 2244 1613 2315 quidam
1660 2233 1792 2303 cum
1848 2247 1915 2302 de
1946 2260 2249 2315 congressu
2286 2254 2452 2315 atque
2505 2243 2761 2311 dissidio,
2838 2244 2923 2299 vel
2973 2243 3158 2315 aliqua
3226 2246 3334 2299 alia
3379 2243 3608 2307 actione,
3639 2240 3683 2293 in

428 2332 628 2399 quibus
665 2334 896 2393 Latinus
926 2348 977 2393 et
1025 2338 1252 2396 Graecus
1324 2341 1682 2409 conveniunt,
1734 2358 2042 2400 sermonem
2085 2344 2305 2407 habent,
2362 2341 2445 2397 sic
2499 2340 2898 2410 pronuntient,
2957 2339 3310 2396 Christianus
3381 2337 3601 2409 quidam
3630 2346 3678 2393 et

430 2423 659 2483 Latinus
692 2429 833 2484 hunc
869 2429 956 2484 vel
1012 2429 1065 2486 in
1104 2431 1253 2487 hunc
1302 2432 1522 2488 modum
1548 2471 1563 2498 ,
1625 2434 1727 2490 hoc
1761 2436 1845 2490 vel
1877 2436 2005 2490 illud
2049 2436 2191 2491 inter
2248 2452 2307 2492 se
2343 2435 2598 2492 collocuti
2632 2444 2761 2491 sunt
2789 2444 2886 2490 aut
2926 2444 3277 2505 peregerunt.

502 2521 592 2577 10.
622 2521 851 2590 Quando
882 2525 1048 2595 igitur
1085 2542 1279 2582 omnes
1328 2529 1503 2583 nostri
1545 2531 1731 2585 animo
1763 2531 1837 2584 ita
1872 2545 2013 2599 pra:-

430 2616 682 2682 occvpati
711 2627 862 2683 sunt,
896 2625 955 2671 ut
1003 2619 1071 2675 ad
1106 2618 1468 2675 diﬂ‘erentiam
1498 2620 1801 2676 Christiani
1832 2620 2012 2675 Latini

434 2722 631 2762 nomen
686 2719 879 2765 contra
923 2701 1225 2782 Opponant,
1256 2713 1387 2782 quid
1432 2712 1503 2767 ibi
1531 2728 1756 2784 prorsus
1797 2713 2015 2782 excogic

429 2801 538 2854 tari
593 2802 795 2871 poterit
820 2803 953 2859 satis
976 2802 1043 2857 ad
1080 2816 1343 2873 utrasque
1374 2812 1558 2874 partes
1592 2804 2015 2860 conciliandas?

431 2894 572 2960 Quid
605 2910 735 2947 vero
760 2895 875 2949 hate
906 2894 1131 2965 profero
1158 2896 1224 2950 de
1258 2896 1344 2960 iis,
1376 2898 1468 2966 qui
1495 2895 1692 2951 similia
1727 2906 1781 2950 et
1808 2897 2010 2961 dicere,

432 2996 488 3039 et
519 2986 800 3058 inquirere
853 2988 965 3054 apti
1023 2995 1173 3052 sunt,
1211 2988 1300 3041 ubi
1348 2997 1403 3042 et
1455 2988 1711 3043 mulieres
1753 2996 1808 3042 et
1859 2988 2013 3057 pueri

436 3080 618 3132 adhuc
653 3079 706 3133 in
745 3076 1017 3149 gynu‘ceis
1069 3079 1446 3143 immorantes,
1494 3088 1549 3135 et
1582 3080 1709 3141 viri.
1741 3080 1835 3148 qui
1873 3078 2016 3133 nihil

435 3182 631 3240 praeter
654 3170 1003 3240 agriculturae
1033 3178 1088 3225 et
1118 3170 1241 3224 vilis
1298 3170 1535 3239 alicujus
1567 3169 1785 3224 artiﬁcii
1829 3169 2013 3224 scien-

2198 2537 2250 2584 t'.
2278 2531 2456 2586 Ὅπου
2483 2530 2614 2594 γοῦν
2648 2531 2706 2594 ἐς
2736 2528 2994 2583 τοσοῦτον
3021 2530 3240 2592 πάντως
3277 2529 3389 2582 τῶν
3423 2526 3686 2600 ἡμετέρων

2123 2624 2679 2696 προκατελήφθησαν,
2723 2624 2801 2688 ὡς
2826 2626 2907 2688 είς
2933 2622 3227 2693 διαστολὴν
3258 2621 3591 2691 Χριστιανοῦ
3634 2621 3686 2674 τὺ

2121 2715 2216 2768 τοῦ
2278 2716 2512 2770 Λατίνου
2571 2716 2890 2783 λογίζεσθαι
2947 2714 3146 2784 ὄνομα,
3186 2711 3240 2766 τί
3293 2713 3361 2766 ἆν
3412 2712 3550 2773 ὅλως
3582 2712 3684 2765 ἐκεῖ

2120 2808 2399 2877 λογισθείη
2436 2808 2574 2879 πρὸς
2597 2807 2947 2877 καταλλαγὴν
2980 2808 3088 2859 τῶν
3137 2803 3471 2877 ἀμφοτέρων
3524 2804 3686 2875 μερῶν

2124 2899 2346 2963 ίκανόν;
2379 2900 2488 2953 Καὶ
2520 2900 2574 2952 τί
2602 2898 2750 2968 λέγω
2791 2897 2923 2969 περὶ
2964 2897 3191 2951 τοιαῦτα
3243 2898 3429 2965 λέγειν
3455 2898 3547 2949 καὶ
3600 2890 3689 2963 ζη-

2121 2991 2237 3042 τεῖν
2284 2989 2474 3054 ἀξίων,
2499 2990 2634 3042 ὅπου
2659 2990 2755 3043 καὶ⁸
2783 2989 3044 3057 γυναῖκες
3078 2987 3171 3040 καί
3217 2987 3436 3049 παῖδες,
3467 2986 3547 3039 ἔτι
3570 2986 3687 3054 ’θηρὶ

2122 3086 2224 3152 τὴν
2249 3082 2638 3151 γυναικωνῖτιν
2664 3080 3158 3152 ἀναστρεφόμενοι,
3190 3081 3287 3133 καὶ
3351 3079 3545 3149 ἄνδρες
3588 3078 3685 3131 τῶν

2123 3175 2262 3238 ὅλως
2301 3174 2454 3227 οὐδὲν
2489 3173 2800 3244 γεωργικοῦ
2832 3173 3048 3245 ἢᾶλλου
3076 3173 3223 3237 τινδς
3264 3173 3542 3245 βαναύσου
3585 3170 3684 3241 βίον

437 3264 511 3316 tia
545 3263 770 3332 pollent,
821 3262 875 3316 in
913 3263 1154 3317 maximo
1194 3263 1401 3317 scelere
1434 3271 1668 3331 ponunt,
1712 3269 1767 3317 et
1798 3262 1864 3317 de
1897 3262 2006 3317 cri-

2126 3266 2280 3319 πλέον
2311 3266 2535 3321 εἰδότων
2596 3265 2842 3334 μεγάλου
2878 3266 3226 3337 ἐγκλήματος
3281 3265 3554 3335 κρίνουσι,
3575 3263 3684 3324 τοὺς

436 3355 585 3410 mine
632 3369 727 3410 eos
789 3363 1078 3419 accusant,
1127 3353 1219 3424 qui
1253 3354 1337 3408 vel
1392 3352 1606 3408 hiscere
1665 3352 1888 3416 audent,
1947 3350 2017 3406 ad

436 3448 864 3504 ecclesiasticam
895 3461 1083 3517 pacem
1119 3445 1645 3515 comprobandum?
1676 3443 1834 3512 Quod
1864 3443 2012 3500 enim

435 3544 580 3595 inter
617 3549 838 3594 sanctos
885 3540 939 3593 in
979 3537 1305 3607 theolOgicis
1327 3536 1754 3593 scientissimum
1816 3534 2017 3605 reperi,

438 3633 809 3703 Gregorium,
866 3631 1114 3700 inquam,
1167 3628 1473 3702 Nyssenum
1505 3668 1523 3693 ,
1583 3630 1651 3683 de
1694 3629 2013 3683 exsisteutia

440 3726 562 3781 Filii
590 3725 709 3792 Dei,
751 3740 873 3795 qua:
900 3740 961 3778 ea
996 3732 1155 3779 aetate
1188 3723 1241 3778 in
1280 3724 1656 3779 controversia
1683 3733 1801 3778 erat
1832 3723 2022 3778 dicen-

442 3828 547 3872 tem
584 3834 597 3869 :
638 3816 780 3870 Abiit
830 3817 1091 3885 quispiam
1125 3817 1178 3868 in
1214 3814 1503 3882 balineum,
1535 3832 1641 3871 non
1669 3815 1930 3885 quomodo
1956 3830 2020 3868 ea:

441 3909 648 3964 balineo
679 3906 937 3961 Dominus
977 3923 1106 3961 suus
1140 3906 1423 3961 utilitatem
1464 3908 1665 3976 capiat,
1718 3910 1915 3962 discere
1940 3908 2022 3960 in-

439 4000 627 4071 quirit,
676 4000 765 4054 sed
800 4018 866 4053 an
899 4016 963 4083 ea:
993 4001 1081 4064 iis,
1130 4014 1248 4070 qua:
1280 4017 1384 4055 non
1423 4011 1565 4069 sunt,
1600 4018 1669 4055 an
1705 4018 1827 4057 vero
1859 4003 2019 4057 exiis

442 4112 559 4165 qua:
591 4104 738 4159 sunt,
765 4092 946 4149 Filius
977 4095 1067 4159 sit,
1101 4095 1413 4164 interrogat.
1449 4095 1595 4149 Abiit
1638 4097 1778 4151 alius
1806 4097 1862 4151 in
1903 4115 2021 4151 ma-

445 4186 660 4251 cellum,
709 4197 757 4241 et
812 4205 914 4240 non
967 4197 1227 4258 quantum
1281 4188 1348 4242 sit
1406 4188 1554 4241 illius
1589 4189 1842 4258 pretium,
1878 4187 2023 4259 quod

444 4283 624 4336 uenale
668 4282 1003 4352 proponitur,
1050 4283 1290 4351 indagat,
1338 4281 1432 4336 sed
1467 4282 1915 4357 quastionemae
1955 4283 2021 4336 iis

442 4389 561 4442 qua:
585 4382 728 4439 sunt,
758 4385 806 4426 et
839 4373 903 4426 de
936 4372 1001 4425 iis
1028 4388 1144 4441 qum
1174 4389 1278 4426 non
1308 4381 1428 4427 sunt
1456 4388 1572 4424 cum
1601 4372 1688 4434 iis,
1719 4372 1812 4440 qui
1839 4371 1911 4424 ibi
1946 4386 2025 4424 re-

442 4468 738 4534 periuntur,
777 4474 989 4528 mouet;
1025 4465 1132 4518 hoc
1179 4464 1343 4519 etiam
1397 4479 1543 4519 nunc
1589 4464 1641 4517 iu
1675 4462 1931 4517 omnibus
1971 4469 2026 4516 et

445 4570 542 4624 per
570 4554 750 4609 omnia
790 4554 899 4609 fere
936 4554 1120 4623 peragi
1152 4556 1454 4623 comperio,
1486 4562 1540 4608 ct
1576 4554 1730 4623 pueri
1781 4553 1835 4606 in
1880 4553 2022 4608 ludis

2125 3359 2320 3431 μικρὸν
2374 3358 2507 3427 γοῦν
2553 3374 2609 3411 τι
2679 3358 3000 3430 τολμῶντας
3051 3357 3363 3429 ύπογρύξαι
3428 3357 3566 3429 πρὸς
3601 3352 3685 3425 τὴν

2119 3449 2217 3519 τῆς
2283 3449 2752 3521 ὲκκλησιαστικῆς
2808 3452 3055 3522 εἰρήνηςξ
3107 3450 3464 3515 συναίνεσινς
3517 3449 3679 3514 Ὅπερ

2122 3541 2232 3612 γὰρ
2278 3544 2371 3595 τὸν
2414 3544 2472 3594 ὲν
2508 3540 2689 3610 ἁγίοις
2718 3539 3181 3609 θεολογικὼτατον
3221 3532 3408 3611 εὖρον,
3438 3538 3527 3592 τὸν
3554 3538 3687 3592 Νυσ-

2125 3647 2223 3700 σης
2272 3630 2418 3699 λέγω
2448 3632 2776 3702 Γρηγόριον,
2811 3631 3066 3702 περὶτῆς
3116 3630 3251 3684 κατ’
3293 3632 3476 3683 ἐκεῖνο
3511 3626 3684 3696 καιροῦ

2120 3721 2584 3792 λογοποιούμενον
2612 3723 2905 3793 ὑπάρξεως
2964 3723 3061 3777 τοῦ
3112 3722 3244 3776 Υἱοῦ
3300 3721 3398 3775 τοῦ
3441 3721 3574 3774 Θεοῦ
3614 3718 3688 3770 λέ-

2122 3834 2286 3886 γοντα
2305 3833 2320 3849 ο
2355 3809 2510 3881 οὗτος
2538 3817 2669 3887 γὰρ,
2686 3815 2950 3885 Ἀπῆλθέ
2966 3833 3057 3882 τις
3080 3816 3148 3882 ἐς
3158 3815 3521 3880 βαλανεῖον,
3541 3810 3682 3885 φησι,

2123 3910 2224 3964 καί
2271 3911 2385 3980 οὐχ
2410 3910 2574 3978 ὅπως
2601 3909 2726 3974 ἕξει
2762 3910 3086 3978 θεραπείαν
3108 3911 3141 3964 ό
3166 3910 3388 3976 Κύριος
3418 3904 3603 3961 αὐτοῦ
3623 3904 3683 3957 ἐκ

2123 4002 2231 4058 τοῦ
2270 4002 2585 4069 βαλανέως
2617 4002 2835 4072 μαθεῖν
2879 4001 3140 4065 ἀπαιτεῖ,
3183 4002 3321 4057 ἀλλ’
3345 4004 3399 4055 εί
3424 4001 3494 4065 ἐξ
3516 3999 3686 4053 ὄντων

2123 4095 2163 4166 ἢ
2185 4095 2253 4160 ἐξ
2275 4098 2389 4150 οὐκ
2416 4095 2609 4149 ὄντων
2635 4099 2667 4150 ό
2694 4097 2849 4161 Υίος,
2874 4094 3078 4165 ἐρωτᾷ.
3108 4094 3214 4148 Kal
3250 4093 3494 4162 ἀπῆλθέ
3530 4109 3613 4156 τις
3631 4088 3687 4155 ἐς

2124 4188 2242 4258 τὴν
2250 4186 2596 4258 μακέλλην,
2623 4187 2722 4241 καί
2747 4186 2882 4254 οὐχί
2902 4187 3104 4240 πόσον
3127 4185 3357 4254 τιμᾶται
3387 4201 3468 4239 το
3484 4182 3573 4239 ἐπ’
3590 4183 3682 4236 αὐ·

2125 4280 2237 4350 τῆς
2266 4282 2697 4350 προτιθέμενον
2711 4278 2911 4345 ὢνιον,
2929 4277 3319 4348 dog-armaret,
3338 4265 3502 4332 ima
3529 4276 3591 4331 τὸ
3624 4273 3684 4337 ἐξ

2127 4372 2320 4426 ὄντων
2337 4372 2434 4426 και
2448 4370 2519 4436 ἐξ
2546 4373 2660 4425 οὐκ
2680 4369 2873 4424 ὄντων
2896 4366 2985 4436 ειζ·
3001 4366 3255 4437 ζήτησιν
3265 4368 3419 4437 μετὰ
3445 4365 3560 4421 τῶν
3576 4362 3686 4419 ἐκεῖ

2125 4461 2577 4534 εὑρισκομένων
2603 4462 2943 4531 προτίθεται
2967 4478 2982 4493 ·
3017 4460 3178 4515 τοῦτο
3203 4460 3299 4514 καὶ
3332 4459 3429 4513 νῦν
3472 4462 3537 4513 ὲνι
3561 4458 3678 4511 πᾶσι

2127 4557 2222 4610 καὶ
2258 4554 2348 4609 διὰ
2379 4556 2602 4610 πάντων
2632 4555 2823 4626 σχεδὸν
2847 4553 3092 4624 εὑρίσκω
3114 4554 3421 4623 γινόμενον,
3450 4549 3542 4605 καὶ
3570 4549 3679 4601 παῖ-

447 4646 754 4711 titterariis,
789 4654 843 4699 et
879 4646 1138 4701 mulieres
1177 4646 1230 4699 in
1267 4646 1609 4701 cum-ictibus
1640 4644 1782 4699 inter
1823 4660 1883 4700 se
1914 4643 2019 4699 lusi

2126 4649 2213 4712 δες
2255 4651 2357 4715 μὲν
2390 4649 2446 4711 ὲς
2472 4647 2842 4706 διδασκαλεῖα,
2877 4647 3137 4713 γυναῖκες
3163 4644 3222 4697 δὲ
3257 4646 3314 4695 ἐν
3349 4637 3440 4706 αίς
3482 4638 3677 4694 ποιοῦν-

449 4738 666 4808 colique
727 4738 922 4808 gratia,
979 4751 1193 4791 necnon
1246 4738 1501 4807 agricola:
1550 4737 1844 4805 eaeterique
1903 4735 2021 4800 alii,

448 4832 651 4887 vilibus
678 4831 928 4885 attiticiis
964 4831 1189 4896 addicti,
1221 4846 1391 4886 unum
1445 4831 1609 4899 idque
1649 4830 1802 4899 prius
1836 4841 1889 4885 et
1924 4845 2025 4900 po-

450 4925 560 4980 tius
609 4923 837 4989 habent,
887 4922 1197 4991 dijudicare
1240 4932 1294 4977 et
1350 4923 1629 4992 inquirere
1673 4923 1740 4976 de
1794 4923 1885 4987 iis,
1931 4923 2025 4993 qui

448 5016 713 5084 Spiritum
767 5029 831 5067 ex
891 5013 1028 5067 Filio
1082 5014 1393 5069 adstruunt.
1443 5013 1656 5080 Quibus
1711 5017 1896 5083 itaque
1946 5023 2024 5079 tu,

449 5122 612 5177 quem
644 5105 819 5167 oratio
846 5105 1089 5176 judieem
1135 5106 1372 5177 appellat
1425 5117 1480 5162 et
1528 5107 1891 5176 cognitorem,
1925 5119 2027 5160 nos

451 5201 741 5277 subiacere
794 5198 1059 5269 opinaris,
1124 5198 1216 5267 qui
1273 5213 1306 5251 a
1348 5199 1670 5254 mulieribus
1722 5207 1777 5253 et
1819 5197 2026 5268 pueris.

453 5292 673 5362 alioque
705 5291 967 5346 similium
1007 5290 1435 5345 homuncionum
1467 5305 1663 5361 genere
1707 5291 1760 5343 in
1796 5303 2026 5343 examen

457 5400 738 5448 vocantur,
766 5384 911 5454 quod
941 5383 1199 5437 Romanae
1226 5390 1470 5436 nostram
1505 5380 1808 5437 Ecelesiam
1844 5381 2032 5435 conci-

452 5476 589 5531 liare
643 5489 932 5539 conamur,
965 5474 1115 5529 etab
1159 5488 1249 5538 eo,
1279 5473 1427 5543 quod
1475 5487 1574 5542 par
1608 5480 1715 5536 est,
1746 5487 1815 5526 ne
1858 5470 2028 5526 hilum

455 5568 678 5640 quidem
711 5569 973 5624 decedere
1004 5575 1286 5637 putamus,
1338 5565 1464 5619 licet
1507 5564 1584 5619 illi
1614 5564 1820 5630 dicant,
1855 5561 2029 5633 Spiri-

454 5674 569 5716 tum
612 5676 677 5716 cx
704 5659 866 5715 Patre
918 5670 972 5715 ct
1002 5659 1140 5715 Filio
1180 5659 1497 5730 procedere,
1532 5657 1703 5712 nostri
1737 5671 1892 5720 vero,
1937 5656 2029 5725 qui

456 5769 551 5809 res
583 5752 917 5822 theologicas
959 5736 1335 5807 traetaveruui
1386 5750 1561 5807 sancti
1591 5750 1800 5815 Patres,
1833 5765 1898 5803 ex
1930 5748 2030 5802 Pa-

453 5854 537 5901 tre
581 5852 635 5899 et
681 5843 820 5898 Filio
868 5860 993 5899 eum
1043 5859 1344 5916 emergere,
1396 5851 1656 5913 praetcrea
1706 5842 1909 5899 edundi
1976 5851 2029 5895 et

352 5920 357 5925 ’
453 5936 691 6003 exsilire,
724 5935 1004 5992 nonnullis
1033 5936 1195 5992 etiam
1228 5936 1283 5992 in
1310 5935 1469 6004 locis,
1504 5936 1824 5993 naturaliter
1858 5944 1911 5990 et
1940 5951 2029 5990 es-

2129 4759 2217 4795 nt
2245 4741 2640 4809 συνδιαγωγαῖς
2670 4738 2788 4808 μετ’
2816 4737 3063 4809 ἀλλήλων
3087 4736 3366 4806 ἠλακάτης
3419 4736 3574 4789 ἕνεκα
3599 4730 3676 4784 καὶ

2128 4834 2422 4900 ἀτράκτου,
2456 4831 2613 4884 ἔτιδὲ
2647 4830 2887 4900 γεωργοὶ
2906 4829 3001 4883 καὶ
3050 4829 3180 4882 ἄλλο
3207 4830 3313 4882 πᾶν
3342 4826 3521 4881 ὁτιοῦν
3559 4841 3675 4894 μετ-

2131 4924 2304 4987 ιόντες
2365 4922 2631 4992 βάναυσον
2677 4920 3037 4991 ἐπιτήδευμα,
3071 4918 3127 4971 ἓν
3162 4912 3312 4973 οὗτοι
3348 4919 3542 4978 πάντες
3584 4912 3677 4967 τῶν

2135 5016 2277 5086 μετὰ
2310 5016 2498 5084 χεῖρας
2522 5012 2762 5065 τίθενται
2796 5010 3255 5083 προύργιαίτερον
3280 5009 3342 5061 τὺ
3390 5006 3676 5076 ἀνακρίνειν

2130 5108 2224 5162 καὶ
2253 5106 2735 5176 πολυπραγμονεῖν
2760 5104 2889 5174 περὶ
2909 5102 3019 5156 τῶν
3037 5104 3103 5155 ἐκ
3125 5101 3217 5155 τοῦ
3242 5101 3370 5154 1⁸ίοῦ
3390 5101 3449 5153 τὸ
3477 5096 3670 5164 Πνεῦμα

2133 5194 2273 5253 εἶναι
2308 5196 2599 5265 λεγόντων.
2629 5195 2696 5248 Τί
2726 5194 2820 5249 οὖν
2854 5195 2940 5259 σὺ,
2981 5194 3041 5247 ὃν
3091 5195 3120 5246 ὁ
3151 5192 3343 5261 παρὼν
3375 5192 3502 5262 ὲμὺς
3540 5188 3673 5254 λόγος

2134 5296 2213 5356 εἰς
2249 5291 2509 5360 δικαστὴν
2540 5288 2922 5360 προκαλεῖται,
2954 5289 3049 5340 καὶ
3071 5284 3439 5354 διαγνώμονα,
3470 5283 3670 5348 πάσχειν

2136 5386 2283 5456 ἡμᾶς
2311 5384 2435 5452 οἴει,
2485 5383 2590 5436 ὑπὸ
2619 5368 2920 5450 γυναικῶν,
2947 5382 3045 5434 καὶ
3095 5380 3322 5443 παίδων,
3379 5377 3474 5430 καὶ
3524 5372 3671 5428 ἄλλων

2135 5477 2396 5530 τοιούτων
2447 5473 2914 5543 ἀνακρινομένους
2990 5469 3410 5545 ἀνθρωπαρίων,
3478 5466 3557 5535 ἐφ’
3603 5457 3670 5516 οἷς

2136 5567 2298 5637 Ilii-EI;
2336 5568 2403 5637 τῇ
2443 5564 2729 5632 Ῥωμαϊκῇ
2761 5564 2860 5631 τὴν
2885 5557 3011 5614 έαίΥ
3040 5561 3190 5632 ἡμᾶς
3228 5557 3543 5628 Ἐκκλησίαν
3561 5553 3666 5604 57.;-

2136 5658 2399 5729 τιθέμεθα
2438 5654 2786 5717 σπένδεσθαι,
2821 5653 2916 5707 καὶ
2943 5654 3036 5707 τοῦ
3066 5653 3277 5715 εἰκότος
3302 5651 3463 5724 μηδὲν
3489 5644 3665 5700 alecula:

2132 5748 2552 5821 διαμαρτάνειν,
2591 5746 2681 5801 διὰ
2711 5744 2953 5808 ἐκείνους
2986 5744 3084 5816 μὲν
3123 5743 3328 5810 λέγειν,
3367 5741 3425 5794 τὸ
3468 5734 3661 5802 Πνεῦμα

2136 5845 2200 5896 ἐκ
2237 5841 2451 5911 Harpe;
2510 5840 2605 5892 καὶ
2653 5836 2788 5890 Υἱοῦ
2823 5833 3248 5909 ἐκπορεύεσθαι,
3306 5836 3430 5894 τοὺς
3461 5829 3513 5883 δὲ
3554 5821 3661 5894 παρ’

2135 5934 2269 6005 ἡμῖν
2322 5930 2671 5997 θεοῖιιογικοῦς
2721 5925 2933 5990 πάντας
2985 5925 3174 5996 ἁγίους
3231 5927 3297 5978 ἑκ
3353 5919 3545 5992 Harp");
3582 5915 3655 5969 καὶ
