3932 6568
197 489 295 554 935

197 602 321 659 Υίοῦ
351 601 598 674 προϊέναι
629 599 785 667 αὐτὸ,
814 599 896 654 ἔτι
945 600 1002 655 δὲ
1043 602 1389 673 προχεῖσθαι,
1420 603 1516 656 καὶ
1570 602 1753 673 πηγά-

1869 606 2177 673 tentialiter,
2207 622 2273 662 ex
2312 606 2479 661 Patre
2500 614 2551 661 et
2583 602 2764 660 Filio?
2792 601 3077 658 Undenam
3127 601 3259 655 mihi
3311 619 3428 658 ser-

196 695 322 760 ζειν,
358 693 471 747 ἐστι
503 692 565 746 δὲ
579 685 643 747 οὗ
669 693 938 762 φυσικῶς,
961 693 1057 747 καὶ
1090 694 1368 759 οὐσιωδῶς
1400 694 1670 766 ὑπάρχειν
1688 695 1754 747 ὲκ

1869 714 2077 754 menum
2130 714 2278 753 venae
2324 698 2660 771 aperientur,
2704 704 2765 750 ut
2801 694 3054 758 dicteria,
3099 709 3220 763 qua!
3248 693 3300 748 in
3338 711 3425 748 nte

199 785 398 855 Πατρός
426 785 521 839 καὶ
542 785 703 850 Υἱοῦ;
739 785 910 839 Πόθεν
940 802 1031 856 μοι
1058 785 1235 855 λόγων
1254 787 1755 856 ἀναστομωθήσον-

1869 790 2021 846 simili
2073 791 2235 845 tnodo
2266 790 2571 860 iaciuntur,
2619 801 2845 842 narrare
2892 786 3140 857 queam?
3195 796 3255 840 ut
3303 802 3427 839 cum

194 895 274 931 ται
301 876 518 944 φλέϐες,
554 878 627 937 ὡς
672 876 735 929 ἂν
763 877 965 940 ίκανῶς
995 877 1064 931 τὰ
1102 878 1535 949 τοιουτοτρόπως
1568 892 1753 945 προσ-

1869 880 2058 936 Davide
2089 882 2336 948 eloquar,
2374 882 2479 948 Qui
2525 879 2771 934 sedebant
2813 880 2866 933 in
2899 881 3068 947 partis
3115 888 3301 932 contra
3346 894 3436 933 me

192 967 485 1041 τρισόμενά
547 985 640 1035 μοι
686 968 1001 1037 σκώμματα
1035 969 1426 1041 διηγήσωμαις
1455 967 1613 1023 Κατὰ
1642 971 1755 1039 γὰρ

1869 970 2179 1039 parriebant,
2210 981 2259 1024 et
2292 971 2345 1023 in
2373 987 2453 1022 me
2486 969 2742 1022 canebant
2772 966 3001 1021 bibentes
3034 967 3208 1020 uiuum
3234 967 3250 997 ι
3278 983 3292 1030 ;
3326 965 3424 1018 Sed

193 1061 280 1113 τὸν
302 1057 468 1113 Δανῒδ
498 1061 694 1124 εἰπεῖν,
752 1063 819 1114 Ol
865 1061 1195 1131 καθήμενοι
1241 1061 1313 1125 ἐν
1358 1063 1582 1130 πύλαις
1626 1066 1757 1119 κατ’

1869 1077 1958 1116 nos
1991 1061 2291 1116 auxiliante
2335 1060 2566 1113 Domino
2609 1059 2793 1113 omnia
2832 1058 3205 1118 tolerati-imus,
3258 1074 3435 1126 popl--

192 1151 329 1221 ἐμοῦ
370 1152 782 1221 ήόολέσχουν,
839 1152 935 1206 καί
976 1154 1060 1239 είς
1108 1152 1212 1222 ἐμὲ
1242 1154 1523 1221 ἔψαλλον
1572 1159 1625 1210 οὶ
1657 1156 1756 1211 πί-

1869 1154 2037 1209 lorum
2076 1154 2282 1208 rabiem
2315 1152 2701 1212 sustinuimus.
2737 1151 3083 1206 saecularium
3119 1151 3428 1221 principum

192 1262 393 1310 rer-rec
430 1240 603 1298 οἶνον
628 1261 645 1276 ο
677 1245 791 1297 ἀλλ’
833 1246 995 1314 ἡμεῖς
1058 1246 1157 1316 μὲν
1185 1245 1322 1299 Θεοῦ
1364 1248 1753 1319 συναιρόμενον

1869 1247 2154 1300 .racundiae
2193 1248 2464 1316 negotium
2509 1261 2575 1300 ac
2614 1246 2856 1299 studium
2910 1244 3039 1300 facti
3078 1259 3294 1309 sumus,
3345 1244 3431 1298 in-

1210 485 1307 547 DE
1347 486 1853 548 DEPOSITIONE
1894 489 2039 551 SUA
2076 489 2301 553 ORAT.
2344 488 2428 555 II.
3322 490 3433 553 986

192 1339 494 1408 ἠνέγκαμεν
524 1338 720 1400 ταῦτα,
747 1336 949 1408 μανίαν
967 1338 1158 1409 δήμων
1190 1339 1398 1408 ὑπέστη
1410 1357 1529 1408 μεν,
1570 1338 1747 1409 θυμοῦ

1869 1339 1990 1401 ,usti
2020 1338 2222 1395 decreti
2254 1339 2465 1411 pondus
2493 1338 2858 1410 portavimus.

192 1426 773 1499 κοσμικών⁹ἁρχόντων
813 1428 975 1496 ἔργον
1004 1429 1333 1500 γεγόναμεν,
1372 1428 1541 1499 βάρος
1564 1430 1757 1486 ἀδίκου

192 1519 511 1586 ἀποφάσεως
541 1518 951 1589 ἑϐαστάσαμεν.

259 1608 343 1663 ια’.
380 1612 452 1663 Σὺ
491 1611 539 1663 δ’
573 1613 666 1664 ἐπὶ
699 1611 821 1681 Θεῷ
857 1612 959 1681 τῆς
988 1612 1247 1682 ἀληθείας
1285 1613 1465 1685 ἑφόρῳ
1496 1617 1588 1670 καὶ
1613 1616 1756 1687 μάρ-

193 1716 307 1771 τυρι
333 1699 563 1757 δίκασον
595 1703 881 1775 ἁρῤεπῶς,
907 1705 955 1755 εί
989 1704 1171 1759 δίκαια
1202 1705 1401 1771 ταῦτα,
1434 1707 1482 1759 εί
1514 1707 1754 1776 ἀληθῶς,

195 1794 280 1845 καὶ
308 1792 379 1857 ὡς
407 1793 541 1858 ἔδει,
601 1795 975 1866 πεπόνθαμεν,
998 1796 1295 1866 ἄνθρωποι,
1342 1797 1510 1866 μηδὲν
1543 1798 1641 1868 μιν
1672 1799 1759 1869 ἐφ’

194 1878 269 1947 οἷς
295 1886 327 1951 ἠ
358 1882 483 1938 καθ’
508 1887 664 1956 ἡμᾶς
706 1887 1004 1958 Ἐκκλησία
1033 1886 1388 1957 ὲνασμενίζει
1417 1887 1570 1941 ἔθεσι
1602 1905 1758 1959 νεοχ⁶

199 1975 438 2046 μοῦντες,
476 1976 580 2047 τὴν
612 1978 900 2033 εὐσέϐειάν
920 1996 978 2033 τε
1005 1982 1295 2050 συντηρεῖν
1320 1979 1430 2032 ἀπὸ
1459 1979 1566 2033 τῶν
1597 1979 1759 2034 θείων

201 2069 617 2136 ἀποδεικνύντες
642 2072 900 2143 Γραφῶν,
933 2074 1033 2145 τὴν
1055 2075 1113 2128 δὲ
1139 2074 1279 2144 μετὰ
1322 2074 1423 2128 τοῦ
1462 2075 1763 2146 μεγαλοδυ-

204 2165 366 2235 νὰμον
388 2166 499 2219 τῶν
526 2166 775 2220 Λατίνων
805 2166 989 2233 ἔθνους
1013 2169 1237 2239 εἰρήνην
1260 2168 1353 2222 καὶ
1374 2168 1652 2239 ὁμόνοιαν,
1673 2168 1763 2224 διὰ

205 2258 439 2330 μεγάλην
462 2257 567 2331 τῆς
600 2258 760 2330 ἡμῶν
796 2258 976 2330 ἀρχῆς
1026 2260 1121 2313 καὶ
1158 2259 1440 2331 βασιλείας
1493 2259 1761 2327 ὠφέλειαν

198 2352 609 2421 συνεργοῦντες.
642 2352 879 2407 Δίκασον
912 2352 1011 2423 μὶν
1036 2351 1150 2419 οῦν,
1179 2352 1255 2413 ὡς
1298 2352 1409 2424 ἄρα
1431 2352 1525 2405 καὶ
1558 2352 1763 2422 βούλει,

198 2443 258 2495 σὺ
287 2445 375 2497 ἐπὶ
397 2445 637 2508 τούτοις.
678 2444 821 2515 Ἐγὼ
854 2445 910 2500 δὲ
934 2445 1161 2499 καὶτῶν
1187 2444 1327 2499 νέων
1351 2443 1623 2514 θεολόγων
1644 2446 1764 2498 ἐπι-

197 2535 377 2602 ϐολὰς,
414 2537 483 2601 ἃς
532 2537 645 2592 ¹τῶν
704 2538 883 2605 ἄλλων
933 2538 1076 2608 τάχα
1127 2538 1487 2607 ἰσχυροτέρας
1528 2539 1593 2591 ἐκ
1635 2537 1761 2591 νέου

197 2627 435 2699 ἐφεῦρον,
464 2630 957 2702 ἑπεξεργασαίμην
996 2630 1085 2695 ἂν,
1134 2629 1210 2692 ὡς
1237 2631 1333 2682 καὶ
1365 2628 1747 2702 προσεθέμην.

204 2722 266 2777 Τό
295 2722 362 2777 ἐκ
394 2722 632 2793 Πατρός
670 2723 748 2778 δι’
792 2722 931 2778 Υίοῦ
965 2723 1399 2792 ἐκπορεύεσθαι
1427 2724 1493 2777 τό
1522 2724 1765 2793 Πνεῦμα

198 2813 260 2867 τό
286 2814 476 2885 ἅγιον,
505 2815 581 2869 οὔ
611 2832 746 2887 φασι
779 2814 895 2881 τὴν
929 2814 999 2869 ἐκ
1037 2815 1271 2884 Πατρός
1300 2814 1375 2869 δι’
1408 2815 1548 2871 Υίοῦ
1582 2816 1767 2886 ὕπαρ-

202 2906 291 2969 ξιν
318 2909 641 2974 σημαίνειν
668 2907 777 2960 τοῦ
806 2906 1180 2976 Πνεύματος,
1217 2906 1358 2961 ἀλλ’
1409 2894 1565 2961 ὀῦτω
1591 2907 1766 2976 λέγε-

201 2998 334 3049 σθιιι
365 2996 569 3060 τοῦτο,
601 2995 689 3050 ὅτι
725 2996 795 3050 ἐκ
828 2997 1062 3065 Πατρός
1109 2996 1185 3050 δι’
1251 2995 1389 3051 Υἱοῦ
1421 2996 1487 3050 τό
1523 2993 1767 3065 Πνεῦμα

202 3083 402 3151 διήκει.
436 3086 553 3141 Καὶ
587 3087 640 3139 εί
701 3087 801 3157 μέν
841 3104 895 3140 τι
946 3087 1077 3141 ἄλλο
1128 3087 1280 3158 ,πρὸς
1338 3088 1642 3158 σαφήνειαν
1669 3087 1768 3157 τῆς

202 3176 421 3243 διήκειν
441 3178 647 3244 λέξεως
676 3178 863 3250 ἔχουσι
900 3178 1108 3247 λέγειν,
1148 3179 1307 3234 αὐτοὶ
1334 3177 1631 3247 λεγόντων,
1666 3176 1764 3231 καὶ

1933 1622 2023 1677 il.
2064 1619 2145 1673 Tu
2184 1632 2348 1689 porro
2385 1626 2511 1673 ante
2542 1616 2709 1672 Deum
2757 1616 3002 1671 veritatis
3038 1614 3325 1685 praesidem
3378 1625 3433 1671 et

1861 1721 2057 1769 testem
2098 1711 2309 1781 judica,
2349 1717 2600 1764 neutram
2655 1709 2710 1762 in
2763 1716 2969 1776 partem
3021 1708 3310 1772 inclinans,
3358 1723 3428 1762 an

1858 1805 2008 1876 juste
2037 1803 2176 1869 hac,
2207 1818 2335 1858 vere
2376 1811 2433 1856 et
2468 1810 2527 1856 ut
2556 1800 2857 1855 addecehat
2899 1800 3047 1868 passi
3092 1815 3283 1855 sumus
3313 1814 3433 1861 nos.

1864 1903 1957 1972 qui
2009 1894 2145 1956 nihil
2183 1884 2362 1960 in'iis.
2395 1912 2534 1968 quas
2570 1904 2756 1951 nostra
2791 1896 3037 1951 Ecclesia
3089 1893 3436 1965 amplectitur

1864 1993 2312 2056 consuetudines,
2362 1992 2709 2051 innovamus.
2748 1997 2804 2045 et
2835 1989 3090 2059 pietatem
3122 1987 3433 2041 divinarum

1863 2088 2269 2157 Scripturarum
2323 2082 2650 2140 testimoniis
2714 2081 3176 2141 demoustramus,
3248 2093 3434 2149 pacem

1862 2195 1991 2235 vero
2019 2188 2073 2234 et
2099 2175 2456 2234 concordiam
2497 2189 2621 2230 cum
2652 2171 2974 2227 Latinorum
3025 2182 3187 2242 gente
3223 2184 3438 2240 praepo-

1865 2282 2011 2328 tente
2060 2272 2131 2326 ob
2175 2284 2371 2339 magna
2422 2267 2598 2322 nostri
2641 2266 2959 2320 dominatus
3007 2274 3171 2334 atque
3223 2262 3441 2329 imperii

1862 2362 2149 2418 commoda
2174 2372 2555 2429 procuramus.
2590 2352 2873 2410 Iudicium
2907 2354 3091 2422 itaque
3136 2364 3218 2416 tu,
3255 2364 3313 2408 ut
3357 2354 3439 2408 al-

1863 2450 2119 2514 lubest-it,
2150 2451 2218 2504 de
2250 2448 2403 2503 hisce
2430 2446 2592 2502 ferto.
2623 2445 2736 2516 Ego
2764 2454 2946 2498 autem
2982 2458 3248 2498 novorum
3282 2442 3438 2497 theo—

1864 2545 2112 2615 logorum
2170 2539 2556 2613 aggressiones
2611 2548 2668 2593 et
2713 2546 2968 2602 conatus,
3032 2549 3173 2604 quos
3223 2534 3438 2589 caeteris

1862 2638 2162 2693 validiores
2192 2637 2260 2690 ab
2289 2634 2409 2705 ipsa
2451 2633 2743 2703 iuventute
2774 2628 3056 2691 adnotavi,
3097 2627 3261 2682 sicuti
3303 2626 3436 2681 mihi

1864 2729 2148 2800 proposui,
2178 2722 2486 2795 expediam.
2513 2722 2595 2777 Ea:
2624 2721 2787 2776 Patre
2818 2737 2909 2790 per
2937 2718 3139 2773 Filium
3172 2717 3436 2786 Spiritum

1864 2824 2140 2894 procedere
2195 2819 2450 2888 inquiunt
2493 2834 2596 2870 non
2635 2825 2822 2870 notare
2864 2829 2929 2868 ex
2977 2813 3141 2866 Patre
3201 2827 3293 2880 per
3339 2808 3436 2863 Fi-

1867 2916 2000 2970 lium
2038 2914 2270 2983 Spiritus
2315 2910 2699 2971 exsistetttiam,
2754 2908 2844 2962 sed
2893 2908 2968 2959 ita
3015 2906 3146 2969 dici,
3195 2907 3333 2975 quod
3376 2920 3443 2958 ex

1867 3007 2033 3063 Patre
2074 3022 2165 3073 per
2186 3004 2387 3060 Filium
2435 3001 2668 3071 Spiritus
2709 2998 2969 3070 pervadit.
3022 2997 3176 3063 Quod
3214 2996 3260 3050 si
3309 2996 3441 3064 quid

1868 3097 2017 3152 aliud
2068 3096 2271 3151 habent
2320 3094 2388 3149 ad
2445 3090 2702 3147 dictionis
2784 3085 3103 3157 perradendi
3179 3082 3443 3152 majorem

1868 3190 2330 3260 explanationem,
2370 3185 2423 3240 iu
2455 3194 2813 3254 conspectum
2864 3194 2929 3235 ac
2958 3178 3137 3234 lucem
3184 3176 3285 3244 ipsi
3317 3189 3448 3245 pro-

202 3269 274 3330 sic;
301 3268 506 3324 οίκείαν
569 3269 965 3341 προτεινόντων
1020 3269 1407 3339 δεφένδευσινο
1459 3270 1508 3321 εί
1553 3268 1610 3323 δὲ
1658 3268 1753 3337 ἀφ’

1870 3284 2069 3348 ferant,
2125 3293 2180 3337 et
2234 3282 2290 3336 in
2346 3277 2622 3350 propriam
2680 3273 3054 3330 defensionem
3115 3278 3449 3339 pr0ponant.

201 3360 353 3430 ἡμῶν
383 3361 580 3432 μαθεῖν
619 3361 926 3431 βούλονται,
960 3362 1109 3426 ὅπως
1134 3363 1302 3433 ἡμεῖς
1329 3362 1428 3433 τὴν
1457 3361 1606 3427 λέξιν
1637 3360 1769 3415 ταύ-

201 3468 292 3522 την
322 3453 737 3525 καταδεχόμεθα
786 3453 1049 3520 δέξασθαι
1097 3454 1210 3506 τῶν
1256 3453 1433 3509 ἄλλων
1472 3452 1767 3526 γραφικῶν

203 3542 406 3612 ῥήσεων
435 3543 704 3611 ἐπαξίως,
733 3543 860 3598 ὅσαι
891 3544 992 3615 τὴν
1024 3543 1094 3598 δι’
1132 3543 1265 3598 Υίοῦ
1306 3547 1371 3598 ἐκ
1424 3545 1639 3617 Πατρός
1670 3542 1766 3596 τοῦ

202 3637 460 3706 παναγίου
492 3636 717 3707 δηλοῦσι
743 3638 1062 3708 Πνεῦματος
1113 3636 1348 3708 ὕπαρξιν
1392 3636 1550 3708 ἡμῶν
1580 3638 1772 3705 λεγόν-

202 3744 324 3793 των,
348 3732 663 3787 ἀκουόντων
692 3733 868 3799 αὑτοὶ,
896 3731 973 3796 ὡς
1007 3732 1245 3802 ὁπηνίκα
1270 3733 1437 3803 ἡμεῖς
1479 3731 1573 3785 τὸν
1609 3732 1770 3801 ἅγιον

203 3823 464 3893 Κύριλλον
492 3828 554 3882 ὲν
583 3830 652 3899 τῇ
683 3826 851 3899 βίϐλῳ
876 3827 988 3881 τῶν
1041 3827 1369 3898 Θησαυρῶν,
1420 3826 1490 3881 ἐν
1533 3826 1615 3892 τῷ
1652 3825 1768 3893 Υιῷ

205 3917 465 3986 φυσικῶς
488 3936 555 3974 τε
585 3920 686 3974 καί
727 3919 1038 3986 οὺσιωδῶς
1074 3918 1289 3987 διῆκον
1340 3917 1502 3987 παρὰ
1534 3918 1769 3987 Πατρός

206 4010 266 4062 τό
283 4012 522 4083 Πνεῦμα
547 4009 907 4082 θεολογοῦντα
929 4011 1281 4083 εὑρίσκομεν,
1302 4011 1455 4065 οὐδὲν
1476 4011 1605 4064 ἄλλο
1642 4028 1774 4064 συν-

206 4104 328 4173 ορᾷν
375 4104 576 4177 ἔχομεν
601 4147 618 4173 ,
653 4105 688 4178 ἢ
748 4105 830 4160 ὅτι
860 4106 964 4159 οὐκ
1016 4105 1110 4176 ἀφ’
1168 4103 1387 4168 ἑαυτοῦ,
1419 4103 1538 4157 ἀλλ’
1569 4104 1634 4157 ὲκ
1678 4102 1774 4157 τοῦ

208 4192 435 4266 Πατρός,
470 4197 704 4279 πρὸςρν
734 4198 912 4251 πάντα
938 4197 1006 4251 τὰ
1041 4196 1239 4252 ἑαυτοῦ
1264 4197 1533 4266 ἀναφέρει
1562 4197 1591 4250 ό
1618 4195 1773 4261 Υἱὸς,

208 4290 265 4339 τὸ
293 4289 519 4361 Πνεῦμα
551 4289 692 4360 ἔχων
722 4291 858 4344 ἐστί.
899 4290 1009 4343 Καὶ
1057 4291 1188 4344 ὅταν
1228 4288 1309 4362 τῷ
1341 4289 1567 4360 μεγάλῳ
1599 4287 1772 4342 Bact-

209 4378 329 4451 λείῳ
361 4383 421 4435 ὲν
451 4380 535 4453 τῷ
577 4381 791 4453 δεκάτῳ
840 4382 1014 4454 ὀγδόῳ
1053 4380 1164 4435 τῶν
1212 4382 1354 4452 πρὸς
1422 4380 1779 4450 ’Δμφιλόχιον

1868 3371 2020 3439 Quod
2051 3372 2096 3425 si
2134 3386 2164 3424 a
2197 3369 2356 3424 nobis
2379 3368 2593 3422 discere
2621 3364 2867 3434 cupiunt,
2903 3370 2964 3415 ut
3012 3375 3112 3414 nos
3147 3358 3443 3414 dictionem

1870 3466 2041 3527 illam,
2066 3471 2119 3517 et
2143 3476 2252 3533 quo
2284 3459 2595 3530 significatu
2626 3457 2953 3525 accipimus,
2983 3454 3053 3508 ab
3090 3450 3213 3505 aliis
3244 3449 3452 3518 scripto

1870 3554 2085 3610 traditis
2112 3549 2449 3605 dictionibus
2481 3561 2588 3600 non
2628 3545 2829 3607 alieno,
2863 3550 2985 3611 qua:
3021 3555 3116 3610 per
3151 3538 3348 3593 Filium
3382 3553 3449 3589 ex

1871 3648 2032 3702 Patre
2078 3640 2410 3699 sanctissimi
2458 3637 2697 3707 Spiritus
2737 3632 3120 3690 exsistentiam
3172 3633 3447 3691 astruunt,

1868 3754 1973 3794 nos
1997 3736 2245 3800 audiant,
2273 3748 2397 3790 cum
2437 3729 2581 3801 apud
2625 3737 2874 3783 sanctum
2912 3723 3174 3795 Cyrillum
3217 3721 3269 3773 in
3303 3718 3449 3773 The-

1869 3832 2071 3896 sauris,
2109 3830 2167 3882 iu
2210 3826 2351 3881 Filio
2409 3822 2737 3877 naturaliter
2777 3829 2826 3873 et
2873 3814 3228 3871 essentialiter
3260 3828 3451 3885 pervac

1871 3927 1995 3979 dere
2021 3940 2085 3979 ex
2122 3923 2284 3978 Patre
2321 3919 2608 3986 Spiritum,
2643 3914 2903 3969 traditum
2936 3907 3328 3978 couipet‘imus,
3365 3903 3463 3960 nis?

1875 4018 1951 4071 hil
1984 4014 2132 4069 aliud
2187 4011 2512 4080 intelligere,
2571 4005 2675 4060 nisi
2723 4019 2829 4059 non
2878 4017 2942 4054 ex
2989 4000 3196 4068 seipso,
3246 3995 3341 4051 sed
3386 4007 3456 4049 ex

1874 4107 2058 4170 Patre,
2103 4104 2172 4160 ad
2203 4119 2365 4175 quem
2403 4098 2588 4155 omnia
2620 4112 2719 4152 sua
2751 4092 2919 4149 refert
2945 4090 3141 4157 Filius,
3186 4088 3457 4158 Spiritum

1882 4200 2085 4254 habere
2118 4214 2132 4251 :
2162 4206 2216 4251 et
2244 4210 2370 4249 cum
2413 4191 2572 4246 nobis
2614 4200 2848 4255 magnus
2888 4182 3123 4238 Basilius
3157 4180 3210 4233 in
3241 4179 3463 4232 decimo

1873 4302 2068 4348 octavo
2111 4286 2179 4342 ad
2207 4281 2648 4355 Amphilochium
2696 4279 2876 4348 capite
2909 4271 3175 4335 occurrit,
3215 4269 3404 4324 dicens
3437 4284 3453 4320 :

1877 4380 2166 4437 Naturalis
2233 4376 2446 4430 bonitas
2536 4381 2585 4425 et
2657 4386 2775 4441 qua:
2842 4365 3131 4421 secundum
3204 4370 3460 4415 naturam-

211 4446 521 4542 κεφαλαίων
576 4446 1005 4546 ὲντυγέανωμεν
1048 4446 1269 4542 λέγοντι.
1302 4473 1378 4538 ὡς
1417 4446 1503 4528 Ἠ-
1528 4446 1765 4543 ξονον-ικὴ

1871 4481 1974 4539 est,
2005 4466 2361 4537 sanctiﬁcatio
2390 4473 2439 4517 et
2474 4461 2618 4532 regia
2645 4459 2879 4529 dignitas
2915 4470 2980 4509 ex
3017 4452 3175 4507 Patre
3195 4466 3290 4521 per
3321 4446 3468 4503 Uni-

208 4566 516 4638 ἀγαθότης,
553 4569 650 4623 καί
694 4571 727 4623 ό
778 4569 927 4623 κατὰ
962 4569 1152 4639 φύσιν
1198 4569 1514 4637 ἁγιασμὸς,
1573 4566 1671 4620 καί
1710 4564 1765 4618 τι]

1876 4565 2106 4639 genitum
2151 4562 2220 4617 ad
2272 4558 2533 4630 Spiritum
2581 4553 2845 4623 pervadit,
2899 4546 3278 4604 tantummodo
3308 4556 3462 4597 com-

206 4635 527 4721 βασιλικόν
551 4660 782 4731 ἀξίωμα
805 4660 874 4713 ἐκ
910 4635 1017 4714 τοῦ
1046 4635 1279 4730 Πατρός
1309 4635 1408 4714 δια
1428 4659 1535 4713 τοῦ
1572 4662 1765 4713 Μονο-

1878 4635 2243 4728 prehendere,
2290 4667 2397 4706 non
2440 4665 2470 4704 a
2501 4648 2705 4717 seipso,
2751 4643 2845 4698 sed
2877 4657 2941 4695 es
2974 4640 3157 4702 Patre,
3197 4635 3263 4690 ad
3290 4649 3453 4704 quem

209 4752 414 4819 τεν-οῦς
449 4753 551 4807 ἐπὶ
604 4755 669 4807 τό
697 4726 956 4823 Vibi-stipa
1001 4726 1219 4821 διήκει,
1264 4752 1417 4806 οὐδὲν
1467 4750 1597 4806 ἄλλο
1633 4747 1765 4803 νοοῦι

1884 4726 2070 4805 omnia
2121 4745 2361 4817 Spiritus
2398 4744 2749 4801 referuntur,
2793 4750 2856 4790 ea
2896 4731 3082 4788 omnia
3129 4744 3226 4799 per
3260 4726 3465 4782 Filium

214 4846 396 4915 μεν,ἢ
442 4847 529 4899 ὅτι
566 4844 667 4898 οὐκ
700 4843 793 4911 ἀφ’
828 4843 1048 4909 ἑαυτοῦ,
1106 4842 1224 4896 ἀλλ’
1276 4844 1339 4897 ὲκ
1398 4842 1495 4896 τοῦ
1543 4840 1765 4911 Πατρὸς,

1885 4841 2165 4913 possidere
2190 4837 2453 4908 Spiritum
2489 4840 2769 4892 sanctum,
2806 4824 3262 4898 quemadmodum
3299 4831 3466 4875 natu-

213 4910 341 5007 πρὸς
365 4910 424 4993 όν
454 4939 632 4994 πάντα
662 4937 733 4990 τὰ
752 4910 853 4991 τοῦ
888 4936 1206 5007 Πνεῦματος
1231 4935 1581 5005 ἀναφέρεται,
1609 4910 1765 4985 ταῦτα

1885 4910 2051 4989 ralem
2129 4941 2179 4986 et
2250 4926 2599 4983 essentialem
2682 4937 2840 4978 suam
2889 4916 3289 4973 exsisteutiatn.
3345 4910 3467 4967 Nisi

215 5006 386 5089 πάντα
409 5028 499 5088 διὰ
527 5032 624 5087 τοῦ
659 5033 791 5087 Υἱοῦ
817 5034 879 5087 τὸ
907 5031 1133 5102 Πνεῦμα
1156 5030 1268 5101 ἔχει
1298 5031 1359 5084 τὸ
1386 5029 1563 5097 ἅγιον,
1592 5028 1765 5099 ὥσπεε

1889 5027 2034 5078 enim
2089 5020 2323 5077 similem
2389 5032 2485 5089 per
2534 5014 2733 5069 Filium
2774 5012 3154 5069 exsistentiam
3215 5006 3467 5071 haberet,

214 5129 301 5178 καὶ
336 5128 434 5197 τὴν
466 5128 705 5199 φυσικὴν
760 5128 858 5182 καὶ
900 5124 1138 5193 οὖσιώδη
1188 5122 1385 5178 ἑαυτοῦ
1417 5121 1675 5191 ὓπαρξιν.
1713 5120 1765 5172 Ei

1885 5130 2161 5187 nunquam
2188 5114 2282 5169 illa
2309 5126 2404 5184 per
2436 5108 2637 5164 Filium
2668 5107 2874 5162 habere
2895 5105 3195 5160 diceretur.

221 5218 292 5288 μὴ
317 5221 425 5292 γὰρ
455 5223 557 5292 τὴν
588 5220 847 5291 τοιαύτην
878 5218 967 5272 διὰ
1019 5216 1114 5272 τοῦ
1155 5216 1286 5270 Υίοῦ
1339 5214 1574 5283 ὕπαρξιν
1608 5210 1778 5283 εῖχεν,

217 5315 310 5369 οὐκ
329 5316 395 5371 ἂν
421 5319 511 5372 διὰ
543 5318 637 5371 τοῦ
670 5315 801 5370 Υίοῦ
833 5317 927 5369 καὶ
952 5315 1123 5367 ταῦτα
1147 5312 1293 5383 ἔχειν
1325 5311 1563 5379 ἐλέγετο.

284 5406 372 5478 ιβ’.
409 5412 517 5464 Καὶ
548 5410 603 5465 τί
636 5408 874 5464 τοσαῦτα
902 5408 1029 5479 περὶ
1057 5405 1152 5461 τοῦ
1174 5376 1409 5472 διήκειν
1430 5376 1637 5471 φαμὲν,
1659 5400 1765 5453 ὲνὺι

1961 5394 2049 5447 i2.
2089 5390 2156 5446 Et
2198 5387 2330 5459 quid
2378 5394 2458 5441 tot
2501 5384 2568 5438 de
2613 5382 2851 5438 dictione
2893 5376 3211 5449 pervadeudi
3257 5388 3472 5443 aggeri-

223 5470 319 5555 διὰ¹
354 5505 563 5558 πολλῶν
592 5504 770 5559 ἄλλων
829 5470 1044 5574 ῥήσεων
1080 5470 1366 5571 γραφικῶν
1422 5470 1765 5565 ἀναπάντητι

1894 5506 2043 5549 mus.
2076 5502 2201 5543 cum
2228 5486 2392 5540 liceat
2429 5481 2616 5535 multis
2657 5479 2779 5534 aliis
2822 5475 3029 5545 scripto
3062 5470 3280 5527 traditis
3316 5470 3473 5524 testi-
3518 5530 3543 5547 χ

229 5598 566 5667 παραστῆσαι
612 5600 781 5670 μηδὲν
817 5563 946 5650 ἀλλο
982 5593 1015 5665 ἢ
1201 5563 1268 5645 δι’
1309 5589 1436 5644 Υἱοῦ
1480 5592 1541 5642 ὲκ
1574 5563 1765 5656 Πατρῖμ

1897 5583 2100 5638 moniis
2146 5580 2355 5649 absque
2400 5575 2508 5629 ulla
2558 5569 2990 5628 contradictione
3039 5567 3292 5638 probare,
3337 5563 3479 5617 nihil

226 5691 314 5745 τοῦ
340 5694 604 5764 παναγίον
635 5692 958 5763 Πνεῦματος
992 5687 1229 5756 ὓπαρξιν
1259 5686 1359 5757 τὴν
1402 5683 1472 5739 δι’
1522 5682 1653 5737 Υἰοῦ
1688 5700 1758 5751 ση

1899 5677 2045 5732 aliud
2070 5690 2167 5747 per
2190 5672 2387 5730 Filium
2416 5686 2482 5726 ex
2510 5669 2670 5723 Patre
2691 5662 3029 5722 sanctissimi
3060 5659 3301 5731 Spiritus
3326 5657 3471 5711 exsi-

234 5746 837 5851 μαίνεινήίκπόόενσινς
876 5746 1071 5850 Ὀνγάρ
1114 5746 1257 5841 θεῖος
1311 5746 1408 5833 καὶ
1445 5775 1618 5847 μέγας
1655 5746 1765 5842 ἄλη

1899 5746 2155 5827 stantiam
2201 5776 2417 5832 notare,
2461 5776 2625 5833 quam
2664 5757 3070 5831 processionem
3109 5769 3205 5826 per
3230 5750 3431 5807 Filium
3457 5746 3489 5804 ι

302 5942 482 6003 'Psal.
505 5958 697 6007 nun,
736 5941 818 5996 15.
