3828 6594
231 388 317 453 99]

1202 372 1303 433 DE
1337 372 1843 435 DEPOSlTIONE
1886 373 2031 435 SUA
2074 372 2295 434 ORAT.
2338 372 2427 433 Ιῐ.

3307 368 3409 433 94

226 494 355 550 οῦτον
377 486 575 554 ἔλεγχον
602 479 697 534 τοῦ
737 481 1068 553 παραλόγως
1102 484 1217 548 τοῖς
1242 485 1584 553 ἀντιλέγουσι
1613 501 1743 554 προ-

1857 491 2033 539 radere
2089 485 2576 555 redargutioncm,
2647 482 3000 538 memoranda
3071 489 3200 539 sunt
3262 485 3409 538 dicta

224 579 490 648 τεινομένου
524 571 750 638 διήκειν
802 576 1206 645 μνημονευτέον
1272 575 1482 648 ἁπάρτι
1522 579 1617 631 καὶ
1661 572 1737 631 ὧν

1857 578 2042 647 scripto
2072 577 2290 639 tradita,
2323 575 2527 645 quibus
2560 575 2647 629 isti
2682 575 2963 639 insistunt,
2993 575 3059 629 ad
3099 573 3413 630 convellen-

218 674 340 733 οὗτοι
376 665 642 740 γραφικῶν
691 669 1007 737 ἀντέχονται
1061 671 1296 741 ῥήσεων,
1342 670 1479 740 πρὸς
1529 673 1589 723 τὸ
1639 671 1737 742 τὴν

1857 671 1963 724 iam
2004 683 2101 737 per
2150 664 2349 722 Filium
2385 667 2623 737 Spiritus
2654 668 3052 730 exsisteutiam,
3096 676 3151 722 et
3185 666 3410 737 potissi-

216 770 272 823 δι’
317 759 431 818 Υἱοῦ
481 757 787 828 Πνεῦματος
818 759 1054 831 ὓπαρξιν
1110 763 1420 815 κατασείειν
1469 762 1612 833 τάχα
1656 765 1742 816 ὲν-

213 857 394 915 τεῦθεν.
424 851 481 906 Ei
512 852 615 921 γὰρ
661 851 748 905 διὰ
779 850 876 905 τοῦ
909 852 1064 918 Υίοῦ,
1099 856 1257 922 φασὶ,
1295 854 1392 906 τοῦ
1424 855 1742 924 Πνεύματός

214 954 340 1003 ἐστιν
369 943 524 1005 αῐτιος
552 943 579 993 ὀ
613 941 825 1010 Πατὴρ,
864 943 979 1005 πῶς
1024 945 1052 996 ὁ
1101 944 1202 1012 μὲν
1250 943 1500 1012 θεολόγος
1527 945 1739 1016 Γρηγό-

210 1055 305 1111 pro;
331 1039 383 1088 ὲν
408 1034 480 1103 τῷ
502 1033 575 1094 είς
602 1032 697 1083 τὸν
735 1033 1054 1086 κατάπλουν
1098 1034 1209 1087 τῶν
1232 1036 1549 1104 Αἰγυπτίων
1573 1036 1737 1105 λόγῳ,

208 1129 399 1189 Πάντα,
432 1125 552 1193 ἔφη,
602 1123 719 1179 ὅσα
763 1127 795 1179 ό
846 1125 1050 1194 Πατὴρ
1088 1125 1235 1196 ἔχει,
1282 1126 1393 1181 τοῦ
1435 1127 1572 1181 Υἱοῦ
1609 1131 1741 1181 ἐστι

204 1221 348 1287 πλὴν
370 1216 473 1285 τῆς
499 1216 737 1283 αἰτίας;
775 1218 804 1269 ό
832 1216 888 1269 δὲ
924 1218 1076 1287 ἅγιος
1116 1219 1367 1289 Μάξιμος
1406 1220 1464 1271 ὲν
1498 1223 1563 1289 τῇ
1601 1220 1741 1291 ὑπὲρ

202 1313 294 1366 τῶν
331 1308 536 1363 Ἰταλῶν
594 1308 732 1377 πρὸς
788 1309 1033 1378 Μαρῖνον
1093 1310 1467 1381 πρεσϐύτερον
1513 1308 1741 1379 Κύπρου

200 1401 424 1471 ἐπιστολῇ
449 1400 525 1466 τὸ,
579 1399 682 1463 Ἐξ
710 1393 797 1453 ὧν
828 1403 939 1456 οὐκ
967 1402 1164 1456 αἰτίαν
1192 1404 1302 1457 τὸν
1340 1403 1477 1456 Υὶὸν
1498 1403 1743 1458 ποιοῦν-

199 1512 289 1562 τας
324 1493 419 1548 τοῦ
462 1493 808 1561 Πνεύματος
849 1493 1014 1564 σφᾶς
1067 1495 1323 1560 ἑαυτοὺς
1371 1496 1699 1561 ἀπέδειξαν
1724 1512 1740 1528 ·

177 1589 317 1655 ,μίαν
339 1584 442 1653 γὰρ
470 1584 684 1637 ἴσασιν
743 1585 881 1639 Υιοῦ
932 1587 1029 1638 καὶ
1086 1586 1441 1654 Πνεύματος
1487 1590 1595 1640 τὸν
1627 1591 1746 1642 Πα-

196 1678 317 1744 τέρα
336 1675 545 1735 αἰτίαν.
585 1675 729 1730 ἀλλ’
767 1676 870 1730 ἵνα
907 1676 973 1730 τὸ
1008 1676 1087 1729 δι’
1129 1677 1316 1732 αὐτοῦ
1345 1678 1613 1747 προϊέναι
1637 1680 1745 1748 δη-

1843 776 1989 813 mum
2043 761 2179 814 inec.
2215 758 2370 824 .Nam
2417 759 2463 814 si
2522 775 2616 829 per
2665 757 2887 825 Filium,
2913 759 3085 820 aiunt,
3113 774 3282 813 causa
3330 768 3414 813 est

1843 852 2081 923 Spiritus
2109 853 2293 917 Pater,
2311 867 2417 922 qua
2452 853 2663 906 ratione
2721 852 3008 920 theologus
3039 850 3332 922 Gregorius
3357 852 3411 906 in

1844 948 2095 999 oratione
2170 946 2236 999 de
2292 944 2671 1015 Aigyptiorum
2744 946 3161 1015 adnavigatione
3218 946 3409 1000 dixit:

1848 1035 2185 1104 Quwcuitque
2226 1035 2389 1090 Pater
2420 1036 2570 1091 habet
2614 1034 2747 1089 Filii
2776 1046 2920 1099 sunt,
2952 1046 3169 1105 excepta
3206 1052 3369 1090 causa
3391 1037 3419 1092 2

1847 1136 2069 1181 sanctus
2104 1128 2229 1181 item
2262 1127 2530 1181 Maximus
2563 1144 2658 1197 pro
2687 1129 2841 1182 Italis
2871 1129 2936 1182 ad
2959 1126 3224 1181 Marinum
3251 1128 3417 1199 Cypri

1847 1221 2219 1291 presbyterum
2247 1221 2476 1289 epistola
2513 1239 2526 1276 :
2564 1218 2645 1273 Ea:
2665 1220 2854 1290 quibus
2876 1236 3089 1273 causam
3113 1236 3215 1274 non
3245 1221 3419 1290 facere

1848 1309 2050 1365 Filium
2086 1310 2321 1381 Spiritus
2353 1314 2659 1383 semetipsos
2680 1313 3134 1378 demonstrarunt;
3153 1329 3310 1367 unam
3340 1314 3419 1367 sl-

1845 1404 2051 1474 quidem
2081 1416 2271 1458 norunt
2313 1402 2442 1458 Filii
2472 1415 2522 1458 et
2554 1404 2787 1474 Spiritus
2816 1421 3031 1460 causam
3062 1404 3298 1465 Patrem,
3328 1405 3420 1459 sed

1847 1506 1905 1549 ut
1934 1510 2027 1564 per
2057 1496 2232 1564 ipsum
2272 1497 2655 1565 processionem
2706 1496 3012 1549 ostendant.
3052 1495 3420 1550 Damascenus

1846 1602 1999 1653 vero,
2051 1586 2173 1640 Non
2215 1590 2293 1641 uti
2325 1603 2391 1641 ea:
2421 1588 2555 1657 ipso,
2595 1587 2685 1641 sed
2722 1589 2801 1642 uti
2827 1604 2920 1658 per
2945 1589 3118 1656 ipsum
3158 1601 3224 1641 ea:
3256 1584 3422 1639 Patre

1848 1679 2209 1750 procedentem
2242 1694 2261 1733 :
2293 1682 2435 1733 solus
2474 1681 2614 1734 enim
2649 1696 2813 1734 causa
2844 1679 3008 1734 Pater
3037 1688 3133 1734 est.

190 1772 446 1828 λώσωσιν
475 1785 490 1801 ⁸
524 1769 553 1821 ὁ
580 1769 640 1823 δὲ
674 1774 1039 1840 Δαμασκηνὸς
1074 1769 1136 1823 τὸ
1171 1773 1295 1841 Οὐχ
1324 1772 1404 1839 ὠς
1431 1771 1501 1838 ἐξ
1524 1773 1736 1841 αὑτοῦ,
1774 1774 1916 1830 ἀλλ’
1936 1775 2017 1843 ὠς
2056 1774 2134 1828 δι’
2158 1773 2345 1828 αὐτοῦ
2382 1772 2385 1775 ’
2410 1773 2479 1828 ἐκ
2510 1773 2617 1829 τοῦ
2655 1774 2888 1843 Πατρός
2917 1774 3430 1844 ἐκπορευόμενον.“

192 1863 365 1927 Μόνος
391 1862 495 1930 γὰρ
524 1860 714 1927 αἴτιος
744 1862 777 1914 ὀ
808 1862 1030 1930 Πατήρ.

246 1965 327 2030 ιη’.
373 1956 555 2011 Ταῦτα
608 1955 710 2026 μὲν
753 1956 898 2028 ἆπερ
950 1959 1084 2041 ἡμῖν
1142 1951 1291 2013 οὗτοι
1339 1961 1738 2032 προτείνουσιν,

1921 1959 2009 2013 18.
2054 1957 2117 2013 Et
2147 1957 2261 2013 bare
2302 1957 2522 2028 quidem
2554 1968 2703 2026 sunt,
2729 1975 2851 2030 quae
2883 1959 2984 2029 ipsi
3030 1960 3186 2016 nobis
3222 1976 3421 2034 propo-

186 2052 250 2116 ὡς
283 2052 457 2113 αὐτοῖς
487 2048 951 2106 δυσαντίϐλεπτα.
996 2050 1188 2121 Ἡμεῖς
1236 2052 1295 2106 δὲ
1360 2053 1467 2124 πρὸ
1497 2053 1605 2107 τῶν
1644 2053 1742 2108 άλ-

184 2147 276 2200 ὶων
305 2144 437 2214 πρὸς
460 2142 521 2195 τὸ
546 2141 743 2196 δοκοῦν
777 2142 959 2205 αὐτοῖς
991 2143 1086 2196 τοῦ
1116 2144 1380 2214 Θεολόγου
1407 2142 1548 2200 εἶναι
1580 2146 1743 2216 ῥητὸν

181 2235 554 2302 ἀντιλέγοντες,
594 2230 607 2237 ’
634 2233 860 2304 σφάλμα
898 2233 1007 2288 τῶν
1052 2235 1151 2299 τὰς
1196 2235 1409 2306 βίϐλους
1479 2237 1746 2305 ἀντιγρα-

180 2326 372 2398 φόντων
403 2320 550 2378 εἶναι
582 2323 720 2378 αὐτὸ
742 2325 996 2395 λέγομεν,
1031 2328 1189 2379 ὁποῖα
1223 2326 1408 2382 πολλοὶ
1435 2328 1488 2381 οἱ
1514 2329 1653 2398 μετὰ
1682 2327 1744 2380 τὸ

181 2420 365 2490 σχίσμα
394 2419 492 2481 τὰς
530 2416 754 2488 βίϐλους
805 2419 1111 2488 γράφοντες
1142 2418 1584 2489 ὲκακούργησαν,
1613 2418 1746 2490 περὶ

174 2506 241 2566 ὧν
262 2510 353 2565 καὶ
380 2512 440 2563 ἐν
482 2512 551 2582 τῇ
588 2511 724 2581 παρ’
757 2510 915 2581 ἡμῶν
956 2510 1243 2585 ὲκτεθείσῃ
1280 2510 1449 2583 βίϐλῳ
1480 2510 1749 2564 πλατύτε-

179 2623 257 2676 ρον
299 2603 690 2675 διειλήφαμεν.
746 2602 835 2657 Ἐν
869 2602 979 2673 γὰρ
1010 2603 1234 2668 πολλαῖς
1264 2604 1360 2657 καὶ
1411 2604 1746 2671 ἀξιοπίστως

171 2699 245 2764 ού,
266 2697 433 2765 πλὴν
456 2694 572 2766 τῆς
605 2694 824 2762 αἰτίας,
857 2695 1016 2764 ἀλλὰ,
1046 2697 1218 2764 πλὴν
1244 2695 1354 2760 τῆς
1376 2696 1747 2765 ἀγεννησίας

174 2788 384 2862 εὓρηται
417 2789 818 2859 γεγραμμένον
848 2790 865 2819 ³
897 2790 994 2842 καὶ
1021 2789 1081 2841 αἰ
1105 2787 1276 2852 οὕτως
1313 2788 1535 2858 ἔχουσαι
1574 2788 1749 2858 βίϐλοι

170 2882 257 2953 τὴν
284 2881 425 2935 κατὰ
458 2880 572 2934 τῶν
603 2880 786 2935 ἄλλων
816 2881 970 2951 ίσχὺν
995 2879 1239 2950 ἔχουσιν,
1266 2880 1326 2945 ἐξ
1347 2874 1422 2934 ὧν
1451 2880 1666 2947 ό-ἆγιος
1688 2883 1747 2934 ὲν

170 2973 332 3038 ἄλλοις
359 2973 661 3042 διαφόροις
705 2972 871 3026 αὐτοῦ
910 2972 1335 3043 συγγράμμασι,
1371 2974 1500 3043 περὶ
1543 2973 1651 3050 τῶν
1687 2975 1746 3026 ἐν

166 3068 223 3136 τῇ
259 3065 388 3138 ἁγίᾳ
426 3065 631 3135 Τριάδι
686 3065 969 3136 ίδιοτήτων
1014 3064 1303 3134 θεολογῶν,
1344 3064 1460 3134 τὴν
1490 3067 1748 3136 ἀγεννη-

162 3159 296 3213 σίαν
328 3158 618 3229 πανταχοῦ
659 3160 739 3223 είς
772 3158 1015 3228 ἰδιότητα
1046 3158 1346 3229 διορίζεται
1376 3160 1471 3212 τοῦ
1512 3160 1744 3228 Πατρός.

172 3254 225 3307 ’0
249 3252 357 3323 γὰρ
386 3253 562 3316 αὐτὸς
592 3254 657 3305 ἐν
683 3250 762 3321 τῷ
789 3252 920 3321 περὶ
946 3252 1049 3320 τῆς
1076 3253 1131 3304 ὲν
1164 3250 1464 3315 διαλέξεσιν
1492 3252 1748 3320 εὐταξίας

155 3312 287 3415 λάγῴ
312 3312 513 3407 αὐτοῦ,
539 3312 809 3411 una...
836 3312 906 3396 t3.
940 3312 1115 3408 θέὸῦ,
1147 3343 1304 3413 φησὶ,
1328 3312 1455 3411 ’τὴν
1483 3312 1746 3411 sugg”;
1771 3312 1816 3375 C

152 3436 310 3506 ἕχον,
339 3435 763 3505 παραχωροῦν
800 3438 984 3503 [Ictth
1021 3434 1140 3505 μὲν
1175 3434 1569 3505 ἀγεννησίας,
1606 3434 1744 3489 Υίοῦ

150 3527 212 3579 δὲ
255 3527 649 3598 γεννήσεως,
714 3524 789 3581 τὰ
825 3527 878 3580 δ’
927 3526 1090 3581 ἄλλα
1128 3528 1585 3598 καὶ,συμφυὲς,
1644 3528 1744 3581 καὶ

148 3617 512 3688 σύνθρονον,
554 3620 668 3675 καὶ
713 3620 1011 3690 ὁμόδοξον
1034 3635 1046 3649 ·
1094 3621 1195 3673 οὐκ
1233 3615 1354 3674 εἷπε
1385 3620 1497 3689 τῆς
1529 3621 1745 3686 αἰτίας,

145 3710 276 3763 ἀλλὰ
324 3710 443 3777 τῆς
491 3710 881 3781 ἁγεννησιας
947 3712 1347 3780 παριιχωροῦν
1397 3710 1477 3777 τῷ
1541 3713 1745 3781 Πατρί.

146 3801 250 3855 Καὶ
274 3801 445 3855 πάλιν
484 3804 550 3855 ὲν
586 3806 673 3872 τῷ
698 3805 777 3866 εἰς
808 3805 1033 3875 Ἥρωνα
1063 3805 1154 3856 τὸν
1186 3802 1475 3872 φιλόσοφον
1502 3820 1517 3835 ο
1570 3805 1748 3858 Ἰδιον

141 3890 206 3944 δὲ
231 3894 472 3961 Πατρός
496 3893 632 3963 μὲν
661 3893 700 3959 ’ἡ
730 3894 1081 3965 ἀγεννησία,
1120 3896 1258 3950 Υιόῦ
1280 3896 1349 3949 δὲ
1369 3898 1406 3965 ἡ
1438 3895 1743 3966 γέννησις,

147 3984 501 4053 Πνεύματος
533 3984 612 4038 δὲ
642 3986 684 4055 ἡ
710 3986 1033 4055 ἕκπεμψις.
1067 3989 1177 4041 Καὶ
1204 3988 1365 4042 πάλιν
1404 3990 1462 4041 ἐν
1500 3990 1578 4058 τῷ
1614 3990 1749 4059 περὶ

141 4077 459 4149 Πνεύματος
488 4080 655 4150 λόγῳ
685 4094 698 4109 ·
736 4080 798 4133 Τί
850 4080 960 4150 γὰρ
1017 4087 1089 4133 οὐ
1136 4079 1388 4135 δύναται
1426 4079 1546 4133 τῶν
1567 4081 1750 4150 μεγά-

138 4173 259 4223 λων
287 4187 308 4235 ;
358 4173 426 4226 Τί
467 4172 545 4225 δέ
604 4174 685 4226 οὐ
716 4173 1225 4241 προσαγορεύεται
1255 4171 1340 4225 ὢν
1373 4173 1541 4240 Θεὸς,
1581 4174 1750 4243 πλὴν

136 4264 546 4333 ἀγεννησιάς,
602 4264 711 4319 καί
748 4265 1086 4333 γεννήσεως
1123 4282 1140 4330 ;
1172 4266 1293 4319 ἔδει
1324 4266 1436 4335 γὰρ
1469 4266 1570 4328 τὰς
1608 4264 1751 4318 ιδιά-

137 4367 313 4418 τητας
363 4353 592 4423 μεῖναι
655 4353 838 4422 Harp!
881 4354 980 4409 καὶ
1028 4351 1156 4418 Υἱῷ,
1193 4354 1296 4407 ἵνα
1328 4353 1414 4423 μὴ
1448 4355 1754 4423 σύγχυσις

131 4437 350 4513 ᾖπαρὰ
378 4447 666 4514 θεότητι.
700 4447 811 4500 Καὶ
846 4448 1009 4501 πάλιν
1036 4450 1093 4499 ὲν
1128 4447 1204 4517 τῷ
1240 4448 1318 4508 είς
1345 4446 1443 4517 τὴν
1480 4447 1754 4516 Πεντηκο-

134 4536 261 4606 στὴν
282 4537 438 4609 λόγῳ
470 4555 488 4569 ο
516 4538 588 4592 Τί
613 4554 722 4606 μοι
748 4537 1151 4606 μακρολογεῖν
1171 4553 1190 4601 ;
1212 4538 1413 4591 Πάντα
1434 4538 1551 4590 ὅσα
1573 4537 1697 4606 ἔχει
1720 4541 1753 4592 ὁ

128 4633 333 4699 Πατὴρ
388 4629 512 4685 τοῦ
552 4630 708 4684 Υίοῦ
743 4629 911 4697 πλὴν
943 4630 1310 4698 ἀγεννησίας
1334 4646 1349 4662 ·
1396 4630 1594 4682 πάντα
1637 4628 1755 4685 ὅσα

1845 2062 1986 2109 nunt
2033 2060 2291 2119 tanquam
2343 2051 2461 2105 visu
2504 2067 2717 2115 aspera,
2769 2066 2823 2109 ct
2857 2070 2977 2124 qua:
3024 2054 3250 2110 refutari
3308 2072 3416 2112 non

1847 2145 2081 2200 valeant.
2111 2142 2222 2199 Nos
2247 2158 2375 2197 vero
2407 2154 2532 2200 ante
2557 2146 2661 2200 alia
2694 2146 2826 2210 illis,
2861 2148 3006 2217 quod
3044 2149 3175 2218 ipsis
3204 2149 3418 2206 videtur

1848 2252 2163 2307 germanum
2195 2251 2315 2292 esse
2365 2237 2629 2311 Tlieologi
2679 2238 2907 2306 dictum,
2964 2245 3419 2312 contradicentes,

1848 2330 2146 2385 asserimus
2196 2319 2441 2387 errorem
2484 2347 2605 2388 esse
2650 2347 2865 2398 eorum,
2898 2334 2989 2405 qui
3018 2336 3185 2392 libros
3216 2341 3422 2393 exscri-

1848 2437 2031 2491 psere,
2078 2425 2268 2494 quales
2312 2440 2518 2494 eosque
2551 2425 2754 2480 multos
2787 2425 3070 2493 librorum,
3123 2439 3243 2499 post
3298 2430 3421 2487 dis-

1849 2513 2048 2568 sidiutn
2100 2514 2466 2582 exscriptores
2532 2514 2802 2570 malitiose
2852 2518 3297 2584 commiserunt,
3355 2518 3424 2576 de

1850 2602 2052 2673 quibus
2090 2603 2141 2656 in
2171 2603 2312 2658 libro
2333 2618 2364 2657 a
2393 2605 2551 2658 nobis
2568 2605 2714 2660 edito
2742 2621 2828 2662 res
2858 2606 3033 2663 fusius
3066 2614 3422 2679 pertractari-

1852 2711 2000 2750 lnus.
2032 2693 2280 2766 Namque
2312 2695 2367 2750 in
2401 2698 2586 2752 multis
2618 2708 2671 2753 et
2703 2697 2808 2753 lid‘e
2837 2700 3018 2770 dignis
3048 2702 3424 2761 voluminibus

1853 2804 1987 2855 non,
2022 2801 2241 2860 excepta
2281 2806 2463 2856 causa,
2514 2791 2632 2856 sed,
2679 2803 2896 2861 excepta
2941 2796 3150 2849 ratione
3202 2798 3426 2868 ingeniti

1853 2882 2117 2952 scriptum
2168 2886 2503 2952 comperilur
2540 2902 2550 2937 :
2592 2894 2646 2938 et
2690 2886 2990 2953 volumina,
3028 2890 3080 2942 in
3125 2891 3324 2958 quibus
3353 2894 3426 2948 ita

1853 2984 2136 3027 exaratum
2188 2973 2405 3043 legitur,
2440 2973 2585 3036 aliis,
2618 2971 2671 3025 in
2726 2973 2923 3042 quibus
2957 2977 3118 3031 aliter
3161 2978 3427 3047 scriptum

1853 3074 1963 3130 est,
2011 3064 2275 3131 majorem
2333 3061 2494 3117 ﬁdem
2548 3072 2845 3127 merentur,
2908 3077 3034 3119 cum
3097 3076 3324 3122 sanctus
3374 3070 3429 3121 in

1854 3155 1977 3212 aliis
2029 3154 2306 3222 variisque
2351 3152 2468 3208 suis
2513 3151 2732 3221 scriptis
2783 3154 2852 3208 de
2910 3155 3339 3223 proprietatibus
3373 3158 3429 3210 in

1853 3258 2045 3305 sancta
2084 3244 2282 3300 Triade
2310 3260 2500 3314 agens,
2535 3246 2797 3299 rationem
2823 3246 3042 3315 iugeniti
3081 3247 3132 3300 in
3172 3250 3435 3305 omnibus

1856 3340 2245 3411 praprietatem
2291 3352 2415 3392 esse
2458 3334 2637 3391 Patris
2684 3337 2960 3392 decernat.
3004 3336 3147 3392 Idem
3188 3345 3335 3394 enim
3372 3342 3431 3395 in

1857 3434 2107 3489 oratione
2131 3432 2198 3486 de
2226 3431 2423 3486 ordine
2455 3430 2508 3483 in
2542 3429 2833 3497 colloquiis
2860 3433 3152 3495 servando,
3189 3430 3429 3500 Spiritus

1857 3538 1924 3578 ea:
1953 3522 2081 3587 Deo,
2112 3521 2209 3585 ait,
2246 3521 2609 3575 exsistentiam
2637 3519 2851 3581 habens,
2901 3520 3087 3574 cedens
3126 3520 3284 3574 Patri
3309 3525 3431 3593 qui-

1856 3614 1973 3668 dem
2009 3613 2267 3667 rationem
2292 3611 2533 3682 ingeniti,
2572 3609 2711 3664 Filio
2739 3612 2993 3665 rationem
3026 3616 3380 3683 generationis
3406 3631 3434 3682 ,ο

1857 3707 2068 3776 reliquis
2107 3722 2225 3760 vero
2261 3707 2317 3759 in
2345 3704 2465 3759 aliis
2493 3703 2729 3773 ejusdem
2755 3716 2963 3760 natura
2990 3715 3040 3759 et
3074 3708 3213 3761 sedis
3246 3719 3294 3762 et
3316 3708 3432 3779 gla-

1860 3799 1956 3853 ria:
2002 3797 2262 3851 exsistens
2297 3811 2317 3849 :
2370 3811 2478 3849 non
2530 3796 2687 3860 dixit,
2736 3812 2977 3861 causam,
3034 3797 3126 3851 sed
3171 3802 3431 3852 rationem

1858 3890 2078 3961 ingeniti
2113 3892 2298 3942 cedens
2325 3886 2500 3942 Patri.
2566 3885 2888 3957 Rursusque
2916 3887 2968 3941 in
3002 3885 3269 3943 Heronem
3307 3890 3431 3959 plri-

1860 3984 2152 4053 losophum
2187 3998 2201 4036 :
2254 3980 2546 4051 Proprium
2601 3980 2813 4050 quidem
2859 3992 2934 4034 est
2966 3979 3147 4034 Patris
3180 3998 3282 4036 non
3323 3999 3435 4037 esse

1860 4076 2115 4146 genitum,
2146 4070 2276 4127 Filii
2322 4068 2607 4142 generatio,
2645 4068 2876 4140 Spiritus
2916 4074 3148 4128 emissio.
3183 4075 3427 4145 Itemque

1862 4168 2112 4222 oratione
2134 4165 2202 4219 de
2232 4164 2435 4233 Spiritu
2461 4180 2475 4217 :
2501 4161 2643 4228 Quid
2674 4163 2813 4225 enim
2841 4178 2905 4216 ea:
2935 4164 3025 4229 iis,
3050 4181 3167 4233 qute
3200 4167 3436 4235 ingentia

1862 4266 2006 4319 sunt,
2038 4273 2140 4310 non
2171 4254 2322 4309 habet
2352 4255 2407 4307 in
2438 4262 2694 4321 potestate
2721 4256 2746 4308 7
2777 4252 2978 4318 Quibus
3020 4270 3122 4307 non
3153 4256 3440 4323 insignilur

1866 4347 2182 4408 nominibus,
2238 4361 2355 4397 rum
2386 4344 2523 4398 Deus
2555 4345 2650 4407 sit,
2684 4355 2880 4412 prwter
2923 4348 3179 4397 rationem
3216 4347 3432 4416 ingeniti

1865 4437 2163 4510 genitique?
2198 4434 2441 4506 Namque
2477 4434 2762 4488 addecebat
2796 4437 3436 4501 proprietatesrcservari

1872 4531 2025 4589 Patri
2051 4541 2100 4585 et
2135 4528 2296 4591 Filio,
2324 4545 2388 4583 ne
2409 4529 2650 4598 confusio
2677 4528 2732 4582 in
2772 4527 2980 4583 Deitate
3005 4531 3256 4584 oriretur.
3294 4529 3436 4586 Nec-

1868 4640 1975 4680 non
2019 4624 2268 4677 oratione
2318 4623 2370 4677 in
2418 4622 2769 4677 Pentecosten
2823 4639 2837 4676 :
2899 4623 3039 4687 Quid
3089 4623 3215 4676 mihi
3272 4623 3437 4677 verbis

131 4723 163 4775 d
204 4724 344 4787 Υἱὸς
395 4722 520 4775 τοῦ
573 4720 936 4789 Πνεύματος
974 4720 1144 4787 πλὴν
1184 4719 1549 4788 γεννήσεως.
1608 4719 1744 4772 Οὓτιι

1872 4733 1999 4786 opus
2038 4718 2161 4771 est?
2212 4714 2545 4780 Quwcunque
2575 4712 2740 4767 Pater
2768 4712 2944 4777 liabet,
2980 4711 3113 4767 Filii
3144 4722 3291 4779 sunt,
3342 4729 3437 4767 ειυς

51 4879 61 4893 _
126 4813 256 4880 γοῦν
287 4814 393 4868 καὶ
431 4815 498 4866 ἑν
531 4811 846 4875 τοσαύταις
887 4815 1127 4882 γραφαῖς
1159 4813 1397 4881 ἰδιότητα
1425 4810 1521 4863 τοῦ
1553 4811 1762 4881 Πατρδς

128 4906 238 4975 τὴν
263 4907 714 4977 ἀγεννησίαν.
746 4907 840 4959 καὶ
871 4906 932 4958 οὐ
974 4905 1073 4975 τὴν
1109 4905 1395 4964 άπολύτως
1429 4906 1573 4975 οὕτω
1605 4903 1764 4971 λεγο-

125 5001 301 5069 μένην
329 5001 564 5055 αἰτίαν
605 5000 638 5050 ὁ
675 4997 850 5066 μέγας
884 4997 1184 5067 Γρηγόριος
1217 4995 1506 5064 Θεολογῶν,
1537 4996 1597 5047 οὐ
1629 5011 1765 5062 συγ-

124 5095 295 5162 χωρεῖ
346 5093 433 5156 ὼς
472 5090 683 5161 ἀληθῆ
713 5093 812 5160 τὴν
841 5089 903 5143 τὸ
939 5088 1108 5159 πλὴν
1136 5089 1248 5158 τῆς
1277 5090 1494 5155 αιτίας,
1537 5091 1766 5160 ἔχουσαν

119 5184 309 5254 βίϐλον
338 5182 773 5240 πιστεύεσθαι.

188 5468 279 5524 ιδ’.
338 5470 412 5525 El
471 5466 541 5522 δὲ
605 5464 712 5518 τοῦ
758 5464 967 5527 εἰκότος
994 5463 1056 5517 οὐ
1088 5463 1275 5534 τιόρρω
1321 5461 1506 5531 λόγου,
1561 5462 1655 5515 καὶ
1689 5460 1759 5514 δι’

111 5563 296 5618 ἄλλων
350 5564 612 5635 ῥήσεων
672 5556 961 5626 πατρικῶν
1010 5551 1111 5619 ἧς
1168 5554 1486 5625 θεολογικὰς
1553 5554 1758 5614 ταύτας

113 5659 307 5727 ῥήσεις
350 5648 853 5724 συγκροτηοῆναι
879 5665 893 5679 ·
925 5650 954 5702 ό
981 5648 1345 5718 Δαμασκηνὸς
1374 5649 1431 5701 ὲν
1479 5646 1556 5715 τῷ
1591 5645 1760 5713 ὀγδῦῳ

109 5747 222 5798 τῶν
249 5741 643 5815 θεο>.ογικῶν
680 5739 1012 5809 κεφαλαίων.
1059 5735 1305 5803 Υἱὸς-,δὴ
1330 5736 1491 5806 φησι,
1522 5737 1619 5787 καί
1656 5748 1762 5801 χιι·

104 5855 259 5904 ιακτ
274 5839 353 5908 ἔαρ
375 5836 503 5907 τῆς
534 5831 859 5900 πατρικῆς
881 5829 1278 5887 ὐποιντάσεωιν
1298 5828 1391 5884 διὰ
1420 5828 1485 5881 τὸ
1510 5826 1763 5887 τέλειον,

91 5935 119 5952 θ

1862 4822 2013 4879 cepta
2043 4812 2245 4863 ratione
2274 4808 2529 4879 ingeniti;
2564 4824 2884 4879 quacunque
2932 4806 3106 4861 Filius
3154 4811 3276 4861 item
3321 4807 3443 4876 Spi-

1863 4901 1999 4955 ritus
2055 4907 2291 4962 sunctus,
2323 4906 2569 4967 .ea'cepta
2620 4898 2824 4951 ratione
2856 4898 3041 4966 geniti.
3101 4895 3210 4949 Hac
3256 4898 3442 4965 itaque

1866 4994 2097 5050 ratione.
2128 4999 2183 5045 ει
2231 4999 2307 5043 tot
2356 4990 2662 5057 inscriptis
2698 4992 3082 5059 proprietatem
3126 4988 3306 5042 Patris
3351 5004 3471 5045 ναι,

1868 5084 2061 5136 tionem
2096 5082 2336 5150 ingeniti,
2364 5092 2417 5135 et
2450 5097 2559 5135 non
2588 5083 2837 5137 absolute
2864 5082 2945 5136 sic
2987 5081 3185 5142 dictam
3220 5096 3439 5133 causam

1868 5189 2100 5241 magnus
2145 5171 2442 5240 Gregorius
2486 5173 2809 5237 decernens,
2847 5188 2956 5225 nun
3009 5171 3272 5242 permittit
3324 5187 3447 5224 ver-

1870 5267 1997 5320 bum
2025 5265 2183 5331 illud,
2211 5274 2424 5332 excepta
2455 5280 2640 5330 causa,
2659 5264 3032 5320 continentem
3054 5262 3253 5316 librum
3282 5262 3441 5315 tidem

1868 5359 1971 5412 sibi
2004 5357 2310 5411 vendicare.

1941 5449 2027 5504 i9.
2061 5446 2216 5512 Quod
2244 5448 2290 5501 si
2323 5461 2429 5501 non
2469 5446 2629 5516 longe
2657 5447 2873 5501 videtur
2898 5461 2925 5499 ο
2970 5444 3276 5515 proposito,
3323 5444 3444 5498 aliis

1860 5539 2026 5592 etiam
2085 5537 2306 5591 Patrum
2372 5518 2703 5592 testimoniis
2759 5538 2904 5590 dicta
2959 5536 3076 5589 haec
3132 5534 3445 5602 theologica

1862 5640 2313 5701 cornprotmntur.
2348 5628 2736 5686 Dsmascenns
2796 5640 2988 5684 octavo
3014 5629 3318 5699 theologica
3349 5636 3447 5682 ea-

1866 5724 1997 5793 pite,
2034 5722 2228 5789 Filius,
2280 5726 2378 5787 ait,
2424 5733 2474 5776 et
2526 5722 2799 5775 character
2844 5732 3076 5786 paterna:
3126 5721 3456 5791 Itypostasis,

1865 5820 1988 5893 quia
2018 5828 2065 5872 et
2100 5819 2361 5888 perfectus
2390 5826 2486 5884 est,
2516 5827 2563 5870 et
2616 5818 2669 5869 in
2718 5815 2934 5884 propria
2987 5814 3280 5868 subsistens
3324 5830 3442 5885 peu-
