3932 6568
190 446 322 521 10οἱ

1194 472 1291 538 DE
1333 477 1838 545 DEPOSI'I‘IONE
1877 482 2023 545 SUA
2063 487 2279 550 ORAT.
2326 489 2402 551 Ιῐ.

3285 495 3418 560 1002

185 573 280 623 καὶ
335 573 428 627 τὸν
487 577 946 650 θεολογικώτατον
1002 589 1224 660 Νύσσης
1275 595 1400 665 μηδ’
1480 599 1616 661 ὅλως
1665 599 1711 652 δι

185 663 287 682 -ιν
441 663 468 682 ν
669 675 682 682 -
745 677 806 682 --
938 680 946 682 λ

1812 625 1827 665 ι
1857 601 2244 659 celeberrimus
2278 605 2560 675 Nyssentts
2593 607 2645 661 in
2685 609 2963 672 omnibus,
3005 627 3124 682 quas
3159 611 3419 668 adversus

181 663 404 719 πάντων
433 663 508 722 ὧν
559 675 682 726 κατ’
745 677 1008 748 Εὑνομίου
1086 663 1495 757 συνεγράψαντο
1535 690 1750 763 Ἀντιῤ-

181 755 448 822 ρητικῶν,
502 762 778 823 ἀντειπεῖν
826 772 1022 842 ἐκείνῳ
1084 778 1222 847 πρὸς
1255 755 1376 852 τὴν
1409 783 1472 836 ἐκ
1493 785 1586 837 τοῦ
1615 755 1748 839 Υἱοῦ

178 849 394 918 φωνὴν,
423 853 562 907 ἀλλὰ
594 859 779 912 πᾶσαν
804 861 903 932 τὴν
930 865 1051 919 κατ’
1083 869 1291 924 ἐκείνου
1332 849 1608 928 ποιεῖσθαι
1653 880 1749 930 ἀν-

175 936 471 1007 τίρρησιν,
525 945 615 1013 ἐφ’
653 942 736 1009 οἷς
794 950 1006 1020 κτίσμα
1058 957 1153 1009 καὶ
1204 957 1418 1028 ποίημα
1459 960 1556 1013 τοῦ
1615 961 1746 1015 Υίοῦ

172 1026 234 1078 τὸ
267 1029 504 1100 Πνεῦμα
556 1038 584 1088 ὁ
635 1039 865 1106 μάταιος
915 1044 1279 1118 ἐϐλασφήμει.
1326 1026 1450 1104 Καὶ
1495 1052 1595 1123 τὴν
1639 1053 1749 1107 τῶν

173 1116 354 1185 λόγων
381 1125 586 1180 τούτων
614 1129 874 1198 ἀλήθειαν
901 1116 1293 1208 ἐπιγνώσεται,
1323 1144 1351 1196 ὁ
1381 1143 1450 1196 τὰ
1480 1116 1746 1216 είρημένα

177 1209 674 1289 ἑπιστατικώτερον
787 1226 1225 1299 ἐπισκεψόμενος
1335 1209 1742 1308 Ἀντιρρητικά.

180 1302 384 1358 Καίτοι
408 1323 472 1376 γε
508 1312 557 1362 εί
587 1311 662 1384 μὴ
706 1315 1003 1384 ἀκωλύτως
1056 1321 1392 1392 ὲθεολογεῖτο
1423 1302 1612 1393 «uti:
1649 1330 1744 1384 τοῦ

179 1394 339 1458 Υίοῦ,
380 1400 481 1452 οὐκ
519 1401 584 1454 ἄν
625 1422 677 1457 τι
717 1407 846 1461 ἄλλο
901 1411 1038 1483 πρὸς
1089 1416 1400 1488 καταϐολὴν
1442 1421 1543 1488 τῆς
1584 1422 1746 1474 Εὐνο-

171 1487 304 1556 μίου
333 1491 602 1559 αἱρέσεως
632 1498 682 1550 οί
712 1501 955 1573 Πατέρες
1000 1499 1147 1560 οὗτοι
1198 1509 1546 1584 ἰσχυρότερον
1585 1513 1744 1586 ἔσχον

165 1581 352 1633 εἰπεῖν
377 1584 615 1652 ἔχοντες,
651 1589 726 1653 ὡς
759 1590 823 1644 Et
872 1597 967 1648 καὶ
1015 1599 1230 1668 ποίημα
1288 1581 1470 1671 λέγειν
1508 1581 1743 1660 ἀποτολ-

167 1673 280 1742 μᾷς
306 1673 371 1726 τὸ
420 1677 674 1749 Πνεῦμα,
731 1684 988 1755 Εὑνόμιε.
1039 1689 1183 1744 διατί
1232 1693 1307 1765 μὴ
1354 1695 1444 1747 τοῦ
1499 1697 1736 1770 Πατρδς,

162 1765 302 1819 ἀλλὰ
333 1769 428 1822 τοῦ
461 1771 590 1825 Υίοῦ
638 1775 850 1846 ποίημα
898 1775 1270 1851 λέγειςαύτὸ,
1325 1787 1464 1857 μήτε
1505 1789 1593 1842 διὰ
1621 1765 1736 1844 ’τού

164 1855 300 1912 Υιοῦ
329 1853 470 1912 εἶναι
492 1863 932 1937 ὁμολογούμενον
953 1887 968 1936 ;

232 1956 344 2018 κγ’.
385 1953 636 2010 Τοσαῦτα
683 1960 774 2012 καὶ
818 1962 912 2014 ἐπὶ
960 1963 1038 2035 τῷ
1107 1966 1201 2020 τοῦ
1246 1966 1392 2023 θείου
1441 1975 1736 2050 Δαμασκη-

159 2040 256 2094 νοῦ
302 2046 555 2110 εἰπόντες
589 2050 760 2121 ῥητῷ,
810 2054 1018 2123 ἀπάρτι
1057 2059 1196 2128 πρὸς
1239 2061 1385 2131 ὑμᾶς
1430 2040 1558 2129 τοὺς
1607 2040 1730 2135 sui;

159 2131 340 2198 θείαις
394 2136 636 2208 Γραφαίς
711 2143 1260 2218 ὲπηρεαστικώτερον
1303 2131 1728 2228 ἐπιφυομένους,

162 2225 270 2278 οὐκ
300 2223 404 2280 οἷδ’
429 2229 513 2297 ἐφ’
549 2224 592 2298 ᾧ
620 2249 727 2286 τινι
755 2235 934 2304 κέρδει
987 2239 1168 2308 φαμὲν
1217 2243 1294 2314 μὴ
1332 2223 1521 2310 οὕτως-
1562 2223 1726 2320 ὑμᾶς,

155 2317 235 2385 μὴ
274 2318 411 2387 πρὸς
453 2322 560 2374 τῶν
613 2324 788 2387 αὑτὰς
837 2325 1277 2400 θεολογησάντων
1333 2317 1618 2409 Πατέρων,
1652 2342 1727 2414 μὴ

153 2408 298 2478 πρὸς
326 2410 428 2479 τῆς
477 2411 760 2483 ἀληθείας,
809 2417 929 2486 μεθ’
961 2415 1028 2489 ἧς
1074 2422 1272 2476 ἐκεῖνοι
1317 2408 1522 2490 ταύτας
1576 2408 1726 2484 sese;

150 2501 418 2570 λὸγησαν,
449 2504 523 2574 μὴ
558 2507 696 2575 πρὸς
726 2510 823 2574 τῆς
859 2508 1091 2578 Τριάδος
1127 2514 1318 2583 αὐτῆς,
1369 2517 1436 2569 δι’
1486 2519 1552 2589 ἢν
1587 2525 1728 2576 ἐκεῖ·

149 2606 235 2641 νοι
269 2590 444 2643 πολλὰ
473 2593 570 2645 ἐπὶ
619 2597 740 2656 ταῖς
788 2595 1091 2665 θῶλογίαις
1126 2601 1358 2667 ταύταις
1412 2606 1720 2678 ἐμόγησαν,

148 2681 422 2750 ἀρκοῦσιν
445 2682 511 2745 ἃς
547 2683 702 2738 ἄλλοι
725 2686 1055 2757 διαστροφὰς
1081 2696 1222 2745 κατὰ
1255 2696 1482 2763 καιροὺς
1524 2701 1721 2772 ἀπειρη

146 2770 415 2836 γάσαντο.
473 2774 532 2826 '0
565 2775 664 2845 μὲν
701 2777 813 2847 γὰρ
849 2778 931 2842 τὸ,
977 2779 1043 2833 τὸ
1081 2781 1150 2834 δὲ
1199 2783 1296 2838 διὰ
1350 2786 1460 2840 τοῦ
1506 2770 1724 2860 προσε-

148 2861 273 2929 χώς
303 2864 374 2916 ἐκ
405 2863 512 2918 τοῦ
558 2867 816 2936 πρώτου,
877 2871 986 2925 τῶν
1017 2872 1110 2926 τοῦ
1140 2875 1365 2945 Νύσσης
1401 2880 1577 2950 λόγων
1615 2885 1721 2939 ἀπ-

146 2954 374 3024 ήλειψεν
396 2973 412 2988 ο
453 2959 482 3010 ὁ
515 2958 572 3012 δὲ
599 2961 706 3014 τῶν
737 2962 833 3014 τοῦ
869 2965 1110 3034 μεγάλου
1140 2968 1424 3024 Βασιλείου
1456 2975 1540 3041 τὸ,
1572 2978 1718 3046 Παρ’

143 3047 340 3101 αὐτοῦ
378 3048 526 3116 ἔχον
587 3053 654 3106 τὸ
685 3049 863 3122 εἶναι,
900 3057 960 3108 τὸ
996 3060 1148 3129 παρὰ
1174 3062 1266 3114 τοῦ
1299 3063 1430 3118 Υίοῦ
1471 3066 1716 3138 δηλονότι

143 3142 206 3192 τὸ
241 3141 469 3213 Πνεῦμα
500 3141 638 3199 εἶναι
670 3150 732 3200 τὸ
752 3151 910 3216 ἆγιον
946 3167 961 3182 ο
995 3151 1183 3223 ἕτερος
1219 3155 1356 3211 ὅπου
1405 3163 1434 3213 ὁ
1462 3161 1713 3234 Νύσσης,

143 3232 250 3285 ἵνα
305 3235 424 3300 τὴν
463 3236 904 3306 ἐκπορευτικὴν

141 3325 308 3389 μόνῳ
355 3328 717 3393 προσοῦσαν
806 3336 1246 3404 πιστεύσητιιι,
1296 3341 1540 3412 ἔγραψε,
1630 3351 1708 3417 ττξ)

141 3415 330 3480 Harp!
374 3423 748 3486 μεταποιήσας
777 3421 974 3493 ἔθηκεν
1007 3440 1022 3453 °
1055 3425 1216 3491 ἄλλος
1252 3429 1345 3481 τὸν
1364 3433 1526 3487 αὑτὸν
1560 3415 1708 3489 Noai-

139 3516 241 3570 σης
291 3502 1027 3575 εὑρὼν,,προθεωρεῐσθαι
1081 3512 1189 3566 τὸν
1245 3517 1384 3571 Υίὸν
1442 3520 1554 3588 τῆς
1601 3525 1710 3578 τοῦ

136 3594 490 3661 ιινεύματος
539 3599 965 3667 ὑποστάσεως,
1013 3606 1166 3658 κατὰ
1212 3607 1321 3662 τὸν
1358 3609 1469 3679 τῆς
1512 3615 1706 3682 αἰτίας

132 3687 326 3753 λόγυν
363 3687 741 3756 θεολογοῦντα,
796 3695 877 3759 τὸ,
927 3697 1295 3767 Πνεύματος,
1337 3705 1419 3766 είς
1465 3705 1546 3772 τὸ,
1591 3711 1710 3762 Πα-

132 3775 273 3842 τρὸς
328 3779 664 3848 μετεποίῄσε
710 3797 722 3812 ο
771 3789 866 3836 καὶ
925 3785 1088 3840 πάλιν
1133 3789 1268 3843 ὅπου
1315 3794 1344 3845 ὁ
1400 3794 1588 3864 αὐτὸς,
1637 3799 1706 3854 τὸ

129 3866 379 3936 Πνεῦμα
411 3869 480 3921 ἐκ
523 3868 629 3922 τοῦ
683 3871 819 3926 Υίοῦ
883 3874 1037 3928 εἶναι
1091 3885 1702 3955 προσμαρτυρεῐσθαι,

129 3961 374 4028 είρήκει,
438 3963 466 4014 ὁ
514 3965 828 4032 μεταποιῶν
879 3969 1002 4032 ταῖς
1051 3969 1138 4023 διὰ
1189 3972 1414 4045 σιδήρου
1466 3977 1705 4050 ξυσμαῖς

127 4052 226 4120 τὴν
263 4053 334 4116 ἐξ
365 4053 626 4125 δίεγραψε
661 4056 926 4126 πρόθεσιν
953 4077 968 4092 ·
1005 4062 1099 4115 καὶ
1152 4067 1316 4119 πάλιν
1369 4069 1585 4150 ἕτερος,
1640 4075 1700 4127 ἐν

125 4140 208 4206 οἷς
256 4146 287 4196 0
329 4147 484 4214 ἇγιος
542 4149 862 4218 Ἐπιφάνιος
912 4151 1015 4224 ἔφη
1040 4171 1054 4184 ·
1086 4157 1157 4209 Et
1192 4159 1448 4226 Χριστὸς
1477 4165 1546 4217 ἐκ
1583 4145 1698 4221 τοῦ

127 4235 360 4302 Πατρός
392 4241 740 4294 πιστεύεται
766 4242 909 4308 Θεὸς
925 4243 994 4297 ἐκ
1025 4246 1196 4313 Θεοῦ,
1230 4250 1329 4302 καὶ
1356 4253 1423 4304 τὸ
1451 4257 1697 4326 Πνεῦμα

124 4327 194 4378 ἐκ
225 4329 333 4381 τοῦ
378 4330 663 4398 Χριστοῦ,
695 4331 734 4401 ἢ
763 4335 899 4402 παρ’
933 4335 1308 4406 ἀμφοτέρων,
1339 4344 1409 4397 Et
1453 4345 1522 4398 δὲ
1555 4350 1691 4416 Χρι-

125 4423 278 4486 στὸς
350 4422 419 4474 ἐκ
485 4423 593 4476 τοῦ
643 4427 990 4495 Πνεύματος
1033 4433 1411 4500 πιστεύεται,
1457 4436 1686 4510 ἔγραψε.

121 4510 404 4566 τοσούτων
434 4510 529 4567 οὗν
582 4516 679 4569 καὶ
731 4520 868 4589 πρὸς
927 4521 1139 4585 τούτοις
1198 4525 1405 4596 ἑτέρων
1490 4532 1548 4583 ὲν
1603 4539 1725 4602 ταῖς

119 4606 422 4675 ρεαστικῶς
455 4609 578 4670 ταῖς
606 4609 834 4674 ἐννοίαις
857 4614 1035 4666 αὐτῶν
1065 4617 1378 4684 ὲπιφύεσθε.

1854 693 2174 750 Eunomium
2194 699 2398 768 scripto
2419 699 2701 756 ediderunt
2718 702 3118 769 Antirrheticis,
3140 722 3414 778 nunquam

1853 787 2072 840 dictioni
2111 805 2170 842 ex
2206 789 2345 845 Filio
2383 793 2846 859 contradixerunt,
2882 799 2973 851 sed
3017 812 3232 853 omnem
3259 817 3412 855 suam

1851 875 2231 934 refutationem
2257 883 2514 938 adversus
2544 886 2794 941 eumdem
2824 890 3242 956 concinnarunt,
3269 894 3322 948 in
3347 909 3412 948 eo

1852 976 2059 1023 tantum
2093 974 2273 1034 sitam,
2294 979 2436 1042 quod
2459 977 2548 1031 ille
2567 976 2690 1032 Filii
2722 989 3027 1037 creaturam
3052 998 3115 1038 ac
3143 985 3409 1040 facturam

1852 1057 2111 1129 Spiritum
2137 1081 2255 1120 esse
2279 1064 2506 1122 futilitcr
2532 1077 2586 1124 et
2635 1069 2950 1141 blaspheme
3008 1080 3409 1145 pronuntiaret.

1848 1151 1915 1207 Et
1942 1157 2227 1211 verborum
2253 1158 2629 1225 hujuscemodi
2689 1165 2972 1220 veritatem
3007 1182 3284 1238 agnoscet.
3317 1176 3410 1240 qtti

1847 1247 2109 1303 attentius
2137 1249 2278 1304 dicta
2298 1250 2662 1310 Antirrlietica
2689 1258 3136 1317 consiileravorit.
3178 1263 3241 1318 Et
3266 1267 3412 1320 nihi-

1845 1334 2084 1392 lominus
2111 1339 2210 1394 nisi
2255 1341 2422 1396 libere
2449 1355 2789 1400 assereretur
2815 1348 2944 1404 illud
2985 1367 3051 1406 ex
3094 1353 3250 1418 Filio,
3275 1357 3407 1410 nihil

1845 1428 1911 1482 ad
1945 1427 2196 1485 Eunomii
2229 1431 2477 1489 haeresim
2503 1439 2916 1496 convellemlam
2954 1445 3185 1501 validius
3218 1448 3408 1504 Patres

1843 1517 2186 1586 habuissent,
2219 1539 2343 1578 cum
2396 1537 2620 1595 possent
2679 1529 2860 1587 dicere
2899 1549 2914 1589 :
2949 1536 3100 1593 Licet
3143 1539 3405 1594 facturam

1841 1615 2012 1669 audes
2045 1631 2288 1672 asserere
2323 1618 2607 1690 Spiritum,
2654 1622 2944 1693 Eunomie,
2979 1645 3146 1699 quare
3176 1647 3284 1686 non
3306 1632 3407 1687 Pa-

1841 1705 1962 1769 tris,
1997 1706 2092 1762 sed
2122 1706 2244 1763 Filii
2296 1709 2562 1766 facturam
2622 1713 2773 1770 illum
2807 1721 3034 1786 astruis,
3069 1737 3194 1778 cum
3227 1740 3406 1796 neque

1838 1811 1935 1867 per
1967 1799 2188 1871 Filium,
2213 1818 2388 1874 neque
2409 1821 2472 1860 ex
2500 1807 2636 1863 Filio
2665 1815 2980 1868 asseratur?

1767 1945 1811 2004 Β
1905 1981 1996 2036 23.
2032 1981 2129 2040 His
2175 1985 2242 2042 de
2295 1987 2402 2043 divi
2469 1991 2788 2051 Damasceni
2857 1999 3005 2056 dicto
3046 2008 3398 2074 examinatis,

1834 2089 1978 2130 nunc
2010 2077 2076 2130 ad
2117 2093 2233 2143 vos,
2268 2082 2360 2150 qtti
2408 2082 2607 2140 divinis
2628 2085 2930 2159 Scripturis
2966 2097 3140 2166 magis
3192 2115 3253 2154 ac
3285 2118 3402 2156 ma-

1832 2166 1916 2234 gis
1949 2165 2199 2236 improbe
2231 2185 2296 2225 ac
2338 2177 2678 2232 contentiose
2717 2180 3024 2252 adhaetetis,
3059 2165 3266 2244 ‘neseio
3291 2210 3400 2262 quo

1832 2270 1958 2320 usu,
1991 2256 2224 2316 dicimus
2259 2279 2273 2316 :
2305 2260 2384 2317 Ne
2432 2264 2534 2320 hoc
2581 2269 2741 2324 modo
2793 2287 2890 2327 vos
2947 2279 3166 2347 geratis,
3207 2298 3272 2336 ne
3306 2299 3402 2353 per

1831 2344 2020 2404 Patres
2052 2350 2222 2420 ipsos,
2244 2355 2336 2423 qui
2363 2371 2456 2411 eas
2479 2373 2863 2430 exposuerunt,
2895 2382 2962 2421 ne
2982 2384 3075 2437 per
3089 2375 3395 2442 veritatem,

1828 2451 1952 2491 cum
1982 2455 2086 2510 qua
2112 2442 2184 2496 illi
2211 2459 2304 2498 eas
2333 2448 2738 2515 examinarunt,
2795 2471 2859 2508 ne
2901 2473 2998 2526 per
3023 2457 3274 2517 Triadem
3308 2467 3395 2536 ip‘

1826 2542 1966 2594 sam,
2001 2531 2054 2585 in
2088 2548 2193 2603 qua
2221 2536 2296 2590 illi
2357 2542 2650 2596 asserenda
2706 2557 2856 2601 extra
2899 2553 3118 2607 modum
3171 2557 3398 2616 insuda-

1827 2633 1954 2676 runt
1991 2641 2005 2678 :
2049 2627 2182 2681 satis
2213 2638 2360 2691 sunt,
2390 2648 2528 2700 quas
2558 2635 2649 2688 alii
2685 2637 2792 2691 alio
2819 2649 2983 2711 atque
3013 2647 3122 2701 alio
3147 2659 3394 2718 tempore

1825 2720 2212 2784 perversitates
2233 2727 2525 2780 commenti
2560 2738 2707 2785 sunt.
2739 2734 2893 2788 Alius
2933 2737 3200 2806 siquidem
3235 2745 3389 2808 illud,

1821 2808 1959 2876 quod
1994 2825 2108 2864 vero
2138 2828 2202 2865 ex
2256 2813 2368 2882 illo,
2411 2819 2549 2887 quod
2602 2823 2843 2877 continue
2867 2837 2941 2881 est
2989 2845 3054 2882 ex
3094 2833 3282 2900 primo,
3322 2853 3391 2891 ex

1822 2899 2039 2968 scriptis
2097 2900 2323 2974 Nysseni
2368 2909 2536 2963 erasit
2581 2929 2594 2964 :
2643 2913 2784 2969 alius
2850 2934 2912 2969 ex
2973 2927 3386 2980 commentariis

1821 2992 2002 3058 magni
2035 2991 2239 3058 Basilii,
2305 2997 2410 3064 Qui
2454 3002 2517 3054 ub
2548 3002 2661 3072 ipso
2694 3007 2834 3075 quod
2879 3011 2947 3063 sit
2983 3013 3155 3074 habet.
3185 3033 3213 3071 a
3250 3017 3391 3076 Filio

1821 3082 2028 3137 scilicet
2063 3084 2321 3155 Spiritum
2352 3103 2596 3147 sanctum
2625 3111 2788 3154 esse:
2821 3101 2965 3158 alius
3019 3107 3111 3160 ubi
3152 3108 3384 3180 Nysseni

1817 3174 1982 3228 verba
2029 3188 2207 3242 erant,
2263 3192 2316 3233 ut
2346 3189 2688 3248 processimus
2753 3199 2959 3247 tantum
3012 3203 3384 3269 proprietatem

965 3242 1228 3312 ἰδιότητα
1287 3248 1368 3314 τῷ
1416 3255 1711 3323 Πνεύμιιτι

2346 3242 2354 3248 ,
2671 3242 2682 3244 ,
3012 3242 3384 3269 ν.-,,..ν.....η,.

1820 3265 2045 3335 Spiritui
2076 3271 2174 3325 soli
2199 3273 2540 3330 inhwrentum
2596 3281 2952 3350 conﬁrmaret,
2992 3286 3147 3343 Patri
3192 3293 3385 3350 litteris

1819 3360 2120 3419 immutatis
2162 3371 2413 3436 apposuit
2447 3388 2460 3423 :
2490 3372 2631 3427 alius
2675 3389 2799 3429 cum
2850 3381 3141 3447 reperisset
3192 3385 3384 3439 decer-

1817 3464 2032 3506 nentem
2087 3459 2339 3511 eumdem
2396 3458 2724 3531 Nyssenum,
2782 3464 2984 3521 Filium
3043 3474 3382 3545 pra'intelligi

1817 3543 2045 3608 Spiritus
2069 3546 2341 3616 Iiypostasi
2377 3557 2658 3608 secundant
2713 3573 2889 3613 causa:
2947 3563 3224 3631 rationem,
3261 3569 3379 3625 loco

1813 3632 2063 3702 Spiritus,
2118 3636 2301 3694 Patris
2351 3649 2638 3713 supposuit
2671 3666 2684 3702 :
2718 3667 3051 3724 rursumque
3081 3659 3171 3712 ubi
3206 3661 3373 3726 idem,

1804 3723 2057 3794 Spiritum
2090 3745 2154 3783 ex
2188 3730 2328 3787 Filio
2348 3751 2459 3789 esse
2485 3743 2731 3795 attestari
2782 3723 3011 3813 dixerat,
3070 3751 3162 3819 qui
3201 3763 3379 3808 muta-

1806 3822 2009 3873 tionem
2047 3828 2354 3890 attentavit,
2390 3827 2535 3883 ferro
2600 3841 2780 3901 utens,
2834 3843 3276 3908 praepositionem
3311 3861 3376 3900 ea:

1801 3909 2159 3980 oblitteravit;
2193 3917 2432 3988 itemque
2470 3921 2612 3977 alius
2648 3925 2738 3978 ubi
2775 3939 3000 3984 sanctus
3033 3930 3368 4001 Epiphanius

1804 3998 1935 4052 dicit
1967 4019 1980 4054 :
2044 4001 2197 4068 Quod
2225 4007 2273 4060 si
2300 4007 2541 4065 Christus
2560 4026 2626 4067 ex
2648 4012 2813 4070 Patre
2843 3998 3089 4074 credituri
3111 3998 3252 4081 Deus
3309 4042 3376 4080 es:

1799 4089 1932 4157 Deo,
1951 4102 1998 4146 et
2030 4093 2260 4164 Spiritus
2275 4115 2340 4153 ea:
2367 4101 2594 4170 Christo,
2630 4108 2736 4162 sive
2759 4109 2823 4161 ab
2848 4121 3087 4184 utroque.
3123 4115 3184 4170 Si
3213 4118 3372 4172 Cltri-

1794 4271 1965 4326 tantis
1993 4283 2046 4328 et
2083 4288 2277 4343 pra-ter
2302 4283 2399 4334 has
2430 4284 2555 4339 aliis
2582 4285 2634 4340 in
2665 4289 2937 4358 scriptura
2982 4271 3204 4352 tentatis
3242 4313 3368 4368 per-

1790 4359 2058 4434 fectisque
2106 4372 2576 4442 perversitatibus,
2609 4393 2677 4432 ne
2707 4395 2826 4450 vos,
2861 4384 3106 4454 inquam,
3142 4359 3370 4444 conten-

1791 4452 1933 4509 tiose
1970 4472 2157 4513 eorum
2182 4466 2468 4520 sententiis
2506 4470 2784 4526 mordicus
2812 4475 3285 4538 ohsecundeinini.

1757 4551 1998 4615 γραφαῖς
2023 4553 2324 4619 γεγονότων
2379 4559 2716 4631 ὲπισφαλῶν,
2760 4567 2834 4639 μὴ
2891 4572 2986 4624 καὶ
3029 4571 3188 4643 ὑμεῖς
3231 4577 3365 4644 ὲπη,

196 4701 291 4755 κδ’.
324 4697 451 4754 Οἶον
479 4701 535 4752 δὲ
568 4703 792 4755 κάκεῖνο
849 4708 1247 4778 παρατηρῆσαι
1277 4714 1427 4767 ἐστιν
1450 4733 1465 4748 ο
1504 4721 1552 4772 οἱ
1592 4722 1690 4786 τὰς

197 4796 260 4820 ,ι
298 4795 533 4820 .--ιμηη
566 4796 704 4820 ,,,,-λ,
743 4801 972 4820 ,,-,,-›,-
1010 4802 1067 4820 ιη
1142 4804 1154 4820 .
1183 4807 1225 4820 ..
1413 4813 1424 4820 -
1528 4814 1592 4820 λ·-

1869 4728 1958 4784 24.
1991 4729 2162 4798 Quale
2197 4733 2362 4792 fuerit
2387 4748 2442 4795 et
2476 4741 2606 4797 illud
2637 4745 3106 4810 animadversione
3135 4758 3363 4820 minime

118 4796 262 4846 κατὰ
287 4795 534 4848 Λατίνων
566 4796 706 4847 κατὰ
743 4801 972 4867 καιροὺς
1003 4802 1359 4873 ἀντιρρήσεις
1409 4813 1470 4863 ὲν
1525 4814 1684 4880 ίδίαις

117 4891 464 4957 συγγραφαῖς
491 4887 856 4958 ἐκτιθέμενοι,
896 4889 970 4960 μὴ
1015 4891 1074 4957 ἐξ
1114 4899 1441 4963 ἀποδείξεων
1481 4921 1684 4976 γραφι-

117 4979 226 5031 κῶν
250 4983 328 5042 εἰς
366 4979 569 5032 ἄτοπόν
628 4997 681 5034 τι
737 4984 1023 5054 περιιστᾷν
1069 4988 1126 5040 τὸ
1181 4995 1312 5062 παρ’
1354 4995 1532 5050 αὐτῶν
1587 5000 1681 5052 λε⁴

113 5070 338 5138 γόμενον
393 5070 649 5141 ἔχοντες,
724 5071 862 5137 ίδίας
924 5077 1080 5130 αὐτοὶ
1157 5079 1439 5149 δογμάτων
1504 5093 1678 5161 ἀρχὰς

111 5158 480 5212 ἁνεπλὰσαντο
507 5159 598 5211 ὑπ’
628 5161 861 5233 ἀρχηγῷ
887 5165 1078 5236 Φωτίῳ
1107 5170 1200 5220 καὶ
1232 5172 1434 5247 πρώτῳ
1465 5158 1673 5236 τούτων

109 5247 368 5320 είσηγητῇ
391 5264 404 5277 ⁸
451 5251 546 5303 καὶ
579 5252 678 5305 οὐκ
707 5253 789 5340 ᾶν-
809 5271 895 5319 τις
923 5257 1000 5320 ὡς
1025 5261 1107 5322 είς
1132 5262 1332 5318 ἄτοπόν
1360 5284 1413 5320 τι
1465 5271 1679 5340 ἀπαγό-

111 5350 266 5402 μενον
291 5335 572 5401 ἁποδεῖξαι
598 5337 699 5409 ἔχῃ
742 5338 804 5391 τὸ
834 5341 899 5392 ὲκ
931 5343 1146 5414 Πατρδς
1184 5350 1279 5402 καὶ
1310 5351 1462 5415 Υίοῦ,
1511 5361 1560 5408 εί
1594 5335 1669 5432 μή

105 5440 224 5480 τινα
276 5429 405 5498 μίαν
454 5429 563 5482 τῶν
614 5430 1018 5502 πεπλασμένων
1059 5438 1262 5493 τούτων
1311 5449 1668 5514 προκαλεῖται

106 5516 304 5585 ἀρχῶν.
335 5517 458 5570 Τῶν
499 5517 557 5573 δὲ
596 5519 697 5589 τῆς
733 5524 864 5589 μιᾶς
894 5525 994 5593 μὲν
1026 5527 1085 5580 τὸ
1114 5529 1310 5597 ψεῦδος
1339 5536 1460 5604 τῆς,
1510 5541 1662 5609 Πᾶν,

102 5603 380 5678 λεγούσης,
413 5610 480 5662 τὸ
525 5609 622 5662 ἐπὶ
665 5611 777 5678 τῆς
820 5614 1060 5682 Τριάδος
1085 5603 1490 5698 λεγόμενον-,ἣ
1523 5603 1665 5700 ἑνός

99 5696 266 5752 ἐστιν
314 5701 350 5767 ἢ
401 5699 520 5754 τῶν
553 5701 752 5770 τριῶν,
786 5707 890 5758 ὑπὸ
946 5711 1038 5761 τοῦ
1069 5712 1166 5782 τῆς
1199 5696 1484 5787 θεολογίας
1520 5696 1664 5780 eum:

98 5787 262 5859 νύμου
289 5791 558 5862 λαμπρῶς
582 5796 942 5866 ἀπελέγχεται
981 5805 1038 5854 ὲν
1067 5798 1150 5867 οἷς
1182 5809 1410 5877 ἐκεῖνος,
1443 5819 1664 5870 Kairou-

97 5883 223 5950 γὰρ,
278 5887 432 5952 φησὶ,
487 5887 597 5952 Υίῷ
642 5889 760 5956 μὲν
794 5894 889 5944 καὶ
941 5896 1085 5963 ἁγίῳ
1124 5901 1424 5971 Πνεύματι
1479 5909 1545 5962 τὸ
1592 5911 1661 5965 ἐκ

338 5984 608 6041 ΡΔΤηοι.
645 5988 758 6041 (in.
793 5987 1000 6047 CXLI.

1792 4819 2071 4891 indignum
2108 4843 2123 4881 :
2171 4827 2273 4894 Qui
2305 4833 2569 4891 adversus
2598 4835 2824 4895 Latinos
2885 4844 3005 4899 aliis
3038 4857 3202 4921 atque
3233 4819 3360 4914 aliis

1790 4917 2124 4982 temporibus
2153 4924 2614 4982 contradictiones
2648 4929 2702 4983 in
2745 4935 2978 5002 propriis
3021 4917 3361 5004 commenta-

1788 5001 1885 5057 riis
1911 5005 2271 5073 digesserunt,
2302 5028 2424 5067 cum
2456 5031 2565 5070 non
2598 5033 2816 5088 possent
2848 5039 2917 5078 ex
2943 5031 3148 5100 scripto
3183 5039 3357 5094 tradi-

1787 5093 1855 5146 tis
1911 5097 2474 5160 demonstrationibus
2528 5109 2580 5161 in
2615 5109 2934 5183 absurdum,
2965 5093 3110 5190 quod
3141 5127 3210 5180 ab
3246 5129 3354 5188 iliis

1783 5191 2235 5260 asseverabatur,
2329 5196 2633 5269 deducere,
2725 5209 2944 5278 propria
3034 5216 3348 5286 dogmatum

1783 5279 2049 5349 principia
2101 5284 2475 5356 conﬁnxisse,
2525 5292 2629 5348 sub
2683 5311 2874 5354 eorum
2924 5302 3064 5360 duce
3124 5308 3337 5378 Photio,

1782 5371 2067 5442 primoque
2117 5375 2383 5433 similium
2417 5380 2822 5455 introductore;
2874 5394 3190 5467 nullumque
3223 5418 3344 5460 esse

1776 5463 1868 5528 qui
1915 5467 2216 5522 absurdum
2269 5471 2322 5525 in
2372 5487 2433 5527 se
2479 5477 2758 5534 continere
2811 5482 3011 5539 dictum
3061 5463 3228 5557 illud,
3274 5511 3345 5552 ex

1773 5547 1939 5606 Patre
1961 5562 2013 5607 et
2036 5555 2177 5610 Filio
2202 5558 2682 5631 demonstraverit,
2716 5569 2770 5622 ni
2803 5586 2966 5626 unum
2994 5589 3060 5630 ex
3092 5583 3340 5641 confictis

1773 5640 1928 5698 hisce
1963 5647 2250 5719 principiis
2283 5661 2676 5725 assumpserit;
2715 5671 2764 5713 et
2801 5662 2960 5720 unius
2992 5671 3235 5740 quidem,
3271 5695 3340 5736 ex

1773 5733 1912 5798 illis,
1959 5741 2104 5806 quod
2141 5744 2365 5810 asserit,
2417 5747 2686 5818 Quidquid
2729 5752 2793 5807 de
2826 5733 3088 5816 Trinitate
3121 5733 3338 5840 dicitur:

1771 5835 1863 5878 aut
1911 5829 2068 5883 unius
2104 5841 2180 5886 est
2210 5844 2303 5886 aut
2344 5839 2540 5902 trium,
2577 5839 2790 5898 falsitas
2827 5860 2856 5900 ι
2899 5847 3174 5928 Theologo
3204 5829 3342 5918 Gre;

1769 5918 1924 5986 gorio
1965 5931 2152 5990 aperte
2199 5923 2484 5993 refellitur,
2531 5946 2654 5986 cum
2711 5935 2800 5990 ille
2831 5939 3016 5999 dicat:
3050 5918 3340 6013 Commune

2779 6029 2854 6090 32
