3932 6620
649 477 783 539 10οἷ
1673 486 1882 550 JOAN.
1923 487 2140 549 VECCI
2181 487 2290 547 (ΤΡ.
2334 485 2852 548 PATRI‘ARC‘IL‘E
3690 491 3783 561 1M

643 591 934 657 cuperetis,
970 601 1022 646 et
1058 593 1109 648 in
1145 609 1275 665 pace
1303 595 1619 663 convenire,
1654 614 1933 670 nunquam
1980 600 2126 654 illam
2158 600 2210 652 in

2320 598 2654 668 μαθητεύειν
2699 597 3020 668 ὴσούλεσθε,
3059 598 3333 651 συνελθεῖν
3365 597 3486 669 πρὸς
3525 601 3606 672 τὴν
3631 604 3783 678 εἰρήνην

589 711 595 722 ι
645 683 795 736 aliud
837 694 1050 755 tempus
1080 688 1471 754 protralieretis
1498 705 1512 753 ;
1539 705 1685 744 nunc
1723 706 1854 744 vero
1913 700 2210 760 praepoten-

2331 689 2433 744 οὐκ
2462 690 2528 745 ἂν
2555 689 2941 745 ἀνεϐάλλεσθε.
2973 691 3089 744 Νῦν
3127 692 3171 744 δ’
3201 692 3282 744 ὅτι
3315 691 3410 757 τῆς
3439 695 3779 767 μεγαλοδυνάμου

645 779 712 830 tis
740 778 978 832 nationis
1011 779 1135 834 odia
1166 788 1218 834 et
1247 779 1574 847 simultates,
1601 784 1742 852 paci,
1769 783 1957 838 nescio
1995 796 2099 851 qna
2128 797 2210 833 ra-

2330 785 2524 850 γενεᾶς
2558 783 2763 853 ταύτης
2789 783 2891 851 τὴν
2921 781 3122 853 ἔχθραν
3176 782 3278 836 οὒκ
3303 779 3416 836 οἶδα
3441 783 3544 848 πῶς
3579 787 3655 856 τῆς
3684 794 3779 862 ειρή.

643 873 810 932 tione.
845 888 924 927 vae
955 873 1113 939 mihi,
1133 883 1526 944 pra-ponentes,
1559 875 1665 932 hoc
1691 892 1856 930 unum
1885 876 2065 950 solum,
2095 891 2210 931 sus-

2331 893 2450 946 νης,
2499 875 2640 944 φεῦι
2693 875 3070 943 ἀνθαιρεῖσθε,
3118 875 3178 928 ἒν
3224 874 3381 928 τοῦτο
3424 879 3566 945 μόνον
3604 880 3687 934 ἄνω
3721 891 3777 936 ml

644 965 924 1036 quedeque
939 977 993 1020 et
1015 967 1300 1038 colloquiis
1321 969 1376 1022 in
1397 969 1650 1024 omnibus
1663 969 1975 1039 suggeritis,
1999 971 2217 1026 eosdem

641 1073 706 1112 ex
739 1055 899 1112 Patre
943 1065 998 1110 et
1029 1055 1166 1112 Filio
1216 1057 1477 1128 Spiritum
1541 1059 1852 1128 procedere,
1895 1068 1954 1114 ut
1996 1076 2218 1127 prorsus

644 1149 994 1204 manifestum
1017 1159 1120 1212 est,
1144 1149 1458 1205 decernere.
1484 1148 1594 1220 Ego
1619 1165 1748 1206 vero
1785 1167 1897 1220 pra:
1927 1153 2072 1216 aliis,
2093 1169 2218 1224 qua:

643 1242 748 1294 alio
767 1253 926 1310 atque
975 1243 1080 1295 alio
1125 1251 1369 1308 tempore
1425 1241 1674 1297 elocutus
1700 1258 1845 1307 sum,
1880 1260 2026 1298 nunc
2053 1246 2215 1300 etiam

645 1333 860 1396 addam,
895 1333 962 1388 ab
991 1333 1108 1402 ipso
1129 1333 1536 1402 praedicationis
1582 1335 1758 1401 initio,
1795 1344 1917 1405 post
1964 1338 2214 1392 traditio-

641 1441 739 1481 nes
770 1428 1112 1496 evangelicae
1141 1434 1194 1480 et
1221 1428 1570 1496 apostolicas,
1597 1427 1715 1481 licet
1746 1429 1929 1482 multae
1955 1445 2038 1483 res
2059 1430 2212 1482 tlieo-

645 1519 833 1587 logica:
865 1527 1207 1588 pertractata:
1256 1518 1383 1581 sint,
1423 1527 1475 1572 et
1507 1534 1684 1574 annus
1717 1521 2130 1575 trecentesimus
2163 1526 2217 1573 et

644 1612 785 1666 ultra
816 1612 1133 1680 praeterierit
1155 1611 1220 1665 ad
1256 1620 1467 1664 mtatem
1498 1613 1676 1682 magni
1708 1612 2009 1677 Athanasii,
2045 1612 2215 1666 nemi-

645 1720 766 1757 nem
827 1713 1142 1758 sanctorum
1172 1719 1267 1774 per
1309 1703 1530 1765 Filium,
1555 1714 1650 1758 aut
1678 1719 1741 1757 ex
1770 1702 1910 1758 Filio
1955 1703 2210 1773 Spiritum

2321 1702 2451 1756 Υίοῦ
2483 1703 2593 1772 ἢςὲξ
2614 1704 2742 1758 Υίοῦ
2777 1706 2838 1758 :0
2859 1705 3086 1776 Πνεῦμα
3111 1708 3362 1776 προϊέναι
3383 1707 3440 1759 τὸ
3464 1705 3598 1774 ἅγιον
3618 1709 3644 1776 ἢ
3669 1709 3778 1775 ml-

643 1803 890 1850 sanctum
962 1794 1182 1850 exsilire
1235 1804 1334 1849 aut
1390 1809 1668 1861 emanare,
1737 1806 1830 1848 aut
1861 1795 1988 1864 quid
2039 1796 2210 1850 simite

2321 1795 2458 1860 ζειν,
2485 1794 2518 1866 ἢ
2558 1795 2619 1848 :0
2653 1795 2762 1849 τῶν
2795 1795 3052 1850 τοιούτων
3082 1797 3456 1866 ὲθεολόγησεν,
3495 1797 3658 1865 ἀλλ’ὲε
3683 1799 3780 1851 αὑτοῦ

641 1885 1045 1952 pronuntiasse,
1072 1887 1163 1940 sed
1195 1901 1318 1941 cum
1343 1887 1410 1940 ab
1453 1885 1572 1956 ipso
1631 1884 1954 1954 principium
1995 1885 2210 1938 habuis-

2318 1884 2496 1939 ταῦτα
2547 1885 2830 1957 ἀρξάμενα
2878 1887 2968 1942 διὰ
3008 1887 3104 1940 τοῦ
3147 1887 3389 1958 μεγάλου
3441 1887 3696 1951 Βασιλείου,
3727 1889 3781 1940 τοῦ

641 1986 762 2031 sent
789 1991 987 2044 magno
1015 1975 1211 2028 Basilio
1250 1986 1493 2038 auctore,
1523 1985 1572 2029 ct
1607 1973 1876 2046 Nyssetto,
1907 1984 1960 2028 et
2011 1988 2210 2044 magno

2319 1975 2545 2045 Νύσσης
2569 1993 2651 2040 τε,
2681 1978 2776 2030 καὶ
2801 1977 2895 2030 τοῦ
2925 1979 3168 2048 μεγάλου
3184 1977 3354 2048 Ἐπιφ
3366 1981 3522 2044 λνίου,
3543 1980 3784 2043 ὡσαύτωςᾶ

642 2069 971 2140 Epiphanio,
1024 2067 1310 2123 etJoanoe
1377 2069 1772 2138 Chrysostomo
1820 2069 2044 2138 longum
2097 2078 2210 2137 post

2325 2070 2417 2120 καὶ
2432 2067 2682 2121 Ἰωάννου
2701 2067 2797 2122 τοῦ
2824 2069 2940 2140 Χρυ
2953 2072 3122 2142 σορρή
3131 2088 3290 2140 μονος
3319 2068 3544 2140 καθεξῆς
3563 2073 3783 2138 προεχώρη-

641 2175 852 2234 tempus
881 2163 932 2215 in
991 2172 1237 2230 apertum
1312 2163 1574 2215 dictiones
1613 2161 2013 2232 l;proces.~isse;
2062 2161 2210 2215 item-

2321 2176 2442 2214 σαν.
2468 2161 2576 2214 Καὶ
2597 2160 2782 2226 πάλιν,
2800 2162 2920 2224 πῶς
2941 2163 3048 2216 ἀπὸ
3063 2163 3175 2216 τῶν
3205 2162 3300 2216 τοῦ
3323 2162 3546 2232 μεγάλου
3560 2161 3780 2214 Ἀθανασίου

639 2271 747 2325 que
783 2256 852 2308 ab
899 2262 1056 2309 aetate
1089 2253 1264 2323 magni
1325 2251 1608 2307 Athanasii
1642 2257 1707 2307 ad
1763 2262 1977 2308 aetatem
2037 2255 2210 2324 magni

2318 2252 2543 2323 ἡμερῶν
2557 2254 2688 2322 ἄχρι
2703 2251 2797 2306 τοῦ
2819 2253 3058 2322 μεγάλου
3087 2254 3371 2323 Μαξίμου,
3404 2254 3649 2308 κάνταῦθα
3666 2254 3704 2306 δὲ
3725 2254 3780 2322 τὴν

640 2344 859 2399 Maximi
949 2359 1072 2399 cum
1144 2344 1234 2397 alii
1309 2354 1608 2399 trecentutn
1675 2356 1730 2399 et
1779 2345 2010 2414 amplius
2088 2344 2210 2398 anni

2320 2348 2545 2414 τριττὴν
2603 2347 2938 2402 έκατοντάδα
2981 2347 3170 2417 χρόνος
3204 2347 3536 2418 ὑπερανέόη,
3572 2346 3704 2408 οὐδεὶς
3719 2345 3779 2396 ain

639 2437 1054 2508 praeteriissent,
1143 2435 1412 2512 neminem
1478 2451 1542 2489 ex
1608 2439 1693 2503 iis,
1748 2437 1842 2504 qui
1897 2439 1976 2490 'de
2061 2437 2210 2491 theo-

2320 2437 2512 2506 μέχρις
2583 2438 2747 2490 αὑτοῦ
2804 2439 3270 2510 θεολογησάντων,
3329 2441 3417 2494 διὰ
3465 2439 3554 2494 τοῦ
3599 2440 3696 2493 Υίοῦ
3726 2441 3777 2491 tx-

2328 968 2498 1031 κάτω,
2519 973 2612 1021 καὶ
2633 968 2910 1038 πανταχοῦ
2929 968 3037 1021 τῶν
3055 968 3230 1037 λόγων
3242 970 3547 1039 προφέρετε,
3574 970 3664 1035 πῶς
3687 975 3721 1025 ol
3737 973 3777 1029 ἐι

2327 1058 2536 1128 Πατρὸς
2568 1057 2661 1111 καὶ
2694 1058 2825 1111 Υίοῦ
2848 1059 3247 1131 ἐκπορεύεσθαι
3278 1061 3336 1114 :0
3367 1061 3568 1130 Πνεῦμα
3610 1067 3712 1117 κατὰ
3742 1070 3778 1119 τὸ

2324 1151 2500 1221 πάντη
2527 1151 2788 1220 πρόδηλον
2808 1151 3280 1223 τεθεολογήκασιν.
3297 1152 3434 1222 Ἐγὼ
3443 1154 3497 1208 δὲ
3515 1157 3623 1225 πρός
3637 1151 3778 1227 οἷςπερὶ

2323 1242 2514 1294 τούτου
2539 1242 2724 1296 ἄλλοτε
2747 1241 2906 1314 ἔφην,
2935 1242 3045 1314 ἔχω
3068 1245 3163 1298 καὶ
3197 1244 3293 1298 νῦν
3321 1248 3504 1310 εἰπεῖν,
3529 1247 3593 1310 ὡς
3617 1249 3701 1309 πῶς
3724 1252 3781 1300 ἀπ’

2323 1334 2493 1404 αὐτῆς
2521 1335 2694 1405 ἀρχῆς
2728 1335 2821 1389 τοῦ
2853 1336 3208 1406 κηρύγματος
3236 1337 3373 1406 μετὰ
3403 1340 3494 1401 τὰς
3525 1340 3780 1406 εύσγγελιιὰς

2323 1425 2419 1478 καὶ
2442 1426 2805 1488 ἀποστολικὰς
2831 1445 2905 1481 πα
2915 1428 3397 1498 ραδόσει;,πολλῶν
3417 1429 3782 1500 θεολογιῶνρηθει-

2325 1517 2454 1581 σῶν,
2487 1520 2581 1569 καὶ
2605 1518 2802 1588 χρόνου
2827 1520 2964 1588 ὑπὲρ
2995 1521 3087 1572 τὸν
3115 1521 3232 1590 τρὶς
3263 1521 3471 1584 ἑκατὸν,
3494 1520 3705 1591 μέχριωῦ

2320 1610 2487 1678 γάλου
2521 1611 2839 1666 ’Δθανασίου
2873 1615 3288 1684 παρῳχηκότος,
3320 1614 3490 1676 οὐδεὶς
3506 1614 3782 1682 τῶνὰγίωνδί

641 2527 829 2599 logicis
868 2527 1161 2597 scripsere,
1220 2542 1308 2596 per
1350 2525 1546 2580 Filium
1595 2525 1860 2596 Spiritum
1913 2525 2214 2596 procedere

638 2622 874 2683 dixisse,
907 2618 1000 2674 sed
1055 2619 1290 2688 primum
1345 2619 1523 2688 ipsum
1580 2628 1699 2686 post
1751 2629 1829 2672 tot
1882 2631 2058 2671 annos
2114 2619 2215 2675 lioc

637 2713 996 2781 enuntiasse;
1071 2711 1368 2768 subsccuto
1399 2711 1762 2780 {postmodum
1830 2719 2114 2779 tempore,
2161 2720 2215 2762 et

641 2810 756 2864 fere
799 2817 924 2878 post
971 2816 1190 2862 centum
1234 2821 1410 2860 annos
1459 2814 1709 2860 sanctum
1765 2802 2052 2857 Tarasiuin
2113 2802 2215 2857 hoc

642 2904 784 2958 idem
837 2904 952 2958 suis
1009 2901 1230 2970 scriptis
1283 2900 1580 2954 inseruisse
1614 2916 1626 2952 :
1663 2908 1774 2954 tum
1809 2895 2067 2961 deinceps
2099 2910 2215 2948 ma-

643 3007 809 3062 gnum
850 2990 1244 3045 Damascenutn
1272 3029 1286 3054 ,
1329 2998 1382 3044 et
1425 2991 1643 3043 demum
1673 2987 1985 3041 universam
2023 2983 2212 3039 Eccle-

643 3087 780 3138 siam
829 3085 1216 3138 communiter.
1267 3081 1372 3147 Qui
1417 3095 1547 3152 ergo
1600 3088 1790 3149 pacate
1843 3092 2078 3146 vereque
2137 3076 2214 3131 si-

643 3177 792 3231 milia
828 3177 1157 3240 considerat,
1193 3176 1261 3228 ad
1310 3174 1742 3230 benevolentiam
1795 3183 1848 3226 et
1877 3186 2064 3242 pacem
2097 3185 2214 3224 ain-

640 3267 980 3338 plertendam
1040 3266 1185 3320 facili
1245 3267 1464 3336 negotio
1523 3267 1856 3320 traducetur.
1917 3261 2092 3317 Omne
2137 3265 2212 3316 si-

2316 2528 2648 2596 πορεύεσθαι
2707 2529 2814 2601 ἔφη
2881 2531 2942 2584 :0
3005 2532 3252 2602 Πνεῦμα.
3318 2532 3538 2604 Πρῶτος
3598 2532 3647 2585 δὲ
3686 2532 3784 2591 miri;

2314 2619 2472 2672 τοῦτο
2547 2623 2684 2691 μετα
2754 2623 2945 2676 τοσάδε
2980 2641 3039 2676 τε
3091 2624 3418 2696 θεολόγηκεν
3477 2625 3562 2695 ἐτη
3598 2640 3610 2654 ·
3659 2623 3785 2690 ἐφεξῆς

2316 2711 2371 2763 δὲ
2410 2714 2546 2781 μετὰ
2571 2714 2734 2786 ἕτερα
2763 2717 2857 2786 ἐτη
2884 2717 3062 2786 ὀλίγου
3095 2718 3202 2770 τῶν
3229 2719 3427 2772 ἑκατὸν
3452 2718 3617 2772 δέοντα
3642 2720 3664 2770 ό
3693 2718 3789 2785 ἄττης

2315 2804 2590 2874 Ταράσιος
2614 2810 2736 2870 ταῖς
2761 2811 2990 2871 οἰκείαις
3019 2814 3258 2880 γραφαῖς
3290 2810 3449 2866 τοῦτο
3475 2809 3703 2863 διέλαθενσ
3727 2803 3789 2857 εἷὺ⁹

2315 2898 2344 2950 ὁ
2389 2897 2563 2966 μέγας
2591 2900 2973 2970 Δαμασκηνὸς,
3002 2903 3096 2954 καὶ
3121 2901 3266 2954 οὓτω
3301 2903 3484 2955 λοιπὸν
3510 2901 3687 2969 πᾶσαί]
3716 2898 3795 2952 Ἐκ·

2315 2989 2514 3060 κλησία
2547 2991 2742 3054 κοινῶς
2788 2993 3028 3054 πάντως.
3087 2995 3146 3045 Ἰ)
3195 2997 3338 3064 μετὰ
3385 2995 3484 3065 τῆς
3528 2995 3706 3065 είρήνης
3736 2989 3794 3040 καὶ

2313 3081 2572 3151 ἀληθείας
2611 3084 2680 3136 τὰ
2707 3083 2934 3137 τοιαῦτα
2968 3084 3439 3155 διασκοπούμενος
3472 3085 3593 3156 πρὸς
3623 3083 3670 3136 τὸ
3689 3080 3795 3133 καλε-

2315 3173 2469 3238 θελὲς
2496 3175 2752 3228 ἐντεῦθεν
2807 3175 3230 3246 ὀδηγηθήσεται.
3289 3177 3409 3230 Πᾶν
3437 3176 3538 3246 γὰρ
3575 3175 3714 3242 δόγμα
3734 3174 3794 3222 ei!

2313 3267 2591 3331 αὐτολεξεὶ
2616 3267 2725 3327 απὸ
2754 3267 2862 3320 τῶν
2889 3269 3121 3338 πρώτων
3150 3270 3469 3338 παραυτίκα
3499 3267 3728 3336 Πατέρων,
3748 3261 3793 3319 ὡς

639 3362 861 3434 quidem
923 3361 1120 3430 degnia
1180 3375 1287 3414 non
1343 3360 1529 3414 statim
1591 3359 1724 3428 ipsis
1791 3356 2124 3412 dietionibus
2179 3370 2210 3409 a

2313 3355 2408 3411 v6v
2432 3360 2566 3428 ἔχει,
2604 3356 2961 3430 ὲρῤέθη,ἁλλ³
2995 3357 3069 3420 ὡς
3107 3358 3136 3409 ὀ
3169 3359 3365 3429 καιρὸς
3399 3359 3530 3427 πρὸς
3549 3356 3653 3415 τοὺς
3674 3368 3792 3405 utve:-

639 3456 832 3524 primis
867 3453 1146 3515 Panibus,
1170 3463 1227 3505 ut
1259 3469 1401 3506 nttuc
1433 3451 1773 3515 enuntiatur,
1805 3450 2070 3504 dictatum
2101 3455 2205 3512 cst,

637 3545 734 3601 sed
772 3555 830 3599 ut
883 3554 1097 3614 tempus
1133 3554 1188 3597 et
1218 3544 1452 3612 Ioccasio
1494 3542 1964 3612 disputationibus
2005 3540 2212 3594 exortis

636 3638 933 3694 concessit.
979 3640 1068 3692 Sic
1103 3636 1569 3691 consubstantiale
1611 3651 1677 3689 ex
1709 3636 1832 3689 aliis
1883 3644 2050 3704 atque
2085 3632 2208 3687 aliis

638 3730 843 3799 scripto
881 3731 1093 3784 traditis
1123 3728 1544 3784 auctoritatibus
1577 3726 1770 3782 Patres
1819 3728 2159 3797 collegerunt
2193 3745 2206 3781 :

639 3826 717 3878 sic
751 3822 1037 3876 Trinitatis
1069 3823 1118 3875 in
1149 3822 1404 3876 omnibus
1435 3836 1744 3890 comparem
1779 3821 2075 3890 potentiam
2103 3861 2118 3885 ,
2157 3831 2212 3876 et

639 3915 904 3986 aequalem
939 3916 1242 3968 honorem:
1298 3914 1378 3968 sic
1414 3913 1658 3981 Deiparaa
1710 3928 1937 3979 vocem,
1983 3922 2036 3968 et
2078 3913 2207 3980 alia,

637 4023 871 4076 quorum
910 4006 960 4057 in
999 4005 1253 4074 praesenti
1283 4017 1389 4058 non
1423 4003 1496 4057 ita
1533 4003 1706 4058 facilis
1734 4013 1819 4059 est
1840 4005 2206 4060 enumeratio.

641 4099 829 4153 Potest
878 4098 1062 4166 itaque
1094 4096 1276 4149 dicere
1309 4134 1324 4160 ,
1379 4095 1471 4165 qui
1526 4097 1593 4148 ad
1647 4110 1836 4164 pacem
1885 4097 2210 4165 prOpeusior

639 4204 769 4256 est,
829 4187 1292 4260 quemadmodum
1375 4189 1645 4242 maximus
1702 4187 1970 4244 Maximus
2051 4189 2210 4244 annis

639 4285 953 4343 subsecutis
999 4293 1122 4354 post
1151 4291 1449 4338 tercentum
1473 4281 1594 4351 .jam
1651 4283 1828 4338 dictos
1853 4323 1869 4350 ,
1905 4282 2050 4353 quod
2083 4294 2210 4339 ante

636 4383 815 4451 ipsum
849 4396 876 4431 a
912 4378 1164 4432 Patribus
1195 4376 1606 4446 pronuntiatum
1643 4375 1842 4439 fuerat,
1878 4391 1974 4445 per
2003 4375 2205 4430 Filium

635 4474 880 4538 exsilire,
914 4472 966 4525 in
999 4469 1147 4536 illud,
1191 4455 1284 4538 per
1311 4467 1506 4522 Filium
1555 4469 1847 4538 procedere
1877 4469 2207 4533 immutavit,

641 4566 713 4618 ita
780 4565 942 4617 etiam
1004 4560 1146 4630 apud
1211 4558 1432 4613 Latinos
1486 4557 1673 4611 Patres
1722 4557 2022 4626 permultos
2083 4575 2206 4614 cum

634 4655 983 4726 Augustino,
1042 4661 1095 4705 et
1159 4649 1496 4719 Hieronymo
1527 4687 1542 4711 ,
1587 4649 1684 4702 hos
1733 4647 2008 4716 siquidem
2067 4649 2208 4702 inter

638 4747 780 4800 alios
811 4744 890 4796 uti
927 4742 1236 4812 prmcipuos
1265 4749 1319 4794 et
1347 4739 1577 4793 Pli0tius
1613 4740 1682 4791 ita
1721 4739 1922 4801 dicere,
1953 4748 2008 4792 et
2038 4739 2205 4794 veluti

637 4841 837 4905 dogma
864 4849 1169 4904 proponere
1203 4832 1434 4886 adﬁrmat
1463 4870 1479 4897 ,
1515 4841 1570 4884 et
1613 4831 1670 4885 lii
1702 4831 1846 4885 inter
1893 4845 1989 4886 eos
2015 4871 2030 4898 ,
2064 4845 2205 4901 quos

637 4927 880 4982 Ecclesia
908 4942 1126 4995 quoque
1173 4933 1358 4979 nostra
1413 4923 1607 4992 recipit
1642 4924 1849 4992 absque
1899 4923 2006 4976 ulla
2044 4923 2205 4976 haesi-

643 5021 852 5074 tatione
903 5027 1282 5080 numerantur,
1318 5016 1465 5086 quod
1521 5015 1710 5070 Patres
1759 5016 1933 5069 nostri
1984 5016 2207 5071 exsilire

2319 3450 2511 3517 μένους
2543 3447 2735 3517 λόγους
2761 3449 2953 3502 έδίδου.
2989 3448 3147 3503 Οὖτω
3175 3451 3286 3516 γὰρ
3314 3452 3375 3502 :0
3400 3447 3653 3518 όμοούσιον
3678 3444 3720 3504 ἐξ
3734 3441 3792 3492 ἄλ-

2315 3541 2421 3594 λων
2451 3542 2738 3611 γραφικῶν
2769 3543 2985 3613 ῥήσεων
3012 3542 3124 3605 τοῖς
3156 3541 3406 3610 Πατράσι
3441 3539 3684 3609 συνήχθη·
3705 3535 3792 3587 οὕτω

2311 3634 2376 3688 :0
2397 3637 2492 3705 τῆς
2520 3635 2748 3704 Τριάδο;
2793 3636 2935 3688 κατὰ
2987 3635 3168 3689 πάντα
3193 3635 3460 3708 ὁμότιμον
3479 3654 3493 3668 ο
3524 3635 3646 3688 οὕτω
3670 3630 3790 3700 ὴΘετε-

2313 3729 2471 3790 τόκος
2503 3725 2675 3797 φωνὴ,
2709 3728 2801 3780 καὶ
2831 3727 3019 3791 τᾶλλα,
3059 3721 3134 3781 ὧν
3163 3727 3440 3800 δυσχερὴς
3474 3730 3527 3780 ἐν
3548 3726 3617 3796 τῷ
3643 3722 3788 3790 παρόντι

2313 3821 2346 3888 ἡ
2378 3819 2772 3891 ἀπαρίθμησις.
2810 3821 2967 3873 Ἐστι
2994 3820 3128 3887 γοῦν
3166 3824 3346 3875 εἰπεῖν
3376 3823 3467 3876 τὸν
3491 3823 3547 3875 :0
3589 3815 3784 3889 εὲρηνικέέο

2311 3926 2471 3983 τερον
2511 3911 2787 3980 μετιόντα,
2841 3913 2916 3972 ὡς
2943 3913 3196 3983 καθάπερ
3247 3915 3278 3966 ό
3335 3914 3587 3982 μέγιστος
3623 3907 3788 3972 Μάξιμεις

2316 4009 2453 4072 μετὰ
2475 4003 2600 4064 τοὺς
2625 4004 2885 4056 ἐπέκεινα
2906 4004 3016 4057 τῶν
3043 4006 3378 4076 τριακοσίων
3406 4008 3617 4075 χρόνους
3639 4002 3686 4052 τὸ
3699 4011 3790 4063 περι

2311 4095 2419 4148 τῶν
2480 4096 2587 4165 πρὸ
2638 4095 2802 4149 αὐτοῦ
2862 4097 3123 4168 Πατέρων
3170 4097 3588 4168 θεολογούμενον
3629 4093 3682 4145 δι’
3712 4087 3789 4141 iis}

2313 4189 2563 4256 προϊέναι
2592 4189 2671 4250 είς
2699 4187 2759 4239 τὸ
2800 4187 2868 4240 δι’
2902 4187 3032 4240 Υίοῡ
3057 4189 3458 4260 ἐκπορεύεσθαι
3502 4185 3786 4252 ὲθεολόγηςεει·

2311 4279 2455 4334 οὕτω
2485 4281 2580 4334 καὶ
2631 4282 2681 4334 oi
2729 4280 2881 4350 παρὰ
2925 4282 3180 4345 Λατίνοις
3236 4282 3484 4352 Πατέρες
3524 4276 3788 4346 Αύγουστῖκίς

2315 4373 2411 4425 σὺν
2443 4373 2657 4436 πολλοῖς
2686 4372 2888 4439 ἄλλοις,
2946 4377 3042 4427 καὶ.
3083 4373 3450 4444 Ἰερὼνυμοςο
3498 4374 3688 4431 τούτους
3726 4380 3784 4431 γπὲ

2312 4460 2434 4515 κατ’
2455 4461 2734 4531 ἐξαίρετον
2760 4463 2856 4516 καὶ
2885 4464 3093 4526 Φώτιος
3117 4463 3262 4518 οὕτω
3308 4466 3510 4534 λέγειν,
3545 4465 3626 4517 καὶ
3659 4461 3787 4523 69nd-

2310 4554 2480 4617 τίςειν
2511 4556 2857 4624 συνίστησινο
2905 4552 3052 4610 οὗτοι
3074 4556 3132 4610 δὲ
3159 4557 3269 4610 τῶν
3302 4557 3456 4628 παρὰ
3484 4559 3544 4626 τῇ
3577 4550 3676 4606 καθ’
3699 4547 3786 4618 ἡμᾶς

2325 4646 2621 4714 Ἐκκλησία
2649 4648 2853 4702 δεκτών
2881 4649 3330 4720 ὁμολογουμένως
3356 4652 3485 4703 είσί·
3509 4651 3566 4702 τὸ
3588 4647 3705 4714 παρὰ
3724 4641 3788 4696 τίς

2311 4740 2494 4802 αὐτοῖς
2523 4740 2804 4809 Πατράσιν
2833 4740 2989 4811 ἡμῶν
3022 4742 3293 4812 προϊέναι,
3326 4744 3420 4795 καὶ
3454 4736 3722 4812 προχεῖσθαι
3749 4734 3784 4778 ἐκ

2312 4832 2551 4904 Πατρός,
2581 4834 2679 4888 καὶ
2709 4833 2838 4887 Υίοῦ
2870 4834 3209 4907 θεολογηθὲν,
3237 4837 3319 4900 είς
3352 4836 3414 4887 :0
3445 4839 3507 4888 ἐκ
3545 4826 3782 4897 11mph”at

2313 4924 2446 4976 Υἱοῦ
2495 4926 2896 4996 ἐκπορεύεσθαι
2971 4929 3253 4999 ἔφρασαν,
3309 4929 3432 4998 μηδ’
3503 4926 3654 4985 ἄλλως
3689 4919 3781 4986 ἔχουν

2311 5033 2402 5079 τες
2434 5017 2562 5081 ἴσως
2599 5019 2689 5072 διὰ
2714 5019 2774 5071 :0
2800 5019 2984 5074 στενὸν
3009 5021 3106 5091 τῆς
3131 5021 3380 5091 γλώττης
3405 5024 3589 5074 εἰπεῖν.

637 5128 692 5171 et
726 5115 928 5169 ell‘undi
961 5131 1026 5169 ex
1057 5114 1214 5168 Patre
1261 5122 1315 5167 et
1346 5110 1484 5167 Filio
1511 5113 1804 5178 dixerant,
1842 5113 1894 5165 iti
1964 5112 2094 5166 illud
2121 5151 2136 5176 ,
2172 5127 2239 5166 ex
2277 5110 2439 5168 Patre
2467 5124 2521 5169 et
2591 5113 2730 5170 Filio
2793 5115 3093 5186 procedere
3118 5157 3133 5183 ,
3183 5119 3576 5181 transvexisse,
3619 5125 3710 5169 cum
3744 5110 3786 5157 Ub

638 5211 836 5278 linguae
891 5211 1198 5278 angustiam
1251 5208 1390 5260 forte
1445 5207 1578 5276 ipsis
1627 5207 1774 5261 aliud
1833 5223 1939 5260 non
2002 5217 2332 5276 suppeteret.

713 5301 808 5357 27.
842 5299 1020 5372 Magni
1051 5317 1216 5371 porro
1253 5299 1538 5353 Athanasii
1595 5300 1972 5368 querimonias
2019 5299 2085 5354 de
2116 5300 2204 5366 iis,

640 5397 733 5465 qui
767 5394 838 5447 ob
871 5393 1110 5462 syllabas
1166 5392 1544 5460 dictionesqne
1593 5391 1728 5444 nihil
1785 5393 2066 5446 veritatem
2112 5395 2207 5447 do-

647 5483 845 5556 gniatis
880 5483 1138 5536 laadcntes
1175 5481 1546 5535 Ecclesiarum
1585 5482 1811 5536 dissidia
1862 5494 2206 5551 procurant:

645 5589 859 5629 necnon
924 5582 979 5627 et
1031 5573 1275 5640 Gregorii
1311 5570 1573 5641 Tlieologi
1609 5611 1625 5636 ,
1679 5583 1732 5626 et
1787 5574 1966 5641 magni
2022 5573 2206 5629 Bisilii

647 5667 782 5718 satis
807 5663 1024 5717 abunde
1049 5669 1099 5716 in
1126 5672 1314 5716 nostro
1343 5663 1618 5715 volumine
1649 5665 2166 5732 comprehendimus
2194 5683 2209 5722 :

650 5771 750 5810 nec
782 5754 850 5808 de
877 5753 962 5806 his
994 5754 1150 5821 plura
1188 5754 1273 5806 hic
1307 5752 1511 5806 addere
1546 5754 1598 5806 in
1627 5754 1809 5808 animo
1843 5765 1946 5808 est.
1983 5754 2210 5812 Verum-

657 5857 840 5898 tamen
877 5844 1151 5896 orationis
1185 5842 1382 5897 faciem
1411 5846 1480 5898 ad
1513 5852 1563 5898 te
1592 5841 1970 5914 cenverttaites
1997 5887 2012 5911 ,
2046 5864 2210 5917 quem

650 5937 705 5993 in
762 5938 1030 6006 prooemio
1079 5944 1410 5997 ,‘nostroruin
1483 5954 1796 5994 sermonum
1871 5943 2204 6008 cognitorem

2393 5304 2493 5368 κζ’.
2537 5303 2744 5358 Ὁπόσα
2775 5305 2832 5359 δὲ
2865 5306 2892 5360 ό
2922 5305 3099 5376 μέγας
3136 5305 3456 5370 ’Δθανάσιος
3482 5309 3584 5369 τοῖς
3599 5303 3669 5358 διὰ
3705 5299 3785 5352 συλ-

2318 5396 2488 5459 λαϐὰς
2517 5399 2610 5450 καὶ
2642 5397 2816 5464 λέξεις
2845 5399 3015 5468 μηδὲν
3064 5401 3166 5471 τὴν
3198 5401 3292 5453 τοῦ
3323 5401 3587 5471 δόγματος
3608 5395 3786 5465 ἀλήθειαν

2317 5487 2608 5551 ἀδικούσας
2647 5489 2717 5542 τὰ
2743 5489 2851 5542 τῶν
2878 5489 3218 5562 Ἐκκλησιῶν
3242 5493 3576 5563 αἱρουμένοις
3592 5488 3787 5558 exitum

2318 5581 2694 5648 ἐπιμέμφεται
2713 5595 2727 5611 ·
2765 5581 2847 5633 ἔτι
2883 5583 2928 5632 δ’
2962 5585 2990 5635 ὁ
3018 5582 3119 5652 τῆς
3146 5582 3421 5653 θεολογίας
3467 5585 3708 5650 ἐπώνυμος
3729 5578 3790 5627 σὺν

2320 5670 2468 5740 αὑτῷ
2489 5669 2756 5741 Βασιλείῳ
2793 5673 2872 5743 τῷ
2902 5673 3045 5727 πάνυ
3076 5677 3387 5745 ἀρκούντως
3430 5679 3488 5730 ἐν
3533 5678 3589 5744 τῇ
3621 5669 3790 5741 ἡμετέρὲ

2319 5761 2569 5830 διειλήφα
2578 5780 2676 5832 μεν
2709 5763 2900 5835 βίϐλῳ,
2923 5769 3016 5820 καὶ
3038 5769 3200 5821 πλέον
3229 5771 3376 5823 οὐδὲν
3403 5772 3524 5839 περὶ
3546 5769 3714 5821 τούτων

2322 5872 2440 5921 γειν
2473 5857 2795 5929 βουλόμεθα.
2838 5859 2996 5914 Ἀλλὰ
3023 5862 3086 5914 :0
3137 5863 3229 5916 :06
3260 5864 3414 5932 λόγου
3452 5864 3697 5929 πρόςωπον
3733 5854 3794 5904 κιῖ
3842 5863 3843 5924 l

2326 5949 2486 6003 πάλιν
2521 5951 2651 6020 πρὸς
2681 5952 2738 6004 σὲ
2760 5953 3089 6023 τρέψαντες,
3121 5955 3181 6008 ὃν
3209 5959 3264 6009 έν
3294 5956 3575 6024 προοιμίοιέ
3599 5954 3685 6006 τῶν
3702 5951 3792 6018 ﬁgli-
