3828 6618
107 484 210 547 1009

1437 473 1838 535 Al’OLOGlA.

3128 457 3262 520 1010

103 600 234 666 τέρων
281 588 426 654 λόγων
481 578 826 652 διαγνώμονα
883 583 1407 654 προεκαλεσάμεθα,
1447 587 1584 655 πρὸς

1703 586 2186 656 compellavimus,
2251 599 2346 652 per
2409 583 2576 637 Deum
2633 587 2688 635 et
2741 577 2913 647 ipsam
2971 576 3259 630 veritatem

97 683 200 739 Θεοῦ
247 675 517 745 σεκαὶτῆς
567 673 826 744 ἀληθείας
882 675 1197 747 όρκίζομεν,
1251 677 1345 731 τοῦ
1399 678 1585 741 εὐθέος

1693 683 2051 743 obtestamur,
2087 695 2157 735 ne
2205 694 2235 733 a
2289 685 2439 732 recto
2471 675 2553 729 vel
2612 672 2898 726 minimum
2957 666 3261 727 declinans.

98 776 227 849 μηδὲν
248 766 672 842 παρεγκλίναντα,
721 767 1018 838 διαγνῶναι
1074 771 1319 838 ἁπάρτι.
1354 774 1402 826 εί
1433 775 1586 844 παρὰ

1703 774 1758 827 ιι)
1797 773 1901 827 hac
1951 773 2082 825 hora
2131 768 2438 838 dijudices,
2493 781 2562 820 an
2609 764 2756 834 juste
2811 777 2913 815 nos
2970 775 2999 814 a
3055 755 3262 812 nostris

92 847 174 922 τῶν
189 865 296 935 ἡμῖν
327 857 698 924 ἀντιλεγόντων
719 858 947 921 δικαίως
974 863 1137 930 ἡμεῖς
1163 863 1265 934 τῆς
1303 863 1589 928 εὐσεϐείας

1703 864 2022 920 adversariis
2051 862 2267 932 pietatis
2299 859 2606 930 proditores
2628 894 2646 921 ,
2682 865 2735 910 et
2771 862 2972 908 nostra:
3008 847 3267 910 nationis,

95 933 294 1029 προδόται
340 951 422 1006 καὶ
466 951 577 1003 τῶν
639 953 916 1022 ὁμογενῶν
950 933 1228 1024 λεγόμεθα
1297 954 1590 1024 Ῥωμαίων

1703 956 2006 1012 [ἶιοωροι-ιιηι
2038 969 2231 1023 nempe
2258 992 2273 1015 ,
2309 953 2499 1006 hostes
2553 960 2940 1018 nuncupamur
2968 986 2981 1007 ,
3047 951 3103 996 et
3155 956 3265 995 non
3347 933 3350 936 ’

89 1045 347 1120 ὲχθροὶ,καὶ
389 1044 502 1112 οὐχὶ
555 1042 711 1097 αὐτοὶ
758 1043 934 1100 ταῦτά
975 1047 1081 1099 είσι
1129 1045 1328 1116 μᾶλλον
1365 1049 1461 1102 καὶ
1513 1048 1592 1102 δι-

90 1144 330 1208 καιότερον.
360 1134 488 1196 Τοὺς
519 1133 626 1204 γὰρ
656 1133 872 1202 λόγους,
903 1136 1027 1189 καθ’
1054 1134 1148 1200 οὒς
1177 1136 1245 1190 ἂν
1267 1137 1377 1191 τῶν
1397 1137 1594 1210 ἐγκλη-

86 1231 230 1297 μάτων
259 1224 462 1286 δικαίως
521 1224 705 1287 αὐτοῖς
762 1225 1052 1298 προσάψῃς
1100 1227 1384 1296 ἑκάτερον,
1443 1229 1592 1298 ἔχεις

84 1318 243 1378 ἱκανῶς
283 1311 629 1374 ἁποδοθέντας
684 1311 815 1384 παρ’
863 1314 1047 1383 ήμῶν,
1080 1313 1145 1368 ἐκ
1175 1333 1236 1368 τε
1293 1310 1369 1370 ὧν
1415 1318 1449 1386 ὴ
1497 1314 1591 1369 τοῦ

78 1411 191 1464 θείου
219 1407 306 1476 τῆς
339 1402 649 1473 Ἀντιοχέων
697 1403 988 1474 προέδρου,
1038 1403 1136 1457 καὶ
1161 1405 1255 1458 τοῦ
1285 1405 1591 1476 κορυφαίου

78 1504 162 1556 τῶν
185 1498 466 1554 ἀποστόλων
493 1495 790 1566 ὁμωνύμου
849 1496 1132 1568 ἐπιστολὴ.
1195 1497 1318 1551 καθ’
1351 1498 1594 1566 ἱστορίαν

76 1593 520 1664 ήμῖνέχορήγησεν,
554 1587 617 1641 ἐκ
677 1605 734 1642 τε
765 1581 841 1643 ὧν
871 1590 930 1642 ὲν
963 1592 1075 1651 τοῖς
1105 1588 1198 1642 τοῦ
1223 1591 1384 1658 λόγου
1416 1591 1594 1658 ἀγῶσι

75 1680 417 1754 θειογρσφικῶν
437 1679 795 1750 διειλήφαμεν
819 1682 1070 1752 χρήσεων
1088 1683 1168 1745 εἰς
1193 1683 1468 1747 ἀπόδειξιν
1493 1684 1594 1751 τῆς

69 1780 122 1848 ῆν
145 1771 431 1843 ἐπισφαλῶς
480 1771 779 1841 ἀρνοῦνται
839 1773 1130 1842 ὑπάρξεως
1173 1773 1268 1828 τοῦ
1321 1773 1594 1842 παναγίου

72 1867 336 1933 Πνεύματος
383 1863 451 1918 δι’
506 1863 636 1918 me
677 1866 742 1918 ὲκ
773 1865 1006 1935 Πατρός.
1067 1868 1142 1920 Οὐ
1173 1868 1370 1938 μικρὸν
1397 1868 1458 1922 δὲ
1485 1868 1596 1922 ἴσθι

1694 1048 1798 1118 ipsi
1835 1047 2020 1116 potius
2051 1056 2106 1099 et
2154 1043 2327 1114 magis
2356 1041 2482 1110 jure
2536 1038 2745 1109 optimo
2795 1034 2967 1091 sunt?
3005 1032 3269 1087 Rationes

1691 1139 1837 1193 enim
1905 1137 1977 1191 ob
2041 1149 2180 1206 quas
2257 1141 2490 1202 utraque
2554 1134 2980 1184 commemorata
3039 1122 3270 1176 crimina

1694 1229 1829 1300 ipsis
1859 1228 2126 1298 appingas
2154 1269 2168 1292 ,
2221 1225 2391 1280 habes
2441 1237 2481 1278 a
2514 1220 2677 1276 nobis
2709 1218 2927 1273 abunde
2949 1215 3064 1269 ‘tlhi
3101 1225 3268 1282 expo-

1695 1325 1853 1386 sitas,
1888 1332 2002 1377 tum
2036 1337 2108 1376 ex-
2134 1320 2234 1386 iis,
2262 1334 2384 1388 quae
2414 1315 2583 1371 divini
2617 1311 2972 1367 Antiochenam:
3003 1306 3270 1362 Ecclesia:

1697 1416 1946 1486 prmsulis
1973 1455 1988 1480 ,
2068 1423 2121 1469 et
2189 1405 2453 1484 principis
2497 1408 2874 1480 apostolorum
2914 1400 3262 1473 cognominis

1695 1507 1928 1576 epistola
1965 1505 2247 1580 continet.
2305 1512 2360 1558 et
2391 1501 2550 1556 nobis
2589 1515 2652 1553 ex
2712 1497 2940 1552 historia
2999 1491 3273 1550 submini-

1699 1601 1934 1663 stravit,
1969 1609 2083 1654 tum
2117 1614 2183 1654 ex
2225 1597 2294 1651 iis
2320 1639 2336 1662 ,
2371 1610 2493 1666 quae
2524 1593 2579 1648 in
2623 1593 2744 1662 ipso
2793 1588 3064 1644 orationis
3098 1593 3275 1640 certa.

1699 1692 2022 1764 tnineldicta
2051 1696 2375 1764 sanctorum
2409 1686 2636 1755 scripto-
2669 1683 2811 1737 edita
2851 1679 3176 1749 collegimus
3209 1675 3274 1727 ad

1700 1783 2212 1841 demomstrandum
2263 1778 2600 1834 sanctissimi
2637 1775 2879 1846 Spiritus
2928 1787 3025 1840 per
3075 1767 3275 1822 Filium

1699 1893 1766 1933 ex
1824 1877 1985 1932 Patre
2033 1875 2442 1940 exsistentiam,
2487 1887 2652 1943 quam
2702 1870 2804 1940 ipsi
2843 1879 3047 1922 temere
3082 1872 3134 1918 et
3169 1877 3278 1916 non

71 1961 176 2030 πρὸς
231 1957 321 2028 τὴν
360 1956 576 2010 ἑαυτῶν
615 1956 1091 2030 προϐαλλομένους
1125 1961 1274 2030 ἡμᾶς
1331 1960 1595 2014 σύστασιν

1703 1975 1911 2043 absque
1955 1985 2145 2026 errore
2176 1968 2411 2024 .inficias
2467 1974 2621 2021 eunt.
2670 1962 2782 2018 Nec
2829 1959 2981 2031 parvi
3015 1952 3280 2012 momenti

69 2055 138 2106 καὶ
164 2052 214 2104 τὸ
245 2050 314 2120 μὴ
349 2050 448 2118 τὴν
477 2049 599 2102 ὁδὸν
626 2049 856 2122 ταύτην,
884 2050 958 2115 ὼς
1007 2052 1131 2104 νέαν
1178 2053 1273 2106 καὶ
1301 2053 1590 2125 ἀρτιτρισῆ

65 2147 277 2214 ἄντικρυς
307 2142 526 2196 ὁδεῦσαι
557 2144 730 2213 ἡμᾶς,
764 2143 880 2197 ἀλλ’
907 2143 980 2209 ὡς
1015 2144 1162 2212 ἅπαξ
1193 2148 1344 2213 παρά
1378 2132 1470 2198 τοῦ
1495 2161 1592 2213 μευ

64 2236 194 2304 γάλου
219 2234 464 2304 Μαξίμου
498 2234 888 2291 διοδευθεῖσαν.
961 2236 1202 2299 Ἐκεῖνος
1243 2237 1352 2308 γὰρ
1381 2237 1595 2307 πρῶτος

63 2327 197 2388 αὐτὴν
218 2327 305 2381 καὶ
325 2325 512 2397 ἔτεμε,
561 2329 656 2380 καὶ
680 2325 960 2394 διώδευσε,
990 2332 1018 2382 6
1046 2329 1156 2383 τῶν
1172 2329 1420 2384 Λατίνων
1448 2329 1599 2382 ὲλευ-

62 2421 164 2490 θέρᾳ
191 2420 399 2481 πάντως
456 2419 827 2490 ὑπερηγορῶν
856 2422 1096 2493 γλώττῃ,
1135 2423 1198 2477 ὲκ
1235 2421 1450 2492 Πατρὸς
1501 2423 1596 2476 καὶ

63 2513 162 2566 1⁸ίοῦ
182 2511 579 2583 ἐκπορεύεσθαι
626 2512 895 2581 λεγόντων
918 2515 980 2567 τὸ
1029 2514 1274 2585 Πνεῦμα,
1303 2519 1397 2569 καὶ
1424 2516 1506 2578 είς
1540 2517 1598 2569 τὺ

58 2605 105 2656 in
131 2605 324 2674 Πατρὶς
368 2603 436 2656 δι’
465 2603 601 2656 Υἱοῦ
629 2603 727 2671 τὴν
748 2605 1120 2678 ύπερηγορίαν
1149 2605 1346 2661 ἑαυτοῦ
1377 2607 1600 2661 ἀποτεί-

57 2714 156 2750 νων.
178 2699 276 2751 Καὶ
306 2696 369 2749 σὺ
402 2696 587 2766 μὲντὸ
613 2696 712 2766 τῆς
744 2697 1087 2764 διαγνώσεως
1113 2697 1285 2761 οὕτως
1309 2699 1597 2768 ἀπροσπα-

53 2787 124 2848 θὲς
155 2788 384 2859 τήρησον
405 2804 420 2819 ο
453 2788 508 2841 οἱ
541 2787 602 2842 δὲ
631 2790 701 2841 τὰ
724 2789 849 2842 καθ’
897 2789 1055 2860 ἡμῶν
1105 2791 1377 2862 ἁπόφημα
1407 2792 1602 2860 θρασεῖ

51 2882 124 2932 καὶ
148 2880 405 2951 ἀπυλώτῳ
435 2881 876 2952 ἀπερευξάμενοι
898 2883 1150 2953 στόματι,
1180 2884 1212 2955 ἢ
1235 2887 1328 2938 καὶ
1349 2885 1601 2957 τολμηρᾷ

46 2975 166 3043 χειρὶ
189 2977 369 3046 γραφῇ
423 2977 773 3044 παραδόντες
822 2977 981 3038 αὐτὰ,
1045 2980 1158 3030 ἐκεῖ
1192 2979 1601 3050 ἀντικαταστήο

48 3067 202 3118 omni
235 3084 348 3135 μοι,
391 3071 535 3122 ὅπου
570 3069 764 3139 κριτὴς
785 3072 813 3123 6
839 3069 949 3123 τῶν
982 3069 1206 3124 ἐννοιῶν
1234 3071 1472 3132 καθίσει,
1509 3073 1604 3126 καὶ

41 3157 362 3228 ἐνθυμήσεων
390 3163 668 3231 ὲταστής.
708 3163 784 3216 Οὐ
810 3161 919 3231 γὰρ
932 3163 996 3230 δὴ
1017 3163 1177 3217 κάκεῖ
1194 3164 1292 3234 τῆς
1319 3164 1605 3227 ἐκπορεύ-

1702 2076 1811 2131 est,
1852 2073 1908 2119 et
1935 2063 2097 2118 velim
2133 2062 2300 2122 scias.
2335 2059 2482 2128 quod
2524 2073 2627 2112 nos
2663 2056 2857 2111 horum
2898 2052 2964 2106 ad
3016 2060 3278 2116 compro-

1704 2155 1981 2211 bationem
2032 2151 2390 2223 proponimus
2421 2189 2436 2215 ,
2494 2149 2636 2202 hanc
2689 2132 2833 2198 viam
2890 2157 3000 2196 non
3057 2139 3135 2193 uti
3185 2151 3282 2190 no-

1702 2263 1849 2310 vam,
1899 2259 2000 2300 nec
2050 2244 2126 2299 uti
2180 2245 2292 2314 jam
2348 2256 2494 2297 nunc
2544 2253 2735 2294 recens
2793 2236 2978 2291 tritam
3037 2247 3105 2286 ex
3157 2244 3282 2299 pro-

1703 2341 1849 2397 fesso
1906 2340 2184 2408 ingressos
2234 2351 2377 2400 esse,
2419 2335 2515 2390 sed
2566 2332 2734 2388 semel
2792 2344 2823 2383 a
2876 2341 3073 2397 magno
3108 2322 3277 2378 Maxi—

1705 2449 1796 2488 mo
1826 2432 2090 2486 calcatam
2119 2472 2132 2495 ,
2169 2430 2285 2498 ipse
2335 2427 2603 2497 siquidem
2647 2425 2858 2494 primus
2889 2421 3036 2475 illam
3067 2427 3122 2473 et
3151 2429 3280 2485 ape-

1709 2524 1820 2580 ruit
1850 2530 1906 2578 et
1936 2522 2290 2593 pertransivit
2317 2561 2332 2586 ,
2368 2520 2472 2590 iqui
2505 2519 2678 2573 libera
2712 2516 2898 2584 lingua
2953 2510 3280 2565 Latinorum

1705 2615 2084 2672 defensionem
2129 2613 2419 2680 suscepit,
2457 2611 2551 2680 qui
2585 2607 2878 2664 tradebant
2915 2602 3181 2672 Spiritum
3217 2615 3283 2654 ex

1709 2707 1874 2762 Patre
1905 2715 1960 2761 et
1986 2705 2126 2760 Filio
2161 2705 2461 2774 procedere
2488 2742 2502 2765 ,
2551 2699 2929 2754 defensionem
2966 2693 3020 2748 in
3052 2691 3184 2745 illud
3217 2704 3282 2743 ex

1708 2800 1868 2855 Patre
1937 2814 2034 2869 per
2099 2795 2297 2851 Filium
2371 2795 2733 2856 continuare,
2787 2785 3052 2842 extendit.
3105 2783 3171 2837 Et
3228 2791 3284 2835 tu

1709 2893 1929 2965 quidem
1988 2892 2109 2948 sine
2153 2890 2268 2946 ullo
2320 2887 2514 2944 affectu
2575 2883 2957 2955 dignationem
3007 2876 3279 2949 perficito.

1709 2987 1814 3052 Qui
1849 3001 1978 3041 vero
2029 2995 2221 3042 contra
2282 3001 2382 3039 nos
2444 2982 2789 3044 inominata,
2848 2987 2902 3033 et
2957 2989 3079 3044 quae
3129 2971 3277 3027 dicto

1714 3082 2023 3150 exprimere
2063 3079 2216 3134 nefas
2257 3088 2339 3132 est
2367 3119 2380 3142 ,
2435 3075 2627 3130 audaci
2679 3072 3000 3138 eﬂrenoque
3032 3081 3127 3120 ore
3155 3079 3286 3118 cru-

1712 3179 1956 3238 ctarunt,
1987 3179 2081 3224 aut
2109 3169 2400 3224 temeraria
2429 3181 2594 3220 manu
2621 3164 2829 3232 scripto
2863 3157 3286 3218 commiserunt,

39 3267 143 3355 εται
183 3253 501 3355 ἀνθέξονται
534 3253 758 3320 λέξεως,
792 3257 886 3308 καὶ
915 3255 1016 3308 ὅσα
1057 3253 1292 3310 ἐνταῦθα
1312 3258 1448 3327 ἡμῖν
1475 3258 1596 3328 περλ

1713 3281 1779 3320 ex
1810 3263 2043 3318 adverso
2102 3260 2533 3324 constituentur,
2569 3258 2659 3312 ubi
2716 3255 2884 3326 iudex
2939 3250 3194 3308 cordium
3233 3258 3288 3302 et

35 3343 207 3410 ταύτης
251 3343 746 3416 διενοχλήσουσιν,
794 3345 931 3398 ἀλλὰ
975 3346 1068 3399 καὶ
1125 3347 1258 3417 πρὶν
1289 3347 1439 3416 ἡμᾶς
1473 3347 1596 3419 περὶ

1707 3354 2100 3424 cogitationum
2162 3351 2414 3420 cognitor
2470 3348 2704 3404 sedebit.
2766 3345 2954 3414 Neque
3012 3341 3158 3396 enim
3215 3337 3288 3392 ibi

38 3436 212 3504 ταύτης
246 3437 737 3508 ἀπολογήσασθαι,
763 3437 859 3492 ἆτε
885 3438 1080 3509 κριτὴς
1106 3437 1326 3493 ἐννοιῶν
1344 3438 1373 3491 6
1392 3439 1606 3510 κριτὴς,

1713 3458 1816 3515 pro
1843 3444 2093 3499 dictione
2122 3441 2442 3513 procedendi
2481 3448 2669 3494 contra
2710 3452 2832 3493 sese
2862 3440 3180 3506 opponent,
3233 3437 3290 3483 et

33 3529 143 3628 πρς
165 3528 259 3598 τὴν
293 3527 521 3584 ἔννοιαν
561 3529 781 3592 πάντως
815 3531 1007 3600 ἀπίδῃ,
1048 3531 1173 3585 καθ’
1202 3529 1269 3600 ἢν
1299 3531 1462 3601 ἡμεῖς
1506 3528 1596 3602 τὴι

1715 3550 1852 3606 quas
1905 3536 2066 3591 nobis
2112 3535 2200 3591 hic
2258 3550 2357 3606 pro
2405 3549 2468 3590 ea
2517 3531 2798 3587 molestias
2850 3527 3270 3584 exhibuerunt,

33 3618 120 3669 τῶν
146 3622 501 3692 Ἐκκλησιῶν
525 3625 757 3695 εἰρήνην
787 3623 1426 3696 διεπραγματευσάμεθα
1443 3663 1458 3689 ,
1511 3622 1596 3678 καλ

1714 3627 2095 3694 renovabunt,
2151 3627 2244 3682 sed
2293 3636 2347 3682 et
2397 3636 2691 3691 antequam
2747 3637 2847 3676 nos
2895 3621 2962 3674 de
2995 3633 3059 3672 ea
3090 3613 3289 3669 defen-

27 3713 131 3781 περὶ
171 3715 357 3784 ἡμῶν
386 3717 548 3787 μετὰ
580 3717 682 3788 τῆς
727 3717 905 3771 αὐτῶν
953 3717 1201 3792 ἐμφύτου
1233 3718 1604 3787 ἀποφανεῖται

26 3808 397 3878 χρηστότητος.

19 3896 344 3970 introspiciet
373 3945 389 3968 ,

20 3995 130 4044 tiam
160 3994 437 4063 proferet.

1713 3719 1924 3775 sionem
1974 3719 2327 3774 exordiamur
2356 3758 2371 3784 ,
2430 3716 2596 3772 veluti
2651 3713 3065 3786 cogitationum.
3096 3707 3290 3778 iudex,

1713 3815 1858 3885 apud
1888 3829 2050 3884 quem
2082 3814 2353 3883 judicium
2386 3812 2590 3878 Stabit,
2623 3808 3013 3880 cogitationem
3064 3813 3294 3873 prorsus

491 3920 612 3975 qua
659 3920 760 3962 nos
816 3906 1183 3964 Ecclesiaru
1235 3921 1422 3977 pacem
1481 3908 1895 3979 promovimus,
1928 3919 1982 3964 et
2035 3909 2103 3964 de
2175 3907 2335 3964 nobis
2407 3921 2507 3963 sua
2542 3907 2731 3962 innata
2796 3900 3042 3958 bonitate
3070 3906 3295 3954 senten-

2885 4125 3239 4142 ﬂ

1915 4135 2321 4151 Im

1138 4253 1486 4387 ΤΟΥ
1580 4250 2155 4384 ΑΥΤΟΥ

1308 4593 1312 4596 _
1338 4479 1955 4567 ΑΠΟΛΟΓΙΑ.

3 4629 158 4683 ΓΠΕΡ
203 4630 356 4685 ΤΟΥ
401 4629 534 4684 ΜΗ
584 4626 694 4679 ΕΙΣ
758 4626 1197 4683 ANATPOHHN
1241 4629 1377 4682 ΤΩΝ
1445 4627 1827 4682 ΗΜΕΤΕΡΩΝ
1876 4628 2055 4682 ΕΘΩΝ
2104 4626 2432 4682 ΔΕΞᾹΣΘᾹΙ
2489 4626 2632 4680 ΤΗΝ
2691 4626 2827 4677 ΤΩΝ

2887 4625 3288 4678 ΕΚΚΑΗΣῙΩΝ

49 4701 329 4763 anth.
360 4697 1212 4771 AAlg’ElgﬁlIfﬂl‘lle'l‘llN
1247 4698 1333 4752 EN
1371 4699 1596 4769 xmm

1703 4700 1787 4754 lIA
1817 4700 1905 4755 ΤΟ
1950 4699 2351 4753 ΣΥΜΦΩΝΕΙΝ
2382 4697 2606 4752 ΑΥΤΑΣ
2640 4697 2990 4749 ΑΛΛΙΙΛΑΙΣ
3025 4695 3128 4748 ΕΙΣ
3154 4696 3297 4750 'l'HN

48 4772 129 4822 ῚὈ
143 4774 180 4823 l'
212 4768 635 4824 ΔΟΓΜΛΤΟΣ
665 4767 999 4823 ΕΝΝΟΙΑΝ.

1247 5013 2128 5144 EJUSDEM

1363 5249 2019 5361 APOLOGIA.‘

1 5449 233 5513 lULLO
309 5439 607 5508 MODO
649 5436 1015 5498 NOSTRAS
1072 5433 1727 5498 CONSUETUDINES
1773 5434 2142 5506 DESTRUI,
2197 5435 2265 5496 SI
2320 5436 2875 5498 ECCLESIARUM
2937 5436 3301 5498 UNIONEM

29 5520 646 5591 ACCEPTAMUS,
673 5517 821 5579 SED
854 5518 962 5576 AD
994 5514 1536 5577 CONCILIANDA
1552 5515 1602 5572 Μ
1632 5514 1712 5574 ιΝ
1745 5514 2084 5574 CHRISTO
2130 5515 2401 5576 PACEM
2439 5515 2767 5577 MULTUM
2802 5517 3277 5577 CONDUCEBE

27 5561 285 5682 ὃῦἴῖἷ
315 5561 1396 5667 ἶὲῗὲιῖἔὲἶιῖᾌέὲὲῑιῖἕῦὄ
1410 5561 2410 5667 ’ὗόὄιίλίῐῖξόιῆἶνΕΝῑῦᾗῖί
2441 5561 2640 5577 "ww
2666 5561 2767 5576 “””
2805 5561 3300 5591 "ww

1332 5723 1537 5789 (Graecia
1568 5724 1762 5774 orthod.
1797 5723 1859 5783 ll,
1897 5722 2001 5784 οι.)

25 5873 90 5927 α’.
129 5877 450 5946 Πρόσεχε,
510 5865 752 5938 οῦρανέ,
794 5865 888 5920 καὶ
923 5865 1163 5936 λαλήσω,
1210 5865 1305 5917 καί
1370 5864 1596 5917 ἀκουέτω

1803 5865 1848 5916 l.
1890 5862 2142 5946 attende,
2175 5861 2371 5917 coelum
2397 5900 2412 5926 ,
2473 5869 2525 5915 et
2557 5861 2752 5930 loquar
2781 5879 2795 5915 :
2826 5871 2880 5918 et
2937 5861 3123 5916 audiat
3151 5870 3296 5916 terra

3 5986 15 6021 ι
47 5970 298 6042 ῥήματα
331 5968 414 6024 ἐκ
448 5962 754 6035 στόματός
796 5978 918 6032 μου.
956 5958 1199 6032 Οὐρανὸν
1239 5957 1334 6014 καὶ
1377 5957 1477 6030 γῆν
1513 5955 1596 6027 ὲγί

1733 5955 1896 6012 verba
1958 5955 2069 6010 oris
2122 5956 2244 6011 mci.
2282 5951 2495 6009 Caelum
2536 5961 2590 6010 ct
2633 5961 2830 6011 terram
2866 5955 3028 6011 hodie
3055 5967 3302 6012 meorum
