3932 6574
213 420 360 492 1013

1648 429 1688 486 Α
1701 425 1933 486 PULOG
1946 426 2039 487 ΙᾹ.

3327 421 3461 482 10H

201 539 292 598 ὧν
327 547 359 615 ἡ
390 542 508 597 καθ’
538 542 696 614 ἡμῶν
724 548 1056 614 συκοφαντία
1085 546 1364 618 πανταχοῦ
1392 548 1778 602 διακεκωδώνι

1897 543 2114 608 nimus,
2153 558 2387 613 quorum
2447 559 2611 600 causa
2663 544 2925 598 adversus
2973 557 3072 595 nos
3123 549 3328 593 structa
3365 557 3461 594 ιά-

204 652 359 690 ιτται.
399 635 585 689 Ἀπλοῐ
604 636 712 706 γὰρ
738 636 890 700 ὄντες
915 641 1076 708 ἡμεῖς
1107 641 1197 692 καὶ
1245 640 1344 712 τὴν
1374 642 1515 694 κατά
1549 641 1787 710 Χριστὸν

199 725 495 796 ἁπλότησα
520 726 594 790 ὡς
620 727 834 797 ἱμάτιον
867 728 1294 801 ἀμφιεννύμενοι
1332 732 1664 804 ἀπερίεργον
1688 732 1787 803 τὴν

201 817 508 884 ἀπολογίαν
537 819 908 889 ποιησόμεθα,
932 821 1032 891 τῆς
1070 823 1347 894 ἀῤῥεποῦς
1366 826 1476 879 τῶν
1501 826 1788 894 ἀκροατῶν

198 908 551 976 διαγνώσεως
577 913 1004 983 ἀναρτήσαντες,
1047 918 1337 987 ἐπιστῆσαι
1357 920 1449 972 καὶ
1476 919 1786 990 ἀκριϐώσας

201 1000 477 1063 σθαι,είτε
508 1003 648 1056 κατά
675 1005 765 1056 τὸν
783 1009 846 1076 τῇ
883 1005 1182 1080 Ἐκκλησία
1215 1010 1586 1078 παραδοθέντα
1616 1012 1787 1066 τύπον

197 1094 312 1146 ὑπὸ
329 1095 440 1147 τῶν
465 1095 723 1164 Πατέρων
751 1101 1172 1171 συνηγοροῦντες
1203 1106 1366 1173 ἡμεῖς
1389 1106 1556 1174 ἐσμεν
1587 1109 1653 1177 τῇ
1684 1109 1786 1177 τῆς

207 1183 441 1253 Ῥώμης
477 1185 776 1259 Ἐκκλησία
807 1189 899 1241 ἐπὶ
921 1194 985 1260 τῇ
1019 1193 1075 1244 ἐν
1108 1193 1184 1264 τῷ
1207 1194 1467 1266 Συμϐόλῳ
1501 1197 1651 1267 παρά
1677 1197 1787 1250 τῶν

206 1275 506 1345 Ῥωμαίων
547 1279 816 1352 γενομένῃ
843 1283 1153 1356 προσθήκῃ,
1173 1284 1283 1339 εἴτε
1315 1287 1455 1342 κατά
1471 1305 1593 1342 τινα
1628 1289 1787 1362 temp-

198 1367 449 1435 ῥυθμίαν
473 1370 722 1441 γνώμης,
752 1374 845 1427 καὶ
871 1374 945 1438 ὡς
967 1376 1016 1428 oi
1047 1377 1424 1445 διαϐάλλοντές
1450 1397 1605 1448 φασι,
1627 1398 1784 1454 περι-

202 1461 478 1528 φρόνησιν
509 1463 649 1518 ἐθῶν
674 1466 846 1519 τεκαὶ
871 1468 1079 1532 τάξεων
1109 1473 1416 1541 πατρικῶν.
1449 1475 1660 1528 Αὐτίκα
1693 1476 1784 1529 τὸν

190 1551 298 1603 τοῦ
349 1551 832 1622 Ἑκκλησιαστικοῦ
859 1562 1244 1631 στερεὼματος
1289 1565 1460 1633 ἥλιον,
1484 1565 1576 1618 τδν
1613 1568 1785 1622 πολὺν

194 1647 301 1698 καὶ
344 1646 602 1714 μέγιστον
641 1649 991 1718 Ἀθανάσιον,
1015 1647 1076 1708 οὗ
1123 1656 1219 1708 καὶ
1243 1656 1272 1709 ὁ
1306 1655 1464 1724 λόγος
1489 1656 1778 1727 ἀήττητος,

192 1736 300 1789 καὶ
332 1739 578 1808 ὀτρὸπος
609 1741 908 1812 ἀμίμητος,
941 1747 1063 1798 ἐπεὶ
1082 1747 1142 1800 ἐν
1191 1749 1312 1811 ταῖς
1354 1749 1589 1819 ἡμέραις
1616 1749 1781 1804 αὐτοῦ

194 1828 502 1939 auditaaqu
536 1831 598 1886 οὐ
629 1833 689 1887 τὸ
712 1837 873 1906 τυχὸν
896 1837 1174 1909 ἀνερράγη
1206 1839 1372 1909 μέσον
1402 1839 1513 1894 τῶν
1551 1841 1782 1911 Ἐκκλη-
1813 1887 1853 1942 Β

195 1918 340 1972 σιῶν
370 1921 575 1976 τούτων
619 1925 823 1990 αὐτῶν,
859 1929 987 1998 περὶ
1013 1925 1088 1981 ὧν
1113 1928 1210 1983 νῦν
1235 1931 1265 1984 ὁ
1307 1928 1468 1999 λόγος
1499 1932 1654 2000 ἡμῖν,
1691 1931 1779 1985 εὑ-

193 2009 471 2080 ρίσκομεν
521 2015 622 2084 τὴν
675 2015 1026 2086 καταλλαγὴν
1075 2018 1405 2090 ἀμφοτέρων
1469 2021 1647 2074 οὐδενὶ
1703 2021 1782 2092 τῷ

189 2101 350 2172 ἄλλῳ
384 2105 571 2174 τρόπῳ
613 2105 1190 2180 διοικονομησάμενον,
1229 2113 1344 2166 ἀλλ’
1374 2112 1406 2183 ἢ
1444 2113 1523 2185 τῷ
1553 2131 1781 2184 συνηγοο

191 2195 368 2264 ρῆσαι
404 2199 469 2268 τῇ
514 2196 798 2270 Ῥωμαϊκῇ
841 2202 1160 2274 Ἐκκλησία.
1191 2203 1277 2274 ἐφ’
1301 2199 1384 2268 οἷς
1414 2205 1466 2257 oi
1513 2208 1651 2260 κατὰ
1683 2207 1780 2275 τήν

199 2286 388 2356 Ἐῴαν
419 2289 558 2358 πρὸς
585 2292 882 2346 ἀντίπαλον
907 2297 1106 2366 μοῖραν
1137 2299 1263 2361 τοὺς
1292 2299 1352 2352 ὲν
1385 2299 1570 2374 ἐκείνῃ
1592 2300 1781 2370 κεκρί-

186 2396 354 2435 κασι.
389 2382 499 2435 Καὶ
529 2383 670 2452 τίςὴ
709 2388 1048 2458 συνηγορίας
1083 2389 1246 2452 αὐτὸς
1282 2391 1491 2455 ἐκεῖνος
1544 2389 1778 2448 ενταῦθα

185 2474 438 2544 παρίτω,
495 2477 590 2528 καὶ
623 2479 744 2541 ταῖς
771 2481 836 2549 τῇ
879 2480 1044 2534 αὑτοῦ
1073 2481 1292 2555 γλώσσῃ
1339 2485 1780 2556 ὲκφωνηθείσαις

187 2564 416 2629 λέξεσιν
464 2570 858 2638 ἀπαγγελλέτω
901 2573 1053 2643 ἡμῖν.
1101 2575 1192 2630 Ἐν
1218 2576 1328 2646 γὰρ
1360 2577 1440 2648 τῷ
1469 2577 1608 2648 πρὸς
1654 2579 1779 2633 ‘Av-

185 2657 404 2725 τιοχετς
459 2660 612 2731 τόμῳ
654 2663 794 2716 οὕτω
840 2667 1035 2735 φησίν·
1103 2666 1224 2734 Οὓς
1266 2669 1376 2737 γὰρ
1445 2670 1780 2740 ἐμέμφοντό

185 2763 396 2815 τινες,
450 2751 530 2818 ὡς
584 2758 741 2822 τρεῖς
793 2756 1084 2827 λέγοντας
1132 2762 1504 2830 ὑποστάσεις
1556 2765 1655 2820 διὰ
1709 2766 1778 2820 τὸ

183 2839 508 2910 ἀγράφους
572 2844 672 2898 καί
739 2848 1054 2914 ὑπόπτους
1112 2850 1398 2906 ἐντεῦθεν
1463 2851 1616 2908 εῖναι
1669 2857 1777 2924 τὰς

183 2933 422 3001 λέξεις,
465 2937 760 3008 ἠξιοῦμεν
807 2941 1003 3010 μηδὲν
1057 2945 1250 2999 πλέον
1309 2945 1606 3014 ἐπιζητεῖν
1663 2949 1776 3018 τῆς

187 3028 354 3082 κατὰ
399 3029 657 3084 Νίκαιαν
707 3034 1062 3102 ὀμολογίας’
1114 3036 1464 3106 ἀνακρίνειν
1508 3039 1578 3093 δὲ
1619 3041 1775 3112 ὅμως

186 3120 452 3186 τούτους
486 3121 586 3176 διὰ
615 3123 730 3190 τὴν
744 3129 1140 3194 φιλονεικίαν,
1160 3129 1246 3199 μὴ
1270 3130 1384 3199 ἄρα
1407 3133 1486 3198 ὡς
1505 3135 1560 3188 οἱ
1596 3135 1775 3205 Ἀρει-

1890 631 2095 688 lumnia
2134 635 2337 705 ubique
2371 637 2612 690 locorum
2669 633 2866 687 dill‘usa
2894 641 2997 686 est.
3052 629 3301 698 Namque
3329 644 3453 682 cum

1892 739 1992 778 nos
2026 725 2303 795 simplices
2339 726 2538 789 simus,
2573 742 2694 795 qua:
2723 725 2934 781 Christi
2967 733 3074 787 est,
3106 721 3460 790 simplicitate

1889 817 2290 873 circumamicti
2312 859 2328 883 ,
2369 819 2578 888 absque
2610 819 2721 874 ullo
2766 816 3002 872 artiﬁcio
3034 815 3450 886 responsionem

1888 914 2130 975 edemus,
2184 920 2432 967 neutram
2486 911 2540 965 in
2575 919 2782 981 partem
2838 923 3110 980 propenso
3148 907 3460 960 auditorum

1885 1003 2094 1074 judicio
2133 1005 2558 1067 committentes,
2611 1014 2670 1058 ut
2713 1011 2922 1057 attento
2954 1003 3140 1056 animo
3181 999 3434 1052 examine

1890 1105 1979 1149 tur
2024 1106 2190 1164 atque
2212 1093 2557 1165 dijudicetur,
2587 1111 2652 1149 au
2673 1094 2847 1149 forma
2872 1110 2901 1148 a
2935 1093 3188 1148 Patribus
3209 1092 3464 1146 Ecclesiae

1887 1186 2143 1241 traditam
2193 1185 2491 1240 Ecclesiam
2551 1183 2854 1240 Romanam
2908 1198 3008 1253 pro
3039 1183 3348 1246 additione,
3391 1180 3462 1234 ab

1887 1278 2074 1333 eadem
2145 1276 2199 1331 in
2236 1275 2496 1349 Symbolo
2542 1276 2704 1342 facta,
2774 1275 3145 1338 defendimus,
3204 1289 3272 1328 an
3332 1288 3463 1328 vero

1888 1370 2108 1440 propria
2141 1371 2410 1426 sententia
2449 1380 2655 1426 temere
2695 1367 2854 1434 moti,
2885 1376 2960 1432 et,
3009 1376 3069 1422 ut
3110 1377 3464 1422 accusatores

1890 1461 2260 1528 contendunt,
2316 1472 2630 1517 nostrarum
2663 1461 3123 1516 consuetudinum
3175 1473 3238 1514 ac
3280 1469 3462 1528 pater-

1885 1565 2079 1608 norum
2113 1554 2366 1609 ordinum
2405 1555 2672 1624 neglectu.
2705 1551 2912 1609 Etaute
2938 1552 3078 1606 alios
3105 1550 3462 1606 ecclesiastici

1886 1643 2210 1698 Ilrmameuti
2241 1644 2433 1709 solem,
2469 1659 2687 1714 gravem
2731 1643 2784 1697 in
2815 1643 2980 1698 rebus
3009 1641 3236 1713 agendis
3263 1651 3316 1694 et
3347 1655 3463 1693 ma-

1885 1737 2090 1792 ximum
2129 1739 2512 1801 Athanasium,
2557 1738 2717 1808 cujus
2755 1752 2936 1793 sermo
3002 1735 3461 1806 inexiiuguabilis.

1882 1836 1937 1884 et
1966 1829 2091 1885 vitae
2125 1833 2268 1886 ratio
2299 1832 2640 1886 inimitabilis
2671 1827 2920 1896 est,cdm
2948 1847 3048 1885 suo
3078 1845 3194 1886 arvo
3228 1826 3462 1884 scanda-

1885 1919 1996 1974 lum
2027 1935 2132 1976 uon
2160 1919 2277 1976 leve
2305 1923 2446 1978 inter
2476 1922 2575 1978 has
2597 1922 2814 1978 easdem
2840 1921 3136 1985 Ecclesiae,
3161 1920 3230 1974 de
3259 1917 3461 1987 quibus

1883 2025 1986 2066 nos
2011 2013 2174 2065 modo
2202 2011 2365 2066 verba
2393 2011 2643 2077 facimus,
2675 2021 2926 2066 exortum
2952 2019 3117 2073 esset,
3144 2005 3460 2063 earumdem

1883 2104 2379 2160 reconciliationem
2418 2105 2568 2158 nullo
2617 2105 2722 2158 alio
2753 2106 2914 2158 modo
2945 2101 3224 2172 peregisse
3251 2099 3460 2154 iuveni-

1883 2213 2028 2263 mus,-
2060 2213 2222 2266 quam
2276 2198 2535 2253 Romanae
2565 2197 2882 2253 defensione
2932 2196 3000 2250 de
3061 2195 3130 2250 iis
3175 2203 3454 2261 suscepta,

1881 2303 1982 2358 pro
2013 2289 2219 2358 quibus
2257 2303 2368 2342 rem
2424 2286 2731 2343 Orientales
2777 2289 2830 2342 in
2866 2286 3202 2342 contrariam
3244 2293 3456 2354 partem

1881 2382 2159 2436 trahentes
2189 2380 2464 2435 Ruinanos
2493 2379 2956 2435 condemnabaut.
2986 2378 3116 2444 Qua:
3141 2393 3268 2432 vero
3297 2378 3460 2430 fuerit

1879 2473 2156 2540 defensio,
2185 2474 2328 2530 idem
2357 2474 2448 2529 hic
2494 2475 2718 2530 veniens
2758 2481 2971 2529 suamet
3008 2472 3192 2542 lingua
3235 2470 3458 2524 dictatis

1880 2569 2108 2624 vocibus
2143 2568 2302 2623 nobis
2349 2567 2640 2639 signiﬁcet.
2688 2567 2936 2636 Namque
2985 2564 3052 2620 ad
3087 2564 3455 2619 Antiochenos

1881 2670 2028 2713 tomo
2053 2659 2197 2714 hunc
2234 2660 2286 2714 in
2321 2659 2539 2714 modum
2563 2659 2848 2714 edisserit:
2880 2656 2996 2714 Illis
3023 2660 3186 2722 enim,
3217 2658 3305 2726 qui
3328 2672 3457 2710 non-

1879 2749 2052 2804 nullos
2090 2749 2428 2816 incusabant,
2471 2758 2528 2803 ut
2561 2749 2722 2803 trium
2771 2749 3116 2818 hypostaseon
3165 2746 3455 2816 amrmato-

1878 2860 1982 2908 res,
2009 2861 2128 2899 cum
2151 2843 2457 2914 hujusmodi
2504 2859 2652 2898 uoces
2698 2843 2756 2898 in
2800 2841 3092 2910 Scripturis
3125 2856 3227 2894 non
3261 2839 3458 2908 reperi-

1879 2949 2083 3005 rentur,
2117 2954 2180 2991 ac
2211 2937 2432 3007 proinde
2471 2946 2730 3007 suspecta
2765 2936 2933 2992 uideri
2952 2944 3183 3006 possent,
3215 2945 3457 2988 auctores

1875 3031 2098 3100 fuimus,
2137 3046 2198 3084 ne
2227 3030 2460 3099 amplius
2501 3031 2554 3083 in
2577 3029 2850 3084 Niccenam
2875 3028 3254 3097 confessionem
3284 3027 3457 3097 inqui-

1879 3133 2050 3178 rerent
2084 3124 2220 3179 :setl
2257 3132 2432 3176 tamen
2480 3123 2543 3176 de
2588 3123 2703 3175 istis
2750 3123 2812 3176 ob
2855 3121 3200 3189 pervicaciam
3242 3120 3458 3174 rixandi

186 3213 472 3280 ομανῒται
525 3217 817 3284 λέγουσιν
866 3219 1434 3293 ἀπηλλοτριωμένας
1464 3225 1558 3279 καί
1585 3226 1771 3282 ἀλλο-

1880 3218 2093 3288 qtttestio
2154 3224 2231 3270 est
2290 3214 2511 3279 ltabita,
2563 3214 2975 3283 interrogatique
3028 3221 3170 3277 sunt,
3234 3227 3359 3265 nunt
3392 3225 3458 3264 ea:

185 3306 542 3372 τριουσίους
561 3307 872 3376 ἀλλήλωνο
909 3313 944 3380 ἣ
968 3312 1047 3377 ὠς
1075 3313 1254 3367 ἄλλοι
1279 3315 1558 3384 αίρετικοί
1616 3317 1773 3385 τρεῖς

180 3396 387 3465 ἀρχὰς
449 3398 546 3452 καί
595 3401 750 3469 τρεῖς
782 3403 958 3471 θεοὺς
994 3404 1269 3474 λέγουσι.
1329 3407 1442 3462 Καὶ
1510 3408 1650 3479 μετά
1675 3410 1774 3481 τὴν

188 3490 333 3558 ’παρ’
363 3491 543 3544 αὐτῶν
591 3495 1010 3566 προενεχθεῖσαν
1061 3497 1360 3568 ἑρμηνείαν
1407 3501 1517 3554 τῶν
1575 3499 1775 3567 λέξεων

187 3584 278 3644 εἰς
347 3580 558 3638 ἔννοιαν
597 3585 796 3654 εὐσεϐῆ
847 3589 1140 3659 ἐπιφέρει⁸
1205 3593 1672 3664 Ἀποδεξάμενοι
1708 3597 1776 3650 δὲ

186 3672 428 3729 τούτων
449 3676 564 3745 τὴν
592 3679 919 3748 ἑρμηνείαν
947 3681 1068 3736 τῶν
1086 3683 1334 3751 λέξεων,
1365 3688 1463 3742 καί
1487 3689 1603 3756 τὴν
1627 3689 1774 3744 ἀπο-

184 3767 414 3831 λογίαν
433 3768 750 3841 ἐκρίναμεν
766 3772 910 3840 τοὺς
931 3775 1346 3844 αἰτιασθέντιις
1376 3780 1534 3846 παρὰ
1549 3781 1779 3835 τούτων

187 3863 277 3927 ὡς
296 3861 588 3932 λέγοντας
612 3866 760 3934 μίαν
785 3866 1149 3933 ὑπόστασιν,
1174 3869 1260 3938 μὴ
1303 3870 1417 3938 ἄρα
1443 3873 1524 3937 ὡς
1554 3873 1777 3928 suam-

191 3957 332 4019 ,ιιος
375 3955 602 4021 φρονεῖ,
635 3955 790 4009 οὕτω
828 3958 924 4010 καὶ
960 3954 1126 4013 οὗτοι
1159 3957 1454 4030 λέγουσιν
1478 3963 1576 4015 ἐπὶ
1609 3965 1778 4019 ἀναι-

191 4044 363 4111 ιέσει
396 4044 502 4098 τοῦ
565 4046 703 4100 Υίοῦ
740 4047 838 4100 καὶ
875 4049 980 4102 τοῦ
1019 4050 1192 4113 ἁγίου
1226 4056 1595 4122 Πνεύματος.
1644 4053 1780 4110 Εἶτα

192 4137 412 4206 καὶτὴν
467 4137 646 4191 αὐτῶν
690 4140 780 4193 ἐπὶ
828 4143 895 4211 τῇ
929 4141 1214 4210 ἀνακρίσει
1264 4145 1438 4217 ταύτῃ
1487 4146 1781 4216 ἀπολογίαν

201 4228 651 4297 καταστρωννὺει
686 4230 762 4300 τῷ
814 4230 980 4302 λόγῳ,
1023 4233 1118 4286 καὶ
1150 4233 1349 4305 ἑφεξῆς
1387 4235 1464 4304 τῷ
1503 4237 1780 4306 συμφώνῳ

198 4325 303 4390 τῆς
330 4322 540 4386 ἐννοίας
570 4323 663 4376 ἐπὶ
707 4324 786 4394 τῷ
840 4325 1210 4379 διαλλάττον-ει
1244 4327 1356 4380 τῶν
1402 4327 1603 4395 λέξεων
1656 4333 1776 4384 ὲπιο

198 4415 437 4479 θειάζων
466 4416 653 4486 φησίν·
695 4415 929 4479 Ἀμέλει
970 4417 1141 4472 κάκεῖ
1156 4421 1212 4472 οί
1241 4421 1657 4487 αιτιασθέντες
1701 4423 1783 4489 ὡς

117 4491 130 4508 ’
197 4508 508 4574 εἰρηκότες
534 4508 691 4575 τρεῖς
713 4507 1083 4577 ὑποστάσεις
1111 4512 1497 4568 συνετίθεντο
1514 4515 1746 4580 τούτοις
1765 4532 1778 4546 ο

1877 3312 2198 3365 Arianorum
2251 3309 2508 3363 sententia
2547 3307 2752 3362 alienas
2788 3305 3211 3377 peregrinaeque,
3259 3319 3322 3356 ac
3374 3302 3454 3355 di-

1876 3415 2036 3459 versa:
2067 3421 2098 3456 a
2139 3419 2192 3457 se
2221 3403 2439 3456 invicem
2473 3400 2785 3456 substantia:
2820 3415 3069 3469 personas
3116 3413 3227 3451 esse
3257 3395 3454 3460 velint;

1876 3515 1945 3552 an
1974 3506 2032 3552 ut
2072 3497 2167 3551 alii
2201 3496 2436 3550 ltwretici
2489 3495 2594 3548 tria
2635 3493 2916 3564 principia,
2949 3502 2996 3545 et
3030 3501 3134 3544 tres
3167 3493 3286 3545 deos
3331 3506 3458 3542 con-

1875 3592 2114 3644 stituent.
2150 3590 2215 3644 Et
2251 3601 2374 3659 post
2395 3603 2582 3644 eorum
2619 3589 2672 3641 in
2705 3587 2928 3641 vocibus
2959 3585 3230 3639 similibus
3250 3591 3452 3636 rectam

1876 3699 1937 3736 ac
1968 3683 2110 3752 piam
2146 3680 2648 3751 interpretationem
2679 3677 2860 3734 subdit
2907 3695 2921 3732 :
2953 3676 3258 3746 Approbata
3287 3677 3454 3744 igitur

1875 3772 2137 3841 ejusmodi
2195 3773 2627 3841 interpretatione
2686 3787 2748 3824 ac
2814 3769 3167 3836 responsione,
3221 3769 3451 3821 vicissim

1876 3881 2076 3935 quoque
2103 3873 2149 3918 et
2176 3865 2613 3926 examinavimus,
2649 3864 2738 3932 qui
2777 3863 2843 3915 ub
2874 3864 2990 3915 istis
3037 3863 3090 3914 in
3121 3863 3326 3926 culpam
3357 3861 3452 3914 de-

1875 3957 2233 4018 vorabantur,
2275 3960 2426 4026 quasi
2459 3957 2714 4021 dicerent,
2747 3973 2856 4010 esse
2895 3973 3054 4009 unam
3103 3957 3450 4025 hypostasim,

1877 4048 2208 4101 sciscitantes
2241 4050 2305 4100 ab
2351 4048 2479 4114 illis,
2504 4065 2624 4102 num
2658 4065 2752 4117 pro
2783 4047 3089 4103 Sabelliano
3119 4051 3362 4116 dogmate
3390 4066 3452 4102 ea

1879 4148 2047 4194 mente
2088 4139 2445 4210 loquerentur,
2495 4152 2553 4194 ut
2591 4140 2828 4194 sublatos
2859 4141 3042 4194 vellent
3094 4156 3159 4195 ex
3193 4141 3456 4197 Trinitate

1881 4232 2086 4286 Fit-ium
2137 4244 2185 4288 et
2237 4230 2493 4300 Spiritum
2527 4241 2790 4286 sanctum.
2834 4230 2974 4287 Tum
3006 4233 3324 4288 eorumtlem
3369 4249 3455 4287 re-

1879 4325 2231 4393 sponsionem
2292 4325 2534 4394 suggerit
2573 4341 2586 4379 :
2626 4326 2924 4393 statimque
2946 4326 3290 4380 concordatis
3327 4341 3454 4380 sen-

1881 4414 2064 4469 tentiae
2089 4429 2217 4468 cum
2252 4413 2552 4469 dictionum
2583 4413 2813 4469 dissidio
2837 4415 3086 4478 laudans,
3125 4417 3401 4472 connectit
3435 4436 3450 4472 :

1884 4508 2134 4575 Quinimo
2156 4514 2206 4560 et
2240 4505 2342 4569 illi,
2367 4506 2457 4575 qui
2485 4520 2544 4559 eo
2576 4507 2793 4560 crintine
2835 4507 3090 4575 postulati
3111 4519 3287 4572 erant,
3312 4509 3450 4575 quod

199 4600 302 4656 καὶ
337 4600 507 4655 αὐτοὶ
537 4601 604 4654 δὲ
626 4605 680 4656 οί
724 4603 1026 4669 εἰρηκότες
1067 4603 1218 4671 μίαν
1268 4607 1613 4661 ὑπόστασιν
1643 4609 1769 4663 κατ’

1880 4613 1979 4658 tres
2001 4605 2308 4671 hypostases
2328 4597 2652 4663 inducerent,
2680 4615 2800 4652 cum
2831 4601 2946 4653 istis
2976 4602 3028 4654 in
3067 4599 3302 4654 eamdem
3331 4617 3452 4654 sen-

197 4696 452 4748 ἐκείνων
526 4692 732 4762 ὥσπερ
781 4692 1176 4763 ήρμήνευσαν
1243 4697 1340 4749 καὶ
1406 4697 1774 4767 ὡμολόγουν.

203 4787 316 4840 Καὶ
371 4785 681 4854 προϐαίνων
737 4787 852 4849 τοῖς
922 4785 1024 4855 ἤδη
1099 4787 1343 4856 ῥηθεῖσιν
1405 4789 1772 4861 ὲπισυνείρει*

205 4880 442 4934 Τούτων
472 4878 681 4931 τοίνυν
708 4877 898 4943 οὕτως
930 4877 1440 4948 ὡμολογηθέντων
1460 4922 1474 4945 ,
1507 4899 1776 4951 παρακα-

194 4969 428 5037 λοῦμεν
476 4966 652 5035 ὑμᾶς,
686 4966 828 5034 τοὺς
845 4966 960 5036 μὲν
991 4967 1178 5034 οὕτως
1205 4970 1648 5039 ὁμολογοῦντας
1678 4972 1776 5025 καί

195 5063 696 5131 διερμηνεύοντας
734 5060 886 5114 οὕτω
911 5061 1016 5126 τὰς
1038 5061 1258 5126 λέξεις,
1290 5060 1364 5128 ἅς
1393 5062 1662 5131 λέγουσι,
1685 5065 1772 5132 μή

196 5154 618 5222 κιιτακρίνητε,
644 5150 801 5221 μηδὲ
840 5152 1151 5222 προπετῶς
1189 5153 1584 5221 ἀποϐάλλετε,
1615 5156 1776 5211 ἀλλὰ

190 5246 437 5316 μῐλλον
461 5247 882 5314 είρηνεύοντας
913 5245 1007 5299 καὶ
1036 5245 1566 5316 ἀπολογουμένους
1586 5263 1776 5314 προσ-

193 5337 580 5408 .ι‹ιμ6άνεσθε
601 5339 744 5404 τοὺς
763 5337 831 5391 δὲ
856 5337 940 5406 μὴ
968 5335 1270 5405 ,ϐουλομέν
1282 5353 1388 5403 ους
1418 5337 1607 5404 οὕτως
1633 5341 1771 5407 δμο-

193 5430 402 5499 λογεῒν
434 5431 530 5484 καὶ
553 5430 964 5499 διερμηνεύειν
991 5433 1096 5494 τὰς
1127 5428 1346 5496 λέξεις,
1370 5430 1621 5498 τούτους
1666 5450 1775 5485 κω-

192 5526 376 5580 λύετε
429 5524 523 5577 καὶ
551 5523 863 5591 ἐντρέπετε
884 5525 964 5589 ὡς
984 5524 1296 5588 ὑπόπτους
1317 5522 1395 5588 τῷ
1416 5523 1768 5594 φρονήματι.

200 5616 438 5669 Τούτων
481 5613 550 5667 δὲ
581 5615 666 5683 μὴ
707 5613 1059 5684 ἀνεχόμενοι
1091 5615 1538 5682 συμϐουλεύετε
1573 5616 1772 5669 κάκεί-

193 5728 213 5762 ι
238 5728 347 5772 οις,
381 5706 504 5773 τοῖς
528 5707 711 5776 ὀρθῶς
739 5705 1200 5775 διερμηνεύουσι
1229 5721 1291 5760 τε
1320 5705 1417 5760 καί
1443 5707 1766 5776 φρονοῦσι,

191 5798 392 5868 μηδὲν
412 5797 598 5852 πλέον
625 5798 938 5864 ἀλλήλους
969 5797 1334 5866 ἀνακρίνειν,
1347 5797 1772 5870 μῃδέλογομα-

202 5886 331 5949 λεῖιο
365 5886 456 5940 ἐπ’
510 5886 690 5941 οὐδὲν
737 5885 1232 5954 χῃήιημονηιήτε
1291 5886 1419 5952 ταῖς
1475 5889 1770 5956 τοιαύταις

1878 4698 2098 4752 tentiam
2127 4704 2498 4759 convenerunt,
2534 4694 2864 4764 vicissimque
2895 4695 2977 4749 illi
3000 4698 3091 4766 qui
3114 4714 3272 4750 unam
3291 4699 3455 4767 hypo-

1876 4791 2065 4845 stasint
2103 4799 2494 4852 asseverarant,
2526 4789 2747 4841 istorum
2785 4789 3206 4858 interpretationi
3248 4794 3454 4862 acquie-

1877 4889 2084 4938 aerunt.
2139 4880 2204 4934 Et
2252 4894 2591 4949 prosequens
2635 4882 2975 4949 orationem,
3013 4883 3125 4952 jam
3165 4884 3326 4940 dictis
3361 4886 3450 4939 illa

1878 4987 2099 5042 quoque
2130 4970 2452 5033 superaddit
2489 4986 2505 5024 :
2549 4969 2683 5024 Cum
2717 4973 2882 5042 igitur
2905 4974 3206 5028 istiusmodi
3233 4976 3450 5031 illorum

1876 5063 2038 5132 fuerit
2092 5063 2390 5131 confessio,
2450 5061 2796 5117 adhortamus
2846 5079 2932 5120 vos
2976 5083 3038 5120 ne
3090 5083 3200 5132 eos,
3253 5072 3341 5140 qui
3377 5073 3451 5123 ita

1875 5155 2210 5222 conﬁtentur,
2260 5153 2518 5224 talemque
2566 5155 3050 5225 interpretationem
3091 5176 3200 5214 suta
3246 5164 3451 5233 confes-

1875 5248 2014 5301 sioni
2027 5248 2444 5311 accommodant,
2463 5265 2552 5303 eos
2571 5257 2762 5305 temere
2780 5253 3126 5308 condemnare
3154 5271 3215 5308 ac
3235 5257 3450 5321 reficere

1877 5338 2068 5403 velitis,
2104 5339 2192 5392 sed
2221 5340 2392 5408 potius
2418 5341 2653 5395 admissa
2686 5343 2900 5397 illorum
2941 5345 3279 5400 excusatione
3313 5349 3450 5402 reci-

1873 5429 2088 5498 piendos
2129 5430 2366 5497 putetis:
2397 5445 2485 5483 eos
2528 5441 2712 5484 contra
2749 5434 2840 5501 qui
2887 5433 3045 5485 talem
3073 5434 3450 5502 confessionem

1875 5537 1977 5574 non
2004 5521 2186 5588 edunt,
2229 5539 2390 5592 neque
2433 5523 2527 5576 tali
2563 5524 3000 5590 interpretatione
3033 5528 3086 5580 in
3131 5527 3248 5580 istis
3279 5528 3449 5582 verbis

1874 5623 2116 5678 utuntur,
2145 5631 2320 5669 arcere
2355 5632 2445 5669 vos
2478 5617 2746 5680 vellemus,
2782 5627 2830 5671 et
2858 5619 3147 5682 adversari,
3174 5631 3227 5672 ut
3262 5637 3447 5688 suspe-

1875 5716 1973 5758 ctat
2005 5707 2192 5760 mentis
2223 5707 2475 5761 homines.
2528 5710 2791 5763 Ceterum
2842 5725 2958 5763 cum
2999 5711 3120 5764 illos
3146 5713 3472 5769 tolerandos

1875 5814 1976 5851 non
2005 5799 2300 5862 censebitis,
2330 5801 2613 5855 consuletis
2640 5802 2769 5864 illis,
2805 5804 2895 5872 qui
2928 5815 3062 5859 recte
3089 5806 3447 5871 interpretan-

1877 5901 1980 5956 tur,
2005 5901 2052 5944 cl
2089 5901 2220 5947 recte
2248 5894 2510 5956 sentiunt;
2542 5910 2602 5947 ne
2627 5894 2845 5949 ulterior
2873 5895 2979 5951 ulla
3012 5899 3147 5954 inter
3172 5917 3256 5956 vos
3293 5900 3448 5956 adhi-
