3828 6568
185 389 298 454 ίΟίῚ

1548 399 1588 456 Α
1604 400 1946 459 POLOGlA.

3228 399 3361 464 1018

180 498 307 570 οἶμαι
337 494 404 566 μὴ
433 491 686 584 πλειόνων
707 495 787 550 ἔτι
833 495 1088 570 δεηθῆναί
1125 520 1194 573 με
1252 503 1427 573 λόγων
1467 507 1691 562 ἀποδεί-

1816 512 2008 578 lpinOl‘,
2035 527 2142 566 non
2177 529 2296 568 esse
2311 513 2556 584 pluribus
2586 529 2746 583 opus,
2782 513 2846 568 ad
2873 514 3359 568 demonstrandum

179 592 290 656 ξειυς
315 587 459 639 ἕνεκα
488 581 580 637 τοῦ
613 585 691 653 μὴ
720 588 909 652 κακῶς
951 592 1075 660 μηδ’
1105 592 1424 664 ἐπισφαλῶς
1466 595 1564 667 τὴν
1593 599 1691 666 τῆς

137 754 147 762 ν
187 675 461 748 Ῥωμαῖκῆς
497 675 820 746 Ἐκκλησίας
860 682 1192 754 συνηγορίαν
1217 688 1490 741 ποιεῖσθαι
1520 691 1690 760 ἡμᾶς,

173 774 223 824 τὸ
246 771 342 823 τῶν
362 767 544 831 λέξεων
574 771 937 841 παρορῶντας
975 777 1329 846 ἀσύμφωνον,
1385 783 1478 835 καὶ
1504 782 1573 836 τὸ,
1596 783 1693 852 τῆς

173 859 352 923 ἐννοίας
377 858 714 930 ἀρτιάζοντας
753 863 1068 934 σύμφωνον,
1094 869 1180 922 διὰ
1209 870 1270 923 τὸ
1317 870 1566 939 θεοφιλὲς
1595 874 1695 944 τῆς

173 957 365 1028 εἰρήνης
393 954 481 1007 καὶ
510 954 774 1026 ἔνθεσμον
800 975 815 990 ο
855 961 988 1015 εἰδὲ
1031 963 1122 1017 διά
1175 963 1275 1036 τὴν
1331 968 1424 1020 ἐπὶ
1479 968 1632 1023 δυσὶν
1660 969 1694 1040 ἢ

171 1052 296 1123 τρισὶ
326 1049 586 1120 μάρτυσιν
616 1051 976 1126 εὐαγγελικὴν
1027 1058 1211 1112 πίστιν
1245 1061 1355 1113 τῶν
1384 1061 1695 1130 λεγομένων

169 1143 354 1199 δέεικαὶ
371 1141 582 1210 ἐτέρους
609 1142 716 1196 τῶν
744 1143 844 1215 τῆς
873 1145 1155 1212 εὐσεϐείας
1183 1149 1521 1206 διδασκάλων
1548 1172 1694 1227 παρ-

170 1236 365 1302 αγαγεῖν
405 1237 839 1303 συνηγοροῦντας
895 1241 1105 1310 μέντοι,
1132 1244 1193 1296 οὐ
1223 1244 1409 1314 μέντοι
1434 1263 1497 1315 γε
1529 1247 1696 1318 μέχρι

172 1327 250 1380 καὶ
281 1322 364 1376 τοῦ
392 1324 728 1394 μεταστῆσαι
778 1330 904 1393 τοὺς
947 1332 1330 1402 ἀντιλέγοντας
1380 1338 1463 1400 εἰς
1493 1315 1576 1400 τδ,

169 1408 205 1483 ᾧ
235 1414 316 1467 καὶ
358 1413 452 1482 τὴν
507 1415 842 1486 συνηγορίαν
878 1419 1184 1488 ἐποιοῦντο,
1214 1423 1352 1478 ἀλλὰ
1406 1426 1567 1496 μέχρι
1595 1426 1699 1495 τῆς

168 1505 360 1573 εξρήνης
388 1503 493 1555 τῶν
524 1506 708 1574 μερῶν
736 1507 1065 1579 ἀμφοτέρων
1109 1510 1199 1563 τὸν
1229 1512 1348 1566 ὅλον
1377 1515 1578 1568 σκοπὲν
1600 1515 1700 1586 τῆς

167 1599 343 1658 οῗκείας
375 1595 670 1660 διαθέσεως
699 1599 1106 1666 ἀποτείνοντας,
1134 1602 1208 1667 ὡς
1236 1603 1330 1658 τοῦ
1367 1607 1698 1680 εἰρηνάρχου

168 1687 374 1759 Χριστοῦ
413 1690 656 1760 μιμητὰς
690 1690 784 1745 τοῦ
823 1693 890 1746 τὰ
939 1694 1205 1750 διεστῶτα
1243 1699 1554 1764 συνδέοντος
1607 1702 1701 1754 καὶ

167 1783 521 1846 συνάπτοντος,
546 1785 638 1837 καὶ
669 1787 696 1838 6
724 1785 891 1850 πολὺς
929 1787 998 1842 τὰ
1032 1789 1150 1844 θεῖα
1194 1791 1477 1858 Βασίλειος
1507 1793 1698 1848 ἐνταυ-

165 1880 236 1933 θοῖ
279 1878 708 1952 παραχθήσεται,
745 1884 842 1938 καὶ
887 1885 1191 1958 Γρηγόριος
1220 1890 1248 1942 6
1282 1891 1383 1960 τῆς
1420 1889 1699 1960 θεολογίας

163 1969 441 2040 ἀξιώνυμος
472 1972 946 2045 ἐπισυγκροτήσει
981 1980 1092 2042 τοῖς
1125 1980 1464 2050 εἰρημένοις.
1507 1983 1568 2035 '0
1602 1983 1700 2052 μὲν

163 2064 255 2134 γὰρ
284 2066 308 2117 6
340 2064 504 2127 πολὺς
561 2069 628 2121 τὰ
672 2068 791 2121 θεῖα
819 2069 1102 2136 Βασίλειος
1141 2075 1268 2137 τοὺς
1318 2073 1394 2146 μὴ
1443 2074 1701 2143 λέγοντας

160 2156 209 2206 τὸ
237 2153 448 2224 Πνεῦμα
477 2155 615 2210 Θεὸν
662 2161 1104 2228 συγκαταλλάξαι
1147 2165 1367 2219 σπεύδει
1424 2172 1537 2232 τοῖς
1570 2168 1702 2222 Θεὸν

162 2245 274 2297 αὐτὸ
301 2246 390 2299 καὶ
415 2248 703 2318 δμοούσιον
728 2253 904 2325 Πατρὶ
932 2258 1025 2310 καὶ
1048 2257 1160 2331 Υῖῷ
1189 2263 1357 2331 τρανῇ
1389 2263 1455 2333 τῇ
1487 2261 1702 2333 γλώττῃ

159 2340 605 2410 ἀνακηρύττουσιν
636 2359 651 2374 ο
691 2346 718 2398 ὁ
747 2346 824 2407 ,δὲ
866 2347 1043 2418 μέγας
1083 2353 1142 2403 ἐν
1173 2351 1446 2421 θεολόγοις
1493 2352 1704 2424 Γρηγό-

162 2449 260 2500 ριος
283 2435 374 2504 τὴν
406 2437 585 2506 αὐτὴν
621 2439 738 2492 όδὸν
763 2443 862 2512 τῆς
886 2442 995 2495 τῶν
1029 2446 1212 2514 μερῶν
1245 2449 1450 2501 τούτων
1502 2452 1706 2504 καταλ-

163 2526 316 2596 λαγῆς
348 2531 773 2600 μετερχόμενος,
807 2527 886 2596 οἷς
915 2535 1061 2603 λέγει
1092 2542 1510 2611 προσεπιφέρει.
1554 2544 1704 2614 Μηξὲ

160 2619 253 2688 γὰρ
298 2621 354 2673 τὸ
407 2623 520 2674 τῶν
563 2622 833 2679 Ἰουδαίων
865 2626 1020 2692 ἔθνος
1054 2631 1350 2688 ἀποϐαλεῖν
1374 2634 1462 2698 ἂν,
1519 2639 1571 2692 εί
1608 2638 1707 2708 τὴν

159 2710 237 2763 τοῦ
269 2712 604 2782 εἰλημμένου
640 2715 824 2788 φωνὴν
855 2719 975 2773 ἀντὶ
1005 2719 1105 2789 τῆς
1135 2723 1372 2793 Χριστοῦ
1423 2726 1559 2793 πρὸς
1595 2726 1707 2778 ὀλί-

157 2823 239 2870 γον
286 2807 698 2886 ἐπιζητοῦντες,
743 2811 932 2880 ἠξίουν
986 2813 1107 2882 μεθ’
1172 2815 1330 2884 ἡμῶν
1393 2815 1705 2868 τάττεσθαι.

165 2899 288 2952 Ἀλλ’
314 2899 436 2954 οὔτε
464 2904 491 2954 6
534 2904 600 2956 τὰ
639 2901 757 2955 θεῖα
801 2904 972 2967 πολὺς
1027 2906 1350 2970 Ἀθανάσιος
1391 2907 1710 2976 συνηγορῶν

155 2994 254 3056 τοῖς
307 2993 434 3062 μίαν
475 2996 781 3049 ὑπόστασιν
833 2995 1102 3064 λέγουσιν,
1136 3001 1228 3053 ἐπὶ
1277 3000 1536 3055 τοσοῦτον
1577 3018 1705 3054 συν⁴

153 3090 322 3158 ηγόρει
379 3090 636 3155 ἐκείνοις,
697 3091 782 3160 ἐφ’
847 3092 973 3146 ὅσον
1027 3094 1366 3164 μεταστῆσαι
1413 3097 1540 3159 τοὺς
1605 3098 1709 3161 τάς

1797 598 1916 664 nos:
1954 617 2062 656 non
2095 603 2256 666 male,
2293 605 2384 659 sed
2421 613 2537 659 tuto
2588 605 2850 660 Romanae
2885 602 3138 659 Ecclesia:
3178 601 3368 658 defen-

1796 695 2005 750 sionem
2069 697 2398 766 suscepisse,
2449 698 2504 751 in
2561 697 2892 752 dictionibus
2938 695 3362 763 discrepantiam

1795 785 2152 854 negligentes,
2168 795 2222 841 et
2238 788 2582 856 arripientes,
2601 804 2722 854 qua:
2750 787 2801 840 in
2822 786 3089 842 sententia
3109 794 3211 850 est,
3229 799 3366 839 con-

1795 878 2063 942 cordiam,
2120 888 2342 949 propter
2385 896 2597 950 pacem,
2632 895 2738 949 qua
2795 879 2934 934 Deus
2986 876 3364 931 tantummodo

1797 969 2132 1034 delectatur,
2193 980 2248 1024 et
2303 971 2447 1040 leges
2494 973 2816 1041 approbant.
2855 971 3008 1035 Quod
3061 971 3105 1024 si
3143 977 3364 1038 propter

1797 1062 2182 1128 Evangelicum
2214 1060 2418 1116 dictum
2446 1060 2514 1116 de
2541 1060 2756 1116 duobus
2793 1061 2878 1114 vel
2912 1061 3086 1114 tribus
3132 1059 3366 1112 testibus

1799 1156 1865 1210 ad
1921 1156 2064 1210 dicta
2108 1155 2481 1210 confirmanda
2504 1196 2519 1220 ,
2556 1170 2692 1222 opus
2722 1143 2828 1219 est,
2867 1161 2921 1208 et
2974 1154 3113 1208 alios
3148 1151 3367 1221 pietatis

1798 1246 2054 1302 doctores
2100 1247 2391 1310 adducere,
2426 1247 2517 1318 qni
2559 1263 2669 1301 non
2707 1256 2767 1300 ut
2814 1244 3248 1300 contradicentes
3299 1242 3366 1296 ad

1800 1339 2132 1408 acceptanda
2161 1339 2436 1394 deducant
2468 1354 2554 1406 ea,
2589 1355 2822 1410 quorum
2855 1339 2958 1409 ipsi
2989 1337 3365 1392 defensionem

1798 1431 2193 1500 suscipiebant,
2215 1431 2308 1485 sed
2344 1432 2408 1484 ad
2450 1445 2638 1501 pacem
2683 1430 2825 1484 inter
2875 1438 3139 1498 utrasque
3186 1436 3368 1496 partes

1802 1533 2013 1578 tantum
2074 1523 2499 1588 conciliandam,
2557 1521 2763 1592 proprii
2821 1521 3087 1591 propositi
3142 1533 3365 1587 scopum

1805 1615 2180 1678 intendebant,
2213 1615 2288 1669 uti
2326 1615 2529 1670 Christi
2571 1615 2720 1684 pacis
2752 1615 2997 1668 auctoris
3024 1611 3216 1666 dissita
3262 1610 3372 1664 col-

1804 1708 2052 1780 liganlis;
2083 1717 2142 1783 et.
2183 1723 2293 1762 una
2325 1707 2599 1762 cohaerere
2647 1706 2899 1762 facientis
2945 1706 3272 1766 imitatores,
3316 1711 3372 1754 et

1806 1802 1859 1855 in
1896 1800 2098 1878 divinis
2134 1801 2296 1854 rebus
2324 1799 2726 1870 pertractandis
2757 1799 2992 1853 eximius
3022 1797 3278 1858 Basilius,
3319 1803 3373 1847 et

1803 1897 1897 1952 cui
1931 1897 2131 1952 merito
2162 1912 2192 1950 a
2230 1895 2500 1966 theologia
2552 1910 2752 1948 nomen
2801 1902 2908 1956 est,
2951 1889 3270 1960 Gregorius,
3304 1887 3371 1941 ad

1799 1989 1908 2060 jam
1934 1989 2075 2044 dieta
2101 1988 2509 2058 comprobanda
2535 1987 2927 2058 producentur.
2965 1983 3186 2038 Divinus
3218 1995 3374 2035 nam-

1804 2097 1910 2152 que
1947 2082 2180 2137 Basilius
2210 2098 2316 2136 non
2356 2090 2684 2146 asserentes,
2724 2079 2988 2146 Spiritum
3047 2077 3216 2130 Deum
3249 2088 3375 2128 esse

1804 2176 1990 2240 simul,
2056 2191 2180 2230 cum
2236 2174 2346 2228 illis
2396 2175 2674 2228 collocare
2736 2171 3057 2235 contendit,
3099 2167 3191 2238 qui
3247 2182 3371 2221 eum

1808 2263 1998 2328 Deum,
2032 2277 2086 2318 et
2117 2265 2266 2318 Patri
2297 2260 3074 2334 Filioqueconsubstantialem
3109 2256 3378 2327 deprardi-

1807 2366 2020 2423 cant,et
2040 2357 2204 2413 rebus
2220 2357 2537 2428 theologicis
2563 2370 2793 2425 magnus
2812 2353 3108 2421 Gregorius
3131 2350 3374 2405 eamdem

1807 2453 2040 2523 partium
2069 2452 2287 2506 unionis
2316 2452 2459 2506 viam
2489 2451 2685 2511 iniens.
2710 2457 2831 2518 post
2848 2449 2950 2501 alia
2970 2457 3133 2514 atque
3153 2446 3256 2498 alia
3278 2461 3344 2498 an
3363 2472 3379 2484 ο

1810 2543 1996 2605 nectit,
2031 2556 2208 2610 neque
2239 2541 2547 2594 Judzeorum
2586 2548 2801 2609 gentem
2837 2537 3063 2603 rejicere
3093 2550 3173 2596 se,
3221 2534 3381 2589 dum-

1809 2637 1974 2691 modo
2026 2632 2286 2698 assunipti
2341 2646 2526 2684 vocem
2585 2645 2680 2696 pro
2719 2630 2940 2683 Christo
2993 2625 3214 2680 omissis
3260 2624 3383 2679 aliis

1810 2727 2264 2796 inquisitionibus
2285 2732 2655 2792 acceptantes,
2688 2727 2794 2777 una
2827 2738 2950 2776 cum
2988 2721 3144 2775 nobis
3184 2721 3384 2774 vellent

1813 2820 2095 2875 collocari.
2148 2818 2254 2873 Sed
2289 2833 2481 2886 neque
2533 2815 2752 2870 divinus
2789 2814 3122 2869 Athanasius
3152 2827 3385 2868 consen-

1813 2910 1953 2963 tiens
1988 2923 2294 2962 eumunam
2324 2907 2657 2979 hypostasim
2687 2904 3106 2970 afﬁrmantibus,
3139 2911 3386 2958 tantum-

1816 3000 1939 3056 dem
1982 3001 2092 3056 illis
2139 3016 2425 3057 assensum
2459 2999 2754 3069 prazbebat,
2809 3006 2870 3051 ut
2909 3006 3021 3052 tres
3065 2997 3386 3067 bypostases

1815 3095 2170 3150 decernentes
2212 3095 2266 3146 in
2315 3108 2505 3145 eorum
2553 3091 2958 3147 confessionem
2993 3089 3334 3157 pertraheret
3369 3105 3382 3140 :

153 3184 288 3248 τρεῖς
338 3183 780 3253 δογματίζοντας
819 3186 1150 3248 ὑποστάσεις
1212 3189 1292 3251 εἰς
1346 3188 1446 3260 τὴν
1486 3191 1706 3244 ἐκείνων

1816 3200 1994 3255 neque
2035 3197 2264 3252 magnus
2291 3181 2524 3236 Basilius
2560 3181 2766 3237 foedera
2797 3180 3124 3245 concilians,
3149 3195 3264 3244 eos,
3293 3178 3386 3249 qui

153 3271 444 3340 ὁμολογίαν
479 3289 497 3306 ο
557 3273 680 3336 οὔτε
741 3275 768 3327 6
813 3274 990 3343 μέγας
1043 3275 1321 3336 Βασίλειος
1399 3277 1481 3338 εἰς
1546 3293 1711 3329 σπον-

152 3364 237 3426 δὰς
289 3365 680 3419 καταλλάττων
751 3366 1040 3436 εἰρηνικὰς
1122 3367 1247 3431 τούς
1302 3385 1358 3421 τε
1433 3369 1564 3421 Θεὸν
1629 3369 1718 3420 ἀν-

151 3459 521 3522 επισκιάστως
560 3457 621 3511 τὸ
666 3457 891 3527 Πνεῦμα
944 3459 1363 3530 ὁμολογοῦντας,
1435 3462 1532 3515 καὶ
1587 3462 1717 3524 τοὺς

153 3553 222 3617 μὴ
290 3551 426 3605 Θεὸν
491 3551 630 3605 αὐτὸ
682 3551 978 3622 λέγοντας,
1059 3553 1119 3606 ἐν
1169 3552 1357 3616 ἄλλαις
1406 3553 1462 3606 δὲ
1513 3556 1718 3622 φωναῖς

146 3644 200 3697 τὸ
274 3645 388 3699 ἴσον
468 3646 863 3714 ἐμφαίνοντας,
936 3645 1256 3716 συνηγορῶν
1313 3642 1382 3716 ἦν
1458 3651 1571 3710 τοῖς
1641 3648 1718 3716 μὴ

146 3737 350 3804 λέγουσι
380 3737 617 3808 Πνεῦμα
669 3740 824 3806 Θεδν,
866 3736 1006 3792 ὥστε
1055 3739 1190 3809 πρὸς
1222 3740 1320 3808 τὴν
1347 3740 1516 3808 αὐτὴν
1563 3739 1720 3803 δόξαν

147 3831 230 3882 καὶ
262 3831 392 3893 τοὺς
430 3830 695 3898 λέγοντας
749 3831 1121 3900 μεταστῆσαι·
1155 3831 1270 3884 ἀλλ’
1312 3832 1432 3886 οὐδὲ
1467 3831 1562 3902 τῆς
1603 3831 1722 3884 θεοο

143 3925 318 3993 λογίας
346 3925 664 3995 ἐπώνυμος,
696 3924 819 3993 τόγε
850 3927 930 3988 εἰς
963 3925 1124 3979 αὑτὸν
1157 3920 1312 3998 ἧκον,
1343 3925 1404 3979 τὸ
1455 3924 1722 3978 Ἰουδαίων

143 4019 586 4090 παραδεχόμενος
611 4017 785 4079 ἔθνος,
810 4019 858 4071 εἰ
883 4019 986 4086 τὴν
1008 4017 1114 4072 τοῦ
1144 4017 1510 4088 εἰλημμένου
1540 4015 1722 4084 φωνὴν

142 4113 432 4183 δεξάμενον
474 4113 602 4166 ἀντὶ
637 4113 736 4182 τῆς
766 4111 1028 4183 Χριστοῦ,
1055 4112 1240 4182 ἠξίουν
1269 4113 1386 4180 μεθ’
1413 4112 1566 4182 ἡμῶν
1593 4113 1724 4166 τάτ-

140 4205 338 4270 τεσθαι,
371 4205 702 4273 συνηγορῶν
721 4205 812 4257 ἐπὶ
837 4207 902 4274 τῇ
935 4207 1084 4274 φωνῇ
1109 4205 1279 4276 ταύτῃ
1302 4207 1366 4275 τῇ
1391 4205 1495 4258 τοῦ
1518 4208 1723 4273 eumt-

137 4298 340 4365 μένου,
373 4299 528 4352 ὥστε
553 4298 766 4350 πείθειν
821 4297 917 4351 καὶ
945 4297 1072 4359 τοὺς
1110 4298 1275 4366 μήπω
1309 4297 1564 4365 λέγοντας
1602 4315 1729 4366 μετ-

138 4389 323 4443 ἔπειτα
344 4389 596 4461 χρῆσθαι
616 4389 774 4460 αὐτῇ.
809 4391 917 4444 Καὶ
941 4390 1100 4458 ἡμεῖς
1122 4388 1300 4441 τοίνυν
1328 4392 1394 4458 τῇ
1430 4389 1728 4462 Ἐκκλησία

137 4480 229 4548 τῆς
280 4480 523 4552 Ῥώμης
552 4480 990 4552 συνηγοροῦντες
1043 4482 1136 4533 ἐπὶ
1191 4481 1444 4533 τοσοῦτον
1501 4498 1727 4548 συνηγο-

1816 3278 1994 3347 palam
2034 3286 2199 3345 atque
2251 3283 2438 3344 aperte
2498 3272 2760 3342 Spiritum
2822 3275 2992 3327 Deum
3048 3272 3386 3332 fatebantur,

1818 3385 1942 3424 cum
2005 3368 2074 3423 iis
2122 3367 2215 3437 qui
2246 3366 2502 3423 eumdem
2543 3365 2711 3420 Deum
2749 3383 2854 3419 non
2909 3365 3245 3426 fatebantur,
3296 3363 3389 3418 sed

1819 3461 1942 3516 aliis
1974 3461 2203 3516 vocibus
2241 3460 2446 3530 pariter
2495 3458 2885 3528 aequaliterque
2929 3455 3392 3525 respondentibus

1819 3553 1898 3608 sic
1936 3550 2324 3614 defendebant,
2360 3559 2421 3604 ut
2448 3550 2502 3604 in
2534 3563 2643 3604 non
2687 3547 3080 3607 asserentinm,
3123 3545 3388 3616 Spiritum

1817 3662 1939 3703 esse
1967 3648 2160 3713 Deum,
2193 3645 2876 3710 sententiam,asserentes
2907 3658 3031 3698 eum
3070 3642 3239 3697 Deum
3271 3658 3395 3697 esse

1819 3741 2131 3796 traduceret
2167 3758 2180 3794 :
2209 3740 2301 3796 sed
2337 3753 2534 3809 neque,
2557 3740 2644 3794 cui
2676 3751 2706 3789 a
2744 3737 3012 3806 theologia
3054 3750 3250 3789 nomen
3287 3743 3393 3795 est.

1822 3843 2084 3902 quantum
2117 3833 2168 3886 in
2197 3848 2257 3889 se
2279 3843 2417 3897 erat,
2447 3833 2758 3888 Iudaeorum
2785 3843 2996 3902 gentem
3041 3828 3394 3897 amplectens.

1824 3927 1869 3978 si
1934 3925 2195 3990 assumpli
2245 3939 2438 3978 vocem
2473 3939 2575 3992 pro
2635 3923 2857 3978 Christo
2903 3920 3254 3989 accipientes.
3289 3931 3393 3969 una

1825 4033 1950 4072 cum
1983 4018 2142 4072 nobis
2175 4016 2453 4072 numerari
2503 4015 2726 4080 vellent,
2758 4024 2943 4083 partes
2985 4026 3174 4065 eorum
3234 4009 3307 4063 ita
3341 4009 3394 4062 in

1825 4125 1959 4166 voce
1983 4110 2246 4178 assumpti
2277 4109 2492 4179 agebat,
2526 4118 2583 4162 ut
2613 4107 2825 4161 tandem
2845 4113 2900 4160 et
2922 4104 3050 4158 illud
3088 4119 3198 4157 non
3229 4118 3401 4156 enun-

1827 4204 2054 4267 tiantes,
2088 4203 2142 4254 in
2199 4211 2474 4270 posterum
2533 4200 2825 4253 enuntiare
2871 4196 3223 4264 compelleret
3257 4211 3270 4246 :
3302 4209 3398 4248 nos

1826 4297 2014 4362 etiam,
2049 4301 2437 4350 cumtutamur
2471 4289 2769 4345 Romanam
2793 4288 3112 4354 Ecclesiam,
3156 4295 3400 4341 tanturn—

1827 4388 1949 4444 dem
1996 4398 2263 4448 tutamur,
2323 4392 2383 4438 ut
2452 4397 2546 4437 eos
2605 4384 2695 4450 qui
2761 4399 2787 4434 ιι
2829 4380 3099 4450 principio
3163 4379 3232 4432 ad
3287 4379 3401 4430 lnee

1831 4493 2005 4549 usque
2039 4485 2288 4546 tempora
2317 4474 2370 4528 in
2404 4472 2526 4526 fidei
2561 4472 2820 4543 Symbolo
2850 4470 3106 4535 recitant,
3143 4485 3207 4523 ex
3243 4468 3401 4522 Patre

137 4573 357 4644 ροῦμεν,
395 4574 486 4641 ἐφ’
523 4574 649 4627 ὅσον
678 4575 1017 4642 μεταστῆσαι
1070 4575 1150 4636 εἰς
1181 4574 1243 4626 τὸ
1273 4575 1470 4641 λέγειν,
1515 4577 1580 4626 ὲκ
1615 4574 1706 4626 Ila-

1834 4572 2098 4641 Spiritum
2155 4565 2493 4637 procedere,
2557 4564 2906 4621 adducamus.
2965 4570 3024 4614 ut
3063 4561 3292 4615 recitent
3337 4575 3400 4612 ex

135 4668 257 4734 τρδς
283 4669 384 4720 καὶ
416 4667 558 4721 Υἰοῦ
590 4666 650 4720 τὺ
672 4665 827 4735 ἆγιον
871 4665 1272 4736 ἐκπορεύεσθαι
1325 4666 1568 4734 Πνεῦμα,
1600 4667 1726 4727 τοὺς

135 4759 376 4830 ἀρχῆθεν
425 4762 532 4814 καὶ
578 4762 634 4822 ἐς
677 4758 834 4829 δεῦρο
868 4760 926 4812 ἐν
960 4760 1038 4829 τῷ
1076 4759 1338 4828 Συμόόλῳ
1373 4758 1469 4826 τῆς
1493 4757 1727 4819 πίστεως

135 4851 656 4917 ἀναγινώσκοντας,
703 4851 1140 4921 ἐκπορευόμενον
1194 4850 1324 4902 αὐτὸ
1375 4852 1439 4902 ἐκ
1493 4849 1724 4918 Πατρὸς.

145 4944 284 4998 Ἀλλ’
323 4945 406 5009 ὡς
450 4947 506 4999 οι
538 4945 636 5012 τῆς
671 4946 996 5015 οἰκουμένης
1026 4944 1312 5013 φωστῆρες
1353 4946 1549 4998 ἐκεῖνοι
1592 4943 1726 5010 πρὸς

132 5040 190 5092 τὸ
218 5041 319 5110 τῆς
352 5040 577 5101 ἐννοίας
604 5038 897 5108 σύμφωνον
922 5037 1236 5107 ἀφορῶντες
1263 5033 1424 5107 μέχρι
1455 5037 1551 5105 τῆς
1581 5037 1728 5104 εἰρή-

132 5149 228 5202 νης
259 5132 364 5203 τὴν
397 5131 509 5196 τῆς
535 5129 864 5200 συνηγορίας
888 5131 1124 5200 σπουδὴν
1147 5131 1528 5183 ἐπεδείκνυντο
1549 5144 1560 5159 ο
1586 5127 1726 5180 οὕτω

131 5225 224 5278 καὶ
253 5227 431 5294 ἡμεῖς
461 5225 541 5286 ὡς
567 5223 810 5293 μαθηταὶ
827 5222 1169 5284 διδασκάλοις
1199 5221 1427 5284 ἐκείνοις
1444 5221 1722 5288 ἑπόμενοι,

130 5316 190 5368 οὐ
220 5319 288 5389 τῇ
328 5315 517 5381 λέξει,
545 5313 683 5366 ἀλλὰ
710 5315 776 5382 τῇ
805 5312 986 5382 ἐννοίᾳ
1013 5312 1073 5364 τὸ
1111 5312 1220 5364 πᾶν
1242 5311 1338 5373 τῆς
1378 5309 1727 5379 καταλλαγῆς

128 5410 508 5478 χαριζόμενοι
544 5405 706 5475 μέχρι
730 5404 832 5473 τῆς
863 5405 1090 5475 εἰρήνης
1121 5405 1189 5473 τῇ
1226 5404 1323 5473 τῆς
1353 5401 1558 5472 Ρώμης
1602 5401 1719 5454 Ἐκ·

130 5502 339 5574 πλησία
399 5498 844 5569 συνηγοροῦμεν.
918 5496 1058 5551 Ἀλλ’
1105 5497 1154 5550 οἰ
1199 5498 1296 5566 μὲν
1367 5498 1726 5564 συκοφαντεῖν

130 5595 376 5664 ἕτοιμοι,
410 5592 518 5646 καὶ
551 5589 859 5652 διαϐάλλειν
912 5589 1160 5660 εὐχερεῖς
1207 5589 1406 5650 πάντα,
1453 5606 1728 5656 συκοφαν-

128 5686 435 5748 τείτωσαν,
500 5682 958 5737 διαϐαλλέτωσαν.
1013 5683 1200 5734 Ἔστιν
1241 5683 1270 5734 6
1313 5680 1550 5734 δικάσων
1573 5681 1724 5744 θεός.

133 5783 293 5832 Ἔστι
338 5778 580 5838 πάντως
630 5775 842 5847 κριτὴς,
863 5776 990 5844 παρ’
1015 5767 1077 5827 οὗ
1109 5774 1206 5834 τὰς
1241 5771 1468 5836 εὐθύνας
1496 5773 1590 5825 καὶ
1620 5772 1727 5824 τῶν

133 5869 342 5936 λέγων,
388 5866 495 5922 καὶ
535 5866 641 5918 τῶν
685 5865 896 5936 τρόπων
946 5861 1476 5934 εἰσπραχθησόμεθα,
1528 5864 1727 5931 ’Ἡμεῖς

1832 4661 1992 4715 Patre
2025 4659 2271 4728 Filioque
2310 4655 2637 4727 procedere;
2669 4656 2762 4708 sed
2808 4652 2976 4708 veluti
3013 4651 3103 4706 illa
3130 4661 3399 4706 terrarum

1832 4755 1983 4810 orbis
2014 4752 2305 4806 luminaria
2359 4750 2425 4803 ad
2478 4747 2804 4802 concordem
2860 4745 3181 4800 sententiam
3229 4741 3403 4811 respi—

1830 4850 2076 4910 cientes,
2141 4843 2438 4899 conllandze
2515 4849 2722 4896 tantum
2765 4839 2880 4909 paci
2939 4851 3037 4891 sua
3089 4833 3404 4888 defensione

1833 4941 2070 4996 studium
2099 4938 2369 5007 ponebant
2411 4955 2425 4991 :
2463 4936 2542 4990 sic
2573 4943 2628 4989 et
2663 4948 2761 4986 nos
2789 4930 2953 4985 veluti
2991 4927 3251 4996 discipuli
3284 4942 3403 4980 ma~

1833 5032 2034 5101 gistros
2065 5030 2188 5083 illos
2216 5037 2526 5096 sequentes,
2552 5040 2662 5079 non
2697 5022 2943 5084 dictioni,
2992 5021 3086 5074 sed
3122 5018 3404 5073 sententia:

1835 5132 2006 5177 totum
2033 5119 2312 5190 negotium
2347 5119 2496 5188 pacis
2535 5115 2901 5184 indulgentes,
2939 5111 3156 5166 unionis
3191 5118 3403 5163 tantum

1832 5215 2006 5284 gratia
2044 5213 2300 5265 Romana:
2353 5210 2610 5264 Ecclesia:
2653 5217 2837 5276 partes
2893 5203 3257 5257 defendimus.
3297 5202 3402 5254 Sed

1835 5307 1926 5377 qui
1970 5305 2204 5376 prompti
2243 5313 2371 5356 sunt
2408 5303 2474 5356 ad
2527 5298 2998 5360 ealumniandum,
3047 5305 3098 5348 et
3149 5293 3214 5346 ad
3247 5306 3409 5346 accn-

1834 5399 2066 5454 santlum
2107 5396 2295 5450 omnia
2333 5395 2584 5463 propensi
2647 5391 3076 5454 calumnientur,
3124 5394 3406 5440 accusent.

1839 5491 1953 5544 Erit
1988 5490 2078 5555 qui
2113 5488 2384 5557 iudicabit
2441 5484 2604 5540 Deus.
2654 5483 2752 5538 Est
2811 5498 3039 5552 prorsus
3091 5479 3279 5548 iudex,
3322 5476 3406 5531 cui

1835 5594 1889 5638 et
1945 5596 2262 5637 sermonum
2325 5589 2380 5633 et
2414 5579 2534 5632 vita:
2590 5576 2856 5629 rationem
2922 5571 3235 5626 reddemus.
3299 5568 3408 5622 Nos

1837 5691 2001 5742 porro
2049 5675 2188 5729 hanc
2217 5673 2523 5742 apologiam
2548 5667 2942 5739 persolvimus,
2978 5679 3047 5718 ne
3091 5661 3219 5734 quid
3253 5676 3410 5714 scan-

1837 5767 1947 5821 dali
1983 5767 2312 5837 simplicium
2346 5762 2604 5819 cordibus
2665 5760 2893 5827 irrepat,
2953 5757 3048 5826 qui
3101 5754 3235 5811 nihil
3290 5754 3406 5809 sani

1839 5876 2143 5930 praeconum
2178 5873 2326 5916 more
2351 5852 2722 5926 pronuntiant,
2768 5850 2946 5918 vobis,
2975 5864 3109 5920 quos
3145 5863 3260 5902 mea
3294 5861 3406 5902 nate
