3932 6578
466 412 606 476 1019

1495 416 1706 476 JOAN.
1752 417 1958 476 VECCI
2001 417 2109 478 Cl’.
2153 419 2654 481 ΡΑΤΒΙΑΒΟΗΕ

3576 418 3711 489 ιοεο

463 532 643 586 υιιιιίο
687 531 740 585 in
808 531 1139 588 audientiam
1208 534 1566 604 provocavit,
1626 534 1705 587 sic
1765 533 2038 587 dicimus:

2153 535 2198 588 se
2230 537 2328 603 τὴν
2369 537 2654 607 παροῦσαν
2679 535 2980 604 ἀπολογίαν
3025 537 3407 612 ποιησάμενοι,
3443 555 3517 600 ως
3542 540 3608 591 ἂν
3639 543 3709 610 μή

462 623 931 691 quemadmodum
989 624 1045 678 in
1105 625 1336 694 hujusce
1397 625 1662 695 ap'ologiae
1721 625 2034 694 prooemio,

462 715 824 784 promisimus
862 719 1169 786 apologiam
1202 719 1342 774 hanc
1395 728 1641 774 nostram
1693 733 1804 772 non
1837 718 1889 771 in
1921 733 2038 772 ver-

462 807 656 860 borum
694 808 1203 876 verisimilitudine,
1236 811 1667 866 etsermonibus
1705 813 2038 881 persuasibi-

461 897 628 962 libus,
657 913 795 967 quos
830 899 882 953 in
911 901 1162 955 humanae
1190 902 1468 968 sapientiae
1499 902 1725 958 suadela
1758 903 2026 973 quispiam

460 1005 558 1044 sua
597 990 861 1060 dirigens,
888 994 1084 1062 saepius
1113 993 1340 1048 subdole
1360 995 1818 1059 comminiscuur,
1845 995 2034 1050 confe-

465 1084 666 1144 cimus,
702 1084 795 1138 sed
821 1084 887 1138 ad
918 1086 1197 1140 veritatem
1231 1086 1735 1150 demonstrandam,
1783 1087 2038 1144 Ecclesia:

461 1175 730 1229 luminutn
760 1191 820 1230 ac
849 1179 1239 1247 magistrorum
1272 1181 1402 1234 olim
1438 1189 1589 1249 gesta
1624 1181 1875 1251 factaque
1909 1195 2036 1251 pro-

460 1268 774 1336 posuimus.
827 1268 981 1336 Quod
1012 1272 1059 1326 si
1132 1281 1322 1326 testem
1392 1287 1612 1342 quoque
1694 1276 2035 1344 poposcitis,

460 1368 654 1412 testem
696 1359 874 1427 ipsum
907 1360 1075 1415 Deum
1109 1377 1138 1416 a
1167 1364 1326 1418 nobis
1355 1365 1541 1418 datum
1569 1365 1926 1434 accipientes,
1971 1377 2041 1420 ne

460 1449 703 1504 animum
737 1451 865 1515 illis,
891 1455 982 1523 qui
1009 1461 1252 1524 paratam
1281 1457 1346 1510 ad
1365 1457 1763 1512 criminandum
1798 1457 2036 1527 linguam

463 1539 685 1605 habent,
723 1544 997 1599 advertite
1029 1564 1044 1602 ε
1083 1547 1178 1601 sed
1203 1549 1490 1603 veritatem
1523 1549 1756 1604 sollicite
1781 1551 2039 1617 indagan—

462 1640 566 1695 tes,
599 1631 870 1689 Ecclesiae
903 1651 1088 1705 pacem
1141 1641 1394 1705 retinete,
1439 1641 1568 1695 dum
1603 1641 1756 1696 scitis
1812 1643 2036 1696 multum

461 1738 587 1778 esse
613 1728 918 1781 mercedem
949 1731 1246 1800 repositam
1300 1731 1450 1786 illam
1486 1733 1939 1800 procurantibus,
1987 1745 2041 1788 et

463 1817 956 1884 comprobantibus
987 1822 1369 1880 retributionis
1407 1823 1494 1879 die
1540 1825 1608 1879 ab
1639 1833 1863 1880 auctore
1893 1825 2041 1896 pacis

465 1915 519 1959 et
551 1909 822 1977 principe.

2146 631 2247 681 πού
2278 645 2330 681 τι
2377 631 2622 695 ὲνστὰξει
2663 631 2960 684 σκάνδαλον
3008 631 3126 694 ταῖς
3153 625 3261 682 τῶν
3308 629 3710 698 ἀκεραιοτέρων

2142 720 2344 790 ψυχαῖς
2385 721 2435 774 ol
2471 722 2636 792 μηδὲν
2674 724 2824 791 ὑγιὲς
2849 721 3342 791 διακηρυκεύοντες
3377 721 3513 790 πρὸς
3545 720 3709 789 ὑμᾶς,

2142 811 2237 876 οὓς
2261 817 2288 867 ὁ
2321 815 2450 884 ἐμὸς
2482 815 2639 884 λόγος
2690 817 2770 878 είς
2811 814 3085 884 ἀκροατὰς
3125 811 3290 866 αὑτοῦ
3327 810 3708 879 συνεκάλεσεν,

2143 904 2287 960 οὕτω
2347 907 2549 977 φαμέν.
2595 908 2748 961 Ἐπεὶ
2793 905 2976 970 καθὼς
3019 907 3078 958 ὲν
3125 905 3240 966 τοῖς
3293 903 3388 956 τοῦ
3423 902 3708 972 παρόντος.

2144 999 2541 1069 ἀπολογητικοῦ
2589 1001 2896 1069 προοιμίοις
2935 998 3382 1068 ἐπηγγειλάμεθα
3417 996 3514 1065 τὴν
3571 992 3706 1064 ὑπὲρ

2143 1091 2300 1162 ἡμῶν
2328 1091 2623 1158 ἀπολογίαν
2647 1093 2706 1144 οὐ
2739 1092 3057 1160 πιθανότητι
3099 1090 3275 1156 λόγων
3305 1087 3709 1158 ἐποιησάμεθα,

2143 1181 2234 1244 οὓς
2268 1169 2379 1236 δ¹ὲν
2401 1183 2580 1236 πειθοῖ
2606 1183 2795 1252 σοφίας
2829 1181 3176 1254 ἀνθρωπίνης
3201 1180 3465 1247 διεξάγων
3490 1179 3565 1233 τὰ
3599 1177 3712 1232 καθ’

2144 1273 2309 1327 αὐτὸν
2333 1274 2480 1327 ἐστὶν
2509 1275 2598 1328 ὅτε
2623 1275 2921 1343 σοφίζεται,
2951 1271 3068 1328 ἀλλ’
3097 1275 3178 1336 είς
3203 1273 3298 1341 τὴν
3320 1272 3422 1341 τῆς
3454 1268 3714 1338 ἀληθείας

2143 1365 2420 1430 ἀπόδειξιν
2446 1366 2512 1419 τά
2537 1367 2687 1435 παρὰ
2733 1367 2840 1421 τῶν
2879 1366 2980 1435 τῆς
3029 1363 3358 1435 Ἐκκλησίας
3408 1365 3714 1432 φωστήρων

2145 1459 2238 1510 καὶ
2272 1455 2608 1511 διδασκάλων
2634 1458 2980 1528 γεγενημένα
3002 1457 3192 1518 πάλαι,
3225 1456 3319 1509 καὶ
3343 1455 3711 1523 πεπραγμένα

2147 1549 2622 1618 προεεαλλόμεθα.
2675 1550 2864 1619 Ὑμεῖς
2897 1551 2988 1603 τὸν
3035 1533 3310 1620 ἡμέτερον
3345 1546 3539 1599 τοῦτον
3585 1545 3715 1599 ἀπδ-

2146 1639 2324 1708 λογον,
2357 1644 2405 1694 εί
2443 1643 2618 1694 δεῖσθε
2652 1643 2751 1696 καὶ
2797 1642 3079 1714 μάρτυρος
3111 1639 3208 1694 ἐπὶ
3258 1638 3378 1707 Θεῷ
3424 1635 3712 1705 δεξάμενοι

2151 1732 2411 1804 μάρτυρι,
2446 1736 2646 1806 μηκέτι
2681 1738 2794 1799 τοῖς
2843 1734 2977 1806 πρὸς
3013 1731 3269 1804 διαϐολὴν
3322 1731 3424 1801 τὴν
3461 1729 3713 1798 γλῶτταν

2155 1826 2586 1896 ἡτοιμασμένοις
2618 1828 2964 1898 προσέχοιτε,
2999 1827 3134 1880 ἀλλὰ
3159 1825 3255 1879 τοῦ
3301 1821 3538 1892 ἀληθοῦς
3564 1821 3715 1889 ἐρευ-

2072 1916 2117 1973 Β
2145 1920 2306 1988 νηταὶ
2337 1921 2626 1990 γινόμενοι
2656 1921 2930 1990 ἀκριὸεϊς,
2964 1921 3064 1989 τῆς
3088 1917 3196 1971 τῶν
3236 1911 3593 1984 Ἐκκλησιῶνξ
3643 1913 3714 1962 εί-

470 1998 640 2070 ρήνης
670 2002 978 2073 ἀντέχεσθε.
1039 2005 1264 2070 εἰδότες,
1313 2007 1390 2070 ὡς
1432 2009 1599 2072 πολὺς
1639 2009 1926 2065 ἀπόκειται
1955 2011 1984 2064 ὁ
2015 2010 2208 2081 μισθὸς
2245 2014 2362 2076 τοῖς
2421 2011 2816 2083 συγκροτοῦσιν
2850 2012 3020 2081 αὐτὴν
3059 2012 3118 2064 ἑν
3156 2011 3224 2081 τῇ
3267 2008 3368 2079 τῆς
3412 2003 3710 2061 ἀνταποδό-

469 2105 609 2155 σεως
638 2092 822 2165 ἡμέρᾳ
854 2097 1003 2166 παρά
1036 2094 1128 2150 τοῦ
1169 2099 1497 2169 εἰρηνάρχου
1529 2100 1786 2171 Χριστοῦ.

1714 2435 2468 2570 ΙΩΑΝΝΟΥ

1264 2669 1612 2727 ΤΔΠΕΙΝΟΥ
1652 2668 2052 2725 ΕΠΙΣΚΟΠΟΥ
2092 2669 2914 2728 ΚΩΝΣΤΑΝΤΙΝΟΥΠΟΔΕΩΣ

817 2830 1617 2920 ΕΠΙΣΗΜΕΙΩΣΙΣ
1693 2835 1921 2922 ΤΩΝ
1994 2833 2374 2924 ΑΥΤΟΥ
2445 2836 2896 2924 ΑΠΑΣΩΝ
2971 2837 3369 2925 ΒΙΒΛΩΝ

1629 3016 1752 3071 ΚΑΙ
1789 3019 2056 3076 ΓΡΑΦΩΝ
2091 3018 2507 3077 ΣΥΜΦΩΝΙΑΣ.

652 3656 1188 3738 HUMILIS
1303 3657 1890 3737 EPISCOPI
2009 3656 2046 3732 ε

2181 3649 3556 3780 ΝΞΤᾹΝΤῙΝΟΡΟΒἹΤΑΝΙ

1584 3838 1692 3900 DE
1735 3837 2090 3900 OMNIBUS
2122 3837 2291 3898 SUIS
2329 3837 2616 3910 LIBRIS,

917 4005 1018 4065 ET
1060 4003 1602 4066 SCRIPTIONUM
1650 4006 1971 4068 SUARUM
2022 4003 2597 4077 CONSENSIONE,
2652 4003 3297 4068 ANIMADVEBSIO.

1706 4175 1914 4240 (Gracia
1968 4173 2165 4225 orthod.
2214 4175 2286 4234 ll,
2339 4189 2387 4236 p.
2430 4174 2499 4234 l.)

554 4490 606 4543 1.
651 4487 715 4542 Et
741 4489 884 4542 hunc
919 4499 1139 4557 quoque
1168 4485 1369 4540 librum
1407 4483 1671 4554 accipito,
1703 4482 1890 4537 animo
1930 4496 2052 4536 meo

2235 4479 2305 4535 α’.
2341 4482 2448 4535 Καὶ
2481 4482 2580 4550 τὴν
2611 4482 2904 4554 παροῦσαν
2929 4483 3078 4550 δέξαι
3103 4483 3166 4555 δὴ
3205 4482 3406 4554 βίϐλον,
3437 4484 3579 4552 φίλον
3613 4476 3706 4552 μοι

480 4589 646 4641 charc
675 4599 738 4638 ac
783 4583 972 4636 intime
1014 4579 1236 4634 domine
1285 4576 1611 4642 Theodore,
1656 4591 1818 4646 quem
1873 4577 1928 4630 in
1969 4587 2046 4629 res

2161 4573 2340 4643 ψυχῆς
2363 4574 2702 4644 ἐνδιαίτημα.
2736 4575 2881 4645 Κῦρι
2905 4576 3169 4647 Θεόδωρε,
3194 4577 3262 4648 ἢν
3293 4578 3326 4648 ἠ
3362 4578 3458 4648 μιν
3484 4580 3582 4640 τοῖς
3609 4579 3703 4628 Ex.

480 4676 888 4734 ecclesiasticas
908 4673 1277 4729 debacchatus
1301 4671 1463 4726 turbo
1479 4651 2057 4737 fructumgintellectus

486 4771 592 4824 mei
625 4767 888 4829 ostendit.
918 4775 972 4821 et
1009 4774 1235 4836 propter
1261 4777 1388 4818 eum
1415 4803 1430 4828 ,
1461 4762 1656 4818 exsilia
1703 4771 1758 4817 et
1802 4775 2056 4816 carceres

484 4877 728 4917 mearum
794 4875 1054 4914 manuum
1108 4859 1353 4914 laborem
1407 4871 1528 4911 esse
1587 4855 1856 4910 fecerunt.
1910 4855 2059 4908 licet

483 4958 626 5010 enim
659 4964 713 5008 et
745 4955 812 5008 ab
842 4955 1016 5008 oculis
1049 4952 1316 5007 confectis
1351 4951 1506 5006 senio
1527 4991 1542 5014 ,
1570 4957 1624 5005 et
1659 4949 1916 5002 manibus
1946 4961 2053 5000 non

486 5044 853 5101 dissimilibus
882 5044 1080 5098 similis
1129 5052 1361 5097 conatus
1391 5042 1712 5095 abhorreret
1740 5080 1756 5103 ,
1816 5048 2054 5093 attamen

487 5153 612 5192 cum
649 5137 951 5192 necessitas
989 5138 1179 5206 ingens
1212 5134 1510 5190 voluminis
1548 5132 1825 5202 exemplar
1859 5145 2058 5200 posce—

487 5243 614 5296 ret,
655 5240 818 5300 atque
851 5231 902 5284 id
938 5239 1250 5284 nostrorum
1297 5227 1754 5283 administrorum
1807 5224 2060 5280 matribus

485 5325 621 5379 eﬂici
660 5338 770 5378 non
807 5333 991 5392 posset
1021 5324 1096 5391 (et
1121 5321 1394 5391 quomodo
1422 5320 1473 5374 id
1501 5329 1666 5383 esset,
1695 5331 1817 5371 cum
1846 5331 1878 5372 a
1915 5316 2060 5371 veri-

491 5417 620 5470 tatis
649 5415 900 5470 bostibus
930 5414 1174 5468 omnium
1212 5427 1440 5483 prorsus
1487 5417 1767 5478 aspectus,
1814 5408 2061 5464 custodi-

490 5508 596 5561 bus
630 5507 890 5575 exceptis.
918 5505 1278 5573 denegatur?)
1313 5503 1445 5566 Deo,
1473 5501 1635 5570 cujus
1665 5500 1837 5569 gratia
1873 5511 2056 5554 nostra

490 5600 606 5652 haec
663 5597 1011 5651 incommoda
1042 5597 1344 5650 toleramus
1364 5633 1379 5656 ,
1407 5593 1590 5648 omnia
1631 5593 2058 5658 committentes,

491 5691 642 5758 operi
672 5699 725 5743 ct
755 5706 950 5744 manus
981 5689 1362 5759 apposuimus,
1394 5694 1448 5740 et
1473 5685 1688 5739 tandem
1730 5686 1794 5739 ad
1827 5686 2056 5753 exitum,

490 5783 585 5848 qui
627 5782 783 5835 nobis
823 5782 1140 5852 propositus
1171 5780 1372 5840 fuerat,
1420 5778 1800 5847 perduximus.
1852 5776 2058 5832 Habeto

501 5872 599 5926 tibi
655 5872 816 5943 igitur
853 5888 970 5928 mea
1027 5888 1188 5927 manu
1235 5868 1529 5925 voluminis
1565 5869 1907 5923 cxsoribcndi
1951 5884 2048 5923 nc-

2159 4667 2569 4737 κλησιαστικοίς
2595 4667 2951 4738 δπισυμόἆσα
2974 4671 3188 4740 ταραχὴ
3207 4670 3418 4740 καρπὸν
3448 4669 3541 4738 τῆς
3562 4669 3660 4737 ὲμῆ
3682 4687 3692 4718 :

2159 4760 2403 4826 ἀνέδειξε
2461 4760 2724 4826 διανοίας,
2779 4763 2811 4830 ἠ
2870 4761 2926 4814 δὲ
2953 4760 3044 4815 διὰ
3072 4761 3247 4815 ταῦτα
3280 4761 3464 4832 ὲξορία
3490 4763 3574 4815 καὶ
3605 4778 3700 4828 φυ-

2159 4853 2300 4923 λακὴ
2345 4853 2440 4907 καὶ
2486 4853 2597 4906 τῶν
2651 4852 2800 4923 ἐμῶν
2831 4853 3034 4924 χειρῶν
3095 4854 3256 4907 πόνον
3291 4853 3613 4923 εἰργάσαντο.
3644 4852 3700 4904 Et

2160 4947 2270 5015 γὰρ
2293 4947 2389 5000 καὶ
2412 4947 2804 5018 πρεσϐυτικοϊς
2831 4945 3153 5015 ὀφθαλμοῖς,
3185 4947 3280 4999 καὶ
3312 4948 3495 5018 χερσὶν
3514 4946 3733 5018 ὁμοίαις(

2159 5039 2367 5110 ἀπᾷδον
2395 5035 2462 5110 ἦν
2488 5043 2550 5092 τὸ
2579 5040 2911 5110 ἐγχείρημα,
2935 5041 3051 5095 ἀλλ’
3073 5039 3200 5093 ἐπεὶ
3224 5039 3392 5110 πολλή
3415 5057 3498 5101 τις
3514 5038 3696 5104 ἀνάγκη
3719 5035 3722 5037 “

2161 5132 2223 5183 τὸ
2279 5133 2378 5202 τῆς
2429 5132 2615 5200 βίϐλου
2671 5131 2873 5203 ἀπῄτει
2926 5133 3287 5202 ἀντίγραφον,
3346 5129 3500 5184 τοῦτο
3525 5129 3574 5182 δὲ
3599 5130 3696 5186 ταῖς

2160 5225 2270 5277 τῶν
2299 5225 2362 5289 ἐξ
2388 5223 2546 5287 ἔθους
2576 5225 2996 5294 ὑπηρετούντων
3021 5227 3153 5295 ἡμῖν
3191 5224 3386 5294 χερσὶν
3430 5220 3692 5288 ἀνυσθῆναι

2161 5309 2276 5369 οἷόν
2299 5333 2357 5370 τε
2391 5317 2490 5370 οὐκ
2523 5312 2591 5387 ἦν
2625 5317 2744 5386 (καὶ
2797 5317 2913 5380 πῶς
2958 5317 3093 5387 γὰρ,
3146 5317 3261 5383 εἴγε
3325 5317 3473 5386 παρά
3499 5314 3594 5367 τῶν
3614 5310 3695 5376 τῆς

2163 5407 2421 5479 ἀληθείας
2447 5409 2676 5478 ἐχθρῶν,
2736 5407 2872 5480 μηδὲ
2923 5409 3054 5474 θέας
3090 5410 3199 5462 τῶν
3233 5411 3487 5463 ἁπάντων
3518 5400 3694 5460 οὐδενὸς

2165 5501 2305 5570 πλὴν
2333 5499 2440 5552 τῶν
2467 5497 2726 5567 φυλάκων
2751 5501 2911 5568 μόνον
2938 5498 3312 5566 ὲπαξιοὺμεθα
3334 5501 3372 5562 ;)
3404 5492 3537 5562 Θεῷ,
3582 5488 3693 5554 ὑπὲρ

2165 5586 2226 5646 οὗ
2255 5590 2427 5645 ταῦτα
2469 5592 2776 5661 πάσχομεν,
2808 5590 2867 5644 τὸ
2898 5592 3006 5644 πᾶν
3032 5589 3382 5657 ἀναθέμενοι,
3423 5588 3512 5642 καὶ
3538 5587 3693 5636 ἐπικει-

2164 5685 2508 5756 χειρήκαμεν
2529 5684 2607 5757 τῷ
2641 5685 2810 5755 ἔργῳ,
2845 5684 2940 5736 καὶ
2969 5682 3060 5735 τοῦ
3089 5681 3278 5746 τέλους
3303 5683 3404 5735 οὐκ
3431 5677 3693 5748 ἡστοχήκα-

2169 5795 2288 5848 μεν.
2319 5777 2479 5842 Δέξαι
2511 5774 2605 5830 οὖν
2629 5776 2831 5847 ταύτην
2860 5777 2955 5845 τὴν
2991 5776 3127 5846 πρὸς
3159 5778 3260 5844 τὴν
3284 5771 3593 5843 αὐτουργίαν
3619 5778 3690 5815 του

2167 5871 2502 5941 ἀντιγράφου
2526 5870 2774 5940 ἀνάγκης
2801 5868 2860 5922 τὸ
2886 5872 3077 5937 αἴτιον,
3108 5868 3208 5940 τὴν
3231 5869 3429 5938 πικρὰν
3449 5864 3530 5918 καὶ
3552 5855 3690 5914 ἁπάν-
