3932 6576
369 421 506 485 1023
1425 419 1632 480 ΙΟΑΝ.
1678 417 1884 478 VECCI
1929 417 1949 474 (

2084 407 2591 472 PATRIARCIIJE
3468 394 3617 460 1024

369 538 662 590 fessionem
701 538 864 601 tueri,
899 555 1060 592 uuam
1110 553 1238 591 vero
1281 537 1666 598 asserentium,
1719 541 1935 604 propter

2053 525 2228 591 λογίας
2280 512 2640 577 ὑποστάσεων
2672 519 3060 588 ἀντεχόμενος,
3110 516 3208 584 τὴν
3237 515 3292 567 δὲ
3339 510 3617 565 καταλλα-

368 627 676 698 hypostasis
715 629 861 682 varia
916 628 1220 698 signiﬁcata
1256 628 1572 707 amicitiam,
1605 601 1936 693 absque-re-

2053 617 2146 686 γὴν
2173 615 2283 668 τῶν
2315 615 2445 684 μίαν
2488 613 2756 681 λεγόντων
2794 611 3097 665 ὑπόστασιν
3127 607 3215 661 διὰ
3262 605 3323 658 τὸ
3366 601 3477 656 ἀπὸ
3506 601 3617 702 τῶν

368 695 730 789 prehensione
749 695 1115 789 amplexatum
1147 720 1338 784 fuisse,
1373 695 1620 788 quod‘illi
1653 716 1938 771 sententia:

2053 707 2335 777 τημασιῶν
2359 705 2460 775 τῆς
2487 705 2838 766 ὑποστάσεως
2887 703 2982 755 ἐπὶ
3020 701 3295 768 συνδρομῇ
3325 695 3418 748 τοῦ
3441 695 3615 748 αὑτοῦ

367 825 480 864 sua!
510 825 616 863 non
657 820 1039 880 repugnarent.

2053 801 2214 870 ρρονή
2225 817 2394 867 ματος
2426 799 2721 868 σύμφωνον
2751 795 3144 864 ἀνεπιλήπτως
3187 789 3543 859 ποιούμενος.

435 901 490 956 4.
522 903 585 955 Ει
614 902 754 957 hanc
784 903 1000 970 quidem
1029 903 1389 958 mconomiam
1417 904 1576 972 primi
1609 901 1937 971 exemplaris

2106 893 2169 946 δ’,
2223 890 2454 960 Πρώτην
2511 889 2610 959 μὲν
2662 885 2758 943 οῦν
2819 887 3024 957 ταύτην
3071 883 3388 952 οἰκονομίαν
3429 880 3477 933 oi
3515 879 3620 944 τῆς

369 993 539 1047 nostri
561 1009 841 1050 sermones
869 1006 1213 1051 conservant.
1251 996 1498 1052 Secunda
1526 1011 1625 1051 nec
1652 996 1934 1049 minimum

2053 984 2405 1054 πρωτοτύπου
2434 984 2592 1055 ἡμῶν
2629 981 2811 1052 βίϐλου
2844 981 3030 1050 ἔχουσι
3063 979 3209 1046 λόγοι
3230 991 3243 1005 ⁶
3271 974 3538 1042 δευτέραν
3562 971 3621 1023 δὲ

367 1085 585 1155 quidem
609 1087 776 1142 distat
809 1103 838 1142 a
870 1089 1064 1158 prima.
1102 1089 1234 1143 Nam
1297 1105 1362 1144 ex
1391 1092 1550 1146 Patre
1591 1104 1687 1156 per
1713 1087 1937 1148 Filium.

2053 1077 2140 1145 τῆς
2199 1077 2423 1146 πριτιτης
2482 1074 2822 1128 ἀποδέουσαν
2875 1071 3148 1141 οὐδαμῶς,
3207 1071 3290 1122 δτι
3322 1084 3385 1134 γε
3420 1063 3523 1132 τὴν
3555 1063 3622 1114 ἐκ

368 1176 598 1247 ideoque
635 1195 700 1233 ex
737 1188 968 1246 utroque
1011 1180 1386 1234 exsistentiam
1425 1180 1627 1233 viviﬁci
1671 1179 1935 1246 Spiritus,

2053 1167 2259 1235 Πατρός
2313 1164 2382 1218 δι’
2444 1163 2600 1227 Υίοῦ,
2650 1162 2746 1215 καὶ
2801 1161 2943 1214 κατὰ
2997 1159 3155 1212 τοῦτο
3184 1157 3368 1247 καῖὲξ
3409 1153 3623 1222 ἀμφοῖν

367 1284 433 1323 ex
497 1270 702 1338 scripto
779 1272 1012 1336 traditis,
1076 1288 1214 1341 quas
1276 1288 1376 1326 nec
1460 1272 1758 1327 adversarii
1835 1271 1937 1339 ipsi

2053 1256 2282 1324 ΰπαρξιν
2313 1256 2408 1309 τοῦ
2434 1253 2751 1325 ζωαρχικοῦ
2783 1251 3126 1322 Πνεύματος,
3159 1248 3218 1313 ἐξ
3258 1240 3336 1301 ὧν
3383 1246 3433 1297 oi
3467 1245 3623 1295 ἀντι-

368 1360 581 1416 inﬁcias
614 1361 832 1425 iverint,
866 1364 1152 1418 sententiis
1191 1365 1658 1425 demonstrantes.
1702 1363 1940 1434 indeque

2053 1347 2326 1410 δικοῦντες
2354 1347 2509 1401 αὐτοὶ
2532 1346 2820 1417 γραφικῶν
2851 1344 3166 1414 ὡμολόγουν
3195 1339 3624 1394 ἀποδεικνύντες

379 1454 638 1508 Romanae
699 1455 956 1510 Ecclesia:
990 1455 1326 1525 inculpatum
1359 1457 1551 1527 dogma
1600 1426 1938 1525 colligentes,

2053 1442 2231 1511 ἡμεῖς,
2291 1438 2596 1492 κάντεῦθεν
2657 1437 2721 1489 τὸ
2770 1437 2866 1506 τῆς
2939 1431 3255 1504 Ῥωμαῖκῆς
3291 1426 3624 1496 Ἐκκλησίας

369 1561 436 1600 ex
506 1559 613 1599 una
680 1561 846 1601 causa
929 1546 1088 1601 Patre
1151 1557 1206 1601 et
1276 1548 1410 1602 Filio
1493 1563 1615 1602 esse
1679 1546 1937 1616 Spiritum

2053 1535 2298 1597 συνάγειν
2351 1530 2566 1602 ἔχοντες
2616 1529 3014 1598 ἀνεπίληπτον,
3070 1525 3130 1590 ἐξ
3173 1525 3292 1586 ἑνὸς
3322 1522 3497 1576 αἰτίου
3526 1522 3621 1570 τοῦ

367 1641 703 1702 asserentis,
780 1655 892 1693 non
975 1641 1153 1709 palam
1239 1640 1468 1696 similem
1557 1655 1745 1694 vocem
1799 1641 1940 1695 scri-

2053 1625 2260 1693 [Ῐατρός
2305 1640 2366 1676 τε
2417 1622 2634 1677 καὶτοῦ
2672 1622 2800 1675 Υίοῦ
2830 1621 2893 1674 τό
2925 1619 3151 1686 Πνεῦμα
3175 1616 3445 1686 λεγούσης
3475 1607 3624 1665 εἶναι

367 1739 461 1796 pto
528 1731 897 1796 tradebamus,
994 1733 1086 1788 sed
1143 1733 1195 1787 in
1279 1733 1550 1802 plerisque
1623 1743 1936 1787 nostrarum

2053 1715 2103 1766 τὸ
2143 1713 2322 1783 ἅγιον,
2356 1715 2480 1784 οὐχὶ
2506 1714 2724 1783 τρανῶς
2757 1713 2856 1782 τὴν
2882 1710 3144 1778 τοιαύτην
3205 1705 3621 1776 ὲλογογραφοῦ-

369 1821 724 1888 scriptionum
757 1823 1023 1892 partibus,
1077 1825 1249 1880 dictas
1284 1801 1494 1892 scripto
1540 1825 1764 1880 traditas
1816 1840 1941 1879 sen-

2053 1823 2148 1874 μεν
2207 1805 2416 1878 φωνὴν,
2485 1807 2600 1860 ἀλλ’
2655 1807 2712 1858 ἑν
2757 1805 2974 1868 πολλοῖς
3017 1802 3128 1855 τῶν
3159 1801 3444 1872 ἡμετέρων
3482 1816 3627 1867 191-

369 1915 567 1968 tentias
589 1916 917 1984 digerentes,
955 1919 1212 1971 continuo
1260 1919 1665 1978 colligebamus.
1725 1933 1787 1970 ex
1833 1931 1943 1970 uno

367 2022 489 2061 esse
529 2005 660 2070 Deo,
709 2023 870 2076 quam
903 2023 1092 2062 vocem
1123 2011 1191 2063 ab
1230 2011 1482 2065 omnibus
1503 2009 1746 2063 hilariter
1766 2009 1944 2076 excipi

367 2099 855 2168 cognoscebamus.
919 2101 1092 2163 Onam
1131 2117 1290 2171 porro
1319 2102 1388 2156 ob
1416 2117 1636 2156 causam
1669 2101 1941 2170 negotium

367 2190 447 2246 sic
479 2193 956 2263 transigebamus?
993 2192 1324 2248 (Economia
1360 2203 1596 2259 utentes,
1652 2210 1812 2263 quam
1859 2194 1943 2248 cui

368 2296 396 2334 a
443 2281 714 2351 theologia
771 2299 965 2338 nomen
1017 2292 1120 2348 est,
1165 2301 1360 2355 magno
1408 2283 1609 2340 Basilio
1665 2287 1938 2346 vendicat,

367 2388 493 2427 cum
539 2374 606 2428 de
641 2374 733 2428 illo
786 2375 996 2429 tradit:
1029 2374 1118 2430 Sic
1174 2377 1264 2430 ille
1319 2378 1374 2430 in
1423 2376 1635 2446 judicio
1683 2393 1945 2430 sermones

367 2482 490 2518 suos
511 2466 785 2534 disponere
811 2468 1114 2535 judicabat,
1138 2469 1438 2534 paululum,
1472 2486 1534 2522 ac
1565 2469 1687 2522 belli
1721 2479 1944 2536 tempus,

371 2565 421 2608 et
487 2557 856 2610 haereticorum
917 2559 1206 2626 potentiam
1259 2559 1648 2629 aliquantisper
1697 2565 1946 2618 tolerare,

367 2644 540 2712 quoad
576 2645 840 2700 libertatis
875 2645 1381 2716 tranquillitatisque
1413 2658 1614 2716 tempus
1662 2647 1948 2701 successis-

372 2746 470 2798 set,
517 2736 847 2808 detlissetque
900 2738 1098 2810 lingua:
1168 2739 1564 2807 conﬁdentiam.
1625 2737 1762 2792 Cum
1801 2737 1946 2792 enim

369 2828 504 2883 nihil
557 2828 771 2884 diﬁ‘erat
824 2846 888 2885 ex
929 2847 1038 2885 uno
1066 2833 1196 2895 Deo,
1259 2831 1343 2884 vel
1375 2847 1438 2886 ex
1472 2847 1577 2885 una
1613 2846 1778 2886 causa
1823 2830 1948 2895 hoc,

371 2921 632 2988 quidquid
655 2932 758 2989 est,
797 2937 920 2977 esse
939 2939 1204 2989 asserere,
1250 2925 1295 2977 si
1341 2924 1606 2994 quidquid
1637 2939 1701 2978 ex
1737 2923 1846 2978 Deo
1893 2933 1947 2978 et

372 3029 470 3084 per
503 3012 669 3068 Deum
699 3029 820 3068 esse
854 3015 1182 3080 afﬁrmatur,
1227 3016 1599 3069 tantummodo
1651 3015 1944 3070 secundum

376 3120 560 3160 causae
611 3105 898 3171 rationem,
961 3122 1059 3160 ncc
1103 3107 1330 3161 alterius
1364 3109 1666 3176 cujuspiam
1702 3107 1944 3161 dicitur:

2045 1898 2164 1966 φῶν
2207 1900 2399 1969 μέρεσι
2448 1900 2546 1963 τὰς
2606 1897 2900 1968 εἰρημένας
2935 1892 3452 1961 καταστρωννύντες
3484 1888 3627 1959 γραὲ

2047 1991 2214 2060 φικὰς
2270 1993 2460 2063 ῥήσεις
2519 1993 2896 2060 συμπέρασμα
2956 1986 3234 2057 πανταχοῦ
3291 1985 3386 2038 τοῦ
3435 1985 3510 2046 ὡς
3562 1983 3625 2047 ἐξ

2046 2085 2164 2147 ὲνὺς
2199 2085 2532 2156 ἐποιούμεθα
2562 2085 2722 2149 Θεοῦ,
2761 2085 2858 2138 ars
2893 2083 2956 2154 δὴ
2989 2084 3196 2142 πάντας
3227 2084 3329 2148 τὴν
3356 2078 3622 2144 τοιαύτην

2043 2175 2283 2246 δρῶντες
2350 2175 2555 2246 ίλαρῶς
2628 2177 3028 2247 προσιεμένους
3082 2175 3288 2244 φωνήν.
3342 2170 3408 2225 Τί
3461 2171 3628 2224 τοῦτο

2048 2269 2364 2332 ποιοῦντες;
2403 2269 2443 2319 Τ
2447 2269 2512 2337 ὴν
2541 2269 2854 2337 οἰκονομίαν
2883 2267 3185 2336 μετιόντες,
3215 2266 3282 2335 ἢν
3321 2267 3349 2318 6
3378 2265 3474 2333 τῆς
3515 2265 3630 2315 θεο-

2046 2360 2234 2426 λογίας
2267 2361 2556 2430 ὲπώνυμος
2585 2360 2660 2431 τῷ
2693 2361 2915 2430 μεγάλῳ
2944 2360 3207 2428 Βασιλείῳ
3261 2375 3590 2429 προσμαρτυ
3611 2388 3623 2396 -

2063 2454 2147 2521 ρεῖ
2179 2453 2236 2504 ὲν
2271 2446 2352 2514 οἷς
2381 2451 2510 2520 περὶ
2539 2450 2704 2503 αὐτοῦ
2735 2467 2923 2521 φησιν·
2961 2452 3073 2515 Ὣς,
3115 2446 3453 2516 οἰκονομεῖν
3480 2444 3628 2509 τοὺς

2045 2544 2275 2612 ,λόγους
2321 2543 2394 2596 ἐν
2444 2543 2637 2610 κρίσει
2673 2542 2792 2596 τῶν
2839 2541 3086 2596 δικαίων
3118 2538 3366 2607 ἐνόμιζε,
3403 2537 3627 2607 μικρὸν

2046 2634 2197 2689 ὅσον
2235 2635 2342 2688 τὸν
2376 2635 2482 2688 τοῦ
2509 2635 2776 2704 πολέμου
2807 2632 3101 2703 διαφέρων
3125 2633 3354 2699 καιρὸν,
3382 2631 3473 2683 καί
3509 2631 3627 2695 τὴν

2045 2727 2164 2780 τῶν
2205 2727 2517 2796 αἰρετικῶν
2560 2727 2948 2791 δυναστείαν,
3003 2727 3114 2792 ἕως
3167 2727 3199 2778 ὁ
3245 2723 3357 2791 τῆς
3384 2724 3626 2776 ἐλευθε-

2039 2823 2179 2887 ρίας
2205 2819 2301 2873 καὶ
2334 2819 2445 2887 τῆς
2469 2820 2702 2887 αἰθρίας
2738 2819 2994 2885 ἐπιλάϐῃ
3032 2817 3262 2885 καιρὸς,
3295 2815 3393 2868 καί
3427 2814 3509 2878 δῷ
3549 2811 3624 2880 τῆ

2046 2914 2298 2983 γλώσσῃ
2323 2912 2440 2977 τὴν
2496 2912 2863 2979 παρρησίαν.
2910 2909 3064 2962 Ἐπεὶ
3097 2910 3207 2978 γὰρ
3233 2908 3478 2977 διαφέρει
3518 2923 3626 2973 μη-

2047 3003 2134 3056 δὲν
2153 3003 2209 3068 ἐξ
2231 3004 2348 3066 ἑνὸς
2369 3002 2528 3063 Θεοῦ,
2549 3003 2580 3072 ἢ
2608 3002 2665 3068 ἐξ
2690 3000 2804 3064 ἑνὸς
2831 3001 3026 3058 αἰτίου,
3045 2999 3164 3052 τόδε
3191 2993 3401 3052 τιεῖναι
3420 2998 3622 3059 εἰπεῖν,

2043 3096 2163 3162 εἴγε
2194 3096 2304 3148 πᾶν
2332 3094 2391 3148 τδ
2412 3095 2475 3146 ὲκ
2495 3092 2630 3146 Θεοῦ
2665 3091 2760 3147 καὶ
2782 3091 2872 3144 διὰ
2897 3089 2991 3144 τοῦ
3015 3090 3148 3143 Θεοῦ
3173 3085 3315 3143 εἶναι
3332 3089 3624 3156 λεγόμενον

371 3199 713 3267 adnectoque
747 3197 856 3264 iam
893 3199 1128 3253 orationi
1177 3214 1332 3262 meae,
1359 3199 1620 3267 reliquum
1662 3197 1946 3268 theologici

2056 3188 2196 3240 κατὰ
2227 3186 2389 3255 μόνον
2419 3185 2511 3239 τὸν
2547 3185 2647 3256 τῆς
2677 3184 2881 3248 αἰτίας,
2908 3184 3114 3254 ἥκιστα
3140 3184 3280 3236 κατὰ
3316 3182 3473 3249 λόγον
3499 3181 3626 3232 ἔτεα

370 3295 524 3357 tlicti,
542 3296 997 3363 quemadmodum
1031 3310 1260 3364 magnus
1286 3296 1444 3351 Pater
1471 3306 1656 3351 noster
1681 3298 1946 3364 Bas’tius,

374 3396 429 3443 ct
458 3391 620 3446 rebus
641 3391 864 3457 agendis
897 3390 1133 3446 eximius
1163 3408 1176 3445 :
1215 3390 1346 3445 Cum
1379 3392 1616 3446 veritatis
1647 3395 1820 3446 hostes
1853 3409 1950 3466 nu-

371 3483 494 3534 dam
528 3478 612 3535 et’
627 3493 866 3551 apertam
892 3482 955 3536 de
984 3481 1190 3552 Spiritu
1224 3501 1420 3548 vocem,
1449 3487 1588 3554 quod
1617 3497 1754 3539 esset
1784 3486 1946 3550 Deus,

376 3575 652 3629 criminari
705 3585 1028 3645 satagerent,
1089 3577 1229 3645 quod
1277 3579 1488 3647 quidem
1524 3579 1735 3632 tametsi
1772 3595 1948 3632 rerum

371 3677 507 3727 erat.
542 3669 759 3736 impium
796 3678 967 3723 tamen
991 3669 1055 3722 ab
1078 3670 1208 3729 illis.
1253 3681 1410 3738 atque
1465 3671 1626 3738 impio
1658 3671 1950 3740 impietatis

375 3762 608 3814 antistiti
657 3762 1023 3830 reputabatur,
1067 3763 1188 3815 hinc
1217 3764 1275 3816 in
1328 3763 1454 3816 aliis
1483 3763 1692 3833 quidem
1740 3765 1950 3818 vocibus

373 3854 572 3921 scripto
626 3853 862 3914 traditis,
896 3861 945 3908 et
981 3856 1297 3908 testimoniis
1336 3856 1552 3910 minime
1611 3857 1810 3920 dubiis,
1857 3857 1950 3910 sed

380 3947 517 3998 idem
570 3947 900 4010 sonantibus,
955 3948 1032 4001 sic
1073 3947 1491 4003 contradicentes
1541 3950 1832 4015 coercebat,
1889 3958 1949 4003 ut

377 4048 560 4092 contra
588 4038 787 4092 hiscere
827 4055 930 4092 non
965 4039 1238 4101 auderent,
1262 4041 1353 4094 sed
1387 4042 1615 4110 propriis
1637 4042 1721 4095 illi
1742 4042 1950 4096 uocibus

376 4131 756 4200 colligarentur
781 4147 798 4184 :
821 4132 1091 4199 propriam
1121 4140 1298 4185 autem
1336 4148 1508 4186 vocem
1544 4132 1598 4185 in
1635 4133 1784 4186 aliud
1815 4144 1950 4186 tem-

377 4240 474 4294 pus
502 4223 801 4292 di/ferebat,
853 4221 1054 4276 nullum
1109 4223 1232 4276 inde
1279 4223 1519 4290 futurum
1560 4223 1950 4276 incommodum

375 4319 711 4377 existimans.
780 4318 826 4371 si
890 4332 1177 4386 parumper
1217 4317 1424 4369 vocibus
1484 4314 1806 4378 immutatis,
1864 4314 1951 4366 di-

374 4413 636 4465 ctionibus
701 4410 826 4465 aliis
907 4411 1045 4464 idem
1124 4408 1448 4463 educeretur.
1525 4406 1678 4472 Quod
1735 4423 1837 4460 non
1895 4406 1950 4458 in

375 4504 539 4557 verbis
566 4504 764 4572 potius,
809 4519 966 4572 quam
995 4503 1048 4555 in
1086 4499 1238 4554 rebus
1270 4509 1451 4553 nostra
1485 4498 1630 4552 salus
1667 4497 1944 4568 consistat.

378 4548 537 4557 η-.-
567 4548 764 4572 ,.--._-,
809 4548 965 4572 τη..-
1088 4548 1234 4554 ---η
1822 4548 1832 4550 -
1873 4548 1894 4550 ..
1933 4548 1943 4551 _

377 4594 499 4648 Pari
531 4595 743 4648 ratione
781 4609 882 4648 nos
917 4608 1135 4662 quoque
1162 4591 1238 4647 uti
1261 4589 1489 4651 alumni,
1540 4598 1593 4642 et
1635 4587 1944 4642 administri
1981 4548 2023 4602 υ

378 4685 624 4755 magistri
657 4685 976 4753 dominique
1005 4683 1186 4739 Basilii
1236 4681 1480 4751 vestigiis
1515 4679 1851 4740 insistentes,
1881 4694 1948 4734 ex

378 4777 632 4848 uno_l)eo
680 4787 1065 4847 proponentes,
1106 4777 1250 4848 quod
1292 4774 1523 4830 faciliter
1577 4771 1717 4840 apud
1759 4773 1950 4825 adver-

380 4846 557 4924 sarios
577 4870 754 4925 locum
785 4871 1112 4934 inveniebat,
1162 4869 1306 4936 quod
1361 4884 1427 4921 ex
1462 4881 1568 4921 una
1601 4880 1768 4920 causa
1798 4878 1952 4920 asse-

380 4963 560 5027 rebat,
597 4966 650 5019 in
684 4965 828 5019 aliud
864 4974 1080 5036 tempus
1115 4963 1517 5023 deferebamus,
1559 4961 1688 5014 illud
1729 4973 1954 5027 prorsus

379 5058 550 5128 probe
577 5067 842 5121 tenentes,
893 5073 1020 5112 cum
1055 5069 1419 5126 opportunum
1457 5063 1669 5122 tempus
1721 5052 1951 5106 institis-

383 5161 488 5216 set,
528 5166 556 5204 a
606 5149 907 5204 dictionum
957 5149 1006 5202 vi
1039 5148 1236 5216 aequali
1285 5147 1588 5214 eodemque
1643 5145 1950 5214 signiﬁcatu

383 5242 744 5298 exhibendam
772 5242 928 5296 nobis
964 5242 1291 5303 libertatem,
1329 5249 1382 5293 et
1421 5235 1806 5292 conﬁdentiam
1860 5251 1958 5290 ex-

383 5337 572 5408 quisiti
601 5335 870 5403 dogmatis
897 5334 1200 5389 asserendi.

459 5429 510 5483 5.
546 5428 608 5481 Et
641 5425 882 5486 tandem,
944 5425 1019 5479 uti
1051 5423 1488 5492 exspectabatur,
1542 5420 1742 5476 evenit.
1795 5417 1959 5472 Nam-

389 5536 498 5592 que
551 5535 659 5575 non
690 5520 850 5588 longo
884 5516 1166 5584 interjecto
1220 5514 1524 5575 intervallo,
1590 5522 1798 5579 tempus
1836 5525 1960 5565 vere

392 5613 547 5667 nobis
595 5611 902 5666 serenitatis
957 5626 1022 5664 ac
1050 5609 1311 5664 libertatis
1338 5605 1542 5660 nullum
1581 5603 1790 5665 incidit,
1817 5601 1959 5670 quod

394 5704 681 5773 theologia:
705 5703 1053 5771 cognominis
1085 5701 1353 5755 libertatis
1396 5710 1449 5752 ct
1479 5695 1963 5751 conﬁdentiaetem-

398 5813 500 5862 pus
536 5795 905 5858 existimabat,
951 5793 1142 5848 incidit
1191 5790 1567 5850 nihilominus,
1615 5785 1760 5855 quod
1795 5794 1846 5838 et
1895 5799 1958 5836 cx

399 5897 716 5956 tempestate
748 5887 802 5942 in
851 5887 967 5957 ipso
1012 5893 1219 5952 exorta,
1287 5894 1339 5939 ct
1385 5884 1436 5939 in
1485 5883 1603 5952 ipso
1654 5889 1961 5952 potentatus

2057 3295 2151 3348 ρον
2197 3277 2456 3342 λέγεται·
2488 3275 2687 3345 καὶτῷ
2732 3275 2877 3344 λόγῳ
2924 3275 3023 3345 ήδη
3064 3273 3398 3344 προστίθημι
3433 3272 3491 3324 τὸ
3525 3275 3628 3341 τῆς

2053 3367 2370 3437 θεολογικῆς
2393 3366 2678 3421 ἐπίλοιπον
2706 3367 2939 3435 ρήσεως,
2967 3364 3156 3431 ὥσπερ
3179 3365 3206 3416 6
3237 3364 3408 3432 μέγας
3437 3361 3627 3429 Πατὴρ

2050 3460 2211 3530 ἡμῶν
2267 3461 2546 3522 Βασίλειος
2593 3459 2622 3510 6
2682 3456 2849 3519 πολύς
2879 3475 2894 3488 ·
2925 3455 3046 3511 Τῶν
3070 3455 3182 3522 τῆς
3213 3454 3501 3520 ἀληθείας
3530 3453 3634 3522 ἐκ·

2056 3551 2214 3621 θρῶν
2253 3552 2588 3621 ζητούντων
2610 3549 2901 3605 λαϐέσθαι
2931 3547 3165 3618 γυμνῆς
3202 3548 3313 3615 τῆς
3342 3546 3473 3615 περὶ
3522 3543 3632 3600 τοῦ

2053 3646 2402 3714 Πνεύματος
2427 3641 2656 3713 φωνῆς,
2685 3641 2765 3707 ὠς
2789 3639 2882 3707 ειη
2917 3641 3084 3706 Θεὸς,
3123 3639 3269 3706 ὅπερ
3293 3637 3366 3692 ὃν
3407 3637 3636 3703 ἀληθὲς

2052 3737 2266 3802 ἀσεϐὲς
2323 3736 2581 3799 ἐκείνοις
2625 3731 3107 3801 ὑπελαμϐάνετο,
3167 3729 3266 3784 καί
3318 3729 3398 3796 τῷ
3461 3729 3632 3792 κακῷ

2052 3830 2360 3900 προστάτῃ
2412 3829 2522 3898 τῆς
2557 3827 2861 3893 ἀσεϐείας,
2909 3824 3094 3891 αὐτὸς
3140 3825 3211 3878 ἐν
3255 3823 3472 3888 ἄλλοις
3513 3823 3635 3892 μὲν

2052 3923 2279 3995 φωναῖς
2299 3921 2636 3992 γραφικαῖς,
2665 3919 2765 3973 καί
2790 3919 3140 3989 μαρτυρίαις
3168 3917 3634 3986 ἀναμφιλέκτοις

2051 4019 2276 4072 ταυτὸν
2303 4016 2666 4083 δυναμέναις
2697 4013 2883 4077 οὕτως
2918 4008 3068 4080 ἦγχε
3101 4010 3245 4076 τοὺς
3284 4009 3634 4076 ἀντιλέγον-

2051 4127 2178 4177 τας,
2240 4111 2320 4174 ὼς
2374 4108 2512 4177 μηδ’
2571 4108 2936 4160 ἀντιϐαίνειν
2991 4105 3633 4173 ἐχειν,ἁλνι“οίκείαις

2053 4201 2408 4257 συνδεῖσθαι
2435 4199 2684 4269 φωναῖς·
2713 4198 2830 4265 τὴν
2855 4197 2925 4249 δὲ
2976 4197 3195 4263 κυρίαν
3227 4195 3440 4265 φωνὴν
3483 4194 3635 4261 τέως

2053 4295 2454 4362 ὑπερετίθετο,
2481 4292 2782 4362 μηδεμίαν
2814 4286 2967 4344 εἶναι
3019 4288 3231 4360 ζημίαν
3271 4289 3630 4358 ἡγούμενος,

2053 4388 2177 4456 είτε
2204 4386 2422 4456 μικρὸν
2468 4384 2587 4439 τῶν
2635 4384 2865 4439 λέξεων
2905 4381 3474 4448 ὑπαλλαττομένων,
3510 4398 3630 4447 φωσ

2054 4481 2191 4546 ναῖς
2225 4481 2443 4545 ἄλλαις
2507 4479 2573 4532 τὸ
2618 4479 2759 4532 ἶσον
2803 4477 3177 4531 διδάσκεται’
3235 4475 3326 4529 ὅτι
3385 4475 3518 4542 μηδ’
3564 4475 3630 4528 ἐν

2043 4545 2273 4640 ῥήμασι
2299 4568 2542 4638 μᾶλλον
2591 4568 2628 4636 ἢ
2689 4545 3037 4638 πράγμασιν
3068 4567 3106 4634 ἡ
3143 4567 3408 4634 σωτηρία
3437 4565 3580 4634 ἡμῖν
3613 4582 3626 4594 ·

2054 4664 2196 4718 οὓτω
2234 4665 2329 4717 καὶ
2365 4665 2546 4734 ἡμεῖς,
2570 4664 2622 4716 oi
2662 4662 2736 4723 ὡς
2783 4661 3024 4732 μαθηταὶ
3077 4660 3174 4712 καὶ
3231 4658 3406 4712 δοῦλοι
3439 4659 3514 4726 τῷ
3552 4658 3626 4709 δι-

2055 4756 2316 4824 δασκάλῳ
2372 4758 2468 4809 καὶ
2521 4754 2756 4824 δεσπότῃ
2819 4753 3088 4818 Βασιλείῳ
3145 4751 3423 4820 ἑπόμενοι,
3487 4750 3545 4802 τὸ
3568 4748 3622 4810 ἐξ

2058 4847 2178 4908 ἐνὸς
2205 4845 2340 4898 Θεοῦ
2372 4843 2770 4915 προτείνοντες,
2803 4842 2892 4896 διὰ
2924 4845 2984 4895 τὸ
3013 4841 3441 4910 εύπαράδεκτον,
3483 4840 3542 4892 τὸ
3565 4837 3618 4901 ἐξ

2059 4939 2180 5004 ἑνὸς
2208 4939 2386 4992 αίτίου
2421 4937 2834 5005 ἀνεϐαλλόμεθα
2862 4935 3000 5004 πρὸς
3028 4935 3238 5005 καιρὸν,
3272 4935 3449 4988 ἐκεῖνο
3491 4933 3615 4984 πάνο

2061 5051 2169 5096 τως
2198 5032 2378 5094 καλῶς
2413 5031 2780 5100 λογιζόμενοι,
2815 5027 2913 5090 ὡς,
2945 5029 3084 5081 ἐπὰν
3114 5028 3142 5079 6
3165 5029 3456 5096 προσήκων
3493 5026 3613 5092 ἡμῖν

2062 5126 2286 5196 ὲνσταίη
2320 5125 2513 5195 καιρὸς
2537 5123 2597 5178 τὸ
2621 5122 2730 5174 τῶν
2759 5121 2957 5188 λέξεων
2994 5118 3321 5188 ἰσοδύναμον
3362 5118 3607 5188 παράσχοι

2063 5219 2130 5275 ἂν
2160 5220 2294 5288 ἡμῖν
2324 5218 2422 5286 τὴν
2455 5217 2545 5269 ἐπὶ
2574 5215 2652 5286 τῷ
2676 5212 2897 5283 ἀκριϐεῖ
2948 5213 3044 5265 τοῦ
3094 5211 3366 5281 δόγματος
3417 5211 3608 5278 παρρη-

2062 5312 2204 5365 σίαν.

2133 5416 2194 5462 ε’.
2227 5408 2405 5477 Ὅπερ
2433 5401 2550 5466 οῦν,
2583 5404 2657 5467 ὡς
2689 5402 3081 5474 προσεδοκᾶτο,
3123 5401 3214 5452 καὶ
3274 5400 3511 5466 γέγονεν.
3539 5393 3600 5445 0-3

2063 5501 2200 5554 πολὺ
2235 5499 2343 5567 γὰρ
2383 5497 2443 5550 τὸ
2499 5499 2556 5549 ὲν
2591 5496 2762 5567 μέσῳ,
2812 5495 2911 5547 καὶ
2945 5492 3139 5560 καιρὸς
3173 5492 3273 5560 μὲν
3303 5489 3506 5557 ἀληθῶς
3533 5486 3604 5536 ai.

2065 5593 2222 5662 θρίας
2252 5593 2347 5644 καὶ
2381 5588 2696 5659 ἐλευθερίας
2745 5589 2880 5658 ἡμῖν
2908 5585 3120 5652 ἐπέστη
3147 5583 3344 5647 οὐδεὶς,
3388 5580 3444 5634 ὃν
3477 5580 3502 5630 6
3524 5577 3606 5642 τῆς

2066 5687 2348 5755 θεολογίας
2371 5685 2661 5753 ἐπώνυμος
2692 5680 2884 5751 καιρὶν
2912 5674 3053 5732 εῖναι
3077 5676 3391 5748 παρῤἠσίας
3423 5673 3606 5744 ἡγεῖτο,

2069 5785 2275 5849 ἐπέστη
2327 5779 2384 5832 δὲ
2427 5778 2578 5846 ὅμως
2623 5776 2650 5826 ὁ
2702 5775 2940 5844 μάλιστα
2993 5773 3098 5826 ὑπὸ
3125 5769 3218 5822 τοῦ
3256 5772 3313 5822 ἐν
3345 5764 3484 5834 αὒτῷ
3511 5777 3608 5832 χει-

2073 5876 2270 5946 μῶνος,
2307 5872 2400 5927 καὶ
2425 5870 2525 5940 τῆς
2567 5872 2623 5922 ἐν
2656 5867 2803 5937 αὐτῴ
2826 5863 3145 5926 δυναστείας
3171 5861 3338 5932 αὐτὴν
3363 5854 3602 5914 ἀπαιτῶν.
