3932 6568
330 407 470 473 1025

1647 408 1747 469 DE
1784 409 1856 471 LI
1868 410 2042 472 BRlS
2080 410 2274 474 SUIS.

3431 417 3567 485 1026

323 515 458 570 Ὅτε
503 514 602 585 μὲν
632 512 744 583 γάρ
793 509 865 567 τά
897 510 1028 583 περὶ
1077 513 1177 584 τῆς
1221 513 1693 586 έκκλησιαστικῆς
1719 517 1903 586 ἐλογο-

2010 526 2346 594 deposceret.
2404 521 2540 580 Cum
2576 523 2723 579 enim
2783 524 3016 594 primum
3084 527 3151 583 de
3201 528 3571 586 ecclesiastica

320 607 593 681 γραφεῖτό
626 624 717 679 μοι
771 604 1005 678 πρώτως
1045 608 1301 678 είρήνης,
1337 607 1493 672 ὲλπίς
1519 626 1604 674 τις
1651 611 1749 665 ἐπὶ
1776 615 1892 677 τοῖς

322 701 672 771 ἀντιλέγουσι
727 698 1144 770 περιθάλπουσά
1198 718 1269 771 με
1332 700 1661 772 μεταϐολῆς.
1697 704 1755 771 Ὀ
1790 705 1901 774 γὰρ

321 792 519 862 ἀγαθῷ
554 791 821 847 συνειδότι
851 792 1007 845 οὐδὲν
1032 791 1177 846 οὕτω
1206 793 1396 864 ῥᾴδιον
1426 792 1569 865 ἔχων
1598 797 1683 859 είς
1710 796 1773 849 τὸ
1801 797 1906 850 πά-

324 902 431 956 σης
458 883 814 939 ἔθελοϐούλου
848 884 1226 955 ίδιορῤυθμίας
1254 886 1356 957 τὴν
1384 886 1651 958 ἀλήθειαν
1702 888 1905 942 ἀνταλ-

320 976 638 1043 λάττεσθαι,
673 975 726 1029 τί
759 977 826 1030 ἂν
871 975 1000 1029 ἄλλο
1031 976 1160 1047 περὶ
1207 976 1315 1029 τῶν
1348 977 1525 1039 ἄλλων
1591 977 1905 1049 διανοηθείη

320 1070 490 1136 ποτές
548 1068 739 1140 ὥσπερ
765 1086 849 1132 τις
882 1068 1066 1139 ἀγαθὴ
1119 1068 1373 1124 ἀνέπειθε
1409 1071 1713 1142 σύμδουλος
1762 1071 1893 1135 τῶν,

324 1161 405 1225 ὡς
462 1162 702 1234 εἴρηται,
732 1163 1018 1232 πατρικῶν
1060 1162 1379 1234 μεμνῆσθαι
1409 1164 1750 1235 οἰκονομιῶν,
1809 1165 1906 1219 καὶ

326 1257 494 1306 παντὶ
545 1253 726 1306 σθένει
758 1253 859 1316 τὰς
910 1253 1049 1324 πρὸς
1081 1254 1208 1318 τοὺς
1258 1255 1637 1324 ἀντιλέγοντας
1687 1257 1907 1328 ὁμιλίας

324 1342 747 1414 ἑξομαλίζοντα,
778 1344 848 1397 δι’
881 1345 1105 1399 ἐκείνων
1130 1345 1331 1412 ταύτας
1361 1348 1470 1401 τῶν
1517 1346 1690 1417 λόγων
1731 1351 1907 1402 ποιεῖ-

322 1435 473 1501 σθαι,
521 1428 602 1498 οἷς
663 1432 991 1508 ἱλαρώτερον
1034 1431 1181 1492 οὗτοι
1229 1440 1329 1502 τὰς
1354 1439 1523 1502 ἀκοὰς
1573 1440 1900 1511 προσέχουσι

328 1525 586 1595 μάλιστα.
620 1526 822 1580 Μέντοι
854 1544 919 1597 γε
940 1527 1035 1582 καὶ
1061 1528 1190 1594 τοὺς
1232 1528 1495 1602 ῥηθέντας
1525 1531 1905 1603 οἰκονομικοὺς

333 1619 558 1691 μετῄειν
597 1618 790 1689 λόγους
819 1619 953 1689 ἐγώ.

397 1845 474 1912 ς’.
504 1847 635 1902 Ὅτε
694 1847 752 1902 δὲ
789 1850 901 1904 τῶν
951 1851 1297 1921 πραγμάτων
1353 1852 1779 1922 ἀλλοιωθέντων,
1832 1856 1902 1911 τὰ

320 1943 761 2013 ἐκκλησιαστικά
812 1942 933 2014 τὴν,
962 1942 1038 2008 ὡς
1081 1946 1285 1999 ἅπασιν
1312 1945 1604 2017 ἔγνωσται,
1634 1950 1902 2018 φαυλοτά-

323 2053 430 2107 την
466 2035 731 2106 σύγχυσιν
765 2036 1058 2110 συνεχύθη,
1094 2039 1191 2093 καὶ
1241 2040 1291 2093 oi
1337 2041 1431 2095 τοῦ
1481 2040 1712 2113 ψεύδους
1771 2044 1906 2113 ἡγε-

327 2126 494 2198 μόνες
522 2129 620 2182 καὶ
666 2129 903 2199 ἀρχηγοὶ
946 2130 1087 2199 μετά
1134 2129 1234 2200 τὴν
1268 2132 1327 2185 ὲν
1365 2134 1554 2201 μέσοις
1581 2132 1904 2204 ἀνακτόροις

326 2223 755 2292 ἀντιπρόσωπον
802 2221 960 2293 ἡμῶν
1007 2222 1147 2295 πρὸς
1180 2223 1379 2288 αὐτοὺς
1433 2225 1692 2295 ἅμιλλαν,
1747 2226 1904 2279 τόσον

324 2312 424 2368 τοῦ
456 2314 689 2385 ἀληθοῦς
745 2314 1247 2386 κατηναιδεύσαντο
1302 2316 1590 2387 δόγματος,
1636 2316 1777 2370 ὥστε
1809 2318 1905 2371 καὶ

326 2406 575 2475 γραφαῖς
625 2407 697 2458 τά
748 2404 992 2477 πρόδηλα
1047 2405 1151 2476 τῆς
1206 2404 1387 2460 αὐτῶν
1416 2408 1684 2479 αἱρέσεως
1722 2423 1906 2478 παρα-

325 2498 536 2562 δοῦναι,
558 2496 654 2552 καὶ
677 2496 875 2567 τόμους
898 2497 1178 2564 ἐκθέσθαι,
1200 2497 1451 2569 ἢστήλας
1475 2502 1777 2572 ἀναστῆσαι
1801 2499 1905 2571 τῆς

328 2590 511 2645 αὐτῶν
558 2589 837 2654 ἀσεϐείας,
870 2588 1016 2643 εἴποι
1071 2606 1155 2654 τις
1206 2591 1282 2663 ,ἂν
1312 2590 1648 2661 κυριώτερον
1709 2591 1902 2663 καιρὸν

330 2679 469 2736 εἶναι
523 2681 713 2737 τοῦτον
772 2681 873 2752 τῆς
906 2682 1001 2735 ἐπὶ
1066 2684 1133 2752 τῇ
1188 2682 1447 2754 ἀκριϐείᾳ
1478 2682 1573 2736 τοῦ
1627 2680 1901 2751 δόγματος

333 2775 644 2849 παρρησίας
676 2777 840 2847 ἡμεῖς
874 2774 1248 2846 λογισάμενοι,
1288 2776 1365 2845 έν,
1406 2775 1519 2846 ἰδίῳ
1546 2791 1606 2829 τε
1650 2776 1802 2846 τόμῳ
1832 2776 1901 2828 τὰ

332 2870 568 2944 ῥηθέντα
603 2868 852 2941 δόγματα
899 2867 1244 2940 διελάὸομιν,
1290 2868 1385 2923 καὶ
1412 2870 1442 2923 ό
1469 2867 1637 2939 τόμος
1668 2869 1762 2923 τὸν
1785 2868 1904 2940 τρί-

329 2981 426 3019 τον
456 2964 565 3019 τῶν
589 2967 688 3018 τοῦ
732 2946 1289 3033 Κυπρίουάίρέσεων
1314 2962 1626 3034 ἀναπληροῖ
1651 2961 1898 3033 ἔλεγχον,

332 3058 428 3111 καὶ
456 3058 556 3128 τὴν
588 3055 770 3127 βίδλον
807 3057 1119 3128 ἀντιγραφῇ
1160 3054 1495 3127 παραδοῦναι
1524 3056 1632 3110 τῶν
1673 3056 1902 3111 δεόντων

329 3150 655 3220 διέγνωμεν,
706 3150 782 3213 ὡς
810 3147 879 3203 ἂν
926 3151 954 3203 ὁ
987 3149 1154 3218 τόμος
1187 3141 1364 3215 οὗτος,
1406 3146 1509 3217 τῆς
1559 3147 1894 3218 ἀντιγράφου

331 3241 574 3311 γεγονὼς
625 3241 813 3314 μέρος,
846 3241 908 3297 τὸ
931 3242 1118 3296 ίκανδν
1148 3242 1287 3312 πρὸς
1334 3241 1732 3319 ἐπισημείωσιν
1763 3241 1900 3309 ἕξει,
1926 3263 1972 3325 c

334 3332 413 3388 ὧν
449 3335 609 3405 ἡμεῖς
642 3335 1059 3405 μεταποιήσεων
1085 3332 1181 3387 ἐπὶ
1215 3331 1433 3395 πολλοῖς
1467 3330 1577 3386 τῶν
1620 3332 1905 3404 προτέρων

332 3428 510 3497 λόγων
559 3427 715 3500 ἡμῶν
756 3427 1135 3499 ἐποιησάμεθα
1187 3429 1431 3499 μέρεσιν.
1487 3427 1645 3480 Ἐστι
1678 3426 1779 3497 μὲν
1811 3423 1905 3481 οὗν

332 3518 445 3573 τῶν
474 3518 985 3589 οίκονομικωτέρως
1016 3518 1328 3591 εἰρημένων
1382 3517 1586 3584 λέξεων
1612 3522 1712 3581 τάς
1743 3521 1904 3587 ἀκρι-

334 3613 596 3684 ϐεστέρας
653 3612 1166 3683 ἀνταλλαττόμενοι,
1212 3611 1416 3666 ἔστιδὲ
1464 3604 1527 3665 οὗ
1557 3610 1651 3665 καὶ
1682 3626 1905 3683 περικο-

334 3706 445 3772 πάς
466 3707 593 3771 ὅλας
619 3706 800 3761 αὐτῶν
827 3706 1245 3778 διαγράφοντες.

409 3842 453 3910 ζ’
483 3844 555 3897 Σὺ
589 3843 743 3914 γοῦν,
775 3843 875 3915 τὴν
906 3843 1088 3915 βίϐλον
1115 3844 1323 3915 ταύτην
1347 3843 1661 3915 δεξάμενος,
1693 3846 1816 3901 ἐπεὶ
1835 3843 1905 3899 τὰ

340 3936 775 4011 προηγησάμενα
804 3936 901 4007 τῆς
933 3935 1294 4009 πρωτοτύπου
1323 3938 1633 4009 ἀντίγραφα
1667 3938 1721 4002 ές
1747 3936 1906 3991 τόσον

340 4033 546 4102 μέτρου
574 4030 857 4103 προελθεῖν
880 4026 1047 4096 οἶδας,
1070 4031 1144 4094 ὡς
1171 4033 1231 4084 έν
1247 4031 1469 4094 πολλαῖς
1486 4031 1594 4084 τῶν
1618 4030 1905 4101 ἡμετέρων

336 4125 590 4192 γενέσθαι
612 4124 753 4179 αὑτά
780 4125 1004 4191 πόλεων,
1036 4124 1141 4177 ἴσθι
1169 4124 1269 4191 μὲν
1297 4126 1362 4194 τῇ
1390 4124 1483 4194 νέα
1511 4123 1684 4195 ταύτῃ
1709 4123 1908 4194 ἐπιψη-

339 4217 661 4289 φιζομένους
678 4221 826 4291 ἡμᾶς
842 4219 911 4272 τὰ
940 4221 1203 4288 πρωτεῖα,
1224 4220 1300 4290 μὴ
1316 4219 1500 4289 μέντοι
1518 4235 1582 4288 γε
1596 4220 1691 4272 καὶ
1705 4219 1906 4288 ἀργίαν

338 4312 568 4367 ἀπασῶν
598 4311 1154 4383 καταψηφιζομένους
1179 4312 1427 4366 ἐκείνων.
1457 4313 1519 4365 Εί
1545 4313 1656 4384 γὰρ
1679 4312 1908 4365 καὶτῶν

336 4403 748 4475 ἀκριϐεστέρων
764 4404 1128 4474 περιληπτικὴ
1155 4406 1301 4456 ἐστιν
1320 4402 1481 4474 αὕτη,
1501 4403 1618 4457 ἀλλ’
1644 4404 1677 4473 η
1696 4408 1753 4456 ὲν
1768 4405 1904 4475 αὐτῇ

338 4478 743 4564 ὲπισημέίωσις
786 4494 892 4546 τῶν
928 4495 986 4545 ἐν
1015 4491 1256 4556 ἐκείναις
1308 4496 1797 4563 οἰκονομικώτερον
1830 4495 1910 4547 εί-

1999 616 2223 681 unione,
2259 626 2313 671 et
2345 630 2475 686 pace
2495 619 3023 685 commentabamur,
3049 635 3172 690 spes
3198 631 3317 677 erat
3345 623 3572 679 noscir-

2010 705 2336 763 cumfovcns
2357 721 2473 772 eos,
2497 707 2588 777 qui
2608 706 2879 762 contraria
2895 711 3223 776 asse.ebant,
3246 724 3367 765 esse
3384 711 3579 763 immu-

2002 798 2214 852 tandos.
2266 796 2369 864 Qui
2399 799 2545 852 enim
2590 799 2760 867 proba
2808 800 3144 856 conscientia
3169 800 3221 855 id
3254 817 3421 856 unum
3470 800 3576 857 sibi

2008 890 2316 961 proposuit.
2369 887 2693 957 propriaeet
2724 889 3046 945 voluntaria:
3075 888 3318 958 opinioni
3351 889 3577 959 reliquis

2018 977 2350 1049 posthabitis
2419 980 2707 1033 veritatem
2771 995 3107 1051 prmpouere,
3156 981 3286 1048 quid
3339 996 3580 1049 unquam

2010 1069 2077 1122 de
2108 1068 2232 1124 aliis
2268 1069 2673 1137 excogitasset?
2725 1070 2772 1124 ls
2812 1070 2976 1125 veluti
3021 1073 3194 1125 bonus
3232 1070 3577 1126 consiliarius

2005 1160 2290 1227 suasisset,
2316 1160 2695 1230 prmdictarum
2727 1161 2949 1218 Patrum
2978 1164 3407 1219 mcouomiarum
3431 1177 3579 1216 meu-

2008 1252 2211 1305 tionem
2249 1253 2529 1318 inducere,
2564 1264 2619 1310 et
2656 1256 2804 1309 omni
2840 1257 3021 1310 studio
3058 1256 3319 1311 adversus
3353 1262 3575 1310 contra-

2006 1342 2275 1409 dicentes,
2307 1358 2433 1398 eum
2480 1344 2573 1415 qui
2606 1360 2729 1400 cum
2767 1347 2886 1401 aliis
2936 1347 2993 1400 in
3027 1347 3447 1402 collocutioneni
3482 1363 3578 1403 νεα

2008 1434 2111 1500 nit,
2143 1448 2428 1490 sermones
2456 1436 2847 1503 emollientem,
2890 1453 2983 1508 per
3029 1454 3094 1493 ea
3150 1440 3223 1494 ita
3267 1439 3572 1494 orationem

2007 1526 2262 1597 dirigere,
2301 1527 2501 1591 quibus
2544 1526 2623 1582 illi
2651 1528 3016 1599 potissimum,
3053 1540 3107 1585 et
3140 1532 3312 1598 magis
3336 1531 3578 1584 lnlariter

2005 1632 2167 1673 aures
2196 1619 2573 1687 prtebuissent.
2608 1620 2843 1690 Ideoque
2864 1632 2917 1676 et
2952 1636 3115 1691 supra
3156 1621 3407 1678 laudatas
3432 1636 3578 1676 oeco-

2008 1706 2316 1761 nomiarum
2357 1709 2600 1764 rationes
2631 1714 2748 1780 ipse
2779 1712 3130 1782 usurpabant.

2073 1845 2129 1902 6.
2181 1845 2319 1902 Cum
2363 1864 2494 1904 vero
2524 1850 2690 1906 rebus
2719 1853 3019 1909 immutatis
3049 1854 3265 1922 negotia
3304 1853 3571 1910 ecclesia-

2003 1940 2166 2007 Mica,
2198 1941 2452 2012 pessimae
2489 1941 2820 2010 confusioni,
2867 1954 2927 1999 ut
2973 1960 3165 2002 omnes
3203 1955 3428 2012 norunt,
3474 1947 3576 2001 ob-

2006 2033 2169 2088 noxia
2230 2033 2373 2088 facta
2403 2044 2553 2101 sunt,
2595 2044 2650 2091 et
2698 2037 2969 2093 mendacii
3005 2037 3174 2094 duces
3213 2047 3269 2093 et
3304 2050 3575 2105 auclores,

2004 2133 2127 2194 post
2153 2135 2431 2180 certamen
2466 2142 2498 2182 a
2530 2127 2690 2183 nobis
2720 2129 2948 2184 adversa
2984 2129 3123 2185 facie
3153 2130 3206 2184 in
3244 2130 3423 2184 mcdia
3454 2129 3575 2185 aula

2005 2234 2127 2273 cum
2188 2217 2299 2273 illis
2349 2218 2569 2284 initum,
2628 2221 2966 2299 tantumdem
3028 2223 3082 2277 in
3137 2238 3326 2277 verum
3379 2224 3577 2293 dogma

2004 2310 2373 2367 inverecunde
2415 2311 2735 2369 debacchati
2790 2324 2944 2383 sunt,
2984 2325 3043 2372 ut
3081 2317 3380 2386 scriptione
3410 2316 3574 2372 etiam

2005 2403 2252 2461 Ilzeresim
2301 2408 2477 2477 palam
2520 2407 2723 2473 facere,
2768 2418 2821 2463 et
2854 2419 3034 2465 tomos
3073 2411 3336 2474 scribere,
3367 2412 3470 2477 vel,
3518 2422 3579 2466 ut

2003 2499 2126 2570 quis
2155 2502 2335 2570 aptius
2381 2503 2608 2568 diceret,
2650 2492 2959 2569 columnas,
3017 2514 3070 2559 et
3109 2505 3295 2575 cippos
3341 2505 3578 2577 propria:

2004 2590 2305 2659 impietatis
2337 2593 2569 2661 erigere,
2615 2593 2902 2659 auderi-nt,
2936 2594 3040 2648 boc
3075 2610 3195 2649 esse
3227 2605 3439 2664 tempus
3473 2611 3568 2650 ex-

2001 2680 2190 2750 quisiti
2233 2681 2502 2751 dogmatis
2552 2683 2852 2747 asserendi,
2900 2692 2956 2739 et
3006 2684 3262 2754 loquendi
3305 2685 3578 2740 libertatis

2002 2774 2126 2837 rati,
2150 2773 2409 2844 peculiari
2443 2782 2591 2829 torno
2613 2775 2756 2829 dicta
2778 2776 3032 2847 dOgmata
3056 2778 3321 2847 complexi
3354 2793 3574 2843 sumus,

2000 2875 2055 2921 et
2098 2875 2280 2922 tomus
2343 2868 2561 2922 tertium
2609 2867 2793 2941 Cyprii
2858 2869 3135 2926 baereseon
3192 2878 3573 2941 argumentum

2002 2956 2254 3023 absolvit,
2286 2968 2340 3012 et
2366 2957 2616 3014 volumen
2669 2961 3100 3029 exscriploribus
3134 2963 3346 3016 tradere
3374 2978 3579 3018 neces-

2002 3051 2206 3105 sarium
2238 3064 2361 3105 esse
2395 3051 2672 3115 duximus,
2706 3060 2765 3105 ut
2799 3048 2979 3107 tomus
3022 3053 3122 3108 iste
3148 3054 3267 3107 libri
3302 3055 3565 3124 exscripti

2003 3154 2132 3209 pars
2189 3136 2353 3206 facta,
2417 3141 2554 3196 satis
2612 3143 2933 3214 abundeque
2987 3145 3311 3212 insinuaret,
3351 3164 3455 3217 qua
3509 3149 3579 3205 de

2003 3245 2171 3287 causa
2201 3247 2321 3292 nos.
2364 3246 2486 3302 qua:
2530 3233 2585 3287 in
2648 3234 2921 3306 plerisque
2969 3239 3219 3307 partibus
3270 3242 3574 3310 primarum

2009 3335 2320 3380 nostrarum
2357 3324 2795 3382 lucubrationum
2832 3328 2965 3384 alias
3011 3331 3274 3396 diximus,
3312 3333 3572 3389 immuta-

2007 3417 2207 3472 vimus.
2243 3416 2491 3489 Namque
2536 3419 2591 3472 in
2623 3421 2902 3476 nonnullis
2934 3421 3224 3487 dictiones,
3260 3440 3398 3494 quas
3426 3441 3577 3481 ceco-

2007 3510 2202 3565 nomia:
2231 3510 2591 3575 attendentes,
2622 3513 2998 3582 apposuimus,
3029 3516 3085 3570 in
3134 3517 3256 3571 aliis
3298 3521 3577 3576 exactiore

2009 3604 2196 3660 studio
2226 3603 2359 3658 moti
2397 3604 2831 3670 immntavimus,
2873 3619 2943 3679 et_
2966 3607 3021 3661 in
3046 3610 3326 3667 nonnullis
3370 3613 3582 3682 perico-

2008 3710 2107 3766 pas
2137 3710 2351 3766 quoque
2381 3695 2616 3767 integras
2638 3698 3023 3767 expunximus.

2081 3859 2133 3913 7.
2176 3858 2259 3914 Tu
2308 3859 2474 3929 igitur
2517 3860 2717 3915 librum
2763 3862 2908 3916 hunc
2951 3841 3248 3933 accipiens,
3302 3881 3425 3921 cum
3452 3884 3574 3937 quae

2007 3960 2408 4024 praecesserunt
2461 3954 2622 4020 primi
2666 3954 2951 4023 originalis
2998 3957 3331 4026 exetnplaria
3360 3958 3414 4012 in
3444 3976 3569 4015 eum

2008 4060 2298 4101 numerum
2326 4056 2704 4111 cxcreverunt,
2742 4046 2821 4101 uti
2848 4045 2985 4103 bene
3016 4047 3203 4113 calles,
3241 4059 3300 4106 ut
3325 4050 3391 4106 ad
3421 4056 3577 4107 mul-

2009 4146 2096 4192 tas
2136 4138 2303 4192 urbes
2337 4147 2553 4194 nostras
2609 4138 2807 4202 delata,
2858 4142 3113 4196 omnibus
3174 4157 3284 4211 prae
3324 4147 3578 4200 inanibus

2011 4229 2144 4293 sint,
2197 4236 2359 4296 serto,
2415 4245 2518 4285 nos
2575 4232 2778 4285 recenti
2818 4228 2957 4287 huic
3007 4249 3259 4302 novoque
3313 4238 3579 4294 volumini

2013 4317 2259 4385 potiores
2283 4326 2463 4386 partes
2484 4316 2730 4385 deferre;
2768 4334 2943 4389 neque
2967 4333 3250 4391 propterea
3282 4323 3371 4377 illa
3392 4327 3578 4381 omnia

2011 4411 2362 4478 suspendere.
2401 4404 2553 4463 Licet
2589 4409 2735 4463 enim
2766 4409 2871 4463 hoc
2900 4413 3240 4468 accuratiura
3275 4417 3576 4482 contineat,

2011 4516 2135 4570 qua:
2180 4511 2363 4567 tamen
2414 4502 2468 4556 in
2515 4516 2580 4557 eo
2616 4514 2722 4567 est,
2756 4506 2820 4557 de
2865 4503 2952 4566 iis,
3008 4520 3129 4573 qua:
3158 4506 3213 4560 in
3266 4507 3375 4563 illis
3404 4511 3579 4580 magis

340 4588 599 4658 ρημένων
643 4587 907 4649 κάκείνας
941 4589 1217 4655 ὲπικυροί.
1257 4585 1414 4639 Ἐπεὶ
1469 4585 1564 4639 καὶ
1598 4585 1771 4639 πολλὰ
1800 4588 1905 4639 τῶν

2014 4593 2337 4648 mconornize
2368 4595 2714 4649 attendentes
2746 4595 3094 4663 scripsimus.
3137 4598 3570 4668 animadversio,

336 4679 772 4750 έκταδικώτερον
825 4673 889 4731 ὲν
936 4678 1173 4741 ἐκείναις
1231 4678 1638 4749 διειλημμένων
1689 4678 1826 4749 πρὸς
1850 4676 1910 4730 τὸ

339 4774 777 4845 συνεσταλμένον
836 4772 895 4823 ἐν
951 4770 1126 4843 ταύτῃ
1176 4770 1327 4825 ἔστιν
1370 4772 1578 4840 εὑρεῖν·
1624 4772 1717 4825 καὶ
1742 4772 1803 4823 οὐ
1829 4770 1912 4824 δεῖ

335 4867 559 4930 πάντως
591 4866 690 4937 τὴν
723 4864 988 4936 συστολὴν
1021 4863 1229 4935 ταύτην
1255 4866 1333 4928 είς
1367 4863 1571 4935 ἀργίαν
1595 4862 1909 4933 λογίζεσθαί

335 4978 463 5014 τινα
521 4959 631 5014 τῶν
688 4960 972 5024 ἁπάντων,
1033 4957 1171 5012 ἀλλά
1217 4958 1310 5011 τὸν
1365 4957 1528 5027 λόγον
1583 4959 1761 5013 εἰδότα
1811 4959 1909 5030 τῆς

338 5051 602 5123 συστολῆς
680 5053 782 5122 τῆς
857 5051 1136 5123 ἡμετέρας
1184 5050 1399 5122 καρπὸν
1446 5050 1687 5113 διανοίας
1753 5052 1911 5122 ἠγεί-

338 5145 487 5210 σθαι,
546 5145 634 5198 ἐπ’
696 5144 925 5214 οὐδεμιᾷ
978 5143 1394 5213 ὲναντιοφωνίᾳ,
1445 5143 1550 5211 καὶ,
1575 5141 1677 5205 τὰς
1708 5144 1766 5195 ὲν
1819 5136 1910 5204 αἷς

337 5240 505 5310 ἡμεῖς
532 5237 595 5291 τδ
622 5236 1044 5308 πλατυκώτερον
1074 5234 1170 5288 τοῦ
1198 5235 1359 5304 λόγου
1386 5234 1724 5306 δεδώκαμεν.
1765 5234 1824 5287 ’0
1849 5234 1910 5289 δι

334 5324 442 5393 τῆς
479 5323 746 5395 συστολῆς
805 5324 982 5393 λόγος,
1040 5324 1123 5377 δτι
1176 5325 1317 5394 μετά
1376 5323 1440 5378 τὸ
1473 5324 1570 5387 τὰς
1621 5323 1763 5377 κατά
1798 5325 1915 5380 Φω-

336 5418 481 5484 τίου,
520 5417 617 5470 καὶ
654 5416 753 5470 τοῦ
782 5416 1069 5487 Μεθώνης,
1108 5416 1324 5488 Φουρνῆ
1363 5434 1447 5483 τε,
1496 5417 1588 5469 καὶ
1619 5416 1712 5470 τοῦ
1744 5416 1911 5472 Βουλ-

340 5508 661 5579 γαρίας,ἒτι
684 5508 741 5563 δὲ
771 5511 867 5564 καὶ
895 5509 994 5580 τῆς
1022 5507 1115 5562 τοῦ
1147 5510 1481 5582 Καματηροῦ
1520 5512 1706 5583 βίϐλου
1739 5510 1909 5574 ίδίως,

341 5602 437 5653 καὶ
465 5600 534 5655 αὖ
563 5602 716 5672 παρὰ
748 5603 913 5675 μέρος
964 5605 1102 5673 μετά
1127 5602 1187 5657 τὸ
1218 5605 1318 5668 τὰς
1348 5606 1489 5659 κατά
1517 5605 1610 5660 τοῦ
1646 5606 1914 5677 Μοσχάμρ

339 5693 887 5767 παρ-λογογραφῆσαι
920 5696 1067 5766 ἡμᾶς
1124 5697 1497 5768 ἀντιρρήσεις,
1528 5698 1707 5752 ἄλλων
1750 5698 1913 5754 πάλιν

337 5785 529 5854 ὥσπερ
560 5786 622 5853 ἐξ
654 5788 910 5859 ὑπαρχῆς
957 5787 1235 5859 πολεμίων
1262 5788 1363 5860 τῆς
1406 5788 1667 5861 ἀληθείας
1694 5791 1909 5861 ἀναφα·

338 5880 560 5944 νέντων,
587 5883 615 5935 ὁ
642 5881 890 5951 Κύπριος
927 5873 1102 5951 οὗτος,
1131 5883 1228 5935 καὶ
1254 5884 1302 5935 ol
1350 5884 1475 5953 περὶ
1504 5884 1596 5938 τὸν
1640 5885 1912 5957 Κύπριον,

2013 4687 2175 4740 etiam
2215 4688 2329 4741 haec
2363 4688 2478 4757 ipsa
2510 4687 2845 4742 constabilit.
2891 4688 3027 4741 Cum
3063 4689 3230 4744 multa
3274 4692 3327 4744 in
3358 4691 3464 4746 illis
3496 4693 3582 4747 fu-

2012 4777 2129 4832 sius
2164 4786 2509 4848 pertractata,
2539 4779 3051 4849 compendiosiusin
3086 4783 3192 4837 isto
3221 4783 3577 4854 digerantur:

2012 4882 2188 4937 neque
2239 4879 2525 4939 propterea
2597 4870 2705 4926 isto
2771 4873 3100 4941 compendio
3162 4873 3256 4929 illa
3314 4878 3573 4944 suspendi

2013 4958 2290 5029 quispiam
2326 4960 2642 5027 existimet;
2699 4960 2793 5017 sed
2828 4964 3143 5034 compendii
3183 4966 3396 5022 ratione
3428 4982 3576 5024 com-

2013 5060 2166 5121 perte
2199 5059 2403 5119 teneat,
2433 5054 2605 5108 nostri
2640 5054 2948 5109 intellectus
2978 5056 3121 5111 bunc
3152 5056 3343 5123 fetum,
3375 5060 3583 5116 nullam

2013 5144 2070 5198 in
2098 5159 2159 5200 se
2184 5144 2627 5199 contrarietatem
2667 5147 2967 5211 continere,
2998 5148 3165 5203 etiam
3200 5148 3256 5204 in
3296 5150 3427 5218 illis,
3455 5167 3579 5221 qua:

2014 5236 2069 5290 in
2143 5237 2335 5306 primis
2386 5236 2563 5292 fusius
2613 5238 3085 5296 concinnavimus.
3152 5239 3218 5295 Et
3271 5245 3584 5312 compendii

2014 5341 2239 5381 causam
2277 5334 2482 5383 teneto.
2514 5327 2807 5400 Postquam
2850 5329 3118 5384 adversus
3150 5330 3429 5396 Photium,
3456 5332 3585 5398 ,Με-

2015 5422 2360 5487 tbonensem,
2414 5429 2470 5477 et
2516 5420 2789 5494 Bulgaria:
2814 5422 3310 5492 archiepiscopum,
3371 5439 3584 5481 necnon

2015 5513 2290 5570 Camateri
2340 5515 2541 5569 librum
2571 5515 2826 5579 seorsim,
2870 5530 3177 5585 rursusque
3213 5506 3381 5571 etiam
3426 5532 3588 5588 sepa-

2016 5609 2177 5663 ratim
2218 5607 2668 5679 Moscbamparis,
2699 5609 3162 5663 contradictiones
3187 5622 3407 5666 nostras
3448 5613 3587 5666 scri-

2013 5702 2339 5774 psissemus,
2381 5703 2504 5757 aliis
2553 5711 2721 5771 atque
2751 5701 2873 5758 aliis
2901 5704 3079 5756 denuo
3109 5701 3356 5758 veritatis
3394 5702 3586 5759 adver-

2018 5770 2181 5849 sariis
2199 5770 2846 5864 .depreliensis,ricyprio
2877 5809 3089 5863 nempe,
3116 5804 3170 5848 et
3203 5796 3297 5864 qui
3327 5793 3587 5866 Cyprium

2019 5888 2408 5956 sequebantur,
2453 5895 2645 5939 contra
2696 5899 2793 5941 eos
2821 5896 3099 5941 certamen
3132 5902 3162 5940 a
3202 5888 3358 5942 nobis
3394 5888 3589 5941 merito
