3932 6572
249 421 388 488 1ῑι29

1572 415 1665 473 ΤΕ
1677 415 2166 478 STAMENTUM.

3355 408 3490 474 1030

244 547 340 603 ρον
393 527 627 600 ἔχουσιν,
658 527 741 596 ἐφ’
786 519 828 595 ᾧ
863 527 928 580 ἂν
977 527 1072 579 καὶ
1121 525 1437 589 διαθῶνται,
1473 525 1588 576 ἀλλ’
1639 526 1712 588 ὼς
1756 528 1814 579 ὲν

1920 536 2209 590 testentur,
2257 524 2617 584 nihilominus
2658 524 2762 584 sub
2805 525 3114 582 testamenti
3146 525 3319 582 forma
3357 527 3490 580 faci-

240 623 399 693 τύπῳ
431 621 560 691 γοῦν
590 621 857 690 διαθήκης
889 620 988 688 τὴν
1010 618 1104 674 τοῦ
1130 618 1477 689 ἐγκλήματος
1520 619 1811 688 ὲξοὶρνησιν

236 715 563 780 διατίθεται,
591 712 678 784 ἐφ’
705 707 749 782 ᾧ
779 713 843 768 ἄν
869 730 956 776 τις
985 711 1134 782 αὑτῷ
1159 713 1253 764 καὶ
1286 710 1439 782 τύχοι
1473 711 1570 781 τὴν
1600 710 1816 781 ἐξορίαν

239 805 337 860 καὶ
365 804 615 874 φυλακὴν
648 802 1069 866 καταδικασθείς
1093 818 1107 834 ο
1151 800 1426 865 ἐντεῦθεν,
1452 795 1634 872 οἶμαι,
1665 801 1816 856 οὐδὲν

241 897 766 966 πραγματευόμενοι
821 896 1008 966 ἕτερον
1040 897 1072 966 ἢ
1112 896 1172 948 τὸ
1214 894 1314 964 τῆς
1357 894 1721 966 κακουργίας,
1749 894 1816 948 δι’

237 989 309 1058 ἢν
349 989 399 1042 oi
448 988 631 1040 πολλοὶ
687 989 786 1052 τὰς
814 987 1078 1050 τοιαύτας
1111 987 1412 1048 καταδίκας
1469 986 1815 1054 ὑφίστανται,

237 1082 664 1153 ἀποτριϐόμενοι
705 1081 928 1143 ὄνειδος.
977 1079 1133 1149 Ἐμοὶ
1189 1079 1247 1132 δὲ
1306 1079 1383 1149 τῷ
1437 1077 1682 1148 ταπεινῷ
1719 1075 1817 1130 καὶ

236 1173 583 1244 ἁμαρτωλῷ,
609 1173 704 1227 τοῦ
750 1189 807 1224 τε
860 1171 1073 1241 θρόνου,
1107 1170 1167 1225 ὃν
1204 1173 1322 1234 τοῖς
1371 1171 1636 1242 ἀρρήτοις
1679 1167 1816 1222 Θεοῦ

237 1268 507 1337 κρίμασιν
547 1265 764 1335 ἔλαχον,
793 1263 1098 1332 διωχθέντι,
1129 1263 1226 1325 τάς
1267 1279 1326 1316 τε
1373 1263 1536 1332 μέχρι
1582 1261 1815 1316 θανάτου

240 1356 460 1427 ἑξορίας
509 1355 1005 1419 καταδικασθέντι,
1067 1353 1164 1406 καὶ
1216 1351 1464 1422 φυλακὰς
1526 1352 1585 1403 οὐ
1656 1352 1817 1421 μόνον

240 1447 401 1514 μέλει
431 1445 581 1498 οὐδὲν
617 1446 675 1498 ἐν
711 1447 870 1516 χρείᾳ
900 1445 1143 1513 γεγονῦτι
1176 1445 1395 1514 πτωχῆς
1429 1443 1521 1497 καὶ
1553 1446 1817 1516 πενιχρᾶς

237 1535 514 1607 διαθήκης
543 1537 603 1589 τὸ
654 1541 860 1598 τούτων
911 1554 1002 1606 μοι
1037 1533 1325 1605 παραίτιον
1372 1535 1625 1606 ἔγκλημα
1658 1535 1819 1606 ἐξαιρ-

239 1629 534 1698 νήσασθαι,
564 1629 702 1684 ἀλλά
733 1631 826 1682 καὶ
853 1629 1012 1681 τόσον
1048 1627 1138 1681 διὰ
1183 1625 1418 1696 σπουδῆς
1449 1627 1480 1696 ὴ
1527 1626 1815 1695 ὁμολογία,

236 1723 320 1774 ὅτι
385 1721 482 1774 καὶ
531 1723 630 1792 τὴν
683 1720 1054 1774 ὲπιτελεύτιον
1120 1721 1339 1788 φθάνων
1401 1719 1670 1788 ἀνάγκην,
1723 1719 1816 1772 καὶ

234 1814 576 1884 διατίθεμαι,
618 1817 712 1865 καὶ
762 1812 1030 1884 ὁμολογῶ.
1091 1813 1178 1877 Ὠς
1210 1813 1316 1883 γὰρ
1362 1815 1476 1874 τοῖς
1518 1812 1698 1874 ἄλλοις
1735 1814 1815 1875 είς

233 1906 554 1974 ἀποσκευὴν
586 1906 822 1969 ὀνείδους
877 1903 971 1958 τοῦ
1003 1906 1094 1959 ἐπὶ
1133 1905 1438 1976 κακουργίᾳ
1486 1905 1580 1958 τοῦ
1612 1905 1814 1974 ἐγκλή-

237 2012 413 2064 ματος
455 1997 487 2066 ἡ
534 1997 866 2067 ἀπάρνησις,
919 1995 1093 2060 οὕτως
1139 1999 1262 2067 ἐμοὶ
1316 1997 1456 2066 πρὸς
1501 1999 1594 2050 τὸν
1649 1998 1815 2051 αὑτὸν

237 2090 510 2163 σκοπὸνή
551 2093 834 2160 ἀπολογία.
895 2091 1050 2144 Ἐπεὶ
1091 2091 1199 2161 γὰρ
1235 2091 1294 2144 τὸ
1343 2091 1442 2164 τὴν
1486 2095 1549 2145 ὲκ
1599 2093 1815 2162 Πατρὸς

234 2182 306 2234 δι’
344 2183 480 2236 Υίοῦ
536 2185 863 2254 ἐκπόρευσιν
907 2184 999 2238 τοῦ
1043 2184 1358 2254 Πνεύματος
1394 2184 1488 2238 τοῦ
1550 2185 1707 2252 ἁγίου
1752 2189 1816 2238 ὲκ

236 2273 459 2344 Ιίατρὸς
499 2273 568 2326 δι’
623 2273 754 2326 Υἱοῦ
795 2272 1032 2343 ὓπαρξιν
1075 2278 1312 2345 φρονεῖν,
1360 2275 1456 2326 καὶ
1487 2274 1816 2345 πρεσϐεύειν

234 2383 330 2434 με,
367 2365 621 2436 ἔγκλημα
671 2365 927 2434 ἐλογίσθη
968 2383 1060 2436 μοι
1104 2368 1204 2433 τῆς
1249 2365 1344 2419 τοῦ
1407 2367 1813 2439 πατριαρχικοῦ

233 2456 570 2520 ἐκπτώσεως
610 2456 821 2527 θρόνου,
853 2457 1078 2510 καὶτῶν
1110 2459 1204 2510 ἐπὶ
1229 2461 1401 2528 ταύτῃ
1431 2458 1538 2520 ἕως
1574 2457 1810 2511 θανάτου

229 2548 490 2618 ὲξοριὼν,
525 2548 616 2600 καὶ
643 2548 902 2616 φυλακῶν
930 2548 1102 2615 ἄξιον,
1135 2551 1195 2602 οὐ
1233 2552 1418 2619 φεύγω
1451 2552 1511 2604 τὸ
1539 2551 1816 2620 ἔγκλημα,

230 2641 339 2694 οὑκ
368 2639 724 2710 ἀπαρνοῦμαι
771 2641 845 2704 ὡς
900 2642 1111 2711 μῶμον,
1157 2641 1232 2705 ὡς
1281 2642 1484 2705 ὄνειδος
1527 2643 1629 2696 οὐκ
1678 2645 1816 2696 ἀπο-

234 2732 604 2802 σκευάζομαι,
635 2734 736 2787 κάν
769 2751 873 2786 τινι
907 2735 1126 2801 ἐπάξιον
1168 2735 1400 2804 ὕϐρεως,
1436 2734 1547 2802 ἐγὼ
1571 2736 1815 2789 τοιοῦτον

233 2822 458 2893 ὕϐρεως
484 2823 748 2888 στέφανον
785 2823 1102 2913 ἀναδεῖσθαι
1130 2825 1231 2878 οὐκ
1259 2825 1663 2888 ἀπαναίνομαι.
1689 2826 1815 2890 Πῶς

231 2916 349 2986 γὰρ
403 2914 469 2968 ἂν
515 2915 610 2966 καὶ
666 2915 1017 2985 ἀρνησαίμην
1056 2915 1362 2986 ὀνειδισμὸν
1408 2917 1502 2969 tiri
1557 2917 1815 2987 δόγματι,

173 2992 184 3000 ”
229 3010 378 3078 ὅπερ
407 3008 500 3060 καὶ
537 3008 619 3069 είς
651 3007 954 3078 ὀνειδισμὸν
983 3007 1148 3062 αὐτοῦ
1193 3009 1286 3062 τοῦ
1315 3009 1554 3079 Χριστοῦ
1583 3011 1633 3070 οί
1669 3013 1816 3070 ἀντι-

234 3099 493 3168 λέγοντες
534 3100 668 3169 ἡμῖν
708 3099 1172 3170 περιτρέπουσιν;
1227 3100 1288 3152 Εἰ
1341 3099 1450 3170 γάρ
1504 3116 1631 3153 τινα
1676 3100 1818 3154 ὀνει-

230 3191 433 3262 δισμὸν
483 3191 578 3245 τοῦ
632 3193 896 3264 Χριστοῦ,
930 3195 1097 3263 φησιν
1148 3195 1183 3265 ἡ
1237 3195 1278 3258 Γ
1285 3195 1452 3268 ραφὴ,
1483 3193 1676 3252 τοῦτον
1715 3195 1816 3248 οῦκ

231 3281 403 3337 ἀλλον
433 3283 544 3351 ἐγώ
579 3301 726 3355 φημι
776 3285 868 3338 τὸν
915 3283 1161 3340 τοιοῦτον
1203 3282 1346 3350 εἶναι
1398 3287 1726 3355 ὀνειδισμόν.
1753 3289 1818 3342 Οί

233 3377 355 3447 γὰρ
394 3377 500 3430 ὑπὸ
536 3378 634 3447 τῆς
677 3377 1041 3448 στενοχωρίας
1065 3377 1162 3431 τοῦ
1189 3379 1301 3432 τῶν
1323 3380 1559 3448 Γραφῶν
1588 3380 1814 3448 ἐλέγχου

232 3469 680 3542 ἀναγκαζόμενοι
729 3472 828 3540 τὴν
887 3472 955 3524 δι’
989 3469 1117 3525 Υίοῦ
1163 3473 1493 3543 ὲκπόρευσιν
1547 3476 1816 3544 πατρικὸν

231 3559 387 3618 εἶναι
410 3564 584 3634 δόγμα
620 3563 930 3633 ὁμολογεῖν,
961 3565 1056 3617 καὶ
1100 3564 1236 3634 μηδὲ
1278 3567 1357 3631 είς
1385 3566 1484 3636 τὴν
1515 3566 1617 3635 τῆς
1649 3569 1816 3620 ἐκπο-

238 3657 484 3726 ρεύσεως
537 3657 862 3725 ὁμωνυμίαν
920 3655 1364 3724 ὀρθοποδοῦντες,
1420 3658 1495 3722 ὡς
1551 3659 1660 3713 ἀπὸ
1717 3661 1814 3728 τῆς

233 3745 414 3816 αὐτῆς
462 3746 571 3797 τῶν
629 3745 864 3815 Γραφῶν
917 3747 1282 3816 στενοχωρίας
1336 3748 1658 3818 ἀγχόμενοι,
1703 3751 1813 3803 τῶν

235 3839 628 3910 ὑποστατικὴν⁴
663 3839 754 3893 τοῦ
807 3839 1015 3910 Πατρὸς
1055 3840 1293 3911 ἰδιότητα
1344 3843 1444 3912 τὴν
1482 3843 1815 3913 ὲκπόρευσιν

234 3932 684 4002 διατρανουσῶνο
735 3934 882 4002 ὅμως
921 3935 1125 4001 μέντοι.
1162 3936 1225 3987 ὲκ
1268 3935 1426 4004 μόνου
1473 3937 1566 3990 τοῦ
1600 3939 1815 4008 Πατρὸς

231 4025 730 4094 ἀναισχυντοῦντες
761 4026 942 4091 λέγειν
970 4025 1033 4078 τό
1065 4026 1287 4097 Πνεῦμα
1321 4027 1466 4098 ἔχειν
1497 4030 1596 4100 τὴν
1636 4031 1816 4098 ἀπαρ-

240 4118 328 4182 ξιν
366 4121 528 4171 παντὶ
559 4119 734 4171 σθένει
784 4120 1027 4190 ἀνάγκης
1057 4119 1445 4189 ἀποδεικτικῆς
1479 4122 1814 4192 ἀπελέγχον-

237 4226 333 4262 ται
385 4208 505 4261 κατ’
536 4209 706 4281 αὐτὴν
754 4211 851 4280 τὴν
899 4213 1248 4280 ὲκπὸρευσιν,
1301 4213 1497 4266 ταυτὸν
1539 4213 1598 4265 δὲ
1637 4214 1813 4267 εἰπεῖν

240 4308 345 4372 τὴν
404 4301 658 4374 ὓπαρξιν,
711 4305 796 4374 ἢν,
853 4303 928 4366 ὡς
984 4304 1138 4356 αὐτοί
1191 4321 1374 4371 φασιν,
1407 4305 1472 4357 ὲκ
1503 4306 1662 4373 μόνου
1711 4304 1808 4359 τοῦ

239 4398 457 4467 Πατρὸς
489 4399 548 4448 τὸ
579 4395 801 4467 Πνεῦμα
836 4397 980 4467 ἔχειν
1011 4399 1072 4450 τὸ
1110 4400 1262 4466 ἅγιον
1288 4397 1593 4467 ὀργανικῶς
1620 4399 1811 4469 διῆκον

239 4493 376 4544 αὐτὸ
401 4493 620 4560 φρονεῖν
665 4491 754 4544 διὰ
813 4490 964 4556 Υίοῦ,
997 4490 1070 4549 ὼς
1113 4492 1383 4560 ἑπόμενον
1445 4491 1622 4562 τούτῳ
1688 4509 1812 4544 συν-

1843 1877 1889 1938 Β

1843 3247 1888 3306 C

1920 635 2025 676 nus
2053 619 2344 688 abnegant,
2378 619 2448 674 ob
2481 619 2626 688 quod
2663 618 2716 673 in
2765 619 3041 684 exsilium,
3086 627 3183 672 aut
3211 632 3490 673 carcerem

1919 712 2138 768 deducti
2179 719 2328 774 sunt.
2377 727 2443 768 eo
2486 713 2833 768 solummodo
2891 726 3081 781 scopo,
3132 719 3194 766 ut
3240 710 3493 765 maleﬁcii

1920 803 2202 872 probrum,
2246 802 2406 873 cujus
2441 817 2604 858 causa
2639 802 2791 856 multi
2833 801 3039 857 similes
3089 816 3280 870 poenas
3310 801 3493 866 luunt,

1917 909 1982 949 ex
2009 910 2131 949 sese
2174 894 2456 964 abjiciant.
2508 893 2636 948 Mihi
2663 909 2845 949 autem
2881 895 3070 949 humili
3101 904 3153 949 et
3189 895 3492 962 peccaturi,

1918 987 2094 1056 deque
2119 987 2270 1049 sede,
2314 1001 2476 1057 quam
2524 985 2781 1040 ineﬂabili
2833 987 2926 1042 Dei
2990 987 3198 1054 judicio
3243 989 3497 1042 obtinue-

1919 1093 2058 1141 ram,
2093 1077 2269 1146 pulso,
2313 1086 2367 1132 et
2405 1077 2635 1142 exsiliis,
2663 1086 2718 1134 et
2749 1079 3062 1132 carceribus
3092 1078 3157 1132 ad
3188 1087 3494 1132 extremum

1918 1183 2093 1238 usque
2145 1169 2396 1240 spiritum
2449 1169 2852 1231 condemnato,
2917 1176 3128 1222 tantum
3175 1170 3375 1230 abest,
3435 1177 3496 1223 ut

1919 1274 2064 1314 curae
2121 1260 2232 1326 sit,
2293 1275 2417 1314 cum
2475 1260 2730 1314 miserum
2789 1274 3063 1329 egensque
3109 1268 3493 1315 testamentum

1917 1352 2186 1406 coniicere
2236 1349 2488 1417 debeam,
2523 1360 2583 1405 ut
2635 1351 2901 1406 malorum
2957 1351 3089 1404 mihi
3143 1367 3389 1414 causam,
3423 1354 3496 1407 ob

1916 1441 2062 1514 quod
2093 1443 2144 1496 in
2171 1442 2434 1511 judicium
2464 1458 2651 1510 vocor,
2685 1445 2893 1498 crimen
2923 1444 3208 1513 abuegcm,
3241 1454 3298 1499 ut
3319 1445 3485 1500 etiam

1916 1533 2098 1586 studio
2131 1534 2182 1588 id
2213 1532 2493 1598 aliirmem,
2528 1544 2582 1590 et
2630 1546 2876 1590 extrema
2926 1538 3118 1590 mortis
3168 1538 3494 1592 necessitate

1917 1641 2162 1696 pressus,
2213 1636 2382 1682 tester
2450 1637 2618 1698 atque
2686 1629 2971 1684 confitear.
3028 1627 3496 1694 Quemadmodum

1917 1719 2063 1773 enim
2097 1719 2219 1774 aliis
2246 1719 2312 1774 ad
2361 1721 2731 1775 amolitiouem
2767 1721 3072 1786 dedecoris,
3119 1720 3373 1775 facinoris
3399 1722 3497 1774 ab-

1920 1814 2133 1883 negatio
2164 1813 2456 1884 plurimum
2485 1813 2649 1880 facit;
2685 1813 2766 1868 sic
2809 1816 2939 1868 mihi
2970 1815 3034 1868 ad
3075 1815 3328 1868 eumdem
3365 1827 3495 1868 sco-

1922 1920 2047 1973 pum
2082 1905 2364 1974 responsio
2390 1904 2640 1958 vertitur.
2691 1902 2922 1968 Quando
2960 1907 3102 1958 enim
3147 1919 3176 1957 a
3204 1903 3365 1958 Patre
3401 1918 3497 1972 per

1922 1997 2118 2052 Fdium
2161 1997 2564 2068 processiouem
2624 1997 2860 2066 Spiritus
2894 2005 3090 2061 sancti,
3137 2013 3168 2050 a
3208 1996 3366 2050 Patre
3401 2011 3497 2065 per

1901 2089 2116 2152 'Filiuin
2175 2090 2552 2146 exsistcntiam
2598 2091 2832 2151 sentire,
2865 2101 2918 2144 et
2965 2104 3212 2145 asserere
3239 2089 3495 2143 delictum

1923 2180 2075 2245 mihi,
2105 2197 2203 2250 pro
2238 2196 2347 2249 quo
2375 2197 2403 2233 e
2436 2181 2799 2250 patriarchico
2820 2181 2957 2236 solio
2991 2180 3310 2248 depellerer,
3341 2183 3496 2249 appio

1922 2284 2069 2330 ctum
2122 2285 2223 2340 est,
2261 2276 2594 2344 dignumque
2634 2276 2828 2330 exsilio
2896 2283 2951 2330 et
2999 2290 3243 2340 carcere,
3296 2273 3496 2344 quibus

1923 2371 2138 2423 tandem
2169 2385 2198 2423 e
2231 2371 2339 2423 vita
2373 2369 2624 2423 truderer
2661 2386 2674 2422 :
2717 2369 2924 2424 facinus
2957 2384 3067 2422 non
3093 2368 3359 2432 detrecto,
3385 2381 3495 2421 non

1925 2461 2133 2514 infirior
2163 2471 2221 2516 ut
2250 2461 2630 2530 opprobrium,
2673 2469 2725 2514 et
2750 2461 2983 2515 dedecus
3015 2477 3124 2514 non
3158 2460 3412 2523 amolior,
3437 2470 3494 2519 et

1923 2555 1967 2607 si
2015 2553 2067 2606 in
2118 2568 2394 2622 quoquam
2451 2552 2674 2606 infamia
2720 2552 2942 2621 dignum
2998 2560 3301 2620 reputatur,
3345 2551 3497 2604 illius

1923 2644 2158 2699 infamia:
2224 2660 2427 2699 corona
2470 2645 2611 2715 cingi
2648 2647 2875 2700 minime
2929 2659 3143 2700 recuso.
3179 2643 3296 2710 Qua
3347 2645 3494 2700 enim

1923 2735 2039 2806 ipse
2062 2738 2274 2790 ratione
2297 2737 2534 2791 dedecus
2565 2751 2662 2804 pro
2689 2736 2942 2804 dogmate
2981 2749 3316 2800 recusarem,
3348 2735 3494 2804 quod

1922 2828 1976 2882 in
2007 2828 2242 2882 dedecus
2268 2827 2439 2896 ipsius
2473 2827 2674 2882 Christi
2708 2828 2864 2882 nobis
2897 2828 3246 2882 adversantes
3268 2841 3497 2882 conver-

1931 2927 2074 2976 tunt.
2107 2920 2323 2976 Etenim
2359 2920 2403 2976 si
2436 2919 2659 2990 aliquod
2703 2919 2940 2974 dedecus
2973 2918 3174 2974 Christi
3213 2918 3498 2989 Scriptura

1922 3012 2193 3077 enuntiat,
2248 3014 2352 3068 hoc
2399 3013 2512 3083 ipse
2556 3013 2768 3066 nullum
2820 3013 2966 3065 aliud
3000 3027 3123 3066 esse
3151 3012 3379 3068 aﬂirmu.
3417 3009 3497 3066 Illi

1923 3106 2124 3174 quippe
2152 3104 2244 3174 qui
2269 3120 2299 3158 a
2323 3105 2729 3174 Scripturarum
2759 3106 3014 3159 examine
3051 3105 3213 3160 veluti
3242 3104 3294 3158 in
3327 3120 3500 3175 angu-

1923 3198 2060 3254 stias
2077 3196 2299 3261 redacti,
2315 3207 2608 3265 ceguntur,
2634 3213 2726 3263 per
2741 3194 2940 3250 Filium
2961 3197 3366 3266 processionem
3393 3196 3496 3252 Pa-

1922 3301 2064 3346 trum
2086 3305 2208 3346 esse
2227 3292 2554 3352 sententiam
2572 3289 2845 3345 afﬁrmare
2873 3307 2887 3344 :
2913 3306 3014 3345 nec
3038 3301 3183 3346 recte
3204 3291 3257 3344 in
3281 3305 3501 3360 proces-

1922 3384 2096 3438 sionis
2133 3383 2479 3452 homunytnia
2505 3382 2867 3447 ambulantes,
2905 3392 3166 3450 tanquam
3207 3383 3278 3436 ab
3305 3383 3494 3436 iisdem

1917 3462 2218 3543 Scripturis
2247 3475 2441 3527 arctati
2477 3473 2868 3542 hypostaticam
2902 3471 3080 3527 Patris
3112 3476 3310 3542 proprii
3331 3482 3495 3527 talem

1916 3568 2321 3638 processionem
2347 3567 2706 3630 cdicentibus,
2727 3581 2789 3618 ex
2818 3567 2934 3619 solo
2955 3564 3110 3619 Patre
3137 3565 3498 3619 iurerecunde

1917 3660 2102 3721 nimis,
2117 3660 2492 3712 exsistentiam
2517 3656 2777 3726 Spiritum
2805 3659 3005 3710 habere
3020 3665 3327 3711 asserentes
3346 3656 3497 3710 omni

1917 3751 2240 3810 necessaria:
2267 3750 2751 3807 demonstrationis
2787 3751 2836 3802 vi
2875 3751 3275 3818 redarguuntur
3309 3761 3494 3802 contra

1917 3843 2090 3912 ipsam
2118 3846 2546 3913 processionem.
2577 3841 2720 3894 idem
2745 3843 2889 3896 enim
2926 3852 3008 3896 est
3031 3844 3210 3896 dicere
3236 3843 3500 3896 exsisteu-

1919 3935 2277 4003 tiam,quam,
2299 3944 2355 3988 ut
2381 3934 2486 4003 ipsi
2505 3934 2680 3995 aiunt,
2695 3948 2758 3987 ex
2779 3935 2894 3988 solo
2911 3932 3069 3986 Patre
3088 3934 3244 3986 habet
3261 3933 3498 4001 Spiritus

1916 4039 2162 4092 sanctus,
2187 4026 2674 4081 instrumentahter
2693 4041 2784 4094 per
2804 4025 2997 4080 Filium
3025 4025 3316 4090 transiens,
3349 4027 3417 4080 ita
3441 4034 3500 4080 ut

1917 4123 2060 4176 hanc
2079 4126 2414 4176 sententiam
2448 4120 2713 4189 consequi
2741 4121 3013 4184 videatur,
3055 4120 3274 4175 eosdem
3318 4120 3498 4174 verbis

1917 4223 2126 4268 tantum
2171 4214 2332 4268 nudis
2379 4216 2654 4283 proprium
2705 4210 2827 4270 Filii
2870 4213 3156 4282 Spiritum,
3210 4230 3268 4268 re
3317 4225 3498 4268 tamen

1917 4320 2044 4358 vera
2075 4344 2090 4369 ,
2151 4305 2220 4358 ab
2284 4305 2404 4373 ipso
2459 4305 2696 4358 alienum
2747 4306 3125 4368 constituere,
3174 4319 3299 4358 cum
3347 4305 3498 4359 nulla

1919 4397 2084 4452 fuerit
2137 4398 2298 4461 ratio,
2362 4411 2482 4465 quze
2540 4398 2772 4451 suadere
2827 4400 3022 4456 valeat.
3056 4397 3333 4467 proprium
3375 4411 3497 4450 esse

1917 4487 2064 4550 Filii,
2123 4486 2358 4556 quodex
2417 4487 2536 4554 ipso
2566 4502 2672 4540 non
2720 4497 2826 4546 est.
2874 4496 2968 4542 aut
3012 4502 3104 4555 per
3141 4486 3318 4556 ipsum
3371 4500 3500 4555 pro-

253 4583 652 4652 ἀναφαίνεσθαι
707 4582 785 4653 τῷ
831 4584 1164 4653 φρονήματι,
1215 4583 1316 4635 καὶ
1359 4585 1418 4635 τὸ
1446 4583 1607 4654 μέχρι
1639 4583 1812 4650 λόγων

1921 4581 2090 4647 priam
2126 4577 2497 4632 exsistentiam
2527 4594 2635 4632 non
2669 4579 2851 4632 habet.
2878 4577 3004 4633 Haec
3037 4585 3218 4647 itaque
3247 4580 3359 4633 duo
3391 4578 3496 4632 ab-

238 4673 420 4743 ψιλῶν
457 4674 587 4727 ἴδιον
620 4673 770 4738 Υίοῦ,
816 4673 1031 4744 ἀληθῶς
1067 4675 1121 4728 δὲ
1150 4673 1428 4746 ἀλλότριον
1461 4674 1628 4728 αὐτοῦ
1677 4691 1812 4746 πρε-

241 4765 462 4818 σϐεύειν
518 4767 667 4820 αὐτό.
724 4766 876 4818 Ἐπεὶ
922 4766 1078 4834 λόγος
1129 4765 1286 4819 ἔσται
1319 4768 1347 4818 ὀ
1380 4769 1587 4820 πείσων
1637 4766 1814 4830 οὐδεὶς

224 4857 378 4924 ιίδιον
407 4852 544 4909 εἶναι
576 4855 704 4909 Υίοῦ
739 4857 800 4908 τὸ
831 4857 907 4926 μὴ
939 4857 996 4922 ἐξ
1029 4857 1220 4920 αὑτοῦ,
1263 4859 1381 4928 ἦτοι
1422 4857 1490 4910 δι’
1524 4858 1692 4911 αὐτοῦ
1716 4859 1813 4930 τὴν

248 4947 499 5016 ὕπαρξιν
533 4948 656 5018 ἔχον
687 4948 788 5018 τὴν
820 4948 1039 5001 ἑαυτοῦ.
1069 4949 1193 5002 Ὀτι
1232 4948 1366 5018 γοῦν
1397 4952 1466 5004 τὰ
1509 4951 1602 5004 δύο
1640 4952 1816 5006 ταῦτα

241 5042 453 5091 ἔκτοπα
509 5038 582 5100 ὡς
636 5037 851 5108 ἀληθῶς
891 5037 1243 5109 ἀσεϐήματα,
1272 5040 1538 5110 ὀργανική
1575 5057 1633 5093 τε
1665 5043 1807 5112 ὑπη-

245 5131 405 5198 ρεσία
431 5129 526 5183 τοῦ
575 5129 706 5183 Υίοῦ
743 5129 821 5199 τῷ
873 5130 1048 5200 Πατρὶ
1095 5132 1187 5184 ἐπὶ
1217 5134 1282 5200 τῇ
1340 5132 1670 5202 ὲκπορεῦσει
1718 5131 1812 5186 τοῦ

243 5223 590 5291 Πνεύματος,
619 5221 968 5292 ἀλλοτριότης
1015 5237 1075 5274 τε
1107 5221 1202 5274 τοῦ
1239 5222 1554 5293 Πνεύματος
1580 5223 1650 5291 ιὲξ
1691 5224 1814 5278 Υίοῦ

241 5313 662 5382 ἀναγκαστικῶς
710 5314 1150 5378 ἀποδείκνυνται,
1187 5313 1246 5378 ἐξ
1303 5309 1378 5367 ὧν
1433 5332 1601 5384 φασιν
1650 5318 1700 5370 οί
1749 5319 1814 5372 ὲκ

246 5405 413 5475 μόνου
465 5404 561 5458 τοῦ
612 5405 824 5474 Πατρὸς
878 5405 940 5456 τὸ
993 5406 1216 5476 Πνεῦμα
1244 5406 1392 5477 ἔχειν
1426 5408 1524 5474 τὴν
1556 5407 1813 5478 ὕπαρξιν,

242 5497 496 5564 λέγοντες
526 5499 619 5549 καὶ
649 5495 747 5564 τὴν
776 5490 843 5547 δι’
876 5494 1004 5547 Υίοῦ
1033 5495 1359 5566 ὲκπόρευσιν
1399 5497 1541 5551 κατά
1570 5500 1670 5568 τὴν
1708 5499 1816 5552 ἀπὸ

240 5587 337 5640 τοῦ
388 5586 500 5639 τῶν
547 5585 781 5657 Γραφῶν
853 5586 1081 5658 ἐλέγχου
1143 5590 1512 5661 στενοχωρίαν
1573 5593 1670 5644 σὺν
1736 5591 1815 5662 τῷ

245 5678 504 5744 ἰδιάζοντι
531 5679 630 5748 τῆς
662 5679 1041 5750 ἐκπορεύσεως
1069 5681 1432 5750 ἀπαρνεῖσθαι
1460 5684 1536 5755 μὴ
1573 5683 1814 5754 ἔχοντες,

243 5777 323 5838 είς
353 5772 655 5842 ὀνειδισμὸν
689 5771 799 5842 ἐγώ
827 5789 970 5843 φημι
999 5773 1096 5826 τοῦ
1126 5773 1364 5842 Χριστοῦ
1391 5776 1490 5844 τὴν
1513 5779 1576 5826 ἐκ
1605 5777 1816 5844 Πατρὸς

243 5862 312 5917 δι’
350 5860 479 5914 Υίάῦ
507 5859 832 5930 ὲκπόρευσιν
857 5864 1213 5932 περιτρέπει-ι
1243 5864 1460 5929 αὐτούς.
1505 5866 1568 5918 Τί
1609 5869 1718 5937 γὰρ
1745 5867 1810 5918 ἂν

1917 4673 2080 4725 surda
2140 4685 2205 4725 ac
2241 4670 2431 4739 impia,
2490 4679 2548 4723 ut
2589 4685 2776 4724 verum
2827 4670 3025 4736 fatear,
3072 4673 3240 4736 dicta,
3284 4671 3497 4725 instru-

1917 4763 2149 4818 mentale
2206 4763 2353 4817 Patri
2423 4765 2784 4822 ministerium
2845 4761 2967 4818 Filii
3023 4767 3075 4818 in
3139 4767 3495 4835 processione

1916 4853 2176 4924 Spiritus,
2218 4866 2270 4910 et
2303 4856 2541 4925 Spiritus
2577 4871 2644 4910 ex
2681 4853 2819 4907 Filio
2849 4854 3102 4908 alienatio
3132 4894 3147 4918 ,
3179 4856 3488 4910 necessarie

1917 4947 2364 5002 demonstrantur
2413 4965 2480 5004 ex
2537 4949 2626 5013 iis,
2677 4963 2799 5017 quae
2852 4949 3062 5012 dicunt,
3119 4948 3214 5017 qui
3265 4963 3332 5001 ex
3379 4948 3498 5001 solo

1916 5038 2076 5093 Patre
2123 5038 2385 5108 Spiritum
2443 5040 2816 5094 exsistentiam
2870 5041 3070 5093 habere
3109 5046 3388 5102 asserunt,
3438 5046 3496 5091 et

1918 5145 2013 5199 per
2039 5130 2232 5184 Filium
2266 5131 2694 5199 proceSsionem,
2728 5131 2948 5200 quando
2976 5131 3088 5199 jam
3120 5129 3172 5184 id
3201 5131 3499 5184 sententia-

1917 5238 2038 5276 rum
2070 5235 2261 5276 exacto
2293 5223 2544 5276 examine
2577 5222 2737 5277 fateri
2763 5233 3054 5292 coguntur,
3089 5239 3216 5276 cum
3249 5224 3496 5292 proprie-

1921 5323 2031 5368 tate
2064 5315 2430 5383 processionis
2460 5315 2670 5370 inﬁcias
2711 5316 2792 5369 ire
2842 5333 2947 5368 non
3003 5318 3268 5378 valentes,
3301 5315 3355 5366 in
3399 5330 3499 5382 op-

1918 5409 2219 5476 probriutn,
2241 5417 2298 5462 ut
2328 5422 2428 5478 ego
2463 5409 2606 5474 dico,
2636 5407 2837 5464 Christi
2874 5425 2939 5462 ex
2976 5407 3136 5462 Patre
3163 5423 3261 5477 per
3289 5405 3488 5460 Filiqu

1922 5501 2327 5570 processionem
2385 5509 2732 5555 convertunt.
2795 5501 2937 5566 Quid
2975 5501 3120 5558 enim
3178 5499 3232 5552 in
3284 5497 3494 5553 Christi

1918 5594 2271 5662 opprobrium
2326 5594 2614 5662 quispiam,
2651 5593 2989 5661 excogitaret
3023 5592 3292 5661 iniquius,
3320 5604 3488 5660 quam

1918 5685 2200 5754 proprium
2231 5685 2403 5754 ipsius
2441 5684 2730 5754 Spiritum,
2775 5685 2869 5753 qui
2911 5699 3037 5738 vera
3061 5683 3232 5754 ipsius
3261 5693 3344 5739 est
3376 5683 3494 5754 glo-

1921 5778 2019 5840 ria,
2054 5788 2107 5829 nt
2141 5778 2254 5843 ipse
2284 5777 2479 5840 Patris,
2509 5777 2576 5830 ab
2606 5791 2671 5831 eo
2711 5775 3000 5830 alienare?
3039 5775 3106 5829 Et
3133 5775 3266 5845 quid
3309 5776 3362 5829 in
3399 5791 3503 5844 op-

1920 5873 2201 5937 probrium
2267 5869 2470 5925 Christi
2527 5869 2865 5924 comminisci
2917 5877 3102 5937 posset
3162 5867 3499 5933 immanius,
