3932 6646
175 444 302 512 i033

1004 451 1104 513 DE
1142 445 1659 511 PBOCESSIONE
1699 443 1758 505 S.
1805 443 2163 506 SPIRITUS
2200 442 2424 504 ORAT.
2467 437 2518 501 Ι.

3259 424 3394 493 103ί

182 563 433 635 Ἐπείπερ
464 564 493 618 6
522 564 620 635 μὲν
664 563 755 618 ἐπὶ
800 562 915 635 λαῷ
965 565 1360 634 παθαινόμενος
1411 560 1780 620 ἀπειθοῦντιᾸ

1870 576 1951 614 em
1978 559 2063 614 ille
2085 575 2183 631 pro
2202 557 2402 629 populo
2429 553 2676 609 indolens
2702 533 3095 623 refragante,et
3117 546 3397 619 praccptis

169 654 257 707 καὶ
284 653 617 723 ἀντιλέγοντι
645 656 760 718 τοῖς
795 653 891 709 τοῦ
927 656 1131 726 Κυρίου
1168 653 1602 725 προστάγμασιν,
1638 650 1729 703 τὸν

169 741 393 813 ούρανδν
446 743 789 815 μαρτύρεται
831 748 927 799 καὶ
954 743 1054 816 τὴν
1083 743 1188 814 γῆν
1219 743 1327 812 ἐγὼ
1352 744 1409 797 δὲ
1434 743 1735 813 γηθόμενος

170 832 250 902 ἐφ’
279 832 361 897 οἷς
389 834 612 906 ἐποίησε
646 835 743 889 νῦν
781 836 1087 906 μεγαλείοις
1117 838 1195 899 είς
1228 837 1377 905 ἡμᾶς
1409 837 1437 888 6
1467 833 1735 904 κρείττων

169 944 224 982 τε
270 927 367 980 καὶ
417 928 556 997 ὑπὲρ
605 929 773 998 ἡμᾶς.
804 928 912 981 Καὶ
961 930 989 982 6
1030 928 1128 998 μὲν
1178 912 1253 990 ώς
1301 925 1579 980 ὁνειδίσων
1642 925 1736 977 τὸν

169 1018 471 1089 γογγυστὴν
526 1018 764 1090 Ἰσραὴλ,
809 1018 921 1087 ἐγὼ
952 1019 996 1072 δ’
1035 1019 1111 1081 ώς
1137 1019 1214 1087 τῷ
1263 1014 1578 1102 δεσπόζοντι
1628 1015 1737 1068 τῶν

168 1111 300 1163 ὅλων
332 1110 925 1179 ἀνθομολογησόμενος.
962 1109 1116 1163 Ἀλλὰ
1153 1109 1274 1161 τίνα
1296 1108 1367 1161 τὰ
1391 1107 1610 1178 ῥήματα
1638 1105 1738 1175 τῆς

170 1201 226 1251 ἐν
262 1201 583 1264 ἀγαλλιάσει
617 1201 755 1271 πρὸς
802 1202 893 1255 τὸν
927 1200 1190 1271 ’Υψιστον
1220 1198 1737 1270 ἀνθομολογὴσεωςς

171 1292 354 1362 ’Δπερ
380 1294 539 1357 αὐτὸς
567 1296 772 1357 ἐκεῖνος
796 1297 824 1348 6
860 1293 1161 1365 θεολήπτης
1195 1291 1450 1363 ἀπαρχὴν
1478 1293 1576 1358 τῆς
1608 1290 1743 1363 πρὸς

170 1385 297 1445 τοὺς
366 1384 908 1454 παραπικραίνοντας
1004 1383 1347 1454 ὲπιπλήξεως
1429 1384 1742 1454 ἐποιήσατο.

172 1478 337 1540 Θεὸς,
370 1476 631 1543 ἀληθινὰ
677 1477 750 1529 τὰ
796 1476 940 1547 ἔργα
970 1477 1180 1543 αὑτοῦ,
1206 1475 1304 1529 καὶ
1330 1474 1519 1531 πᾶσαι
1537 1478 1596 1528 αι
1620 1472 1748 1528 ὁδοὶ

171 1566 360 1620 αὐτοῦ
387 1568 634 1633 κρίσεις.
690 1567 836 1631 Θεὸς
870 1566 1106 1632 πιστὸς,
1150 1566 1245 1620 καί
1278 1568 1390 1620 οὐκ
1423 1567 1592 1619 ἐστιν
1617 1563 1746 1619 ἀδι-

171 1658 274 1709 κία
301 1658 371 1710 ἐν
400 1656 579 1721 αὐτῷ.
629 1657 866 1721 Δίκαιος
916 1658 1016 1711 καὶ
1069 1657 1238 1722 ὅσιος
1288 1661 1322 1712 ό
1374 1658 1612 1725 Κύριος,
1667 1656 1748 1721 ὃς,

174 1748 262 1801 ἵνα
306 1748 366 1800 τὸ
394 1748 502 1800 ἀπὸ
543 1747 696 1800 τοῦδε
726 1750 837 1810 τοῖς
867 1747 962 1800 τοῦ
1003 1750 1282 1818 προφήτου
1313 1749 1410 1801 καὶ
1455 1746 1749 1816 νομοθέτου

173 1839 549 1910 προσαρμόσω
578 1838 646 1891 τὰ
675 1838 936 1908 ἐμαυτοῦ,
977 1837 1306 1908 σπλάγχνοις
1347 1836 1752 1908 φιλανθρώποις

173 1931 583 1997 ὲπικαμφθεὶς,
629 1930 729 1983 οὐκ
756 1930 941 1983 εῐασεν
969 1930 1118 1999 ἡμᾶς
1152 1929 1332 1982 όπίσω
1380 1929 1488 1981 τῶν
1534 1928 1752 1982 οίκείων

174 2020 503 2090 θελημάτων
555 2019 883 2090 πορεύεσθαι
932 2023 1072 2074 κατὰ
1117 2022 1242 2085 τοὺς
1274 2021 1502 2084 πολλοὺς
1537 2022 1663 2083 τοὺς
1697 2021 1754 2074 ὲν

170 2115 294 2174 ταῖς
344 2114 775 2182 παρῳχημέναις
824 2112 1135 2182 ἔμπροσθεν
1173 2115 1405 2179 γενεαῖς,
1454 2112 1505 2165 οἳ
1562 2112 1657 2164 κοιλ⁵
1683 2109 1755 2163 τὰ

172 2205 439 2257 δοκοῦντα
467 2206 594 2275 περὶ
625 2204 718 2257 τοῦ
746 2205 845 2277 τῆς
877 2205 1204 2275 ὑπερουσίου
1234 2205 1460 2273 Τριάδος
1492 2205 1632 2269 ἑνὸς,
1663 2203 1755 2256 τοῦ

174 2297 453 2362 παναγὶου
528 2299 621 2349 καὶ
666 2296 976 2367 ζωαρχικοῦ
1030 2298 1173 2365 λέγω
1261 2297 1602 2367 Πνεύματος,
1650 2294 1759 2349 ἀπὸ

174 2389 392 2450 κοιλίας
411 2388 735 2459 ἡρεύγοντο,
770 2390 961 2450 πλατεῖ
988 2389 1082 2442 καὶ
1104 2390 1279 2459 ὰνὲτῳ
1300 2389 1377 2457 τῷ
1404 2389 1637 2457 στόματι
1661 2388 1759 2457 τὴν

172 2481 463 2549 ἄφραστον
504 2481 667 2532 αὑτοῦ
702 2480 1083 2549 θεολογοῦντες
1130 2481 1224 2549 ἀφ’
1255 2479 1466 2533 ἑαυτῶν
1500 2470 1756 2549 ὓπαρξιν,

174 2570 277 2622 καὶ
327 2570 781 2640 λογομαχοῦντες,
815 2571 949 2638 Ipsi}!
986 2571 1079 2623 ἐπὶ
1110 2573 1465 2641 καταστροφῇ
1491 2569 1598 2622 τῶν
1639 2570 1761 2622 Ἐκ-

176 2660 429 2729 κλησιών
484 2663 562 2722 εἰς
592 2662 743 2715 οὐδὲν
780 2663 1072 2733 χρήσιμον,
1100 2662 1159 2713 τὸ
1210 2661 1606 2731 ὀλεθριώτατον
1652 2661 1763 2715 τῶν

180 2750 449 2803 ἁπάντων
481 2752 577 2803 καὶ
601 2753 1100 2818 ὲπικινδυνότατον,
1132 2752 1249 2805 ἀλλ’
1278 2754 1551 2821 ἐπισκοπῇ
1582 2752 1765 2819 κρείτ-

176 2857 304 2894 τονι
338 2843 498 2908 λόγου
536 2843 627 2895 καὶ
659 2842 899 2903 διανοίας
952 2842 1407 2912 ἐπισκεψάμενος,
1453 2842 1640 2913 ὥσπερ
1670 2844 1767 2895 αύ-

177 2935 276 2995 τὸς
331 2934 361 2984 6
412 2933 612 3003 Κύριος
669 2935 725 2985 ὲν
778 2933 1131 3001 Εὑαγγελίοις
1167 2934 1604 3005 παρεκελεύσατο
1655 2938 1767 2999 τοῖς

182 3029 385 3089 πᾶσιν,
442 3023 775 3092 Ἐρευνᾶτε,
811 3043 829 3074 ›
858 3026 1297 3094 προτρεπόμενος
1317 3065 1332 3090 ,
1371 3026 1475 3091 τὰς
1502 3028 1766 3095 Γραςρὰς,

180 3117 350 3171 τοῦτο
380 3116 447 3169 τὰ
474 3116 569 3168 νῦν
598 3116 762 3185 ἔργον
791 3116 976 3170 θέσθαι
1011 3117 1425 3170 σπουδαιότατον
1456 3119 1602 3187 ἡμᾶς
1627 3118 1773 3174 διαν-

1838 650 2136 707 Domiuicis
2159 649 2589 713 contradicente,
2610 647 2807 702 ccelum
2833 652 3140 712 terramque
3169 640 3222 693 in
3248 637 3397 694 testi-

1839 744 2080 799 monium
2119 738 2390 808 advocat;
2440 756 2541 810 ego
2571 754 2702 795 vero
2744 736 2933 792 laetitia
2977 733 3258 789 exsultans
3303 746 3398 801 pro

1838 836 2144 906 magnificis
2170 834 2223 888 in
2261 850 2359 889 nos
2391 833 2459 888 ab
2493 847 2579 894 eo,
2607 831 2698 902 qui
2737 830 2893 885 nobis
2927 828 3122 883 melior
3153 835 3207 881 et
3238 839 3404 894 supra

1840 943 1940 983 nos
1995 936 2099 991 est,
2155 926 2380 995 patratis
2430 942 2443 977 :
2495 923 2585 978 ille
2632 932 2686 977 et
2710 933 2759 978 te
2809 923 3099 989 increpans
3149 916 3404 972 lsraeletn

1841 1018 2368 1080 obmurmurantem,
2400 1028 2499 1083 ego
2528 1014 2604 1067 uti
2652 1027 2833 1067 rerum
2884 1010 3127 1065 omnium
3178 1007 3408 1060 Dnmino

1842 1108 2043 1178 gratias
2086 1117 2331 1161 acturus.
2369 1105 2473 1160 Sed
2514 1119 2760 1175 quamam
2806 1103 2967 1157 verba
3029 1100 3231 1155 fuerint
3280 1111 3406 1167 erga

1842 1196 2274 1254 excelsissimum
2337 1196 2687 1260 illum,dum
2760 1193 3133 1248 subsultamus
3188 1189 3409 1259 gaudio,

1846 1289 2142 1359 gratiarum
2191 1285 2462 1341 actionis?
2505 1285 2598 1340 Illa
2644 1284 2854 1350 eadem,
2911 1298 3033 1353 quae
3063 1281 3272 1336 afﬂatus
3322 1280 3413 1335 ille

1844 1382 2075 1437 Numine
2118 1378 2514 1451 obiurgationis
2560 1377 2821 1431 adversus
2862 1376 2944 1432 sui
2972 1375 3141 1446 ipsius
3169 1377 3414 1428 animum

1847 1475 2182 1531 oﬂ‘endentes
2213 1473 2427 1526 initium
2468 1469 2635 1525 fecit:
2691 1468 2851 1533 Deus,
2890 1484 3009 1522 vera
3054 1483 3211 1537 opera
3243 1466 3412 1532 illius,

1847 1580 1896 1620 et
1939 1582 2114 1620 omnes
2139 1566 2236 1619 υἰω
2276 1566 2391 1633 ejus
2426 1561 2632 1632 judicia
2662 1578 2680 1615 :
2724 1560 2861 1616 Deus
2900 1560 3071 1628 ﬁdelis
3113 1570 3161 1615 et
3194 1577 3297 1614 non
3341 1568 3418 1614 est

1850 1660 2119 1730 injustitia
2157 1659 2211 1712 in
2246 1674 2329 1719 eo,
2364 1658 2547 1728 justus
2574 1666 2620 1709 et
2660 1665 2833 1710 rectus
2864 1653 3122 1708 Dominus
3152 1657 3198 1720 ’,
3230 1673 3249 1706 ι
3300 1654 3418 1722 qui,

1854 1760 1911 1805 ut
1972 1751 2097 1804 inde
2148 1765 2266 1804 mea
2309 1747 2377 1802 ad
2415 1749 2692 1819 prophetae
2748 1748 2892 1802 illius
2957 1756 3010 1802 et
3052 1747 3421 1817 legumlatoris

1851 1841 2015 1895 verba
2064 1842 2333 1909 adaptem,
2394 1841 2698 1894 visceribus
2756 1838 3144 1894 misericordia:
3215 1846 3422 1902 motus,

1855 1948 1961 1986 non
2027 1931 2269 1987 deseruit
2323 1946 2443 1999 nos,
2498 1939 2556 1985 ut
2618 1940 2737 2002 post
2777 1922 3105 1986 'voluntates
3171 1931 3425 2000 pr0prias

1856 2025 2286 2086 ambularemus,
2328 2024 2491 2079 sicuti
2538 2025 2781 2094 plerique
2841 2025 2934 2094 qui
2964 2033 3091 2079 ante
3133 2039 3232 2079 nos
3263 2039 3426 2094 supe-

1859 2114 2096 2169 rioribus
2128 2114 2573 2182 generationibus
2612 2123 3032 2184 praecesserunt,
3066 2114 3159 2184 qui
3188 2114 3430 2184 compla-

1858 2206 1965 2261 cita
2038 2206 2140 2260 sibi
2215 2206 2280 2261 de
2341 2221 2448 2260 uno
2516 2207 3064 2276 supersubstantialis
3119 2206 3428 2274 Trinitatis,

1861 2299 2208 2353 sanctissimo
2252 2299 2468 2368 inquam
2522 2310 2575 2353 et
2617 2299 2832 2353 vivitieo
2877 2297 3109 2368 Spiritu,
3141 2315 3206 2354 ex
3244 2310 3433 2356 Ventre

1860 2395 2210 2451 eructarunt,
2266 2388 2375 2440 lato
2436 2384 2748 2456 cffrenoque
2830 2404 2923 2444 ore
2997 2390 3421 2444 inenarrabilcm

1862 2479 2006 2535 illius
2038 2494 2106 2534 ex
2135 2480 2328 2548 seipsis
2357 2479 2728 2534 exsistentiam
2757 2481 3134 2543 decernentes.
3170 2490 3224 2534 et
3251 2481 3433 2535 verbis

1864 2571 2273 2636 contendentes,
2309 2586 2386 2623 va:
2415 2571 2541 2624 illis!
2577 2571 2630 2624 in
2658 2571 3021 2625 Ecclesiarum
3067 2571 3436 2641 perniciosam

1865 2661 2314 2727 destructionem,
2351 2665 2493 2731 quod
2525 2663 2770 2715 omnium
2817 2672 2900 2715 est
2930 2664 3164 2716 maxime
3211 2662 3434 2716 noxium

1867 2760 1917 2805 et
1946 2751 2330 2821 periculosum;
2368 2752 2459 2805 sed
2489 2753 2709 2805 n.eliore
2731 2754 2960 2807 rationis
2980 2762 3034 2808 et
3066 2752 3439 2821 intelligentia:

1869 2843 2201 2913 inspectione
2229 2844 2477 2907 visitans,
2510 2843 2583 2896 uti
2616 2845 2733 2912 ipse
2770 2845 3032 2899 Dominus
3054 2845 3105 2899 in
3132 2844 3440 2916 Evangeliis

1872 2938 2113 3008 praecipit
2169 2937 2426 2990 omnibus
2476 2954 2493 2992 :
2547 2936 2795 2992 Scrutate
2852 2936 3160 3007 Scriptura:
3196 2939 3238 3005 ⁸,
3311 2948 3440 2993 ante

1871 3029 2052 3084 omnia
2113 3038 2164 3081 et
2212 3028 2484 3097 praecipue
2540 3029 2819 3091 excitavit,
2889 3027 3179 3099 effecitque
3233 3039 3290 3082 ut
3338 3045 3441 3086 nos

1874 3128 2188 3176 sanctorum
2224 3118 2445 3173 Patrum
2482 3119 2687 3188 scripta
2724 3135 3188 3190 percurreremus,
3225 3120 3443 3190 illisque

182 3210 420 3279 ἔστησε,
473 3209 570 3271 τὰς
645 3210 755 3261 τῶν
806 3209 976 3276 ἁγίων
1027 3209 1288 3279 Πατέρων
1348 3210 1770 3279 παρασκευάσας

1876 3230 1983 3267 non
2016 3214 2360 3283 indiligenter
2395 3213 2675 3279 inspectis,
2708 3214 2967 3282 optimam
2998 3227 3187 3267 eorum
3258 3227 3444 3282 perce-

180 3304 417 3374 γραφὰς
471 3299 774 3368 μετελθεῖν,
816 3296 903 3363 αἷς
955 3301 1089 3370 δῆτα
1137 3302 1230 3354 καὶ
1288 3302 1405 3371 μετ’
1457 3302 1771 3370 ἐπιμελείας

180 3394 543 3463 ἐγκύψαντας
574 3391 806 3462 ἀρίστως
856 3392 1137 3445 ἐπιϐαλεῖν
1174 3392 1251 3461 τῷ
1285 3392 1563 3462 Πνεύματι
1592 3394 1771 3447 καθωι

177 3486 466 3555 δήγησεν’
506 3483 563 3549 ἐξ
595 3480 668 3534 ὡν
697 3483 795 3553 τὴν
832 3483 997 3553 μέχρι
1027 3483 1180 3536 τοῦδε
1214 3486 1599 3554 κρυπτομένην
1633 3488 1772 3539 ἁπο-

180 3574 567 3643 καλυιρθέντες
615 3573 873 3641 ἀληθειαν
920 3572 1332 3643 κατελάϐομεν,
1366 3574 1463 3626 καὶ
1500 3574 1777 3646 συνήφθη·

183 3684 300 3738 μεν
353 3670 413 3718 ἐν
454 3664 531 3730 τῷ
565 3665 790 3732 παρόντι
829 3668 943 3727 τοῖς
993 3666 1092 3735 τῆς
1127 3664 1509 3737 πρεσϐυτέρας
1552 3666 1777 3736 Ῥώμης

179 3758 420 3827 ἀληθῶς
454 3758 549 3808 καὶ
582 3756 723 3807 κατὰ
751 3756 1007 3825 Χριστὸν,
1042 3749 1122 3818 οἷς
1150 3755 1216 3825 δὴ
1256 3755 1361 3825 πρὸ
1397 3755 1625 3826 βραχέος
1653 3756 1777 3826 τρόο

183 3866 305 3907 πος
357 3849 506 3918 ἡμᾶς
549 3848 861 3917 οἰκονομίας
898 3848 1206 3913 συνέδησεν,
1237 3849 1654 3919 ἀπορραγέντας
1684 3848 1782 3900 αὐ-

180 3943 312 3995 τῶν
341 3941 429 3992 δια
460 3941 621 4009 κενῆς
650 3944 713 3992 ὲκ
748 3941 983 4010 μακροῦ,
1011 3941 1170 3993 τοῦτο
1211 3938 1309 3992 τοῦ
1353 3940 1487 3993 Θεοῦ
1518 3940 1605 3992 διὰ
1638 3940 1781 4009 πλῆ-

186 4034 297 4096 Θος
332 4033 622 4102 ἁμαρτιῶν
650 4032 866 4095 πάντως
894 4034 1395 4102 παραχωρήσαντος
1427 4033 1514 4082 ἐπ’
1538 4031 1783 4105 ἀπωλείᾳ

181 4124 301 4179 τοῦ
331 4125 522 4191 γένους
552 4124 733 4195 ἡμῶν.
878 4182 885 4189 ε

277 4215 350 4287 β’.
388 4215 669 4269 Ἐντεῦθεν
699 4216 807 4287 γὰρ
832 4217 1007 4270 πάντα
1030 4217 1327 4270 συνέπεσεν
1362 4219 1494 4287 ἡμῖν
1516 4217 1583 4270 τὰ
1611 4216 1781 4284 δεινὰ,

184 4308 304 4363 καὶ
358 4308 428 4359 τὰ
471 4309 571 4377 τῆς
616 4309 915 4378 εύκληρίας
950 4311 1049 4378 τῆς
1080 4311 1318 4373 παλαιᾶς
1350 4311 1782 4378 ἀνατέτραπται,

184 4402 266 4454 τὸ
331 4400 432 4469 μὲν
460 4401 569 4452 τῶν
617 4401 714 4470 τῆς
750 4402 933 4473 ’Ἅγαρ
982 4403 1265 4469 ἀπογόνων
1322 4401 1785 4472 καταδραμόντων

182 4495 307 4557 τὰς
338 4492 460 4545 καθ’
488 4493 601 4544 Ἕω
632 4492 851 4556 πλείους
885 4495 1065 4554 πόλεις
1120 4493 1214 4546 καὶ
1244 4492 1425 4562 χώρας
1478 4494 1657 4563 ἡμῶν,
1692 4490 1785 4544 καὶ

1874 3307 2112 3375 ptionem
2143 3304 2346 3373 Spiritu
2373 3304 2654 3367 conduxit,
2687 3314 2739 3357 et
2761 3304 2824 3357 ad
2851 3305 2964 3358 haec
2997 3319 3170 3374 usque
3199 3312 3443 3370 tempora

1875 3397 2151 3451 occultata
2178 3396 2404 3449 veritate
2453 3394 2809 3462 deprehensa,
2836 3408 2960 3447 cum
2993 3393 3228 3447 senioris
3259 3394 3446 3447 Romae

1875 3488 2098 3543 asseclis
2127 3501 2250 3541 vere
2300 3499 2352 3541 et
2392 3485 2688 3540 secundum
2741 3483 3017 3538 Christum
3068 3483 3348 3552 conjuncti
3391 3483 3444 3534 in

1877 3576 2161 3648 praesentia
2187 3590 2401 3638 sumus,
2432 3575 2632 3644 quibus
2657 3587 2754 3627 nos
2782 3572 2945 3642 paulo
2967 3580 3090 3626 ante
3130 3573 3448 3626 mconomiaa

1879 3667 2075 3723 modus
2131 3665 2427 3735 colligavit,
2454 3664 2522 3719 ab
2568 3663 2773 3720 eisdem
2829 3673 3031 3718 temere
3082 3678 3177 3733 per
3216 3663 3446 3716 multum

1881 3770 2005 3815 ante
2033 3769 2247 3828 tempus
2276 3756 2604 3827 disjnnctos.
2636 3756 2741 3810 hoc
2774 3757 2879 3810 Deo
2912 3765 3135 3826 propter
3163 3756 3447 3809 innumera

1885 3862 2067 3907 nostra
2130 3851 2336 3906 scelera
2398 3850 2465 3905 ad
2518 3850 2941 3906 internecionem
3000 3848 3216 3919 generis
3277 3845 3499 3901 nostri.

1885 3943 2252 4012 permittente.

1953 4226 2009 4280 2.
2055 4224 2189 4279 Hinc
2233 4221 2378 4276 enim
2428 4234 2584 4273 noxa:
2635 4234 2824 4272 omnes
2880 4233 2977 4271 nos
3029 4231 3367 4291 Oppressere,
3400 4224 3456 4270 et

1889 4317 2122 4371 felicitas
2153 4314 2375 4382 antiqua
2425 4322 2477 4365 et
2518 4326 2778 4381 prospera
2807 4310 2862 4363 in
2897 4307 3256 4362 infortunium
3305 4324 3455 4363 versa

1886 4418 1988 4472 est,
2051 4406 2246 4475 partim
2318 4403 2460 4472 quod
2526 4402 2594 4456 ab
2652 4402 2829 4471 Agare
2900 4398 3116 4452 oriundi
3170 4401 3459 4469 plerasque

1888 4500 2127 4556 Orientis
2180 4499 2366 4562 urbes,
2419 4497 2776 4567 regionesque
2825 4502 3041 4549 nostras
3092 4497 3460 4558 vaSIaverint;

182 4586 418 4646 ταύτας
468 4585 853 4653 ποιησαμένων
903 4585 1114 4639 ἑαυτῶν
1165 4586 1504 4653 καταγώγια,
1538 4584 1629 4636 ναὶ
1678 4585 1780 4653 μὴν

1890 4595 2053 4661 inque
2088 4590 2193 4643 illis
2242 4592 2397 4644 Sedes
2445 4599 2498 4642 et
2560 4586 2915 4640 tabernacula
2962 4585 3367 4648 colloraverint,
3409 4595 3465 4637 ct

184 4678 304 4730 καὶ
358 4681 699 4744 κατεχόντων
748 4678 805 4738 ἐς
853 4676 1013 4745 δεῦρο
1059 4678 1421 4746 τυραννικῶς,
1456 4676 1529 4739 ὡς
1566 4676 1690 4728 ἔνθα
1719 4677 1786 4728 τὰ

180 4769 301 4821 τοῦ
358 4766 599 4837 Χριστοῦ
646 4769 911 4836 πρότερον
943 4770 1226 4837 ἐνηργεῖτο
1261 4769 1380 4820 θεῖα
1414 4771 1688 4837 μυστήρια
1719 4767 1787 4820 τὰ

180 4858 303 4910 τοῦ
345 4857 547 4927 μιαροῦ
583 4858 826 4926 Μωάμεδ
885 4858 1227 4910 ἐκτελεῖσθαι
1289 4838 1383 4909 νῦν
1439 4858 1631 4926 ὄργια,
1693 4856 1789 4907 καὶ

176 4949 339 5010 τοὺς
377 4949 555 5018 ἱεροὺς
608 4950 701 5000 καὶ
756 4949 1089 5018 σεϐασμίους
1129 4949 1290 5011 ναοὺς
1322 4949 1417 5000 τοῦ
1451 4947 1586 5000 Θεοῦ
1619 4964 1789 5017 πονη-

185 5040 326 5112 ρῶν
352 5038 450 5091 καὶ
480 5039 838 5109 ψυχοϐλαϐὦν
876 5040 1148 5108 δαιμόνων
1182 5035 1320 5092 εἶναι
1362 5040 1787 5107 κατοικητήρια,

178 5134 286 5203 τῷ
316 5133 415 5202 τὴν
450 5136 702 5204 μυσαρὰν
735 5136 829 5185 καὶ
878 5134 1107 5203 βέϐηλον
1140 5134 1231 5185 τοῦ
1267 5133 1563 5203 Μαχούμετ
1596 5134 1790 5201 κλῆσιν

178 5228 264 5279 ἑν
297 5223 514 5286 τούτοις
570 5224 1047 5296 ἀνακηρύττεσθαι
1105 5224 1310 5292 σφόδρα
1358 5223 1567 5285 κακῶς,
1602 5226 1659 5274 ἐν
1710 5217 1791 5284 οἷς

183 5329 347 5367 ποτε
372 5313 433 5364 τὸ
466 5313 607 5381 μέγα
639 5318 727 5365 καὶ
778 5314 1002 5382 φρικτὸν
1042 5315 1412 5382 ἁνευφημεῖτο
1441 5313 1584 5365 πάνυ
1612 5312 1792 5375 καλῶς

177 5404 308 5457 τοῦ
365 5403 614 5473 Σωτῆρος
662 5405 818 5473 ἡμῶν
855 5406 1045 5474 δνομα·
1091 5406 1152 5455 τὸ
1192 5404 1248 5455 δὲ
1293 5404 1524 5456 καὶτῶν
1570 5403 1791 5455 Ἰταλῶν

177 5493 488 5562 δυσμόθεν
537 5495 871 5550 ἐπελθόντων
907 5498 1060 5565 ἡμῖν,
1106 5497 1238 5566 παρ’
1268 5491 1343 5550 ὧν
1373 5497 1567 5568 πρώτα
1602 5497 1701 5565 μὲν
1731 5496 1792 5550 τὸ

185 5587 403 5658 μεῖζον
439 5587 535 5638 καὶ
575 5590 864 5657 χείριστον,
901 5583 1086 5657 ὧνπερ
1120 5589 1456 5657 ὑπέστημεν,
1503 5590 1596 5658 τῆς
1634 5590 1790 5641 Κων-

180 5678 521 5745 σταντίνου,
557 5680 696 5747 φεῦί
737 5680 963 5743 ἅλωσις.
1005 5680 1069 5733 Ὢ
1116 5684 1197 5745 τίς
1231 5682 1352 5735 καθ’
1385 5681 1657 5753 Ἱερεμίαν
1699 5682 1790 5736 τὸν

285 5843 309 5875 ⁹
334 5839 493 5895 Deut.
523 5857 693 5905 χχχιι,
728 5841 780 5895 4.
859 5839 1057 5894 'Joan.
1097 5856 1149 5900 ν,
1185 5842 1274 5896 '59.

532 5934 800 5992 ΡΑτιιοι.
826 5937 943 5993 Gn.
974 5930 1182 5994 CXLI.

1886 4685 1956 4747 ad
2012 4685 2150 4736 hanc
2194 4692 2402 4735 (etatem
2463 4680 2747 4750 tyrannide
2795 4689 3041 4748 premant
3079 4679 3234 4742 adeo,
3273 4685 3331 4731 ut
3373 4680 3464 4730 ubi

1891 4782 2047 4827 antea
2083 4772 2290 4826 Christi
2343 4772 2524 4824 divina
2572 4770 2828 4841 mysteria
2857 4769 3265 4833 efficiebantur,
3320 4783 3467 4823 nunc

1891 4865 2087 4933 impuri
2114 4862 2405 4916 Mahometi
2441 4862 2781 4917 caeremoniae
2810 4870 3162 4931 peragantnr,
3198 4869 3251 4913 et
3284 4875 3471 4914 sario-

1891 4966 2093 5009 sanctae
2122 4964 2175 5008 et
2212 4956 2532 5008 veneranda:
2584 4953 2830 5006 Numinis
2859 4953 3022 5015 miles,
3061 4955 3111 5005 in
3151 4967 3465 5021 pravorum,

1892 5058 1943 5103 et
1972 5047 2167 5100 animis
2220 5049 2533 5100 nocentium
2590 5046 2898 5101 daemonum
2950 5046 3318 5099 habitationes
3346 5061 3473 5099 eva-

1897 5138 2090 5202 serint,
2130 5138 2276 5207 quod
2320 5139 2371 5191 in
2415 5138 2522 5191 illis
2548 5142 2879 5193 exsecranda
2919 5138 3257 5209 profanaque
3283 5138 3474 5193 Moha-

1899 5231 2024 5282 meti
2065 5229 2350 5297 appellatiu
2393 5230 2779 5298 proclatnetur,
2843 5232 3074 5297 pessime
3121 5230 3386 5301 profecm,
3418 5231 3473 5285 in

1898 5322 2098 5390 quibus
2148 5322 2441 5391 aliquando
2491 5338 2742 5389 magnum
2792 5331 2845 5375 et
2883 5323 3123 5376 terribile
3171 5321 3472 5376 Salvatnris

1896 5412 2065 5463 nostri
2121 5425 2318 5463 nomen
2391 5413 2719 5480 probissime
2774 5412 3217 5465 concinebatur:
3279 5412 3473 5481 partim

1900 5504 2042 5573 quod
2073 5503 2219 5556 Italis
2246 5520 2310 5557 ex
2343 5503 2593 5557 occiduis
2616 5504 2861 5573 partibus
2898 5504 2950 5555 in
2995 5519 3093 5557 nos
3123 5506 3476 5573 irrumpenti-

1897 5597 2018 5659 bus,
2057 5596 2354 5648 maximum
2387 5594 2516 5648 illud
2564 5611 2625 5648 ac
2661 5596 2906 5648 omnium
2943 5596 3477 5662 perniciosissimum

1903 5684 2251 5754 pertulimus,
2292 5686 2932 5756 Constantinopolitanze,
2974 5684 3099 5741 heul
3138 5685 3289 5742 urbis
3325 5684 3477 5740 exci-

3039 5939 3110 6000 33
