3932 6592
510 383 644 448 1035

1575 390 2085 450 CONSTANTINI
2129 389 2677 451 MELITENIO’I‘IE

3605 380 3719 454 1036

506 498 677 551 ilium.
715 495 848 563 Quis
892 499 966 553 uti
996 497 1265 555 Jeremias
1295 499 1347 555 in
1384 498 1705 570 plangendis
1734 518 1800 557 ac
1831 504 2086 576 tlelacry-

2195 504 2363 557 πολὺν
2390 506 2449 559 ὲν
2478 505 2735 574 ὀδυρμοῖς
2782 520 2843 557 τε
2898 504 2991 557 καὶ
3038 502 3296 573 δάκρυσι,
3336 503 3440 556 τὸν.
3468 503 3552 558 καὶ
3596 505 3729 574 μόνον

510 591 722 644 mundis
751 592 1154 647 calamitatibus
1186 594 1520 662 prtecellens,
1582 594 1846 665 solusque
1874 595 2087 650 lamen-

512 685 745 739 tationes
795 685 1112 739 infortuniis
1183 701 1475 756 exaequare
1526 688 1771 757 apprime
1828 688 2084 756 eximius,

512 784 725 831 nostras
752 777 1088 831 calamitates
1122 792 1218 844 pro
1243 778 1512 847 dignitate
1561 779 1996 850 collacrymabit,
2033 788 2088 834 et

509 883 606 934 pro
637 867 702 921 iis
735 882 857 935 quae
887 868 1041 923 nobis
1090 868 1360 922 obvenere
1410 869 1802 924 miserabiliter
1830 870 2090 940 planget?

512 957 646 1011 llinc
666 958 957 1013 subsecuta
993 968 1075 1013 est
1099 975 1195 1028 per
1214 960 1526 1016 universam
1554 973 1760 1031 partem
1796 963 2081 1016 occiduam

512 1048 725 1101 urbium
765 1058 817 1102 ct
839 1050 1139 1117 regionum,
1193 1066 1492 1122 earumque
1548 1055 1820 1117 omnium,
1854 1055 2089 1122 direptio

510 1148 559 1189 et
591 1139 803 1193 eversio
838 1157 852 1194 :
885 1156 981 1194 nec
1014 1141 1122 1196 alio
1149 1143 1333 1206 modo,
1364 1143 1408 1197 si
1442 1159 1563 1211 quae
1596 1160 1785 1199 versus
1811 1145 2089 1199 Orientem

512 1243 929 1295 remanserant,
988 1232 1276 1299 impiorum
1352 1234 1731 1303 Agarenorum
1807 1236 2085 1291 crudelem

509 1321 848 1375 iloniinatum
903 1322 1138 1389 subiere,
1189 1328 1433 1395 exceptis
1498 1328 1686 1396 paucis
1736 1330 2087 1398 quibusdam,

510 1430 630 1481 quin
674 1413 900 1468 Romani
936 1414 1145 1485 imperii
1174 1428 1330 1472 antea
1375 1433 1502 1487 pars
1549 1420 1771 1474 minima
1814 1422 2091 1486 exstitere,

510 1506 564 1558 in
610 1521 860 1575 magnam
912 1518 1116 1561 sortem
1145 1519 1258 1562 tum
1307 1511 1533 1575 nostris,
1572 1512 1664 1581 qui
1731 1527 1796 1565 ex
1840 1511 2089 1581 plurimis

511 1599 825 1667 paucissimi
899 1600 1204 1669 periculum
1280 1604 1547 1664 vitai-unt,
1606 1614 1866 1673 reputatae
1936 1616 2087 1669 sunt,

510 1695 710 1760 quibus
755 1708 841 1749 res
891 1694 1103 1762 imperii
1147 1696 1200 1748 in
1248 1708 1540 1765 angustum
1586 1708 1866 1752 contracta
1904 1701 2089 1767 parvis

509 1786 855 1840 concluditur
885 1788 1157 1841 terminis.
1192 1786 1299 1842 Tot
1331 1797 1588 1858 tantaque
1629 1791 1795 1843 ardua
1842 1802 1894 1843 et
1944 1790 2086 1846 dilli-

512 1875 776 1941 i-ultatnm
804 1880 986 1948 plena,
1008 1894 1244 1949 quorum
1271 1880 1356 1934 vel
1381 1886 1496 1935 sola
1521 1882 1781 1936 memoria
1810 1888 2091 1937 excruciat

512 1970 777 2031 animum,
818 1969 895 2022 ita
940 1970 1283 2037 permittente
1334 1970 1565 2024 Numine
1615 1973 1853 2040 perpessi
1890 1989 2082 2028 sumus

519 2069 804 2130 postquam
868 2076 897 2114 a
936 2061 1201 2116 Romanis
1249 2062 1509 2118 fratribus
1542 2078 1641 2117 nos
1677 2066 1845 2133 (quod
1885 2068 2115 2120 utinatn'

514 2165 794 2219 utinquam
828 2149 1033 2205 factum
1066 2151 1299 2221 fuisset!)
1324 2154 1763 2206 dissociavimus.

584 2242 638 2296 5.
679 2241 786 2296 Sed
832 2259 977 2299 nunc
1021 2259 1235 2309 recens,
1278 2260 1398 2298 cum
1441 2260 1667 2313 prorsus
1708 2260 1810 2300 nos
1846 2248 2090 2301 revocati

514 2334 707 2399 voluit,
743 2334 836 2404 qui
876 2335 1170 2389 mortilicat
1197 2335 1360 2402 Deus,
1408 2347 1458 2391 et
1509 2353 1701 2391 rursus
1745 2339 2001 2404 viviﬁcat,
2036 2342 2090 2395 in

514 2429 859 2482 concordiam
886 2429 965 2483 sic
989 2430 1388 2495 concessimus,
1430 2440 1487 2483 ut
1515 2447 1617 2483 una
1654 2432 2090 2488 Christianorum

516 2516 755 2571 E.,:elcsia
792 2519 846 2572 in
877 2519 1013 2572 duas
1045 2520 1208 2572 multo
1238 2521 1435 2573 abhinc.
1470 2529 1737 2588 tempore,
1776 2522 1828 2576 in
1862 2522 2090 2579 Latinos

515 2627 708 2681 nempe
736 2619 790 2665 et
815 2611 1057 2675 Griecos,
1092 2612 1296 2666 actoris
1329 2614 1595 2666 malorum
1630 2614 1849 2668 Satanae
1877 2616 2086 2684 impro-

516 2705 682 2757 bitate
711 2704 908 2769 divisa,
939 2707 1155 2758 r'ursuut
1208 2705 1259 2757 in
1288 2720 1455 2758 unum
1487 2720 1618 2771 pure
1667 2709 2005 2771 convenerit,
2038 2716 2092 2761 et

514 2797 914 2855 sententiarum
964 2798 1350 2851 contrarietate
1391 2798 1617 2852 omnino
1661 2799 1928 2866 diSpulsa.
1982 2816 2088 2855 una

515 2890 709 2942 iterum
774 2890 917 2943 facta
967 2889 1057 2942 sit.
1100 2886 1343 2958 Namque
1386 2890 1513 2944 licet
1563 2892 1677 2944 lteri
1727 2897 1823 2945 aut
1888 2892 2090 2947 nudius

514 2976 707 3030 tertius
739 2992 840 3030 nos
883 2992 1008 3030 cum
1052 2975 1317 3033 Romanis
1345 2980 1765 3047 associavimus,
1800 2991 1856 3035 et
1902 2998 2089 3050 pacem

514 3067 650 3121 nihil
699 3067 1002 3122 habituram
1031 3068 1350 3123 insidiarum
1385 3071 1815 3138 composuimus,
1893 3073 2093 3128 nihilo-

2189 595 2398 664 ἑξισοῦν
2428 596 2608 651 είδότα
2628 597 2756 659 τοὺς
2801 596 3033 665 θρήνους
3061 600 3174 658 τοῖς
3200 595 3423 663 πάθεσι,
3449 597 3541 665 τὴν
3567 597 3730 665 ἡμετέ-

2191 706 2293 758 ραν
2341 689 2646 755 τηνικαῦτα
2674 688 2793 742 κατ’
2838 688 2993 754 ἀξίαν
3023 686 3429 742 ἀποκλαύσεται
3468 689 3732 759 συμφοράν,

2189 778 2330 829 κάπὶ
2354 779 2466 840 τοῖς
2503 778 2777 844 συμόἄςιν
2808 776 3057 838 ἐλεεινῶς
3079 777 3484 845 ὀλοφυρόμενος
3514 777 3733 846 ﬁdem;

2188 862 2346 917 Μετὰ
2372 863 2430 915 δὲ
2460 865 2621 917 τοῦτο
2663 866 2993 934 κατάσχεσις
3028 865 3136 919 τῶν
3186 869 3288 919 ἀνὰ
3323 869 3508 921 πᾶσαν
3536 868 3734 936 ἑσπέραν

2190 955 2397 1007 πόλεων
2436 956 2530 1008 καὶ
2568 960 2798 1027 χωρῶν,
2844 960 2939 1011 καὶ
2983 958 3191 1012 τούτων
3241 956 3500 1023 άπᾰσῶν,
3540 958 3635 1013 τῶν
3662 962 3737 1030 μὲν

2190 1043 2541 1111 κατασκαφὴ,
2573 1043 2684 1096 τῶν
2716 1045 2773 1098 δὲ
2818 1046 3086 1117 πόρθησις
3107 1063 3121 1078 ·
3146 1047 3415 1110 ὡσαύτως
3448 1048 3545 1101 καὶ
3580 1048 3674 1101 τῶν
3698 1053 3736 1102 ιί

2188 1150 2272 1195 τις
2325 1134 2685 1206 ὲναπελείφθη
2722 1138 2854 1206 πρὸς
2901 1139 3168 1202 ἀνατολάς
3202 1143 3316 1202 τοῖς
3363 1140 3549 1203 ἀθέοις
3600 1140 3733 1208 Ἀγα-

2193 1227 2403 1294 ρηνοίς,
2437 1226 2577 1298 πλὴν
2607 1227 2770 1280 τινῶν
2821 1229 3233 1301 εὐαριθμήτων,
3267 1232 3316 1284 εί
3354 1232 3450 1286 καὶ
3487 1233 3584 1301 τῆς
3614 1232 3737 1301 βασι-

2193 1318 2337 1370 λείου
2382 1317 2577 1388 πρώην
2611 1321 2968 1384 ἐπικρατείας
3006 1323 3175 1391 μέρος
3215 1321 3374 1376 οὖσαι
3416 1322 3738 1393 βραχύτατον,

2192 1410 2269 1468 είς
2296 1409 2496 1479 κλῆρον
2530 1412 2704 1480 μέγαν
2734 1412 2995 1480 γεγόνασι
3026 1414 3147 1466 τότε
3186 1418 3301 1478 τοῖς
3325 1415 3450 1468 καθ’
3480 1417 3621 1484 ἡμᾶς
3641 1416 3737 1467 λίαν

2195 1501 2398 1569 ὀλίγοις
2436 1504 2501 1556 ὲκ
2535 1503 2751 1557 πολλῶν
2786 1505 2984 1577 κομιδῆ
3030 1505 3360 1575 διαφυγοῦσι
3388 1507 3481 1561 τὸν
3514 1508 3741 1575 κίνδυνον,

2192 1588 2272 1657 οἷς
2303 1595 2400 1647 καὶ
2458 1597 2720 1666 περιέστη
2760 1597 2829 1652 τὰ
2877 1599 2978 1667 τῆς
3028 1600 3205 1668 ἀρχῆς
3248 1602 3306 1661 ὲς
3335 1601 3529 1652 στενὸν
3558 1602 3741 1664 οὑτωσὶ.

2196 1691 2414 1756 μικροῖς
2443 1688 2611 1755 ὁρίοις
2636 1692 3113 1760 περιγραφόμενα.
3152 1690 3406 1744 Τοσαῦτα
3437 1694 3532 1745 καὶ
3560 1693 3745 1746 τοιαῦτα

2193 1778 2262 1830 τὰ
2291 1779 2530 1849 δυσχερῆ
2576 1796 2634 1832 τε
2685 1782 2781 1833 καὶ
2815 1783 2989 1850 μεστά
3040 1783 3435 1854 χαλεπότητος,
3466 1786 3503 1839 ἃ
3550 1788 3638 1839 καὶ
3672 1788 3745 1840 νῦν

2194 1876 2273 1934 εἰς
2335 1874 2560 1941 μνήμην
2612 1872 2759 1926 ιὸντα
2807 1874 3034 1944 πλήττει
3091 1894 3196 1946 μου
3245 1877 3347 1948 τὴν
3384 1878 3585 1948 ψυχὴν,
3632 1883 3745 1933 κατὰ

2198 1963 2348 2016 Θείαν
2419 1964 2819 2036 παραχώρησιν
2874 1967 3306 2039 ὑπηνέγκαμεν,
3366 1970 3742 2041 διαζευχθέντες

2205 2056 2313 2110 τῶν
2344 2056 2456 2109 ἀπὸ
2495 2056 2710 2129 Ῥώμης
2743 2058 3010 2128 ἀδελφῶν,
3048 2059 3126 2123 ὠς
3161 2061 3237 2131 μὴ
3256 2060 3487 2131 ὤφελεν.

2266 2240 2334 2305 γ’.
2370 2240 2528 2293 Ἀλλὰ
2564 2242 2774 2303 τούτοις
2807 2241 3029 2312 ἀρτίως,
3063 2243 3227 2313 ήνίκα
3252 2243 3435 2298 τέλεον
3462 2246 3615 2314 ἡμᾶς
3640 2246 3746 2299 tita-

2193 2334 2529 2403 νακληθῆναι
2584 2334 2880 2405 τεθέληκεν
2936 2338 2968 2389 ὁ
3019 2336 3264 2389 θανατῶν
3292 2338 3447 2402 Θεὸς,
3484 2338 3581 2390 καὶ
3614 2339 3745 2393 πάλιν

2193 2427 2499 2494 ζωογονῶν,
2532 2429 2609 2491 εἰς
2659 2427 3042 2498 ὁμοφροσύνην
3102 2429 3582 2501 συνεληλύθαμεν,
3633 2431 3743 2486 ὥστε

2193 2520 2289 2589 τὴν
2319 2522 2449 2589 μίαν
2480 2520 2586 2571 τῶν
2614 2521 2989 2589 Χριστιανῶν.
3012 2522 3342 2590 Ἐκκλησίαν
3380 2526 3460 2587 εἰς
3488 2523 3584 2577 δύο
3607 2524 3744 2578 πάλαι

2192 2610 2557 2680 διαιρεθεῖσαν
2587 2611 2666 2669 εἰς
2688 2628 2749 2664 τε
2779 2611 2904 2673 τοὺς
2922 2611 3187 2675 Λατίνους
3220 2614 3316 2665 καὶ
3350 2616 3477 2675 τοὺς
3506 2615 3744 2686 Γραικοὺς

2192 2703 2428 2773 ἐπηρείᾳ
2477 2702 2570 2755 τοῦ
2602 2705 2914 2777 ἀρχεκάκου
2946 2705 3147 2768 Σατὰν,
3177 2705 3610 2776 παλιῶρομῆσαι
3635 2705 3745 2777 πρὸς

2190 2798 2252 2847 τὸ
2284 2774 2728 2866 αὐτὸκαθαρῶς,
2763 2798 2859 2848 καὶ
2890 2796 3019 2866 μίαν
3050 2796 3206 2859 αὖθις
3230 2774 3515 2864 γενέσθαι,
3539 2799 3595 2850 τὸ
3617 2774 3746 2867 Grie-

2193 2890 2332 2940 νοεῖν
2358 2887 2741 2940 ἀποϐαλοῦσαν
2779 2890 3147 2941 παντάπασιν.
3179 2889 3239 2939 El
3267 2889 3379 2959 γάρ
3405 2890 3500 2942 καὶ
3531 2889 3649 2959 χθὲς
3670 2891 3747 2943 καὶ

2193 2980 2463 3049 πρότριτα
2499 2978 2636 3049 πρὸς
2664 2980 2789 3039 τοὺς
2819 2980 2877 3031 ἐν
2913 2978 3102 3051 Ῥώμῃ
3127 2982 3289 3050 ἡμεῖς
3326 2981 3743 3051 κατηλλάγημεν,

2195 3072 2290 3123 καὶ
2343 3071 2498 3138 φίλια
2539 3072 2759 3140 φρονεῖν
2806 3071 2941 3136 πρὸς
2982 3072 3183 3129 αὐτοὺς
3225 3071 3591 3140 συνεθέμεθα,
3624 3071 3746 3141 πλήν

518 3160 700 3212 minus
722 3159 888 3227 aliqui
922 3175 1016 3213 eos
1046 3162 1201 3229 quasi
1230 3162 1282 3213 in
1317 3162 1515 3230 pietate
1549 3164 1794 3233 integros
1845 3167 2089 3218 nondum

2196 3164 2309 3217 ἀλλ’
2335 3165 2489 3217 οῠπω
2514 3165 2660 3228 τινὲς
2707 3166 3059 3234 προσήκειντο
3095 3164 3342 3227 τούτους,
3373 3167 3469 3216 καὶ
3495 3165 3566 3225 ὡς
3590 3164 3745 3230 ὑγιαί-

514 3251 612 3303 sibi
638 3250 690 3304 in
722 3255 1002 3321 antiquam
1031 3252 1377 3307 concordiam
1402 3254 1748 3324 redegerunt,
1784 3258 1928 3324 quod
1960 3272 2090 3310 ni-c-

514 3342 643 3394 dum
690 3344 756 3395 de
788 3341 993 3412 Spiritu
1031 3355 1225 3398 sancto
1259 3359 1431 3399 sacra:
1460 3343 1683 3399 Patrum
1719 3361 1878 3400 voces
1905 3348 2086 3401 omni-

517 3433 643 3499 bus,
687 3436 1146 3502 quemadmodum
1195 3450 1361 3501 nune,
1408 3438 1786 3492 innotuerant.
1818 3437 1924 3494 Sed
1961 3440 2088 3508 quis

516 3527 756 3580 narrabit
822 3528 1089 3596 potentias
1141 3527 1384 3590 Domini,
1431 3531 1650 3583 auditas
1692 3530 1858 3584 faciet
1898 3531 2089 3586 lauda-

515 3620 695 3675 tiones
742 3620 886 3688 ejus,
911 3636 1049 3688 quas
1095 3620 1149 3674 in
1193 3620 1571 3690 generationes
1605 3629 1660 3675 et
1706 3627 2089 3690 generationes

520 3724 775 3782 operatus
804 3723 908 3775 est,
932 3724 986 3766 et
1026 3729 1171 3767 nunc
1201 3714 1364 3766 etiam
1411 3714 1706 3782 operatur?
1740 3714 1873 3780 Quis
1907 3718 2090 3771 multi-

517 3806 701 3874 jugam
744 3805 891 3859 illius
927 3804 1253 3873 sapientiam
1284 3805 1609 3868 cnuntiabit,
1637 3821 1743 3875 qua
1781 3806 1871 3860 ille
1904 3819 2089 3861 nostra

519 3898 796 3955 ordinans.
831 3895 1167 3961 providentia
1204 3895 1306 3948 sibi
1348 3908 1476 3950 nota
1508 3897 1663 3964 plane
1699 3896 1919 3968 dirigit?
1953 3898 2090 3953 Cum

518 3989 661 4041 enim
700 3988 1013 4056 aliquando,
1045 3988 1122 4040 uti
1161 3987 1236 4040 illi
1285 3989 1670 4056 complacitum
1709 3987 1830 4053 fuit,
1873 3990 2093 4044 miseri-

519 4080 831 4133 cordiarnm
890 4078 1070 4143 Pater,
1131 4087 1183 4132 ct
1253 4079 1420 4133 totius
1476 4078 1872 4132 consolationis
1927 4079 2087 4143 Deus,

522 4171 980 4241 propterdivitem
1013 4169 1160 4224 illius
1212 4170 1265 4222 in
1323 4185 1422 4223 nos
1456 4170 1908 4233 misericordiam,
1956 4172 2093 4225 duos

523 4278 745 4332 magnos
806 4271 861 4316 et
903 4261 1365 4332 prmelarissimos
1407 4262 1666 4316 Ecclesia:
1716 4261 1909 4316 oculos
1952 4278 1981 4315 a
2032 4279 2091 4317 se

521 4356 752 4407 invicem
802 4370 832 4406 a
883 4352 1054 4406 multo
1093 4359 1337 4420 tempore
1387 4352 1528 4405 male
1576 4351 1881 4420 disjunctos
1913 4351 2094 4407 denuo

525 4449 662 4501 bene
709 4447 1003 4500 convenire
1048 4446 1354 4509 constituit,
1390 4454 1445 4497 ut
1489 4459 1595 4497 una
1639 4445 1691 4496 in
1731 4444 1850 4498 [idei
1907 4444 2093 4498 ﬁrma-

2195 3274 2381 3319 νοντας
2425 3257 2526 3326 τὴν
2575 3256 2875 3318 εὐσέϐειαν,
2923 3257 3005 3308 ὅτι
3031 3254 3157 3326 μηδ’
3186 3255 3359 3317 οὕτως
3404 3258 3459 3308 ai
3492 3256 3610 3324 περὶ
3658 3253 3737 3307 τοῦ

2193 3348 2462 3414 παναγίου
2493 3347 2811 3418 Πνεύματος
2839 3348 2984 3412 ἱεραὶ
3015 3350 3193 3416 φωναὶ
3221 3347 3333 3399 τῶν
3360 3348 3611 3418 Πατέρων
3630 3348 3741 3400 ἁνα-

2191 3442 2608 3510 κεκαλυμμέναι
2639 3441 2751 3503 τοῖς
2779 3442 2946 3493 πᾶσιν
2999 3435 3166 3510 ἦσαν,
3220 3439 3477 3510 καθάπερ
3525 3441 3612 3494 καὶ
3642 3438 3738 3492 νῦν.

2204 3531 2366 3585 Ἀλλὰ
2397 3532 2481 3594 τίς
2502 3532 2727 3601 λαλήσει
2754 3532 2854 3595 τὰς
2890 3530 3205 3593 δυναστείας
3234 3531 3327 3584 τοῦ
3358 3532 3581 3601 Κυρίου,
3606 3533 3740 3584 ἀκω-

2193 3625 2324 3686 στάς
2376 3623 2592 3691 ποιήσει
2623 3622 2803 3685 πάσας
2862 3622 2962 3684 τὰς
3015 3622 3253 3678 αἰνέσεις
3298 3619 3580 3685 αὐτοῦ,ἃς
3623 3619 3740 3672 κατὰ

2190 3714 2382 3783 γενεάς
2414 3715 2508 3767 καὶ
2527 3714 2718 3782 γενεὰς
2740 3713 2910 3767 εἰσέτι
2938 3715 3033 3765 καὶ
3058 3712 3156 3766 νῦν
3187 3712 3521 3783 ἐργάζεταις
3553 3711 3642 3772 Τίς
3663 3709 3739 3779 τήν

2192 3807 2532 3877 πολύτροπον
2561 3809 2727 3861 αὐτοῦ
2774 3808 2965 3876 σοφίαν
3008 3807 3223 3876 ἐξείπῃ,
3256 3806 3377 3876 μεθ’
3404 3801 3472 3875 ἧς
3510 3805 3739 3871 διεξάγων

2192 3898 2402 3950 εὐθύνει
2425 3897 2613 3965 σαφῶς
2651 3894 2720 3949 τὰ
2749 3897 2993 3967 ἡμέτερα
3017 3896 3199 3964 λόγοις
3226 3891 3306 3957 οἷς
3343 3895 3627 3948 ἐπίσταται
3642 3894 3741 3945 διοι-

2192 3993 2436 4059 κήσεων;
2484 3987 2750 4057 Ἐπείπερ
2779 3989 2887 4058 γάρ
2915 4004 3042 4040 ποτε
3071 3990 3165 4041 καὶ
3181 3986 3488 4057 ηὐδόκησεν
3523 3990 3550 4040 ὁ
3577 3987 3737 4053 Πατήρ

2191 4081 2297 4134 τῶν
2337 4081 2658 4149 οἰκτιρμῶν,
2692 4081 2787 4132 καὶ
2841 4080 2973 4141 Θεὸς
3019 4082 3200 4149 πάσης
3250 4079 3646 4149 παρακλήσεως
3670 4077 3740 4130 διὰ

2193 4173 2446 4226 πλούσιον
2475 4171 2640 4227 αὑτοῦ
2672 4172 2801 4237 περὶ
2834 4171 2982 4239 ἡμᾶς
3034 4171 3182 4233 ἕλεος
3216 4174 3344 4234 τοὺς
3382 4170 3477 4223 δύο
3507 4170 3742 4240 μεγάλως

2191 4263 2290 4333 τῆς
2339 4263 2662 4332 Ἐκκλησίας
2698 4265 2790 4315 καὶ
2839 4265 3163 4332 περιφανεῖς
3189 4260 3744 4331 ὀφθαλμοὺςὰλλήλων

2194 4358 2260 4409 ὲκ
2308 4355 2541 4409 παλαιοῦ
2616 4354 2939 4416 διαστάντας
2999 4353 3226 4417 κακῶς,
3286 4353 3564 4407 συνελθεῖν
3609 4348 3743 4409 αὖθις

2194 4449 2395 4511 καλῶς,
2432 4448 2572 4502 ὥστε
2615 4446 2923 4499 συνοδεύειν
2952 4448 3009 4498 ὲν
3034 4447 3114 4516 τῷ
3148 4446 3246 4515 τῆς
3278 4446 3514 4508 πίστεως
3544 4444 3741 4513 cupiti:-

524 4550 703 4593 mcnto
731 4538 1101 4599 ambularent,
1158 4545 1212 4589 et
1278 4536 1332 4588 iu
1383 4534 1577 4588 faciem
1620 4535 1891 4590 universae
1936 4545 2091 4591 terrae

2200 4555 2350 4606 ματι,
2385 4543 2476 4590 καί
2506 4538 2745 4607 λάμπειν
2798 4538 2891 4589 ἐπὶ
2945 4538 3242 4604 προσώπου
3294 4537 3475 4603 πάσης
3511 4534 3606 4601 τῆς
3633 4533 3735 4598 γῆς.

523 4631 953 4699 resplenderent,
984 4637 1037 4681 et
1071 4628 1300 4696 fulgoris
1333 4626 1694 4681 immensitate
1723 4627 1943 4696 reliquae
1971 4628 2095 4698 pio-

526 4738 642 4773 t'utn
685 4730 871 4788 gentes
901 4719 1299 4782 discernerent,
1330 4732 1437 4770 non
1479 4719 1663 4771 statim
1711 4734 1810 4772 nec
1851 4729 2093 4789 repente,

525 4812 649 4864 licet
693 4821 967 4864 utomento
1000 4810 1262 4877 temporis
1312 4809 1495 4861 omnia
1549 4809 1743 4877 possit,
1783 4809 1877 4864 sed
1926 4810 2095 4864 veluti
2130 4826 2147 4847 κ

527 4905 579 4955 in
630 4904 886 4973 primmva
932 4919 1110 4955 rerum
1161 4901 1539 4954 universarum
1590 4902 1891 4967 creatione,
1922 4903 2003 4957 sic
2042 4913 2096 4959 et

527 5012 673 5050 nunc
702 4996 959 5065 paulatim
992 4995 1096 5048 sibi
1130 4993 1464 5062 beneplacita
1493 4993 1745 5061 complet.

596 5184 649 5238 4.
695 5182 757 5235 Et
793 5182 1031 5251 primum
1076 5179 1296 5248 quidem
1348 5192 1535 5245 pacem
1584 5178 1724 5231 inter
1777 5194 1877 5233 nos
1922 5179 2096 5249 ipsos,

528 5293 689 5346 quam
741 5278 821 5327 ιρι
848 5274 1073 5327 auribus
1118 5271 1395 5339 percipere
1442 5284 1470 5322 a
1507 5270 1676 5324 multo
1718 5278 1959 5338 tempore
1988 5286 2094 5324 non

527 5378 824 5437 potumius,
858 5364 1009 5433 pacis
1055 5365 1305 5431 princeps
1346 5369 1399 5413 et
1436 5369 1587 5427 pater
1623 5360 1835 5424 indicit,
1870 5361 1924 5413 in
1974 5375 2094 5415 eam

528 5460 773 5528 pluribus
826 5469 1198 5525 smpenuniero
1223 5452 1432 5505 animos
1458 5460 1675 5503 nostros
1705 5465 2011 5513 accersens,
2043 5462 2097 5506 et

527 5551 874 5607 concordiam
899 5565 1022 5602 cum
1053 5545 1331 5607 Romanis,
1364 5543 1418 5595 in
1444 5542 1641 5609 quibus
1664 5544 1824 5595 Deum
1844 5544 2098 5608 colimus,

534 5648 824 5702 nonnullos
878 5644 1099 5696 minime
1169 5654 1360 5707 capere
1410 5637 1774 5706 conspiciens,
1841 5646 2098 5706 tanquam

530 5745 939 5808 praeoccupatos
964 5730 1300 5800 cognitione,
1340 5740 1563 5797 propter
1592 5743 1654 5781 ea
1710 5743 1831 5795 quae
1865 5728 2100 5797 majores

529 5834 698 5888 nostri
725 5828 1091 5886 contentiosis
1124 5835 1175 5880 ct
1198 5823 1450 5893 litigiOsis
1476 5822 1957 5891 disputationibus,
1993 5838 2097 5877 non

2196 4631 2343 4693 ὅπως
2369 4630 2436 4684 ἂν
2462 4630 2540 4699 τῷ
2568 4630 2720 4684 δασεῖ
2742 4630 2842 4699 τῆς
2873 4628 3068 4694 αἴγλης
3092 4627 3557 4698 εἰλικρινέστερον
3592 4623 3737 4693 ὁρῷεν

2196 4723 2293 4775 καὶ
2344 4723 2413 4776 τὰ
2467 4721 2633 4774 λοιπὰ
2687 4721 2795 4775 τῶν
2849 4720 3222 4773 εὐσεϐούντων
3257 4719 3447 4784 ἐθνῶν,
3482 4720 3578 4771 οὐκ
3604 4717 3737 4775 εὐθὺς

2195 4792 2317 4865 οὐδὲ
2347 4812 2711 4882 παραχρῆμα,
2740 4810 2942 4879 καίπερ
2973 4812 3030 4863 εν
3060 4811 3262 4880 ἀκαρεῖ
3293 4810 3366 4861 τά
3407 4810 3585 4862 πάντα
3609 4807 3737 4860 δυνά·

2201 4920 2381 4973 μενος,
2412 4903 2527 4955 ἀλλ’
2573 4902 2766 4972 ὥσπερ
2797 4904 2857 4956 ὲν
2890 4904 3030 4973 ἀρχῇ
3065 4903 3165 4970 τῆς
3209 4902 3318 4954 τῶν
3351 4901 3520 4953 ὄντων
3565 4897 3735 4952 συστά-
3788 4942 3793 4949 .

2199 5011 2360 5058 σεως,
2381 4995 2524 5048 οὕτω
2549 4994 2645 5048 καὶ
2676 4993 2770 5048 νῦν
2794 4992 2938 5046 κατὰ
2979 4991 3177 5063 μικρὸν
3199 4992 3267 5043 τὰ
3312 4991 3413 5060 τῆς
3456 4990 3731 5060 βουλήσεως

2198 5085 2371 5155 ὲκπλη
2381 5087 2483 5155 ροῖ.

2272 5178 2335 5230 δ’.
2370 5180 2481 5232 Καὶ
2516 5178 2708 5247 πρῶτα
2743 5177 2843 5246 μὲν
2888 5177 3117 5247 εἰρήνην
3168 5178 3226 5227 ἐν
3273 5178 3410 5245 ήμῖν
3455 5174 3640 5234 αὐτοῖς.
3682 5172 3731 5239 ἧι

2200 5270 2431 5323 ἀκοῦσαι
2466 5270 2658 5340 συχνὸς
2696 5270 2755 5335 ἐξ
2783 5271 2905 5323 ὅτου
2946 5272 3137 5338 χρόνος
3172 5270 3273 5321 οὐκ
3310 5269 3558 5337 ἔσχομεν,
3593 5267 3618 5315 ὁ
3652 5264 3733 5329 τῆς

2202 5361 2425 5431 εἰρήνης
2478 5362 2664 5431 ἄρχων
2705 5360 2860 5412 λαλεῖ
2894 5361 2988 5412 καὶ
3028 5358 3221 5429 Πατὴρ
3256 5356 3633 5426 παρακαλέσας
3671 5355 3733 5407 εἰς

2201 5455 2410 5523 ταύτην
2445 5454 2613 5506 πολλὰ
2662 5452 2924 5515 πολλάκις
2958 5454 3057 5513 τὰς
3105 5452 3382 5520 ἡμετερας
3428 5447 3615 5517 ψυχὰς,
3657 5446 3729 5494 sui

2202 5549 2303 5615 τὴν
2335 5545 2422 5615 ἐφ’
2468 5541 2548 5608 οἷς
2575 5546 2638 5598 τὸ
2691 5546 2846 5598 Θεῖον
2879 5542 3257 5614 πρεσϐεύομεν
3290 5542 3429 5611 μετὰ
3472 5540 3573 5593 τῶν
3626 5536 3717 5587 Ῥω

2209 5638 2389 5709 μαίων
2435 5639 2686 5706 ὁμόνοιαν
2747 5636 2973 5705 μηδέπω
3021 5632 3335 5704 χωροῦντας
3386 5629 3541 5691 ἐνίοις
3581 5625 3732 5683 5156);.-

2205 5729 2302 5782 ἆτε
2340 5729 2909 5798 προκατειλημμένοις
2943 5727 3042 5796 τὴν
3079 5724 3308 5791 γνῶσιν,
3348 5722 3406 5787 ἐξ
3449 5717 3520 5774 ὧν
3562 5720 3605 5770 οί
3640 5716 3732 5784 1:95

2207 5822 2365 5891 ἡμῶν
2391 5822 2821 5888 ἐριστικῶςᾶμα
2855 5822 2946 5873 καὶ
2977 5818 3313 5879 φιλονείκως,
3342 5817 3436 5868 οὐκ
3460 5813 3730 5866 ἀποίεεκτι-
3762 5872 3774 5884 .
