3932 6646
645 337 690 349 ,ιν

185 402 310 471 103Ἱ

1033 404 1128 466 DE
1172 403 1688 468 PROCESSIONE
1731 407 1790 466 S.
1837 404 2194 465 SPllilTUS
2233 402 2452 465 ORAT.
2497 403 2544 464 Ι.

3288 400 3421 464 ῙΟἹΒ

182 519 289 582 κῶς
319 517 440 572 οὐδὲ
476 516 784 587 φιλαληθῶς
821 519 963 572 κατὰ
994 518 1198 572 τούτων
1233 516 1602 588 συνέγραψαν.
1643 515 1756 568 Καὶ
1785 565 1790 576 ί

1880 517 2445 578 lemonstratinnibus,
2513 517 2592 572 vel
2634 515 2880 572 veritatis
2928 529 3115 570 amore
3161 516 3421 582 adversus

183 612 274 664 διὰ
304 611 464 664 τοῦτο
512 613 620 663 πᾶν
663 611 976 664 τούναντίον
1010 611 1142 682 περὶ
1189 611 1368 663 αὐτῶν
1417 608 1750 680 φρονοῦντας

1854 606 2130 662 Romanos
2179 607 2599 673 concinnarunt,
2659 616 3054 678 proptereaque
3101 608 3408 677 oppositum

184 705 277 754 καὶ
320 703 604 770 λέγοντας,
649 701 977 754 σπείσασθαι
1025 702 1104 773 τῷ
1150 703 1289 762 τέως
1339 699 1754 772 παρασκευάζει

1880 716 2015 754 unue
2061 701 2127 754 de
2170 700 2235 755 iis
2268 701 2587 765 sentientes,
2614 709 2669 754 et
2718 703 3094 770 obloqncntes,
3134 701 3287 770 prius
3315 703 3415 756 hos

182 797 398 858 τούτοις
429 797 578 864 ἡμᾶς
614 797 706 848 ἐπὶ
748 796 1054 864 συμεάσεσι
1098 795 1264 864 μηδέν
1313 810 1365 846 τι
1399 795 1459 845 τὸ
1488 793 1753 862 παράπαν

184 886 674 950 ἐπικοινωνούσαις
700 889 810 949 τοίς
835 889 1000 956 ἱεροῖς
1040 887 1321 955 δόγμασιν.
1360 886 1478 938 ἰνα
1507 885 1560 936 τί
1599 886 1759 952 γένη-

183 997 297 1040 ται,
342 978 436 1032 καὶ
462 979 585 1031 τίνα
631 980 883 1051 τρυγήσῃ
929 978 1028 1048 τὴν
1057 977 1395 1046 ἐπικαρπίαν
1433 975 1704 1040 ἐντεῦθεν,
1731 976 1762 1028 ό

183 1072 364 1123 πάντα
396 1072 654 1140 προνοίας
679 1073 901 1140 μέτροις
924 1069 1233 1122 ἐπιστατῶν
1263 1085 1278 1134 ;
1314 1069 1400 1123 ἵνα
1431 1067 1624 1136 καιροῦ
1659 1084 1760 1120 κα-

181 1161 429 1226 λοῦντος,
465 1161 731 1224 τοιούτοις
769 1163 848 1225 εἰς
873 1160 973 1232 τὴν
1001 1161 1138 1229 πρὸς
1168 1160 1362 1224 αὐτοὺς
1403 1161 1551 1230 ἡμᾶς
1581 1158 1762 1210 λαϐὼν

187 1254 534 1324 ἡμερότητα,
581 1255 676 1305 καὶ
723 1254 822 1322 τὴν
867 1253 1014 1305 ἔνδον
1061 1253 1306 1322 γαλήνην
1341 1252 1448 1304 τῶν
1485 1249 1762 1320 λογισμῶν

179 1339 272 1396 οἷα
310 1344 410 1413 τῆς
457 1345 596 1396 κατὰ
629 1343 837 1397 τούτων
865 1345 1096 1414 ἐνούσης
1120 1346 1253 1414 ἡμῖν
1286 1343 1520 1414 ἀρχαίας
1565 1343 1764 1404 κακίας

185 1435 769 1504 ἀποσκορακισθείσης
814 1434 1080 1502 τοτέλεον,
1129 1436 1329 1506 ῥᾳδίως
1364 1433 1628 1506 ὑπαγάγῃ
1654 1436 1768 1496 τοῖς

186 1525 530 1594 ἔμπροσθεν,
584 1526 679 1578 καὶ
718 1527 818 1594 τὴν
871 1527 990 1579 κατ’
1025 1527 1308 1580 εύσέὸειαν
1354 1526 1531 1589 οὕτως
1573 1527 1769 1579 ἕνωσιν

185 1617 297 1668 ἀπε
309 1616 602 1687 ργάσηται,
633 1617 702 1669 τὰ
738 1618 867 1688 περὶ
897 1617 990 1670 τοῦ
1021 1618 1313 1686 δόγματος,
1362 1617 1438 1681 ὼς
1467 1619 1602 1686 ἔχει,
1629 1616 1771 1671 κατὰ

184 1707 389 1760 λεπτὸν
422 1711 504 1773 είς
534 1709 624 1762 τὸν
649 1711 920 1779 ἡμέτερον
950 1709 1074 1763 νοῦν
1105 1710 1382 1781 ἐμϐαλὼν,
1417 1709 1475 1776 ἐξ
1504 1705 1578 1763 ὦν
1604 1711 1652 1762 οἱ
1673 1707 1769 1762 τοῦ

189 1800 332 1852 Πνεύ
341 1817 508 1870 ματος
532 1801 590 1853 ὲν
617 1799 892 1872 διαφόροις
908 1803 1147 1871 γραφαῖς
1173 1801 1350 1854 αὐτῶν
1399 1801 1772 1868 θεολογοῦντες

183 1895 612 1963 ἐφιλοσόφησαν.

256 1983 325 2040 ε’.
355 1985 517 2041 Ταῦτ’
548 1987 655 2054 ἄρα
690 1988 784 2038 καὶ
806 1985 1062 2050 τοιαύτας
1087 1988 1114 2040 ό
1137 1987 1244 2040 τῶν
1266 1986 1551 2057 ἡμετέρων
1579 1985 1772 2057 ψυχῶν

183 2078 476 2147 οἰκονόμος
505 2078 813 2150 πόρρωθεν,
838 2079 1028 2150 ῶσπερ
1059 2079 1147 2131 ἀεὶ
1169 2078 1332 2148 νόμος
1356 2077 1526 2148 αύτῷ,
1562 2096 1772 2148 προκα-

186 2172 457 2224 ταϐἀλλει
490 2172 589 2236 τὰς
621 2171 900 2243 ἀφορμὰς,
938 2171 1030 2224 τὸν
1074 2170 1339 2242 θεοστεφῆ
1386 2172 1479 2224 καὶ
1519 2173 1772 2242 μέγιστον

185 2265 355 2334 ἡμῶν
389 2265 770 2334 αὐτοκράτορα
797 2262 891 2316 τοῦ
935 2262 1099 2334 ἔργου
1135 2261 1328 2316 τούτου
1387 2263 1589 2334 θερμὸν
1622 2266 1774 2317 ἀντι-

188 2357 447 2426 λὴπτορα
485 2356 960 2424 προστησάμενος,
991 2354 1050 2416 ὃς
1081 2347 1193 2407 οἷον
1218 2354 1308 2406 τὸν
1345 2351 1508 2422 ζῆλον
1549 2355 1642 2406 καὶ
1674 2355 1773 2421 τὴν

186 2448 337 2517 ὑπὲρ
374 2448 472 2516 τῆς
508 2450 728 2518 εἰρήνης
762 2447 1072 2518 προθυμίαν
1113 2447 1206 2500 καὶ
1237 2446 1473 2517 σπουδὴν
1512 2445 1776 2512 ἐνεδείξα-

186 2557 273 2603 το,
311 2539 396 2602 τίς
435 2539 615 2602 ἱκανὸς
648 2539 726 2608 τῷ
760 2539 905 2610 λόγῳ
929 2537 1245 2608 περιλαϐεῖν
1273 2554 1288 2604 ;
1315 2539 1376 2590 οὐ
1409 2536 1516 2608 μὴν
1541 2537 1656 2590 ἀλλ’
1689 2538 1776 2590 ού-

179 2633 243 2684 δὲ
285 2633 388 2702 τὴν
428 2634 485 2682 ἐν
528 2630 737 2694 τούτοις
773 2632 912 2702 ὑπὲρ
945 2631 1230 2700 ἄνθρωπον
1266 2629 1433 2684 αὑτοῦ
1469 2631 1772 2700 καρτερίαν

184 2723 372 2776 οὐδενὶ
400 2721 508 2776 τῶν
533 2724 789 2776 ἁπάντων
821 2723 974 2791 ίσχὺς
1004 2721 1154 2774 ἐσται
1188 2720 1496 2785 διεξελθεῖν.
1553 2722 1628 2772 Ού
1666 2720 1776 2793 γὰρ

183 2813 334 2882 ὁμοῦ
371 2830 432 2866 τε
481 2813 793 2883 προσετάγη
825 2813 1009 2866 θεόθεν
1039 2812 1381 2882 ὑπηρετῆσαι
1418 2810 1495 2883 τῷ
1536 2812 1778 2882 λειτουρ-

188 2906 434 2974 γήματι,
482 2906 577 2958 καὶ
613 2905 750 2975 ὁμοῦ
776 2905 888 2968 τοῖς
922 2903 1014 2958 ὑπ’
1061 2903 1223 2956 αὑτὸν
1265 2903 1640 2972 ἐντειλάμενος
1677 2903 1778 2973 ἥρ-

183 3015 380 3064 κεσεν,
411 2998 600 3068 ῶσπερ
628 2999 695 3052 ἂν
733 2995 788 3049 εί
815 3014 900 3061 τις
933 2995 1196 3049 ὑπολάὸοι
1243 2995 1344 3068 τὴν
1379 2995 1589 3050 ἀνωθεν
1623 2995 1773 3066 αύτῷ

185 3093 452 3145 δοθεῖσαν
490 3090 740 3155 ἐξουσίαν
769 3089 1120 3156 ἀποσκοπῶν,
1173 3088 1312 3142 ἀλλὰ
1349 3089 1558 3152 πάντας
1592 3089 1778 3158 σχεδὸν

189 3182 642 3252 ἀνθισταμένους
673 3181 876 3252 εὑρὼν,
904 3182 999 3234 καὶ
1029 3182 1110 3234 ὅτι
1145 3181 1336 3251 χρόνος
1361 3181 1570 3252 μακρὸς
1596 3181 1689 3250 ἀφ’
1714 3173 1776 3234 οὗ

189 3277 267 3329 τὰ
295 3274 397 3328 τοῦ
431 3275 753 3346 σχίσματος,
787 3275 863 3338 ὡς
895 3275 1058 3346 νόμον
1087 3274 1146 3327 τὸ
1176 3272 1487 3345 παράλογον
1511 3275 1632 3338 ἔθος
1657 3273 1782 3327 τοῦ-

187 3385 257 3421 το
286 3367 585 3437 κρατύνειν
609 3367 911 3431 ἐθέλοντας,
943 3369 1013 3437 τῇ
1043 3365 1249 3428 τούτων
1279 3365 1536 3436 ἀσθενείᾳ
1571 3382 1779 3436 συγκα-

187 3457 476 3521 ταὸαίνει,
510 3455 606 3510 καὶ
634 3456 1006 3526 μακροθύμως
1041 3455 1367 3525 μετέρχεται
1394 3457 1458 3510 τὰ
1479 3454 1574 3509 τοῦ
1607 3457 1783 3526 πράγ-

189 3566 400 3620 ματος.
471 3550 580 3601 Καὶ
649 3547 744 3601 νῦν
815 3548 914 3618 μὲν
980 3547 1186 3600 πείθειν
1253 3547 1282 3598 ό
1345 3544 1599 3616 βασιλεὺς
1654 3547 1783 3611 τοῦς

195 3642 491 3712 ὑπηκόους
534 3642 828 3710 ἐπιχειρεῖ,
867 3638 962 3692 νῦν
981 3637 1025 3691 δ’
1060 3638 1312 3707 ἀνέχεται
1349 3637 1458 3689 τῶν
1479 3637 1583 3691 ὑπὸ
1625 3640 1780 3708 χεῖρα

192 3733 631 3806 μεγαλοφρόνως
655 3734 683 3785 ὁ
707 3731 972 3800 δεσπότης
999 3729 1393 3798 ἀντιλεγόντων
1423 3730 1594 3801 αὐτῷ,
1625 3730 1782 3784 τοῦτο

201 3829 317 3897 μὲν
347 3829 415 3895 τῇ
463 3826 644 3894 οἰκεία
687 3824 965 3879 κανταῦθα
999 3824 1242 3893 συνήθως
1257 3819 1606 3894 ’χρηστότητι
1639 3825 1784 3897 χρῶ-

189 3933 393 3987 μενος,
423 3915 582 3968 τοῦτο
608 3916 664 3968 δὲ
699 3919 791 3968 καὶ
818 3916 1088 3986 διακρίσει
1135 3916 1306 3979 διδοὺς
1341 3918 1553 3983 ἑαυτὸν,
1581 3913 1663 3981 οἷς
1701 3919 1784 3970 ὅτι

185 4010 258 4059 τὸ
293 4009 396 4076 τῆς
437 4009 634 4078 ἔχθρας
665 4011 982 4078 μεσότοιχον
1021 4007 1281 4072 πολυετές
1335 4026 1394 4062 τε
1441 4009 1538 4062 καὶ
1575 4027 1783 4080 μακρο-

187 4102 447 4174 χρόνιον,
476 4101 535 4164 ἐξ
559 4096 631 4153 ὧν
662 4102 756 4155 καὶ
781 4103 957 4156 πάντα
989 4102 1190 4173 τρόπον
1221 4103 1500 4170 ὲπείγεται
1528 4103 1782 4172 γενέσθαι

182 4196 301 4263 τῆς
342 4193 564 4261 εἰρήνης
593 4193 755 4260 ὑμᾶς.
783 4191 872 4244 Ἐν
888 4191 1059 4260 τούτῳ
1087 4191 1180 4244 τοῦ
1204 4192 1409 4245 σκοποῦ
1432 4192 1778 4263 διημερεύων

188 4285 319 4346 ἀεὶ,
349 4285 442 4337 καὶ
471 4285 669 4345 νύκτας
697 4284 822 4346 ὅλας
852 4285 1128 4353 ἄγρυπνος
1170 4284 1564 4355 διακαρτερῶν,
1595 4285 1699 4347 ἕως
1738 4289 1786 4338 εἱ

189 4381 306 4428 καὶ
349 4374 424 4443 μὴ
462 4376 691 4438 πάντας,
742 4373 866 4425 ἐπεὶ
900 4373 1037 4444 μηδὲ
1083 4373 1305 4426 πάντων
1349 4376 1381 4444 ὴ
1421 4374 1643 4443 γνῶσις,
1689 4375 1786 4428 καὶ

189 4466 306 4518 τοῦ
354 4465 764 4528 λυσιτελοῦντος
802 4468 835 4536 ἡ
873 4468 1200 4537 κατανόησις
1227 4482 1240 4496 ·
1271 4466 1332 4518 τὸ
1358 4466 1488 4534 γοῦν
1531 4467 1784 4519 πλεῖστον

189 4559 306 4611 καὶ
341 4559 634 4627 κράτιστον
675 4557 841 4628 μέρος
865 4557 959 4611 τοῦ
989 4558 1086 4627 τῆς
1127 4557 1452 4628 Ἐκκλησίας
1484 4558 1785 4628 πληρώμα-

113 4723 118 4725 _
188 4668 302 4714 τος
335 4650 662 4719 συναγαγὼν
689 4652 767 4714 εἰς
809 4652 993 4714 ταυτὸ,
1036 4651 1128 4704 καὶ
1173 4653 1302 4720 μιᾶς
1340 4652 1564 4722 γνώμης
1593 4669 1652 4704 τε
1688 4654 1782 4706 καὶ

131 4769 140 4812 ;.
191 4744 412 4815 βουλῆς
458 4745 677 4808 τούτους
717 4745 1178 4815 ἀπεργασάμενος
1216 4746 1282 4815 τῇ
1321 4745 1414 4797 τοῦ
1453 4746 1779 4815 είρηνάρχου

187 4837 452 4906 Χριστοῦ
499 4837 790 4908 συνεργείᾳ
834 4838 930 4890 καὶ
981 4839 1188 4908 χάριτι,
1237 4837 1335 4907 τὴν
1375 4838 1514 4906 μετά
1549 4837 1646 4907 τῆς
1676 4836 1782 4890 τῶν

205 4931 519 4998 Ῥωμαίων
559 4929 886 4999 Ἐκκλησίας
915 4932 1140 5000 είρήνην
1197 4928 1460 4998 θεοφιλῶς
1508 4930 1786 4982 ἐκτετέλε-

193 5042 332 5078 κεν.
383 5022 544 5074 ’Λλλὰ
571 5023 638 5074 τὰ
671 5021 771 5091 μὲν
817 5021 958 5075 κατὰ
1003 5021 1095 5074 τὸν
1135 5022 1403 5090 ἡμέτερον
1442 5021 1784 5091 αὺσονάρχην

195 5117 309 5166 τὸν
338 5112 605 5182 θεοστεςρῆ
657 5129 716 5164 τε
757 5113 851 5166 καὶ
908 5112 1359 5181 θεομεγάλυντον,
1394 5113 1544 5176 ὅπως
1583 5114 1784 5183 θερμό-

197 5221 359 5258 τατα
389 5204 509 5256 λίαν
538 5205 948 5273 ἀγωνισάμενος
978 5205 1096 5272 μεθ’
1130 5207 1261 5273 ὅσης
1291 5223 1351 5260 τε
1393 5206 1492 5276 τῆς
1525 5209 1664 5260 κατὰ
1687 5207 1787 5276 ψυ-

196 5297 320 5366 χὴν
351 5295 642 5364 διαπύρου,
684 5297 778 5348 καὶ
823 5297 1242 5364 συντομωτάτης
1289 5296 1488 5366 ὁρμῆς,
1522 5299 1616 5351 καὶ
1666 5299 1787 5367 μεθ’

194 5386 336 5446 οἵας
372 5386 472 5454 τῆς
508 5387 785 5455 ὑπομονῆς
819 5388 914 5439 καὶ
962 5387 1367 5458 μεγαλοψυχίας
1418 5390 1517 5459 τὴν
1564 5393 1786 5460 εἰρήνην

199 5478 612 5548 κατώρθωσεν,
647 5479 707 5530 οὺ
744 5478 836 5532 τοῦ
869 5481 1137 5547 παρόντος
1171 5480 1349 5548 λέγειν
1374 5483 1586 5552 καιροῦ.
1617 5484 1788 5544 Μόλις

193 5573 328 5638 γὰρ
374 5571 441 5622 ἂν
495 5572 587 5622 καὶ
640 5571 745 5642 ἰδίᾳ
780 5587 864 5633 τις
911 5573 1268 5644 πραγματείᾳ
1303 5574 1367 5626 τὰ
1409 5574 1532 5643 περὶ
1581 5574 1787 5627 τούτων

197 5663 599 5730 παραστήσειε
636 5663 872 5733 τρανῶς.

1787 1892 1840 1951 B

1857 793 2137 845 nobiscum
2162 792 2225 844 ad
2255 793 2554 861 pactionem
2579 794 2744 862 adigit
2768 794 2833 849 iis
2858 791 3280 854 conditionibus.
3303 810 3424 862 qua:

1859 898 1981 936 cum
2017 899 2176 937 sacro
2207 883 2457 950 dogmate
2486 885 2617 939 nihil
2667 885 2928 940 traherent
2971 900 3282 938 commune.
3307 887 3424 951 Quo

1860 976 2074 1030 tandem
2106 991 2293 1044 scopo,
2324 986 2379 1030 et
2403 992 2565 1046 quem
2594 977 2718 1032 inde
2759 976 2993 1032 fructum
3041 979 3422 1046 decerpturns,

1862 1067 2044 1121 omnia
2073 1070 2425 1138 providentiae
2453 1085 2705 1124 mensura
2753 1071 3052 1140 gubernat?
3081 1069 3151 1125 Ut
3182 1073 3423 1141 tempore

1867 1160 2210 1228 postmodum
2239 1169 2569 1229 Opportune,
2597 1159 2670 1213 ita
2706 1159 2933 1216 at'l‘ectos
2970 1175 3066 1215 nos
3116 1176 3425 1225 assumens,

1864 1251 1917 1305 in
1955 1259 2288 1306 mansuetam
2322 1261 2377 1306 et
2416 1252 2684 1306 internam
2731 1253 3122 1320 cogitationum
3161 1251 3431 1321 tranquil-

1865 1340 2096 1404 litatem,
2123 1351 2310 1394 nostro
2339 1342 2606 1396 adversus
2645 1359 2738 1398 eos
2768 1343 2996 1412 antiquo
3037 1344 3164 1398 odio
3207 1359 3430 1413 prorsus

1867 1433 2157 1496 dissoluto,
2193 1433 2339 1487 facili
2388 1434 2608 1503 negotio
2657 1434 2970 1498 deduceret,
3014 1435 3188 1490 et'sic
3219 1437 3433 1506 pietatis

1870 1525 2127 1578 unionem
2151 1524 2478 1587 absolveret,
2501 1526 2662 1579 rebus
2698 1525 2990 1595 dogmatis,
3025 1529 3099 1582 uti
3119 1543 3178 1582 se
3206 1529 3432 1592 habent,

1872 1615 2137 1684 paulatim
2189 1617 2242 1669 in
2275 1628 2512 1670 nostram
2541 1628 2776 1671 mentem
2829 1619 3114 1683 immissis,
3145 1620 3434 1674 occasione

1873 1716 2089 1775 sumpta
2120 1722 2185 1761 ex
2213 1707 2303 1771 iis,
2330 1723 2448 1777 quae
2471 1707 2696 1776 Spiritui
2719 1709 2884 1764 dediti
2908 1711 3295 1780 scriptionihus
3322 1713 3436 1766 suis

1875 1797 2042 1853 variis
2071 1799 2438 1870 philosophati
2480 1810 2629 1856 sunt.

1945 1984 1998 2038 5'.
2034 1983 2158 2038 Haec
2215 1985 2414 2054 itaque,
2452 2001 2548 2040 nec
2580 1987 2858 2044 ahsimiles
2889 1999 3200 2045 nostrorum
3230 1992 3441 2046 animo-

1869 2091 1990 2130 rum
2038 2076 2405 2143 dispensator,
2464 2077 2700 2143 eminus,
2744 2081 2816 2131 uti
2849 2080 2962 2147 ipse
3010 2081 3203 2146 suerit,
3242 2094 3441 2134 causas

1872 2166 2109 2236 projicit,
2145 2182 2240 2235 per
2288 2167 2453 2220 Deum
2503 2181 2793 2233 coronato,
2850 2171 3196 2238 tiiziximoquc
3247 2181 3438 2226 nostro

1874 2256 2196 2323 imperatore
2229 2258 2457 2327 hujusce
2485 2261 2665 2327 operis
2703 2261 2908 2314 fervido
2936 2271 3244 2328 protectore
3306 2278 3439 2317 cou-

1873 2349 2088 2406 St'itutt).
2112 2350 2202 2416 qui
2273 2361 2532 2417 quantum
2584 2353 2782 2414 zelum,
2814 2366 2860 2405 et
2887 2368 2984 2420 pro
3018 2369 3147 2419 pace
3189 2354 3438 2408 ardorem

1873 2438 2191 2498 ostenderit,
2221 2446 2274 2492 et
2298 2453 2487 2492 curam
2518 2442 2784 2506 posuerit,
2810 2443 2933 2510 quis
2972 2445 3115 2511 potis
3143 2442 3302 2498 fuerit
3329 2459 3444 2498 ser-

1876 2544 2035 2583 mone
2065 2531 2412 2599 exprimere?
2443 2533 2556 2586 lmo
2590 2533 2760 2602 ipsius
2802 2550 2965 2604 supra
3000 2536 3268 2591 humanas
3295 2537 3440 2591 vires

1875 2622 2092 2674 assidua
2125 2623 2301 2676 studia
2335 2624 2514 2678 verbis
2543 2626 2796 2694 prosequi
2831 2627 3030 2680 nemini
3059 2630 3301 2682 omnium
3332 2629 3441 2702 .l‘as

1875 2711 2062 2767 fuerit.
2131 2712 2318 2784 Neque
2393 2717 2539 2770 enim
2597 2718 2762 2772 simul
2819 2719 3084 2775 divinitus
3147 2721 3440 2791 imperium

1877 2803 2110 2874 accepit,
2150 2814 2206 2860 ut
2230 2806 2536 2862 ministerio
2569 2808 2884 2870 asset-viret.
2922 2820 2970 2864 et
3009 2811 3172 2865 simul
3208 2812 3444 2869 subditis

1878 2897 2224 2965 przecipiens,
2257 2897 2424 2954 veluti
2467 2899 2512 2955 si
2563 2901 2687 2970 quis
2738 2901 2792 2956 in
2837 2901 3016 2956 datam
3065 2905 3169 2959 sibi
3207 2905 3445 2978 desuper

1877 2993 2260 3046 auctoritatem
2309 2993 2627 3062 respiciens,
2680 2995 2933 3052 mandata
2978 3008 3268 3055 exsecutus
3311 3011 3440 3058 est:

1879 3081 1972 3137 sed
2009 3096 2133 3136 cum
2191 3097 2380 3137 omnes
2440 3084 2552 3138 fere
2592 3085 2696 3140 sibi
2747 3086 3023 3143 adversari
3069 3091 3445 3160 comperisset,

1878 3182 1954 3236 et,
1987 3175 2130 3243 quod
2161 3175 2274 3244 jam
2307 3186 2518 3246 tempus
2568 3179 2788 3249 longum
2821 3181 3193 3248 praeteriisset,
3215 3198 3282 3238 ex
3324 3199 3438 3254 quo

1882 3265 2168 3320 dissidium
2197 3276 2445 3322 exortum
2477 3268 2675 3335 fuerat,
2715 3271 3010 3326 absurdam
3044 3273 3184 3328 hanc
3211 3290 3448 3331 consue-

1883 3359 2126 3414 tudinem
2155 3375 2310 3430 aaque
2339 3370 2502 3430 atque
2529 3363 2699 3431 legem
2731 3365 2974 3419 stabilire
3002 3377 3356 3432 conarentur,
3381 3369 3448 3422 ad

1881 3463 2070 3504 eorum
2117 3451 2486 3507 inﬁrmitatem
2525 3467 2590 3507 ac
2632 3462 2824 3508 nutum
2888 3464 3059 3509 totum
3102 3471 3159 3511 se
3203 3457 3354 3528 lingit
3396 3468 3450 3513 et

1883 3544 2284 3608 accommodat,
2313 3553 2370 3599 et
2401 3547 2692 3601 toleranter
2718 3547 2882 3602 nimis
2909 3549 3184 3618 negotium
3210 3551 3447 3606 coniicit.

1885 3633 1951 3688 Et
1981 3651 2127 3692 nunc
2169 3637 2388 3708 quidem
2441 3639 2546 3693 sibi
2582 3639 2852 3695 obnoxios
2893 3641 3204 3710 ,imperator
3255 3643 3452 3698 blande

1885 3728 2093 3783 illicere
2150 3731 2463 3798 aggreditur
2516 3747 2530 3785 :
2589 3746 2734 3810 nunc
2777 3749 2968 3788 eorum
3013 3735 3106 3803 qui
3152 3736 3256 3790 sub
3305 3737 3451 3790 illius

1884 3829 2158 3890 potestate
2185 3831 2364 3886 erant,
2389 3822 2656 3878 Dominus
2677 3838 2784 3878 non
2816 3826 3023 3896 absque
3054 3825 3223 3879 animi
3249 3831 3456 3897 magni-

1889 3915 2080 3970 tudine
2106 3916 2366 3971 adversos
2395 3926 2627 3971 conatus
2651 3917 2908 3981 sustinet,
2941 3919 3135 3988 partim
3175 3921 3452 3989 propriam

1885 4009 2048 4063 etiam
2102 4010 2154 4063 in
2199 4009 2304 4065 hoc
2346 4024 2444 4079 pro
2482 4023 2637 4064 more
2681 4025 2783 4065 suo
2812 4010 3108 4066 bonitatem
3158 4026 3452 4082 usurpans,

1886 4103 2084 4174 partim
2117 4102 2447 4157 discretione
2488 4104 2658 4157 multa
2699 4103 2953 4168 metiens,
2987 4105 3132 4174 quod
3161 4106 3456 4164 simultatis

1886 4204 2049 4264 atque
2087 4194 2386 4249 inimicitia:
2432 4194 2785 4250 interstitium
2823 4212 2918 4266 per
2952 4197 3154 4252 multos
3185 4214 3360 4255 annos
3400 4210 3456 4256 et

1886 4285 2244 4343 diuturnitate
2274 4301 2372 4339 sua
2393 4286 2749 4341 obduruerat.
2776 4287 2958 4352 Quare
2989 4289 3166 4342 modis
3196 4291 3454 4348 omnibus

1885 4385 1940 4431 et
1990 4377 2182 4432 sedulo
2230 4377 2412 4432 studio
2467 4378 2535 4432 ad
2583 4380 2983 4434 conciliandam
3048 4383 3208 4438 nobis
3263 4401 3448 4454 pacem

1886 4469 2240 4534 convertitur,
2278 4472 2330 4523 iu
2358 4471 2458 4524 hoc
2479 4470 2758 4540 proposito
2789 4474 3051 4528 continuo
3083 4477 3320 4548 integros
3338 4481 3454 4536 dies

1889 4560 2189 4628 insumens,
2241 4571 2294 4616 et
2351 4572 2537 4617 noctes
2599 4565 2838 4633 integras
2897 4566 3171 4624 insomnes
3220 4570 3454 4637 ducens,

1887 4652 2082 4716 donec,
2131 4654 2228 4707 etsi
2268 4669 2374 4707 non
2427 4655 2600 4721 omni,
2627 4671 2803 4725 neque
2851 4660 2992 4711 enim
3057 4661 3300 4716 omnium
3356 4679 3452 4718 co-

1889 4745 2082 4814 gnitio,
2117 4747 2484 4816 nequeutilis
2534 4748 2950 4818 comprehensio
2980 4759 3101 4817 est,
3145 4753 3348 4823 majore
3394 4772 3457 4811 ac

1889 4838 2100 4905 potiore
2153 4840 2510 4894 eetlesiastici
2563 4841 2939 4909 cctnplementi
3000 4853 3150 4913 parte
3197 4847 3249 4900 in
3286 4865 3454 4903 unum

1892 4939 2100 4994 coacta,
2140 4939 2194 4986 et
2240 4931 2442 4986 Christi
2491 4933 2642 5000 pacis
2701 4935 2944 4990 auctoris
3011 4951 3114 5006 ope
3171 4949 3225 4993 et
3285 4943 3458 5018 gratia

1893 5035 2082 5076 corum
2113 5023 2358 5078 consiliis
2403 5023 2800 5094 sententiisque
2831 5026 2898 5081 ad
2928 5043 3086 5083 suam
3125 5033 3459 5089 voluntatem

1893 5115 2166 5179 adductis,
2219 5129 2342 5168 cum
2379 5114 2622 5169 Romana
2667 5115 2908 5173 Ecclesia
2963 5136 3172 5188 pacem,
3231 5124 3308 5177 uti
3352 5123 3462 5180 Deo

1894 5205 2192 5273 placuerat,
2243 5205 2495 5260 absolvit.
2547 5208 2651 5261 Sed
2691 5211 2965 5279 quomodo
3030 5193 3321 5285 imperator
3375 5218 3461 5271 hic

1895 5305 2099 5360 noster,
2158 5299 2248 5366 qui
2308 5315 2337 5351 a
2383 5296 2492 5353 Deo
2536 5313 2829 5359 coronatus
2885 5317 2989 5369 est,
3035 5321 3088 5361 et
3146 5323 3244 5362 sua
3287 5311 3462 5364 inere-

1897 5401 2074 5444 menta
2143 5392 2421 5461 suscepit.
2483 5394 2962 5452 vehementis-ima
3030 5401 3343 5456 incitatione
3409 5414 3461 5457 et

1897 5481 2089 5536 ardore
2152 5483 2408 5538 insatiato
2457 5485 2834 5552 decertaverit,
2904 5501 2952 5543 et
3003 5506 3165 5560 quam
3226 5493 3459 5558 fervido,

1897 5585 1951 5628 ct
2001 5577 2346 5650 contentioso
2389 5578 2558 5631 animi
2609 5579 2836 5649 impetu,
2887 5591 2940 5636 et
2999 5598 3101 5650 qua
3175 5583 3460 5639 tolerantia

1900 5677 1952 5720 et
2025 5669 2470 5738 magnanimitate
2538 5687 2727 5741 pacem
2791 5672 3123 5742 perfecerit,
3187 5692 3293 5731 non
3380 5689 3463 5732 est

195 5756 510 5826 praesentis
540 5760 796 5828 temporis
829 5761 1090 5817 scribere.
1120 5759 1217 5816 Vix
1255 5764 1399 5816 enim
1460 5773 1512 5817 et
1579 5763 1844 5832 singulari
1887 5765 2156 5833 quispiam
2212 5766 2278 5820 de
2320 5767 2468 5822 hisce
2530 5771 2876 5835 tractatione,
2933 5773 3114 5827 omnia
3169 5775 3462 5845 perspicue

194 5855 628 5907 ntetnoraverit.

1491 5971 1504 5974 ..
1537 5967 1566 5975 ..4
1606 5969 1628 5976 .-
