3932 6572
478 363 612 428 1039

1528 353 2040 419 CONS’I‘ANTINI
2082 349 2630 415 MELITENIOT/E
3568 337 3693 401 10i0

545 480 597 531 6.
625 477 713 532 Dei
740 488 900 546 porro
943 473 1214 529 mirabilia
1236 470 1328 542 qui
1361 470 1512 525 illum
1554 466 1621 525 'ad
1661 470 1774 524 btec
1808 467 2044 539 impulit,

2221 473 2298 529 ς’.
2327 466 2410 520 Τὰ
2434 467 2492 518 δὲ
2547 464 2642 517 τοῦ
2696 460 3016 531 κινήσαντος
3044 452 3207 511 αὐτὸν
3249 451 3329 516 είς
3362 450 3519 506 τοῦτο
3546 451 3695 516 Θεοῦ,

469 573 534 626 ad
553 585 672 640 qua}
695 583 859 639 supra
891 568 1187 621 orationem
1219 572 1617 628 converteram,
1640 563 1909 617 undenam
1944 560 2041 615 mi-

472 665 528 718 bi
551 676 867 719 sermonum
899 658 1079 713 fontes
1112 663 1398 726 erumpent
1441 664 1495 710 et
1540 653 1863 725 cognitionis
1890 668 2039 708 vena:

470 754 838 816 recludentur,
871 761 950 817 ut,
979 750 1080 805 etsi
1111 764 1217 803 non
1243 764 1342 819 pro
1367 746 1646 817 dignitate,
1684 745 1796 801 haec
1818 744 1962 799 enim
1986 753 2042 798 et

470 859 707 904 mentem
742 856 795 902 et
817 845 1199 915 cogitationem
1237 851 1592 912 exsuperant,
1627 841 1863 895 humana
1893 840 2040 894 nihi-

473 942 707 994 loniinus
730 939 910 1004 lingua
938 948 989 991 et
1022 935 1294 990 intellectu
1326 941 1691 1004 congruenter
1711 943 2043 985 commemo-

472 1051 607 1099 rem,
656 1039 710 1086 et
754 1046 859 1083 non
925 1027 1257 1083 tantumdem
1307 1026 1376 1079 ab
1423 1039 1610 1080 eorum
1665 1021 2039 1090 magnitudine

471 1147 483 1176 ι
504 1127 683 1185 adam,
717 1130 979 1191 quantum
1004 1120 1146 1182 aliis,
1169 1118 1259 1188 qui
1282 1115 1421 1172 infra
1443 1128 1642 1171 terram
1666 1113 2045 1178 obambulant,

472 1228 525 1269 et
560 1214 813 1269 sensibus
842 1214 1168 1273 asscrviunt,
1196 1208 1424 1264 inferior
1462 1205 1620 1261 sum?
1667 1204 1785 1259 Non
1818 1219 2043 1275 prorsus

473 1309 687 1365 aliunde
719 1308 851 1361 mihi
885 1307 1157 1370 Obveniet,
1202 1318 1365 1375 quam
1401 1320 1428 1356 a
1486 1302 1714 1371 Spiritu,
1746 1311 1910 1353 vttam
1953 1299 2048 1352 de-

476 1402 703 1456 mortuis
733 1402 1052 1469 inspirante,
1084 1399 1235 1463 dum,
1260 1406 1318 1449 ut
1352 1410 1474 1448 cum
1505 1394 1640 1449 Isaia
1672 1394 1917 1461 eloquar,
1949 1391 2048 1444 im-

478 1513 610 1565 pura
639 1496 778 1550 labia
802 1491 1177 1548 circumferam
1198 1500 1251 1544 et
1283 1489 1465 1542 multis
1489 1496 1833 1556 peccatorum
1858 1482 2042 1539 sordi-

476 1591 578 1644 bus
629 1587 849 1649 obruar,
890 1583 1212 1653 benignitati
1268 1591 1451 1635 tamen
1481 1579 1626 1633 illius
1684 1578 1874 1637 lldens.
1902 1574 2047 1644 quod

474 1686 695 1749 propter
717 1676 1215 1731 misericordiarum
1245 1672 1464 1742 pelagus
1496 1668 1703 1723 Numen
1738 1660 2049 1736 peceatores

479 1790 587 1825 non
615 1779 918 1834 aversatur,
952 1768 999 1822 si
1032 1767 1099 1823 ad
1133 1767 1311 1835 ipsum
1349 1779 1539 1819 rursus
1577 1761 1831 1816 conversi
1862 1760 2047 1814 animo

2142 562 2282 631 πρὸς
2309 559 2345 613 ἃ
2373 559 2467 612 καὶ
2496 557 2703 611 ἀνωθεν
2733 553 3026 625 ὥρμημαι,
3072 546 3237 603 πόθεν
3272 562 3365 617 μοι
3404 545 3575 617 πηγαὶ
3609 548 3700 617 ρα-

2143 657 2403 725 γήσονται
2432 651 2626 719 λόγων,
2658 649 2752 702 καὶ
2780 646 2974 715 φλέϐες
2998 639 3553 709 ἀναστομωθήσονται
3578 637 3701 706 γνὼ-

2146 766 2303 811 σεως,
2332 746 2407 809 ὡς
2433 744 2524 810 ἂν,
2559 746 2607 797 εἰ
2638 742 2733 796 καὶ
2765 740 2842 812 μὴ
2871 737 2993 792 κατ’
3025 736 3204 801 ἀξίαν,
3238 731 3559 803 ὑπερϐαίνει
3605 731 3703 801 γάρ

2145 842 2319 895 ταῦτα
2361 840 2541 894 πάντα
2580 839 2707 890 νοῦν
2744 833 2841 887 καὶ
2893 832 3157 895 διάνοιαν,
3190 828 3343 897 ὅμως
3396 822 3703 895 ἀνθρωπίνῃ

2149 934 2364 1005 γλώττῃ
2412 932 2509 986 καὶ
2554 930 2714 1002 φρενὶ
2769 924 3126 996 καταλλήλως
3163 919 3594 989 ἑκδιηγήσωμαι,
3624 923 3704 969 καὶ

2154 1028 2229 1098 μὴ
2260 1026 2409 1096 παρά
2437 1023 2692 1077 τοσοῦτον
2720 1017 3039 1087 ἀπολειφθῶ
3067 1015 3170 1085 τῆς
3205 1015 3413 1067 τούτων
3446 1008 3706 1078 μεγαλειό-

2147 1134 2308 1187 τητος
2341 1117 2472 1186 παρ’
2531 1116 2654 1168 ὅσον
2715 1113 2908 1182 ἑτέρου
2957 1112 3067 1162 τῶν
3099 1109 3248 1165 κάτω
3300 1104 3597 1175 βαινόντων
3623 1105 3704 1156 καὶ

2147 1209 2504 1263 δουλευόντων
2530 1205 2786 1275 αἰσθήσει
2816 1202 3101 1271 φαίνεσθαι
3128 1198 3401 1266 δεύτερος
3433 1194 3550 1250 Οὐκ
3571 1193 3706 1247 ἄλλο·

2150 1307 2242 1357 θεν
2283 1302 2561 1370 πάντωςῆ
2601 1297 2755 1369 παρὰ
2793 1295 2887 1349 τοῦ
2924 1293 3155 1356 καὶτοῖς
3182 1292 3396 1360 νεκροῖς
3429 1287 3575 1358 ζωὴν
3620 1288 3708 1356 ἐμ.

2150 1397 2405 1459 πνέοντος
2438 1393 2577 1448 [Ινεύ
2586 1408 2774 1462 ματος,
2799 1392 2934 1461 ὅπερ
2955 1390 3004 1442 εἰ
3023 1388 3119 1441 καὶ
3145 1383 3268 1439 καθ’
3301 1381 3536 1437 Ἡσαΐαν
3557 1381 3709 1432 εἰπεῖν

2149 1491 2430 1560 ἀκάθαρτα
2481 1488 2633 1559 χείλη
2678 1485 2985 1555 περιφέρω,
3051 1481 3148 1535 καὶ
3215 1477 3384 1531 πολὺν
3443 1470 3710 1545 ἁμαρτιῶν

2150 1584 2480 1653 ἑπισύρομαι
2515 1580 2796 1653 βόρϐορον,
2832 1577 2945 1630 ἀλλ’
2973 1573 3066 1629 οῦν
3106 1572 3186 1642 τῷ
3223 1568 3517 1639 φιλαγάθῳ
3558 1565 3711 1635 mixta

2151 1676 2451 1747 θαρρήσας,
2471 1675 2551 1726 ὅτι
2579 1670 2700 1741 μηδ’
2723 1666 3125 1737 ἀποστρέφεται
3151 1664 3210 1717 τὶ
3225 1663 3379 1716 Θείον
3402 1659 3530 1720 τοὺς
3553 1656 3711 1726 πλημ-

2156 1767 2452 1837 μελοῦντας
2491 1763 2579 1818 διὰ
2614 1763 2848 1829 πέλαγος
2895 1756 3219 1829 οἰκτιρμῶν,
3268 1755 3434 1823 μόνον
3486 1752 3552 1805 ἂν
3595 1749 3713 1818 πρὸς

480 1866 831 1929 inclinentur,
852 1862 1084 1929 indeque
1117 1874 1178 1912 os
1204 1872 1474 1920 reserans,
1498 1867 1551 1909 ut
1570 1855 1861 1923 Deiparens
1889 1851 2053 1906 David

2163 1861 2290 1915 αὐτὸ
2319 1856 2609 1929 καῖπάλιν
2640 1852 3098 1924 ἐπιστρεφόμενοι
3126 1846 3395 1916 νεύωμεν,
3442 1840 3713 1896 κάντεῦθεν

477 1958 647 2022 canit,
666 1957 884 2010 odorem
912 1952 1202 2017 attraham,
1228 1952 1531 2019 iterumque
1549 1950 1792 2013 Christo,
1819 1948 2048 2016 indeque

2152 1952 2372 2016 ἀνοίξας
2421 1952 2482 2003 τὸ
2542 1948 2738 2017 στόμα,
2791 1945 2935 1999 καθά
2995 1942 3096 1995 πού
3150 1956 3316 2010 φησιν
3367 1939 3395 1991 ὁ
3450 1936 3715 2006 θεοπάτωρ

479 2061 638 2105 enata
665 2050 837 2120 gratia
873 2046 1173 2116 coniplear,
1205 2060 1312 2114 qua
1340 2045 1414 2097 uti
1436 2046 1672 2097 carbone
1705 2042 1965 2104 nutritus,
1996 2047 2051 2094 et

2163 2042 2334 2106 Δαυῒδ,
2371 2041 2587 2095 ἑλκύσω
2627 2039 2725 2109 τὴν
2760 2035 3017 2101 εὐωδίαν,
3046 2032 3105 2087 τὸ
3128 2031 3229 2102 τῆς
3274 2031 3502 2099 Γραφῆς
3539 2028 3713 2090 εἰπεῖν,

478 2143 648 2198 corde
701 2151 865 2210 atque
907 2141 1161 2194 sensibus
1201 2138 1555 2205 depurgatus,
1618 2133 1971 2188 ascensiones
1994 2131 2047 2185 in

480 2238 601 2304 ipso
640 2235 959 2304 disponam,
987 2240 1049 2285 et
1076 2243 1201 2284 cum
1232 2228 1416 2282 divino
1454 2240 1700 2295 pra-eone
1724 2223 1888 2278 Paulo
1928 2238 2052 2276 nar-

480 2330 613 2383 rabo
642 2326 964 2396 sapientiam
997 2321 1200 2376 multos
1243 2334 1418 2373 annos
1452 2318 1857 2382 absconditam,
1884 2331 2049 2386 quam

479 2419 804 2475 auctoritate
829 2430 936 2485 qua
958 2426 1060 2478 est,
1084 2413 1300 2467 occulta
1337 2410 1581 2465 revelatis
1611 2410 1759 2465 Deus
1806 2426 1904 2480 per
1935 2409 2051 2464 haec

483 2511 663 2566 media
697 2511 879 2578 dignis
920 2505 1031 2561 alio
1056 2514 1217 2574 atque
1246 2504 1355 2558 alio
1381 2513 1619 2571 tempore
1650 2512 1921 2571 retegens,
1974 2500 2052 2556 uti

482 2602 574 2672 qui
602 2599 975 2656 examinandis
1008 2597 1163 2652 libris
1199 2595 1444 2650 animum
1493 2593 1718 2655 addixit,
1752 2608 1817 2646 ex
1870 2592 2055 2647 multis

486 2695 767 2750 addiscere
800 2691 963 2754 valet,
994 2691 1255 2745 extremis
1290 2689 1440 2742 hisee
1462 2686 1656 2740 diebus
1689 2686 1847 2739 nobis
1874 2685 2057 2739 omni-

486 2790 593 2843 bus
624 2802 719 2856 per
739 2785 1047 2839 divinarum
1078 2780 1484 2848 Scripturarnm
1517 2778 1911 2847 expositionem
1943 2792 2058 2829 ma-

485 2878 782 2939 nilestavit,
818 2877 944 2931 inde
970 2874 1129 2930 nobis
1150 2886 1476 2941 comparans
1504 2879 1559 2924 et
1594 2867 1972 2938 perfectiorem
2003 2874 2057 2920 et

485 2968 897 3029 absolutioretn,
930 2981 1093 3035 quam
1133 2976 1296 3018 antea
1353 2976 1598 3031 unquam
1665 2960 1866 3022 fuerat,
1904 2974 2057 3014 com-

484 3063 824 3116 munionem.
870 3057 957 3113 Uti
987 3058 1253 3126 siquidem
1289 3066 1372 3110 est
1402 3054 1514 3107 “ex
1547 3069 1727 3121 regum
1773 3063 1827 3107 ct
1870 3050 2056 3105 Domi-

490 3168 590 3207 nus
621 3150 1017 3204 dominantium
1063 3146 1227 3210 Deus,
1278 3146 1359 3200 sic
1402 3160 1493 3213 per
1523 3159 1674 3208 eum,
1705 3144 1795 3212 qui
1824 3157 1969 3197 nunc
2006 3149 2060 3195 et.

488 3246 684 3299 tttet‘llu
721 3240 1010 3309 imperium
1044 3240 1378 3303 moderatur,
1404 3248 1459 3291 et
1489 3252 1649 3306 quem
1678 3235 1882 3289 invertit
1905 3246 2059 3301 teque

487 3347 652 3404 atque
697 3331 992 3397 .Davtdem,
1048 3345 1173 3384 vere
1205 3330 1483 3384 hominem
1532 3328 1687 3397 juxta
1744 3341 1839 3380 cor
1875 3339 2057 3387 suum,

486 3432 714 3487 discissa
749 3429 1083 3494 abanttquo
1111 3434 1356 3491 tempore
1389 3420 1644 3475 Ecclesiae
1664 3416 1864 3472 Christi
1896 3430 2063 3469 mem-

490 3524 587 3577 bra
616 3522 671 3576 in
696 3536 860 3577 unum
889 3518 1058 3589 probe
1088 3516 1449 3583 conjungens,
1480 3512 1534 3566 in
1560 3509 1778 3566 vinculo
1825 3507 2064 3563 charita-

491 3616 562 3672 tis
591 3630 776 3686 pacem
809 3614 1047 3682 primum
1081 3607 1334 3687 ﬁrmavit.

561 3901 613 3953 7.
658 3893 958 3966 Oportebat
1007 3890 1172 3961 igitur
1208 3902 1316 3942 non
1353 3886 1526 3941 multo
1562 3894 1684 3956 post
1746 3892 1800 3939 et
1839 3883 2062 3939 univer-

494 4005 617 4047 sum
645 3990 790 4042 circa
813 3999 913 4039 nos
957 3997 1070 4037 suae
1125 3979 1478 4055 providentiae
1509 3979 1822 4049 mysterium
1889 3978 2065 4030 niani-

498 4082 707 4145 l‘estari,
736 4076 1058 4145 ostendique
1090 4073 1392 4128 Romanam
1426 4072 1724 4126 Ecclesiam
1752 4073 1802 4124 in
1851 4069 2065 4139 pietatis

497 4176 782 4233 sanctitate
848 4171 979 4226 nihil
1008 4186 1039 4225 a
1095 4179 1278 4224 nostra
1339 4167 1587 4222 diﬂ‘erre.
1628 4166 1768 4232 Quid
1817 4179 1947 4233 ergo
1979 4163 2067 4217 ille

497 4279 774 4338 operatur,
824 4279 879 4320 et
924 4262 1201 4334 quomodo
1233 4275 1357 4313 vere
1397 4260 1740 4313 admirabilia
1774 4267 1829 4312 et
1854 4258 2067 4311 occulta

434 4366 443 4373 ’
495 4360 853 4427 ειιιιιυιιεὶιίιι
895 4360 948 4412 in
985 4358 1158 4411 lucem
1200 4351 1497 4425 producit?
1532 4353 1607 4405 Ex
1646 4351 1732 4413 iis,
1784 4351 1873 4417 qui
1909 4358 2066 4402 antea

496 4472 608 4511 rem
632 4451 1032 4524 oppugnabant,
1069 4448 1243 4502 virum
1269 4457 1380 4500 tum
1408 4444 1677 4506 doctrina,
1708 4453 1820 4496 tum
1851 4442 2065 4496 dicendi

2151 2136 2245 2189 καὶ
2278 2133 2431 2195 αὖθις
2467 2129 2731 2203 Χριστοῦ,
2762 2127 2982 2193 καὶτῆς
3020 2123 3232 2177 ἐκεῖθεν
3286 2120 3463 2184 οὕτως
3521 2118 3713 2188 ἐμπλη-

2156 2231 2424 2300 σθήσομαι
2455 2228 2696 2297 χάριτος,
2723 2223 2788 2277 δι’
2819 2217 2886 2293 ἦς
2919 2222 2996 2282 ὡς
3026 2219 3094 2272 δι’
3120 2216 3393 2288 ἄνθρακος
3415 2210 3713 2285 ψωμισθένο

2154 2340 2243 2385 τος
2283 2339 2398 2392 μοι,
2423 2322 2521 2388 τήν
2555 2334 2614 2370 τε
2649 2316 2878 2383 καρδίαν
2916 2311 3010 2365 καὶ
3038 2310 3109 2363 τά
3140 2309 3476 2376 αἰσθητήρια
3529 2304 3715 2373 καθαρο

2155 2414 2288 2479 θεὶς,
2347 2410 2643 2470 ἀναϐάσεις
2678 2410 2737 2463 ὲν
2779 2406 2917 2475 αὐτῇ
2966 2403 3317 2473 διαθήσομαι,
3360 2400 3458 2452 καὶ
3495 2398 3713 2468 λαλήσω,

2156 2504 2296 2559 κατά
2322 2502 2413 2556 τὸν
2444 2501 2755 2571 θεοκήρυκα
2788 2496 3022 2561 Παῦλον,
3062 2493 3255 2561 σοφίαν
3283 2490 3384 2561 τὴν
3411 2490 3560 2543 ἔτεσι
3585 2488 3715 2542 πλεί-

2156 2613 2300 2659 στοις
2331 2593 2857 2663 ἀποκεκρυμμένην,
2881 2588 2949 2658 ὴν
2974 2591 3002 2641 ὁ
3033 2588 3152 2639 κατ’
3179 2584 3431 2651 ἐξουσίαν
3466 2580 3719 2637 ἀποκαλύο

2156 2707 2306 2744 πτων
2335 2685 2506 2758 βαθέα
2521 2685 2652 2748 Θεὸς
2687 2683 2775 2738 διὰ
2805 2681 2983 2752 μέσων
3006 2678 3208 2732 τούτων
3232 2680 3344 2738 τοῖς
3366 2677 3536 2742 ἀξίοις
3566 2691 3719 2746 παρα-

2158 2780 2453 2851 γυμνῶσας
2500 2777 2643 2832 κατά
2704 2775 2949 2845 καιροὺς,
3012 2773 3086 2833 ὡς
3143 2769 3319 2823 ἔνεστι
3354 2769 3434 2839 τῷ
3470 2770 3598 2838 περὶ
3632 2767 3717 2835 τὴν

2157 2876 2403 2941 ἐξέτασιν
2425 2871 2534 2924 τῶν
2554 2870 2751 2941 βίϐλων
2777 2864 3171 2936 προστετηκότι
3198 2862 3395 2933 μαθεῖν
3414 2863 3477 2914 ἐκ
3502 2861 3715 2922 πολλῶκ,

2159 2964 2248 3019 ἐπ’
2279 2963 2524 3034 ἐσχάτων
2555 2960 2761 3014 τούτων
2786 2956 3010 3028 ἡμερῶν
3043 2957 3209 3009 πᾶσιν
3234 2957 3367 3025 ἡμῖν
3392 2956 3479 3008 διὰ
3506 2956 3601 3020 τῆς
3626 2955 3717 3007 τῶν

2161 3054 2321 3109 θείων
2358 3051 2592 3121 Γραφῶν
2622 3048 2969 3112 ἀναπτύξεως
3000 3047 3335 3117 ἐφανέρωσε,
3392 3046 3527 3112 πρὸς
3585 3048 3716 3098 ἐντε-

2161 3146 2419 3215 λεστέραν
2481 3141 2632 3195 ἔνθεν
2672 3142 2841 3209 ἡμᾶς
2879 3139 3188 3209 κοινωνίαν,
3225 3137 3321 3189 καὶ
3364 3136 3580 3215 μείζονα
3634 3134 3719 3202 τῆς

2167 3209 2387 3307 πρώτης
2446 3232 2947 3305 μετακαλούμενος.
2990 3231 3079 3287 Ὠς
3131 3232 3243 3298 γὰρ
3271 3230 3298 3281 ὁ
3333 3209 3592 3289 Βασιλεὺς
3618 3226 3718 3278 τῶν

2166 3327 2585 3400 βασιλευόντων,
2618 3325 2714 3378 καὶ
2773 3325 2977 3393 Κύριος
3007 3321 3118 3373 τῶν
3166 3323 3532 3389 κυριευόντων
3575 3315 3715 3377 Θεὸς,

2161 3424 2302 3476 οὕτω
2334 3421 2425 3474 διὰ
2460 3419 2555 3472 τοῦ
2583 3419 2680 3470 νῦν
2720 3415 3101 3487 βασιλεύοντος
3122 3414 3215 3466 ἐπὶ
3240 3413 3344 3482 γῆς
3370 3409 3715 3479 ἀξιοπρεπῶῖ,

2160 3517 2219 3570 ὃν
2259 3510 2415 3586 εὗρεν
2453 3513 2530 3574 ὡς
2568 3512 2657 3565 τὸν
2690 3508 2854 3563 Δαυῖδ
2885 3508 3102 3579 ἀληθῶς
3128 3506 3301 3574 ἄνδρα
3324 3505 3465 3557 κατὰ
3487 3505 3578 3573 τὴν
3598 3518 3718 3571 x39-

2162 3609 2279 3663 δίαν
2318 3605 2506 3671 αὐτοῦ,
2528 3606 2597 3657 τὰ
2624 3598 2958 3673 διερρωγότα
2987 3601 3045 3652 τὸ
3075 3598 3304 3655 παλαιὸν
3333 3597 3473 3669 μέλη
3496 3596 3585 3663 τῆς
3615 3593 3713 3644 Ἕκα

2164 3701 2392 3772 κλησίας
2427 3695 2664 3770 Χριστοῦ
2720 3694 2962 3762 συνάψας
3001 3691 3181 3754 καλῶς
3233 3692 3295 3744 ιν
3347 3690 3425 3759 τῷ
3461 3689 3716 3755 συνδέσμῳ

2162 3797 2261 3865 τῆς
2291 3796 2515 3862 ἀγάπης
2552 3790 2649 3861 τὴν
2681 3789 2907 3859 εἰρήνην
2936 3775 3215 3854 καταρχὰς
3243 3783 3654 3853 ἐπρυτάνευσεν.

2236 3882 2301 3950 ζ’.
2336 3884 2485 3936 Ἔδει
2505 3881 2559 3934 δὲ
2591 3882 2700 3952 ἄρα
2726 3879 2843 3950 μετ’
2874 3877 2935 3930 οὐ
2970 3876 3106 3927 πολὺ
3136 3878 3229 3926 καὶ
3260 3873 3322 3925 τὸ
3349 3875 3458 3926 πᾶν
3486 3874 3579 3942 τῆς
3603 3874 3713 3942 περὶ

2163 3975 2309 4043 ἡμᾶς
2341 3972 2506 4027 αὐτοῦ
2542 3966 2885 4040 προμηθείας
2919 3963 3274 4033 ἀποκαλύψαι
3301 3964 3615 4033 μυστήριον,
3634 3964 3713 4014 καὶ

2165 4066 2337 4131 δεῖξαι
2376 4064 2475 4133 τὴν
2532 4061 2639 4119 τῶν
2692 4059 2981 4129 Ῥωμαίων
3034 4056 3369 4126 Ἐκκλησίαν
3412 4057 3512 4124 τῆς
3543 4054 3715 4126 ἡμετέ-

2172 4173 2268 4227 ρας
2308 4157 2450 4209 κατά
2481 4154 2573 4207 τὸν
2606 4155 2701 4221 τῆς
2731 4151 3012 4212 εὐσεϐείας
3060 4148 3218 4216 λόγον
3251 4148 3422 4217 μηδὲν
3454 4148 3714 4217 διαφέρου-

2170 4267 2289 4315 σαν,
2322 4249 2373 4300 τί
2405 4248 2567 4305 ποιεῖ,
2603 4246 2700 4298 καὶ
2738 4243 2851 4305 πῶς
2884 4242 2964 4301 εἰς
3017 4241 3137 4309 φῶς
3179 4240 3362 4306 ἐξάγει
3396 4239 3465 4290 τὰ
3500 4239 3590 4307 τῆς
3611 4237 3717 4288 Θαυ-

2172 4342 2376 4410 μασίας
2402 4339 2479 4409 τῷ
2509 4339 2623 4392 ὄντι
2662 4337 2758 4390 καὶ
2811 4335 3045 4405 κρυφίου
3102 4332 3306 4401 ταύτης
3368 4332 3594 4402 βουλῆς;
3648 4328 3717 4392 Ἐξ

2170 4433 2350 4488 αὐτῶν
2411 4430 2520 4485 τῶν
2574 4430 2767 4501 πρώην
2830 4425 3243 4495 ἀνθεστηκότων
3309 4425 3483 4493 ἄνδρα
3534 4423 3618 4475 τὸν
3662 4423 3715 4472 :‘1

495 4548 627 4601 viin
676 4543 1049 4599 ecclesiastico
1079 4548 1223 4595 coetu
1285 4538 1443 4592 facile
1487 4533 1783 4605 principem
1826 4533 2058 4603 (gradus

2175 4523 2367 4593 πρῶτα
2422 4525 2655 4590 φέροντα
2714 4518 2812 4587 τῆς
2881 4513 3348 4584 ὲκκλησιαστικῆς
3419 4512 3713 4583 ὁμηγὲρεως

496 4638 641 4693 enitn
677 4648 730 4689 et
758 4634 969 4689 ordinis
999 4632 1083 4685 Vel
1112 4630 1447 4684 mentionem
1502 4628 1760 4681 inducere
1798 4640 1899 4678 nos
1928 4622 2069 4677 haud

494 4739 738 4800 paratos,
758 4740 986 4796 prorsus
1007 4734 1470 4793 supervacaneum
1497 4718 1683 4788 duco),
1715 4728 1771 4770 ut
1794 4715 2068 4784 quondam

499 4836 756 4889 magnum
792 4818 1022 4873 Paulum
1076 4817 1298 4880 excitat,
1346 4830 1452 4866 non
1493 4825 1676 4880 pacem
1725 4807 2073 4863 solummodo

500 4912 937 4972 denuntiantem,
973 4916 1028 4960 et
1063 4907 1272 4973 reliqua
1325 4904 1509 4957 eiunia
1578 4901 1741 4965 bona,
1779 4913 1901 4968 quae
1955 4907 2074 4966 post

504 5004 652 5072 pacis
699 5001 967 5071 praeconia
1025 5014 1091 5053 ex
1121 4998 1294 5052 sacris
1326 4994 1644 5063 ,Scriptnris
1680 4991 1912 5060 collegit,
1944 4990 2070 5043 dum

505 5111 613 5151 non
653 5096 729 5150 uti
761 5095 851 5148 alii
885 5090 1040 5146 multi
1071 5091 1125 5144 in
1154 5088 1298 5144 laeto
1330 5086 1567 5141 substitit
1589 5124 1604 5149 ,
1646 5098 1825 5151 neque
1863 5089 2071 5135 tantum

504 5189 560 5242 in
590 5202 654 5242 ea
682 5178 1213 5254 bene'promovenda
1232 5178 1527 5248 acquievit,
1555 5177 1647 5229 sed
1676 5174 1891 5228 curiosa
1920 5187 2074 5225 men-

508 5282 576 5335 tis
616 5278 1200 5348 indaginegsanctorum
1226 5271 1444 5325 Patrum
1466 5267 1665 5335 scripta
1691 5279 1988 5333 exponens,
2008 5262 2075 5315 ad

510 5373 767 5427 ulteriora
814 5368 959 5423 illius
995 5364 1281 5435 processit,
1316 5369 1370 5414 et
1401 5360 1559 5412 linem
1583 5371 1772 5411 eorum
1806 5371 1926 5423 quae
1952 5368 2078 5407 exa-

509 5464 859 5521 minabantur
912 5456 1349 5528 apprehendens,
1440 5447 1900 5518 complementum
1957 5442 2077 5513 paci

513 5556 815 5612 secundum
876 5550 1152 5603 Christum
1207 5556 1334 5598 vere
1412 5540 1736 5606 sincereque
1800 5536 2074 5604 apposuit.

511 5650 669 5705 Hunc
700 5651 941 5700 adversa:
970 5640 1141 5709 partis
1177 5645 1361 5695 antea,
1404 5632 1520 5685 zelo
1549 5628 1616 5683 ad
1668 5632 1895 5682 honesta
1927 5641 2079 5696 quae-

511 5758 617 5811 que
647 5752 869 5810 prorsus
901 5736 1061 5797 bono,
1097 5742 1208 5783 tum
1237 5730 1400 5781 etiam
1426 5731 1892 5794 propugnatorem
1927 5720 2078 5788 agni-

514 5808 660 5891 tum,
683 5830 769 5897 qui
804 5823 1059 5895 praevidet
1093 5817 1278 5874 omnia
1308 5824 1433 5870 ante
1488 5829 1651 5883 quam
1685 5812 1813 5865 liant
1866 5808 2077 5880 praede-

2173 4616 2263 4669 ἐπί
2302 4632 2359 4668 τε
2395 4612 2558 4684 σοφίᾳ
2594 4611 2689 4663 καὶ
2724 4610 2903 4677 λόγοις
2942 4609 3150 4671 αὐτοῖς,
3186 4607 3277 4659 τὸν
3323 4605 3429 4675 γὰρ
3481 4605 3571 4657 τοῦ
3611 4602 3713 4673 $18-

2176 4708 2278 4779 μοῦ
2301 4708 2396 4760 καὶ
2428 4711 2527 4774 τῆς
2556 4704 2766 4768 τάξεως
2787 4703 2880 4753 καὶ
2911 4699 3217 4769 μνησθῆναι
3250 4698 3448 4767 κομιδῆ
3473 4697 3712 4767 περιττὸν,

2175 4800 2432 4870 ἐξαίφνης
2462 4799 2535 4861 ὥς
2573 4813 2701 4849 ποτε
2736 4796 2826 4848 τὸν
2859 4795 3029 4864 μέγαν
3062 4792 3272 4844 Παῦλον
3305 4792 3603 4855 ἀνίστησιν,
3636 4787 3716 4838 οὐκ

2177 4894 2403 4961 εἰρήνην
2445 4886 2931 4957 εὐαγγελιζόμενον
2981 4886 3164 4955 μόνον,
3195 4883 3331 4936 ἀλλὰ
3362 4882 3456 4935 καί⁵
3488 4880 3609 4933 ἄλλο
3631 4878 3716 4929 πᾶν

2175 4985 2402 5053 ἀγαθὸν,
2436 4984 2574 5052 ὅπερ
2609 4984 2673 5034 ὲκ
2713 4980 2820 5031 τῶν
2854 4978 3014 5031 θείων
3054 4975 3289 5046 Γραφῶν
3337 4976 3478 5044 μετὰ
3520 4974 3577 5025 τὸ
3607 4970 3714 5023 ταῦ·

2175 5095 2273 5144 την
2303 5072 2592 5127 ἐπαινέσαι
2618 5068 2920 5133 συνέλεξεν,
2962 5068 3084 5119 ἐπεὶ
3119 5065 3246 5135 μηδ’
3275 5063 3624 5131 ὲναπέμεινεν
3656 5057 3715 5117 ὡς

2176 5169 2225 5221 οἱ
2260 5166 2443 5218 πολλοὶ
2481 5163 2559 5234 τῷ
2583 5162 2851 5229 γεγονότι,
2898 5158 3031 5229 μηδὲ
3072 5158 3265 5227 στῆναι
3307 5157 3473 5225 μέχρι
3528 5157 3616 5220 τῆς
3653 5151 3713 5200 οἱ·

2178 5262 2433 5328 κονομίας
2459 5257 2557 5322 τῆς
2579 5257 2672 5308 καὶ
2704 5254 2874 5324 αὐτῆς
2904 5252 3084 5314 καλῶς
3117 5250 3407 5320 προϐάςης
3435 5247 3705 5316 ἠγάπησεν,

2178 5352 2311 5404 ἁλλά
2343 5352 2405 5420 τῇ
2436 5347 2527 5400 τοῦ
2563 5346 2681 5407 νοὸς
2715 5341 3217 5412 πολυπραγμοσύνῃ
3276 5340 3377 5401 τὰς
3421 5339 3527 5391 τῶν
3572 5334 3711 5400 ἁγίων

2180 5443 2437 5510 Πατέρων
2477 5438 2748 5508 ἐξηγήσεις
2796 5436 3037 5505 γραφὰς,
3094 5433 3187 5485 ἐπὶ
3231 5432 3293 5484 τδ
3329 5431 3490 5485 πλέον
3544 5425 3711 5490 ταύτης

2180 5532 2352 5599 διέϐη,
2387 5530 2481 5582 καὶ
2510 5531 2569 5581 τὸ
2593 5528 2701 5579 τῶν
2728 5525 3078 5596 ζητουμένων
3111 5522 3268 5583 τέλος
3317 5515 3622 5573 καταλαϐὼν
3664 5510 3711 5561 τὺ

2182 5624 2460 5693 πλήρωμα
2509 5623 2608 5690 τῆς
2672 5622 2810 5671 κατὰ
2875 5617 3112 5687 Χριστὸν
3148 5615 3398 5685 εἰρήνης,
3432 5613 3503 5671 ὡς
3531 5602 3711 5673 ἀληθῶς

2182 5719 2532 5789 διεπράξατο.
2583 5714 2788 5766 Τοῦτον
2838 5712 2931 5765 καὶ
2977 5709 3363 5782 τῆίέναντίας
3423 5705 3599 5773 μοίρας
3624 5694 3708 5764 πρδ

2183 5810 2337 5865 τθῦδε
2400 5808 2477 5878 τῷ
2540 5809 2668 5874 περὶ
2722 5806 2787 5859 τὰ
2848 5804 2985 5857 καλά
3031 5800 3247 5860 πάντως
3300 5798 3445 5866 ζήλῳ
3485 5793 3567 5845 καὶ
3609 5791 3702 5839 τῦτε

3879 246 3881 371 l
