3932 6634
248 580 367 645 ίΟίί

1080 586 1176 651 na
1218 593 1738 659 paocnssmna
1777 592 1837 660 ε
1883 592 2244 659 srmrrus
2274 596 2495 666 ORAT.
2534 597 2585 666 Ι.
2670 554 2673 559 ”

3337 602 3471 668 1042

242 688 635 764 γνωριζόμενον
677 700 981 769 πρόμαχον,
1039 703 1067 754 ὀ
1122 706 1384 774 προειδὼς
1446 709 1619 762 πάντα
1677 709 1806 779 πρὶν

1916 711 2241 777 terminavit,
2295 714 2346 767 in
2399 714 2688 785 praesentia
2736 715 2815 771 uti
2875 715 3163 787 prmsulem
3226 715 3472 779 addecet,

241 784 501 849 γενέσεως
549 788 728 843 αὐτῶν
778 793 1083 865 προώρισεν
1148 798 1549 867 ἀρχιερατικῶς
1607 802 1665 851 ἐν
1725 794 1803 870 τῷ

242 873 467 946 παρόντι
503 882 804 953 προστῆναι
831 889 930 957 τῆς
975 886 1307 960 Ἐκκλησίας
1345 886 1532 958 αὐτοῦ,
1560 895 1653 947 καὶ
1681 889 1804 947 δοῦ-

241 984 327 1020 ναι
370 971 555 1023 πίστιν
600 978 733 1045 περὶ
779 979 889 1031 τῶν
937 984 1316 1052 προκειμένων
1365 986 1491 1054 ὑμῖν
1529 986 1587 1052 ἐξ
1641 986 1805 1056 ὕψους

241 1058 694 1130 ἀποκαλυφθέντα
742 1069 844 1137 τήν
877 1087 934 1123 τε
987 1072 1227 1125 διάνοιαν
1263 1074 1356 1126 καὶ
1410 1075 1467 1125 τ),
1505 1073 1664 1143 βάθος
1701 1074 1807 1129 τῶν

242 1148 404 1202 θείων
435 1152 686 1222 Γραφῶν,
722 1158 968 1230 ἀρχηγοῦ
996 1163 1275 1217 κάνταῦθα
1305 1164 1397 1217 τοῦ
1431 1166 1805 1236 κραταρχοῦν-

238 1255 328 1302 τος
363 1242 520 1312 ἡμῶν
547 1249 1008 1323 χρηματίσαντος,
1033 1254 1093 1316 ὃς
1125 1255 1340 1325 πρῶτος
1370 1259 1461 1308 καὶ
1489 1258 1647 1324 μόνος
1678 1256 1809 1310 ἔϐα-

239 1347 341 1383 πτε
396 1332 496 1402 μὲν
528 1337 766 1406 ἀρχῆθεν
802 1339 903 1408 τῆς
957 1342 1218 1412 ἀληθείας
1250 1345 1441 1408 αὐτὸς,
1474 1345 1549 1408 ὡς
1596 1348 1660 1399 ἐκ
1700 1347 1809 1399 τῶν

236 1420 471 1491 ὕστερον
531 1427 738 1482 τούτων
797 1430 1140 1504 ἐγνώκαμεν,
1202 1435 1434 1497 οἴκοθεν,
1503 1437 1704 1506 μᾶλλον
1751 1438 1809 1491 δὲ

235 1512 426 1568 θεόθεν
482 1525 852 1590 μαρμαρυγὰς
911 1542 1061 1589 τινας
1097 1529 1379 1597 φωτισμοῦ
1429 1530 1556 1602 περὶ
1604 1529 1811 1601 ταύτης

235 1603 548 1675 δεχόμενος,
599 1611 699 1665 οὐκ
736 1607 851 1684 εἶχε
896 1615 952 1669 δὲ
993 1619 1088 1670 καὶ
1122 1620 1234 1682 τοῖς
1274 1619 1454 1683 ἀλλοις
1496 1621 1677 1684 αὐτοῖς
1722 1623 1811 1674 ἐκ-

235 1695 452 1766 λάμψαι
505 1703 740 1769 τρανῶς,
775 1705 871 1758 ἀτε
930 1707 1054 1777 μηδ’
1103 1708 1353 1780 εὐπορῶν
1381 1710 1518 1773 ὅλως
1549 1711 1642 1764 τοῦ
1683 1729 1812 1781 συγ-

239 1788 564 1857 κροτοῦντος
602 1794 694 1847 ἐπὶ
745 1795 939 1867 τούτῳ,
979 1801 1073 1853 καὶ
1119 1802 1519 1873 συναρήγοντος
1547 1819 1561 1835 ·
1617 1804 1810 1872 ἀμέλει

231 1896 317 1932 τοι
358 1884 455 1964 καὶ
487 1890 767 1956 γραφικάς
800 1890 1035 1958 ἀπορίας
1067 1894 1126 1944 ἐν
1163 1892 1237 1961 τῇ
1281 1895 1431 1964 μέσῳ
1481 1895 1809 1966 προτείνων,

233 1973 331 2024 καὶ
381 1974 481 2037 τὰς
520 1977 699 2031 αὐτῶν
752 1979 934 2045 λύσεις
997 1984 1262 2037 πάντοθεν
1322 1987 1804 2057 εἰσπραττόμενος,

231 2066 314 2118 ὅτι
378 2070 455 2137 μὴ
514 2070 605 2122 τὸν
660 2072 916 2143 ἰσχύοντα
980 2059 1338 2147 συμϐἱϐάζειν
1392 2078 1482 2132 τὸν
1538 2078 1662 2133 νοῦν
1713 2076 1805 2133 τοῦ

231 2156 569 2226 γράμματος
595 2159 841 2233 εὕρισκε,
876 2163 972 2218 τοῦ
1002 2168 1099 2237 μὲν
1139 2170 1280 2223 κατά
1313 2169 1513 2223 σκοπὸν
1547 2171 1679 2241 πρὸς
1722 2190 1810 2241 μι-

232 2249 368 2319 κρὸν
396 2252 745 2321 ἀνεκόπτετο,
785 2257 883 2326 τῆς
920 2257 976 2311 δὲ
1017 2260 1123 2312 τῶν
1176 2262 1412 2332 Γραφῶν
1454 2263 1681 2334 ἐρεύνης
1713 2264 1811 2318 οὐκ

232 2340 506 2409 ἀφίστατο
540 2344 742 2409 τέλεον,
771 2347 865 2400 τοῦ
898 2349 1033 2401 Θεοῦ
1073 2352 1288 2414 πάντως
1336 2353 1498 2405 αὐτὸν
1527 2355 1606 2417 είς
1656 2353 1813 2408 τοῦτο

232 2432 730 2504 παραϐιϐἀζοντος,
761 2440 845 2491 ῖνα
873 2444 934 2493 τὸ
963 2441 1167 2510 φέγγος
1190 2443 1287 2511 τῆς
1323 2443 1582 2513 ἀληθείας
1615 2447 1680 2498 ἐκ
1704 2445 1799 2500 τοῦ

232 2528 479 2597 συνεχῶς
508 2530 733 2595 ταύταις
766 2533 1177 2604 ἐνασχολεῖσθαι
1233 2536 1327 2588 καὶ
1360 2541 1471 2600 τοῖς
1524 2539 1631 2593 τῶν
1661 2520 1812 2594 ἀντι-

227 2617 508 2687 λεγόντων
533 2623 921 2695 ἐναστράψειεν
959 2625 1228 2697 ὄμμασιν,
1257 2626 1395 2698 ὅπερ
1425 2628 1561 2696 δῆτα
1588 2632 1684 2685 καὶ
1713 2634 1812 2685 οὐκ

228 2710 318 2773 είς
342 2712 563 2782 μακρὰν
594 2716 837 2785 γέγονεν.
919 2716 975 2770 Ὁ
1007 2716 1116 2788 γάρ
1150 2734 1231 2771 τοι
1262 2719 1354 2772 τὸν
1392 2720 1582 2790 πρώην
1610 2725 1815 2778 ἐκεῖνον

228 2797 404 2870 ζῆλον
431 2804 597 2867 πολὺς
629 2807 765 2873 μετὰ
800 2806 973 2879 βραχὺ
1010 2808 1197 2863 θεόθεν
1223 2810 1319 2863 καὶ
1360 2813 1520 2876 αὐτὸς
1569 2817 1817 2883 ἐμπνευ.

229 2893 390 2957 σθεὶς
438 2895 536 2967 τὴν
564 2896 714 2951 θείαν
770 2899 1049 2969 ἐπιμελῶς
1119 2903 1532 2975 προτεθύμηται
1591 2907 1814 2980 Γραφὴν

231 2985 497 3054 διελθεῖν,
549 2991 615 3061 ἢν
655 2990 872 3045 καὶτὸν
919 2993 1122 3063 τρόπον
1149 2995 1336 3050 τοῦτον
1381 2998 1815 3071 ἐπισκεψάμενος

230 3077 511 3149 ἐπέστησε
537 3081 627 3135 τὸν
666 3083 790 3136 νοῦν
821 3084 1110 3157 πολλαχοῦ,
1138 3087 1234 3141 καὶ
1266 3091 1375 3160 τοῖς
1419 3090 1695 3162 λογισμοῖς
1718 3095 1818 3162 ἐμ-

230 3172 502 3238 ϐαθύνας,
545 3178 643 3246 τῆς
684 3196 745 3232 τε
786 3181 878 3234 τοῦ
922 3182 1190 3251 δόγματος
1237 3185 1526 3256 ἀκριϐείας
1573 3186 1811 3255 ἐφίκετο,

230 3267 338 3320 καὶ
366 3270 477 3332 τοῖς
518 3271 684 3324 πᾶσιν
708 3273 789 3336 είς
821 3274 1130 3345 τούμφανὲς
1165 3279 1263 3349 τὴν
1297 3279 1404 3332 τῶν
1435 3279 1644 3345 ἀδήλων
1672 3280 1816 3349 γνῶ-

1909 798 2163 856 Ecclesiaa
2194 820 2307 859 suae
2330 807 2614 869 antistare,
2654 816 2707 861 et
2745 807 2811 862 de
2842 808 3138 878 propositis
3175 808 3356 871 nobis,
3406 824 3472 861 ex

1908 893 2017 948 alto
2039 904 2092 951 et
2122 898 2420 952 sententias
2451 906 2504 954 ct
2535 900 2838 955 divinarum
2876 902 3283 972 Scripturarum
3331 917 3463 971 pro-

1911 983 2072 1039 funda
2102 988 2352 1042 edoctum
2393 989 2549 1044 [idem
2586 990 2787 1059 facere,
2833 993 2885 1046 in
2919 992 3009 1047 bis
3040 1007 3254 1061 quoque
3286 1002 3476 1046 nnSIro

1910 1077 2236 1148 imperatore
2258 1081 2554 1151 principem
2585 1083 2766 1138 locum
2790 1093 3114 1153 occupante,
3142 1085 3232 1153 qui
3267 1085 3477 1153 primus

1910 1172 2165 1240 solusque
2213 1188 2241 1225 a
2299 1175 2569 1243 principio
2622 1192 2732 1231 non
2768 1188 2919 1232 extra
2988 1178 3232 1232 veritatis
3279 1177 3478 1230 limites

1910 1263 2210 1328 incedebat,
2245 1265 2321 1319 uti
2349 1281 2413 1319 ex
2448 1267 2512 1319 iis
2537 1283 2659 1336 quae
2683 1280 2867 1322 secuta
2893 1279 3042 1330 sunt,
3072 1269 3385 1331 didicimus,
3415 1268 3481 1320 de

1912 1355 2167 1424 propriis,
2193 1356 2304 1411 imo
2335 1371 2400 1411 ex
2461 1359 2695 1415 Numine
2736 1361 2920 1415 radios
2978 1363 3246 1430 quosdam
3279 1359 3482 1413 illumi-

1912 1447 2151 1502 nationis
2177 1463 2275 1517 pro
2297 1448 2402 1503 hac
2431 1449 2548 1518 ipsa
2583 1451 2882 1521 accipicns,
2920 1453 3046 1508 licet
3073 1453 3197 1508 aliis
3228 1452 3485 1521 praeclare

1913 1539 2092 1592 lmnen
2117 1539 2312 1595 addere
2357 1555 2463 1594 non
2492 1550 2697 1610 posset,
2750 1551 3009 1612 tanquam
3041 1544 3134 1613 qui
3164 1542 3222 1597 in
3256 1544 3359 1596 hoc
3391 1556 3486 1594 ne-

1913 1631 2202 1701 gotio,qui
2259 1632 2362 1687 sibi
2386 1648 2544 1702 opem
2591 1634 2907 1704 auxiliaque
2964 1636 3215 1695 deferret,
3274 1633 3479 1688 nullum

1915 1724 2147 1778 habebat
2177 1743 2194 1779 :
2227 1725 2417 1780 sedulo
2453 1735 2632 1780 tamen
2667 1741 2733 1780 ex
2770 1726 2992 1795 scriptis
3031 1726 3224 1795 petitas
3247 1724 3478 1779 ditlicnl-

1912 1823 2051 1870 tates
2067 1829 2372 1884 pr0ponens
2388 1817 2443 1870 in
2468 1814 3295 1885 medio,jearumquejsolutiones
3314 1816 3482 1868 unde-

1915 1921 2131 1976 quaque
2179 1906 2528 1977 conquirens,
2578 1923 2702 1962 cum
2735 1908 2829 1977 qui
2881 1907 3206 1961 sententiam
3276 1906 3481 1975 scripto

1915 1997 2193 2067 adaptaret
2227 2012 2336 2052 non
2383 1999 2737 2067 reperiretur,
2778 2014 2809 2053 a
2842 1998 3120 2068 proposito
3170 1998 3272 2052 sibi
3323 2014 3485 2068 scopo

1916 2087 2203 2142 minimum
2239 2087 2579 2153 deﬂectebat,
2614 2089 2706 2142 sed
2737 2102 2768 2142 a
2823 2085 3235 2157 Scripturarum
3266 2086 3493 2139 iuvesti—r

1913 2180 2131 2247 gatione
2178 2193 2289 2231 non
2344 2179 2651 2242 recedebat,
2703 2177 2814 2232 Deo
2851 2192 3079 2248 prorsus
3128 2177 3309 2246 ipsum
3351 2178 3487 2230 inid

1914 2282 2293 2343 promovente,
2330 2281 2389 2327 ut
2410 2273 2657 2328 veritatis
2690 2273 2877 2328 lumen
2903 2287 2966 2327 ex
3008 2271 3272 2327 continua
3299 2286 3487 2328 earum

1916 2365 2277 2435 inquisitione
2332 2366 2832 2421 contradicentium
2882 2365 3076 2422 oculos
3134 2364 3487 2423 illuminaret.

1914 2458 2058 2527 quod
2088 2458 2300 2512 tandem
2337 2472 2441 2512 nec
2495 2458 2666 2514 multo
2695 2467 2819 2528 post
2871 2458 3076 2512 exitum
3122 2456 3330 2512 habuit.
3385 2454 3487 2520 Qui

1915 2563 2149 2618 namque
2195 2548 2369 2619 primo
2421 2548 2518 2604 illo
2540 2549 2661 2604 zelo
2710 2548 3101 2612 invalescebat,
3162 2547 3325 2616 paulo
3361 2556 3484 2615 post

1915 2639 2031 2711 ipse
2090 2655 2308 2711 quoque
2361 2638 2597 2696 Numine
2625 2639 2864 2707 amatus,
2915 2641 3154 2696 divinam
3202 2639 3490 2708 diligenmr

1918 2730 2254 2802 Scripturam
2283 2745 2602 2803 percurrere
2633 2732 2738 2788 sibi
2780 2732 2835 2786 in
2866 2732 3052 2786 animo
3098 2731 3299 2801 posuit,
3326 2743 3489 2799 quam

1916 2836 1971 2877 et
2004 2822 2106 2877 hac
2130 2823 2344 2877 ratione
2389 2823 2683 2889 meditans,
2739 2822 2928 2877 multis
2986 2821 3040 2875 in
3075 2822 3209 2878 locis
3241 2821 3487 2876 animum

1919 2914 2055 2979 tixit,
2089 2925 2143 2969 et
2162 2914 2696 2970 considerationibus
2718 2912 2988 2984 profunda
3023 2914 3339 2983 expiscans,
3393 2928 3491 2969 ac-

1918 3012 2162 3060 curatam
2198 3003 2466 3074 dogmatis
2525 3003 2776 3059 notitiam
2833 3003 3047 3069 habuit,
3073 3014 3128 3059 et
3150 3004 3407 3059 omnibus
3435 3002 3491 3058 in

1917 3103 2161 3165 apertum
2228 3095 2370 3150 haud
2400 3095 2475 3150 ita
2517 3110 2701 3150 rerum
2748 3095 3050 3165 patentium
3118 3094 3488 3164 cognitionem

1919 3183 2361 3261 communicavit,
2394 3168 2571 3239 zelum
2633 3186 2686 3238 in
2714 3187 2992 3239 contraria
3057 3196 3407 3250 convertens,
3432 3191 3491 3237 et

1918 3291 1986 3331 eo
2027 3275 2370 3331 fervidiorem
2422 3277 2508 3330 hic
2565 3291 2729 3346 quam
2796 3277 2869 3331 ibi
2920 3284 3268 3342 consecutus,
3301 3289 3412 3344 quo
3436 3284 3492 3330 et

234 3377 330 3414 σιν
361 3363 717 3436 κατέστησεν,
746 3367 839 3422 τὸν
869 3369 1033 3439 ζῆλον
1067 3372 1297 3435 δεόντως
1340 3373 1474 3442 πρὸς
1506 3375 1815 3428 τούναντίον

1920 3369 2079 3438 longe
2128 3369 2364 3422 maxima
2415 3383 2479 3422 ex
2511 3368 2735 3437 scriptis
2767 3369 3098 3424 testimoniis
3160 3366 3490 3422 eertitudine

228 3454 588 3522 μεταϐαλὼν,
624 3459 717 3511 καὶ
755 3460 1087 3532 θερμότερον
1138 3464 1375 3518 ἐνταῦθα
1425 3464 1612 3518 τοῦτον
1663 3465 1813 3536 ἢπερ

228 3549 423 3600 ἐκεῖσε
454 3552 817 3621 κτησάμενος,
848 3554 973 3607 ὅσον
1013 3558 1109 3611 καὶ
1151 3558 1412 3627 μεγίστην
1445 3559 1511 3610 ἐκ
1541 3558 1651 3611 τῶν
1675 3574 1814 3629 γρα-

229 3638 421 3707 φικῶν
472 3644 787 3714 μαρτυριῶν
815 3646 916 3715 τὴν
946 3648 1319 3720 πληροφορίαν
1347 3649 1669 3719 ἐπλούτησε.
1706 3652 1816 3706 Καὶ

229 3729 336 3782 νῦν
364 3729 476 3782 τῶν
531 3731 765 3801 λογικῶν
797 3737 1035 3806 Χριστοῦ
1076 3741 1366 3810 προϐάτων
1402 3742 1605 3812 ποιμὴν
1649 3760 1814 3813 γεγο-

228 3820 370 3888 νὼς,
423 3823 742 3892 διδάσκαλος
795 3829 893 3900 τῆς
938 3831 1196 3901 ἀληθείας
1225 3836 1357 3904 ἡμῖν
1413 3835 1812 3892 ἀναδείκνυται.

227 3915 321 3969 Δι’
356 3910 420 3970 οὗ
456 3919 542 3972 καὶ
575 3920 714 3991 πρὸς
745 3920 975 3992 ζήτησιν
1021 3924 1127 3979 τῶν
1188 3928 1347 3997 ἱερῶν
1377 3928 1574 3997 λογίων
1609 3930 1816 3994 πάντας

226 4005 367 4069 τοὺς
390 4006 668 4080 ὀλιγώρως
689 4012 869 4067 αὐτῶν
889 4015 948 4066 τὸ
975 4016 1241 4087 πρότερον
1267 4017 1491 4087 ἔχοντας
1518 4019 1812 4091 διεγείρας,

227 4102 263 4153 ό
297 4101 470 4154 ποιῶν
505 4106 683 4159 πάντα
712 4106 805 4159 καὶ
837 4108 1260 4176 μετασκευάζων
1284 4110 1413 4173 Θεὸς
1449 4112 1590 4183 πλὴν
1619 4112 1816 4181 ὀλίγων

228 4194 427 4259 τινῶν,
461 4196 647 4269 ἐπειδὴ
678 4201 772 4255 καὶ
828 4202 925 4267 τῆς
977 4201 1175 4265 κακίας
1225 4207 1406 4273 μεῖναι
1444 4206 1815 4277 κατάλειμμα,

231 4284 337 4337 καὶ
370 4285 428 4338 ἐν
468 4286 546 4356 τῷ
586 4290 813 4358 παρόντι
845 4291 907 4344 τὸ
959 4294 1067 4348 πᾶν
1094 4294 1194 4365 τῆς
1231 4296 1411 4365 ἰσχύος
1463 4297 1602 4369 αὐτῇ
1634 4300 1816 4353 πᾶσαν

230 4377 600 4435 θεόπνευστον
638 4383 879 4455 Γραφὴν,
932 4385 1031 4456 τὴν
1066 4388 1122 4448 ἐς
1162 4387 1324 4455 δεῦρο
1382 4389 1516 4459 μηδὲ
1555 4407 1820 4458 γινωσκοη

235 4473 416 4543 μένην
448 4473 679 4542 πολλοῖς,
720 4478 771 4530 ει
803 4480 877 4549 μὴ
904 4480 971 4533 τὰ
1009 4480 1181 4534 πλείω
1217 4480 1422 4554 ταύτης
1453 4482 1651 4538 ειδέναι
1682 4484 1816 4558 φαίη

228 4582 323 4628 τις
366 4565 425 4633 ἐξ
471 4567 754 4637 ὀνόματος,
787 4572 868 4634 είς
896 4571 956 4625 τὸ
992 4571 1155 4642 μέσον
1192 4572 1504 4644 παρήγαγε,
1546 4577 1640 4630 καὶ
1676 4579 1820 4648 παῤ-

234 4658 439 4729 ρησίας
476 4659 679 4730 ταύτην
716 4663 1011 4717 ἀπολαύειν
1058 4664 1314 4739 ἠξίωσεν.
1358 4665 1447 4733 Ἐξ
1504 4660 1573 4739 ἧς
1616 4669 1650 4739 ἠ
1704 4669 1817 4723 τῶν

248 4752 543 4823 Ῥωμαίων
598 4751 912 4826 Ἐκκλησία,
936 4755 1099 4826 βαϐαὶ
1125 4736 1231 4811 τῶν
1280 4757 1502 4826 ἀφάτων
1529 4736 1648 4811 τοῦ-
1681 4757 1817 4813 Θεοῦ

233 4844 464 4914 δωρεῶι
490 4845 504 4898 l
539 4844 839 4917 διεγνώσθη
868 4847 1191 4918 πρεσϐεύειν
1214 4848 1412 4919 ὀρθῶς,
1437 4850 1529 4903 καὶ
1556 4849 1697 4904 κατὰ
1723 4849 1818 4905 τὸν

229 4934 366 4989 νοῦν
392 4934 503 4989 τῶν
555 4935 727 5005 ἁγίων
785 4938 1043 5008 Πατέρων
1090 4941 1326 5009 φρονεῖν.
1364 4940 1558 4995 Ἔνθεν
1584 4958 1666 4995 τοι
1722 4943 1821 4997 καὶ⁸

232 5029 396 5082 πᾶσα
429 5028 726 5083 σκανδάλου
756 5030 1034 5101 πρόφασις
1078 5032 1212 5101 ἡμῖν
1246 5031 1601 5104 περιῄρηται,
1640 5034 1813 5089 καθά-

233 5137 348 5191 περ
380 5120 526 5185 ἱστὸς
557 5122 798 5194 ἀράχνης
822 5123 1156 5190 διαλυθεῖσα,
1180 5125 1277 5179 καὶ
1301 5126 1380 5189 είς
1409 5126 1470 5179 τὸ
1495 5127 1663 5197 μηδὲν
1686 5144 1819 5181 κατ-

233 5215 550 5284 αντήσασα.
612 5216 694 5270 re
716 5216 774 5268 δὲ
801 5202 900 5286 τῆς
930 5218 1150 5289 είρὴνης
1185 5219 1473 5290 περιπολεῖ
1496 5218 1812 5290 προφανῶς,

240 5305 519 5376 μηδεμίαν
573 5307 830 5380 ἀφορμὴν
875 5309 1085 5363 διδόντα
1138 5310 1471 5376 διαστάσεως
1522 5310 1815 5383 πρόξενονυ

233 5394 476 5465 ἀπείπερ
519 5394 610 5460 οὓς
652 5399 1163 5470 ἐναντιογνωμονεῖν
1206 5400 1337 5471 ὑμῖν
1369 5401 1511 5455 κατὰ
1544 5401 1607 5455 τὸ
1655 5401 1819 5464 σέϐας

237 5486 377 5558 πρὶν
416 5487 814 5555 ὑποπτεύοντες
848 5489 924 5555 ὡς
963 5490 1193 5564 ἐχθροὺς
1228 5494 1524 5559 ἀσπόνδους
1568 5490 1823 5548 ἀπεσειό-

240 5579 408 5646 μεθα,
437 5579 664 5646 τούτους
701 5583 902 5654 ἀρτίως
932 5584 1223 5654 ὁμοδόξους
1249 5581 1387 5640 εἶναι
1418 5585 1819 5658 κατανενοηκό-

239 5689 355 5739 τες,
407 5675 498 5728 val.
529 5675 640 5746 γάρ
679 5676 967 5746 ὁμοδόξους
1005 5679 1138 5749 ἡμῖν
1183 5680 1311 5744 τοὺς
1354 5680 1455 5751 τῆς
1496 5681 1820 5755 Ἐκκλησίας

236 5762 352 5818 τῶν
386 5763 673 5836 Ῥωμαίων
703 5767 874 5833 καλῶ,
906 5769 1001 5822 καὶ
1028 5768 1209 5824 καλῶν
1231 5769 1485 5826 οὐδέποτε
1517 5772 1817 5847 παύσομαι,

241 5858 292 5909 εί
323 5856 420 5910 καί
450 5874 595 5924 τινες
627 5859 659 5932 ἢ
703 5861 869 5931 κακίᾳ
913 5862 1277 5933 στοιχοῦντες,
1303 5862 1336 5933 ἢ
1365 5865 1459 5918 καὶ
1501 5866 1696 5939 ἀγνοίᾳ
1721 5884 1819 5922 κα-

245 5950 617 6019 θνπαγόμενοι
643 5952 1065 6026 διαρῤήγυνται,
1095 5956 1402 6029 στέργομεν
1429 5958 1505 6023 ὡς
1533 5958 1816 6029 ἀδελφοὺς,

247 6041 341 6093 καὶ
377 6040 624 6113 καθάπερ
675 6045 848 6099 οίκεία
889 6046 1024 6118 μέλη
1062 6044 1254 6116 πρῶτά
1293 6061 1349 6101 τε
1376 6047 1471 6103 καὶ
1515 6044 1819 6119 τιμιώτερα

1916 3461 2203 3515 ditaretur.
2228 3459 2451 3514 Etnunc
2477 3461 2686 3514 ratione
2709 3460 3063 3529 praeditarum
3084 3458 3287 3513 Christi
3306 3458 3491 3513 ovium

1915 3561 2102 3622 pastor
2130 3549 2378 3615 effectus,
2417 3551 2659 3606 veritatis
2693 3552 2949 3622 magister
2976 3550 3136 3605 nobis
3172 3550 3491 3615 iunotescit,

1918 3659 2013 3715 per
2039 3658 2200 3713 quem
2231 3651 2284 3697 et
2314 3644 2381 3697 ad
2417 3657 2701 3698 sacrorum
2727 3641 3085 3713 Eloquiorum
3116 3641 3492 3713 investigatio-

1915 3750 2039 3790 nem
2068 3750 2258 3790 onmes
2283 3773 2298 3800 ,
2327 3735 2416 3805 qui
2464 3734 2570 3790 illis
2625 3734 3000 3790 examinandis
3065 3749 3126 3789 se
3157 3733 3492 3804 negligenter

1919 3827 2227 3890 tradebant,
2259 3827 2529 3894 excitans,
2564 3827 2657 3898 qui
2688 3826 2816 3882 facit
2842 3826 3026 3881 omnia
3055 3834 3110 3881 et
3158 3834 3492 3883 transmutat

1918 3919 2082 3983 Deus.
2128 3920 2316 3989 paucis
2344 3921 2668 3990 quihusdam
2712 3920 2977 3989 exceptis,
3010 3920 3231 3990 quando
3283 3927 3339 3974 et
3384 3919 3493 3975 im-

1916 4014 2204 4084 probitatis
2236 4014 2492 4084 reliquias
2517 4029 2835 4083 permanere
2858 4022 3126 4083 oporteat,
3157 4022 3211 4067 et
3236 4013 3487 4081 praesenti

1919 4108 2023 4161 hoc
2054 4116 2296 4177 tempore
2334 4108 2442 4162 vim
2477 4108 2625 4162 illius
2654 4122 2874 4161 omnem
2900 4105 3246 4175 adaperiens,
3272 4104 3495 4160 univer-

1918 4214 2034 4254 sam
2067 4199 2329 4253 divinitus
2352 4200 2669 4269 inspiratam
2698 4198 3039 4268 Scripturam
3066 4198 3133 4251 ad
3167 4197 3281 4252 haec
3316 4212 3491 4266 usque

1919 4301 2162 4359 tempora
2219 4290 2402 4345 multis
2458 4306 2569 4345 non
2600 4291 2861 4360 agnitam,
2926 4291 2980 4345 ni
3018 4290 3164 4365 illius
3225 4289 3488 4359 pleraque

1917 4384 2188 4452 quispiam
2218 4382 2358 4436 scire
2384 4382 2605 4437 nomine
2634 4391 2795 4436 tenus
2830 4379 3263 4452 praesumpserit,
3292 4379 3349 4433 in
3374 4394 3487 4434 me-

1919 4473 2067 4528 dium
2100 4473 2348 4539 adduxit,
2372 4471 2632 4543 fecitque,
2660 4483 2720 4529 ut
2752 4475 2842 4529 illa
2870 4472 3207 4529 conﬁdenter
3232 4479 3287 4525 et
3317 4472 3489 4527 libere

1919 4565 2060 4620 inter
2084 4565 2331 4621 homines
2364 4574 2690 4621 versaretur.
2727 4566 2848 4632 Qua
2904 4565 3151 4620 Romana
3211 4561 3482 4630 Ecclesia,

1919 4657 2538 4729 papaeiuenarrabilium
2579 4659 2671 4715 Dei
2704 4660 2974 4714 donorum
3008 4659 3021 4711 ί
3076 4665 3225 4712 recte
3264 4654 3492 4718 sentire,

1921 4758 1979 4805 et
2001 4751 2068 4805 ad
2092 4759 2329 4807 mentem
2357 4761 2666 4808 sanctorum
2698 4750 2920 4806 Patrum
2986 4750 3278 4807 decernere
3299 4748 3497 4817 dijudi-

1920 4850 2039 4897 cata
2070 4851 2153 4897 est
2188 4858 2203 4896 :
2238 4841 2475 4913 indeque
2507 4844 2672 4899 totius
2695 4842 2939 4899 scandali
2964 4842 3181 4897 occasio
3205 4882 3221 4907 ,
3252 4840 3331 4897 uti
3371 4854 3496 4894 ara-

1919 4950 2035 4989 neae
2085 4935 2189 4990 tela
2221 4936 2487 4992 dissoluta
2518 4947 2572 4991 et
2602 4936 2670 4991 ad
2702 4935 2934 4990 nihilum
2968 4934 3198 4989 deducta
3226 4971 3243 4997 ,
3276 4933 3491 4988 sublata

1919 5035 2023 5091 est,
2059 5037 2112 5083 et
2135 5043 2243 5099 pax
2289 5038 2476 5098 aperte
2523 5028 3065 5098 iamiliarissimeque
3113 5026 3525 5097 congrediturk

1918 5121 2122 5177 nullam
2175 5121 2438 5177 exhibens
2479 5135 2723 5186 causam,
2780 5135 2903 5190 quae
2949 5118 3235 5175 dissidium
3275 5117 3489 5181 aderat,
3542 5156 3545 5157 ν

1920 5228 2046 5269 cum
2079 5227 2215 5282 quos
2243 5213 2348 5268 alia
2390 5223 2553 5284 atque
2590 5226 2694 5267 nos
2724 5211 2866 5267 circa
2885 5210 3092 5266 cultum
3122 5220 3306 5265 tenere
3331 5218 3493 5265 antea

1919 5306 2204 5377 suspicati,
2256 5306 2415 5377 quasi
2485 5306 2669 5362 hostes
2722 5304 3206 5361 irreoonciliabiles
3252 5318 3283 5357 a
3337 5302 3499 5355 nobis

1918 5398 2341 5468 repellebamus,
2396 5412 2492 5453 eos
2539 5413 2685 5452 nunc
2718 5397 2962 5467 ejusdem
3020 5409 3146 5450 cum
3183 5394 3344 5449 nobis
3370 5408 3495 5450 esse

1922 5491 2205 5548 sententia:
2233 5500 2615 5562 agnoscentes,
2650 5492 2729 5545 sic
2761 5490 2905 5544 enim
2942 5487 3205 5543 Romamn
3235 5487 3495 5542 Ecclesiae

1923 5582 2164 5653 asseclas
2219 5597 2502 5652 nuncupo,
2554 5590 2609 5637 et
2636 5596 2850 5651 semper
2884 5582 2937 5633 in
2961 5586 3239 5650 posterum
3273 5592 3496 5632 nuncu-

1920 5675 2086 5744 pandi
2128 5674 2336 5729 nullum
2370 5676 2528 5730 tinent
2558 5674 2778 5737 faciam,
2836 5673 2961 5726 licet
2992 5671 3240 5725 nonnulli
3265 5681 3359 5725 aut
3388 5671 3493 5725 imo

1922 5768 2178 5841 probitati
2235 5768 2458 5835 addicti,
2490 5778 2583 5824 aut
2642 5766 2946 5838 ignorantia
2978 5767 3246 5831 distracti,
3284 5767 3492 5821 dirum-

1923 5873 2144 5930 pantur,
2204 5858 2281 5916 uti
2333 5860 2530 5916 fratres
2589 5859 2883 5929 diligimus,
2940 5870 2996 5914 et
3041 5861 3203 5914 veluti
3273 5860 3492 5931 prapria

1923 5961 2165 6012 membra
2195 5953 2391 6021 prima,
2416 5963 2470 6009 et
2507 5953 2629 6014 aliis
2688 5953 3042 6009 honoratiora
3079 5953 3509 6023 amplectimur,

1924 6061 2117 6120 parum
2145 6054 2400 6106 curantes
2454 6046 2519 6103 de
2554 6044 2642 6111 iis,
2668 6044 2759 6117 qui
2788 6060 2852 6101 cx
2888 6045 3123 6118 propriis
3145 6045 3212 6102 de
3239 6046 3495 6115 dogmate
