3932 6606
541 508 674 573 1043

1579 525 2087 590 CONSTANTINI
2125 532 2670 593 ΜΕΗΤΕἪΟΤΑΞ

3586 552 3693 609 lilii

531 625 818 680 decernere
846 627 1067 693 audent,
1122 640 1376 701 tanquam
1417 637 1507 705 qui
1568 653 1692 694 vere
1727 656 1862 695 vana
1912 651 2074 710 atque

2187 642 2284 696 τῶν
2334 642 2511 698 ἄλλων
2565 647 3033 717 ἑνστερνιζὸμεοα,
3107 649 3311 720 βραχέα
3368 652 3473 703 τῶν
3519 656 3696 707 οἴκοθεν

534 714 711 767 inania
736 727 1020 782 conantur,
1040 727 1093 773 et
1116 737 1221 775 non
1250 724 1507 779 insistunt
1526 743 1835 783 sanctorum
1861 732 2079 787 Patrum

532 805 789 873 vestigiis,
820 808 912 876 qui
941 811 1282 867 sanctissimo
1305 814 1505 885 Spiritu
1539 829 1647 872 tum
1671 821 1739 873 ob
1763 823 1941 876 carnis
1981 839 2078 890 pu—

533 894 767 958 ritatem,
798 907 908 952 tum
936 898 1007 953 ob
1036 903 1230 957 mentis
1249 906 1617 963 sinceritatem
1652 912 1835 975 atllati,
1870 915 2078 982 optima

531 999 758 1055 qumque
799 996 851 1042 et
880 1004 977 1058 pro
1022 992 1281 1063 dignitate
1309 998 1666 1057 tradiderunt.

607 1258 656 1316 8.
672 1262 818 1326 Haec,
857 1261 993 1317 Deus
1023 1263 1262 1319 universi
1285 1267 1552 1331 conditor,
1583 1277 1670 1323 tua
1699 1284 1821 1338 erga
1846 1288 1964 1333 nos,
1990 1273 2080 1342 qui

531 1355 586 1406 in
616 1354 928 1408 saeculorum
960 1354 1065 1410 line
1090 1356 1247 1425 plane
1274 1359 1639 1427 pervenimus,
1686 1363 1946 1418 miracula
1980 1366 2082 1434 (sic

532 1460 638 1498 non
684 1448 909 1501 cessasti
963 1446 1029 1501 de
1059 1448 1148 1509 iis.
1201 1464 1337 1518 quos
1372 1451 1601 1519 propriis
1664 1455 1776 1508 tuis
1832 1456 2082 1511 manibus

529 1536 800 1600 eﬂinxisti,
821 1538 993 1592 modis
1024 1538 1278 1592 omnibus
1311 1540 1669 1607 benemereri,
1699 1552 1956 1611 tuamque
1984 1560 2081 1598 cu-

529 1641 643 1679 ram
677 1628 831 1682 nobis
863 1630 1190 1698 ostendere),
1223 1645 1343 1697 qua:
1374 1646 1649 1700 nunquam
1703 1635 2079 1702 deprehende-

530 1725 656 1770 runt
696 1718 866 1772 nostri
892 1717 1140 1786 majores,
1178 1718 1294 1773 sive
1357 1735 1482 1789 erga
1515 1721 1730 1776 divinas
1771 1718 2080 1791 Scripturas

529 1808 766 1876 ignavia,
799 1807 913 1861 sive
940 1809 1098 1861 etiam
1127 1824 1255 1877 erga
1305 1809 1529 1865 Latinos
1574 1811 1870 1868 simultate.
1912 1811 2079 1867 Multa

537 1897 735 1949 ctenim
770 1905 915 1961 sunt,
951 1912 1071 1967 qua:
1115 1898 1255 1953 inter
1282 1915 1383 1953 nos
1421 1910 1475 1955 et
1498 1900 1618 1956 illos
1648 1901 1868 1957 dissidia
1893 1906 2078 1959 conci-

530 1996 732 2048 tarunt,
765 1997 818 2040 et
851 1988 1083 2040 nobilior
1104 1990 1270 2042 animi
1303 2005 1447 2058 pars,
1468 1990 1514 2045 si
1544 1992 1735 2046 insitas
1766 1994 2079 2049 inimicitias

532 2078 712 2140 habet,
741 2080 1066 2134 conturbata
1101 2080 1157 2134 in
1191 2082 1414 2137 veritate
1444 2084 1561 2152 ipsa
1591 2086 1823 2140 caecutit.
1864 2086 1988 2143 Haec
2023 2096 2079 2141 tu

531 2185 628 2223 nus
662 2170 715 2224 in
767 2173 1051 2240 praesentia
1101 2175 1288 2241 probe,
1315 2183 1369 2229 et
1412 2177 1567 2231 utiuti
1612 2186 1761 2241 sunt,
1803 2179 2080 2233 addiscere

533 2271 627 2314 tuo
676 2261 1019 2332 beueplacito
1084 2264 1346 2330 eti‘ecisti,
1408 2278 1461 2322 et
1533 2282 1845 2339 argumenta
1899 2286 2078 2325 rerum

530 2350 687 2404 aliter
736 2366 985 2417 exorsus,
1049 2370 1170 2422 quae
1227 2366 1318 2411 tua
1370 2366 1454 2411 est
1485 2359 1633 2412 varia
1684 2374 1749 2414 ac
1800 2361 2075 2427 multiplex

528 2440 812 2510 sapientia,
871 2453 926 2500 et
973 2454 1078 2500 tua:
1120 2447 1448 2517 cognitionis
1497 2449 1860 2518 profunditas,
1914 2452 2078 2507 alium

530 2532 691 2587 linem
724 2543 781 2590 et
800 2537 1006 2591 exitum
1030 2536 1231 2592 habere
1259 2540 1352 2592 sed
1375 2539 1546 2595 multo
1575 2541 1848 2594 meliorrm
1876 2556 2082 2609 praepa-

530 2628 685 2689 rastt,
716 2632 772 2679 et
812 2624 968 2696 longe
991 2628 1447 2696 disjunctissimos
1473 2644 1536 2685 ac
1556 2631 1829 2698 dispersos
1861 2647 1985 2685 vere
2020 2631 2073 2685 iu

531 2728 698 2767 unum
729 2713 1010 2777 collectos,
1038 2715 1091 2769 in
1124 2730 1291 2771 unum
1317 2716 1457 2771 ovile
1473 2716 1764 2771 deduxisti.
1792 2717 1856 2771 Et
1888 2733 2077 2772 rursus

526 2815 655 2856 ecce
700 2817 843 2858 unus
875 2818 1004 2874 grex
1063 2821 1164 2862 nos
1192 2821 1384 2862 omnes
1419 2823 1484 2863 ex
1541 2807 1704 2862 variis
1736 2808 2080 2877 diversisque

530 2891 838 2947 nationibus
890 2894 1177 2960 conﬂatus,
1236 2897 1394 2967 cujus
1432 2906 1618 2967 pastor
1661 2899 1913 2953 Christus
1968 2909 2071 2964 est,

530 2984 872 3051 unigenitum
928 2993 1081 3039 tuum
1121 2985 1378 3052 Verbum,
1442 2990 1533 3056 qui
1560 3000 1802 3045 nostram
1850 2990 2079 3044 formam

531 3073 610 3125 uti
644 3088 745 3128 nos
783 3074 885 3141 ipsi
915 3085 1134 3145 propter
1163 3079 1366 3132 viscera
1404 3080 1793 3141 misericordia:
1820 3091 1925 3135 tua:
1954 3097 2079 3136 sus.

531 3166 709 3235 cepit,
759 3182 856 3235 pm
910 3168 1110 3237 quibus
1184 3183 1304 3238 quae
1356 3170 1568 3223 tandem
1621 3171 1716 3225 tibi
1777 3172 2077 3241 gratiarum

2185 736 2645 805 κατατολμώντων
2680 738 3026 806 δογματίζειν
3063 742 3185 810 ἄρτι
3216 740 3592 809 φροντίζοντες,
3622 747 3697 797 ius

2185 824 2660 893 κενεμϐατούντων
2687 828 2761 890 ὡς
2784 830 3018 896 ἀληθῶς,
3048 830 3182 884 ἀλλὰ
3212 832 3283 900 μὴ
3315 834 3425 889 τοῖς
3456 831 3700 902 θεοφόροις

2182 916 2717 970 κατακολουθοῦντων
2747 920 3038 986 [ἰατράσιν.
3075 923 3123 973 οἱ
3152 920 3234 989 τῷ
3287 923 3533 991 παναγίῳ
3566 925 3702 976 11νεὺ-

2186 1021 2323 1074 ματι,
2349 1006 2438 1059 διά
2486 1024 2543 1059 τε
2592 1010 2936 1080 καθαρότητα
2969 1014 3167 1078 σαρκὸς
3207 1013 3302 1064 καὶ
3351 1014 3468 1073 νοὸς
3510 1015 3703 1082 είλικρί-

2181 1110 2328 1147 νειαν
2363 1097 2742 1168 ἐμπιεόμενοι,
2777 1100 3036 1154 κάλλιστα
3074 1104 3170 1153 καὶ
3206 1101 3341 1171 πρὸς
3377 1104 3533 1167 ἀξίαν
3584 1104 3704 1158 ἐθιο-

2180 1181 2435 1252 λόγησαν.
2517 1193 2537 1208 ⁸

2249 1278 2320 1342 η’.
2353 1274 2604 1338 Τοιαῦτα,
2635 1278 2732 1330 Θεὲ
2766 1279 3061 1350 δημιουργὲ
3111 1280 3207 1335 τοῦ
3262 1282 3482 1346 παντὸς,
3530 1282 3614 1334 καὶ
3650 1283 3705 1334 τὶ

2182 1365 2317 1434 πρὸς
2354 1368 2500 1434 ἡμᾶς
2535 1385 2626 1420 σου
2659 1372 2921 1439 τεράστια
2949 1374 3074 1436 τοὺς
3108 1374 3189 1435 είς
3215 1374 3284 1426 τὰ
3310 1373 3440 1443 τέλη
3468 1372 3571 1425 τῶν
3596 1372 3705 1425 aldi-

2181 1472 2286 1508 νων
2340 1458 2526 1523 σαφῶς
2562 1461 3008 1530 καταντήσαντας
3060 1463 3285 1533 (οὕτως
3341 1464 3400 1515 οὐ
3455 1462 3706 1525 διέλειπες,

2177 1541 2273 1605 οὓς
2321 1546 2506 1615 χερσὶν
2553 1547 2713 1609 ίδίαις
2767 1548 3056 1612 διέπλασας
3107 1550 3374 1613 παντοίως
3408 1550 3707 1619 εὐεργετῶν,

2180 1634 2277 1687 καὶ
2307 1635 2405 1704 τὴν
2451 1636 2657 1687 οἰκείαν
2703 1639 3025 1708 κηδεμονίαν
3081 1640 3216 1710 ἡμῖν
3264 1639 3707 1708 ινδεικνύμενος),

2179 1722 2320 1792 ᾇπερ
2346 1724 2407 1775 οὐ
2446 1726 2681 1778 συνεῖδον
2713 1729 2762 1779 oi
2803 1729 2907 1796 πρὸ
2938 1729 2971 1796 ὴ
2983 1730 3100 1796 μῶν
3126 1729 3159 1799 ἢ
3212 1727 3466 1799 ῥᾳστώνῃ
3497 1732 3559 1797 τῇ
3602 1730 3710 1796 πρὸς

2178 1814 2275 1876 τὰς
2303 1813 2453 1877 θείας
2507 1815 2746 1885 Γραφάς,
2784 1817 2817 1887 ἢ
2866 1822 2957 1870 καὶ
3005 1822 3071 1889 τῇ
3119 1819 3254 1888 πρὸς
3301 1821 3431 1881 τοὺς
3483 1820 3713 1881 Λατίνους

2186 1903 2544 1971 ἑναντιότητι.
2569 1904 2742 1957 Πολλὰ
2768 1908 2876 1975 γὰρ
2906 1908 2973 1958 τὰ
3005 1907 3167 1975 μέσον
3196 1910 3227 1971 ἡ
3238 1906 3353 1977 μῶν
3386 1924 3445 1959 τε
3475 1907 3709 1959 κάκείνων

2182 1992 2277 2060 τὴν
2308 1991 2583 2063 διαμάχην
2615 1997 3097 2065 κατεργασάμενα,
3126 1999 3217 2051 καὶ
3249 1997 3393 2064 φιλεί
3451 1998 3708 2049 συνθολοῦο

2182 2081 2303 2132 σθαι
2333 2081 2398 2133 δι’
2428 2082 2628 2151 έχοραν
2657 2084 2715 2135 τὸ
2748 2085 3071 2152 ἡγεμονικὸν
3097 2087 3193 2153 τῆς
3232 2087 3435 2154 ψυχῆς,
3491 2086 3563 2155 μὴ
3592 2103 3713 2139 suae.

2182 2170 2292 2239 ρῶν
2329 2172 2427 2239 τὴν
2457 2171 2733 2240 ἀλήθειαν.
2767 2174 2951 2226 Ταῦτα
2982 2175 3043 2227 τδ
3076 2178 3249 2245 παρὸν
3285 2177 3591 2243 ηὐδόκησις
3630 2194 3710 2228 κα-

2188 2261 2454 2328 ταμαθεῖν
2492 2262 2637 2332 ἡμᾶς
2674 2265 2753 2324 είς
2800 2264 3106 2333 ἀκρίϐειαν,
3166 2267 3258 2318 καὶ
3296 2268 3365 2318 τὰ
3402 2269 3507 2331 τῆς
3546 2265 3713 2318 ὑποθέ-

2181 2366 2313 2413 σεως
2346 2350 2523 2413 ἄλλως
2553 2351 2852 2420 ἀρξάμενος
2902 2354 3042 2405 κατὰ
3075 2354 3173 2421 τὴν
3206 2353 3303 2422 σὴν
3343 2352 3595 2421 ποικίλην
3621 2353 3716 2403 ἑπι-

2180 2442 2415 2511 στήμην.
2444 2443 2537 2493 καὶ
2565 2440 2627 2493 τὸ
2659 2441 2823 2511 βάθος
2858 2444 2955 2512 τῆς
2998 2444 3097 2512 σῆς
3129 2444 3315 2511 σοφίας
3342 2445 3435 2497 καὶ
3461 2442 3710 2511 γνώσεως,

2178 2533 2257 2593 εὶς
2280 2531 2469 2601 ἕτερον
2505 2532 2808 2601 καταλῆξαι
2844 2534 3016 2603 πέρας
3063 2533 3269 2603 βέλτιον
3319 2535 3498 2603 πολλῷ
3573 2549 3717 2603 παρε-

2189 2619 2490 2686 σκεύασας,
2515 2621 2607 2674 καὶ
2640 2622 2874 2691 συνῆξας
2908 2622 2987 2685 εἰς
3035 2620 3094 2674 ἓν
3116 2623 3330 2693 άληθῶς
3366 2622 3491 2685 τοὺς
3533 2622 3718 2674 διεσπα·

2180 2711 2410 2778 σμένους
2459 2711 2554 2763 ἐπὶ
2608 2711 2836 2781 μακρὸν,
2877 2714 2971 2764 καὶ
3007 2714 3133 2776 τοὺς
3167 2713 3637 2781 ἐσκορπισμένους
3659 2712 3720 2771 εἰς

2176 2803 2276 2870 τὴν
2314 2800 2483 2871 αὐτὴν
2538 2801 2782 2871 μάνδραν
2856 2803 3190 2874 συνήλασας.
3249 2804 3361 2857 Καὶ
3426 2803 3590 2855 πάλιν
3633 2802 3720 2854 ἰδοὺ

2190 2892 2289 2962 μία
2316 2893 2517 2963 ποίμνη
2552 2892 2755 2956 πάντες
2777 2894 2937 2963 ἡμεῖς
2966 2896 3030 2947 εκ
3054 2894 3324 2964 διαφόρων
3385 2894 3721 2961 συνισταμένη

2180 2985 2277 3037 καὶ
2306 2982 2601 3037 πολυειδῶν
2631 2982 2740 3035 τῶν
2796 2982 2984 3048 ἐθνῶν,
3036 2978 3105 3054 ἧς
3136 2985 3343 3052 ποιμὴν
3395 2987 3424 3036 ό
3450 2983 3671 3052 Χριστὸς
3702 2994 3721 3031 ε

2182 3064 2475 3143 μονογενής
2522 3087 2617 3123 σου
2650 3071 2849 3138 Λόγος,
2899 3072 2928 3123 ό
2977 3071 3282 3139 μορφωθεὶς
3333 3069 3426 3122 διὰ
3468 3069 3723 3136 σπλάγχνα

2184 3162 2368 3223 ἐλέους
2421 3178 2518 3214 σου
2573 3160 2638 3214 τὸ
2693 3161 2818 3214 καθ’
2861 3162 3009 3230 ἡμᾶς
3055 3161 3150 3213 καὶ
3188 3162 3476 3229 ἡμέτερον,
3503 3161 3639 3229 ὑπὲρ
3664 3153 3723 3210 ὧν

531 3259 776 3312 actiones
807 3270 1135 3326 repunentur
1162 3259 1185 3311 ’ἒ
1214 3274 1376 3326 quam
1413 3260 1573 3312 etiam
1609 3260 1707 3314 tibi
1755 3263 1988 3316 debitam
2037 3278 2067 3317 a

2193 3254 2344 3318 ποῖός
2367 3270 2449 3307 σοι
2479 3253 2636 3321 λόγος
2674 3253 3025 3322 εὐχαριστίας
3055 3254 3552 3324 προσενεχθήσεται
3582 3270 3597 3317 ;
3624 3252 3722 3303 τίνα

524 3349 684 3402 nobis
710 3349 1141 3405 benevolentiam
1183 3352 1596 3420 rvddemus.qui
1637 3353 1795 3407 bonis
1827 3355 2079 3409 omnibus

534 3438 855 3507 relertuses,
872 3453 925 3498 et
952 3459 1168 3499 omnem
1207 3445 1434 3514 gratiam
1476 3460 1791 3512 exsuperas,
1813 3457 1867 3501 et
1896 3462 2074 3501 rerum

530 3531 912 3598 humanarum,
993 3534 1246 3588 omnibus
1323 3534 1786 3589 abundantissime
1832 3534 2080 3599 aﬂluens,

532 3625 688 3692 plane
707 3640 816 3679 non
858 3625 1106 3696 indiges?
1129 3626 1243 3681 Non
1272 3629 1459 3697 utique
1486 3640 1777 3697 possumus
1828 3627 1897 3681 ob
1924 3638 2082 3690 ea,et

530 3732 653 3786 (μιαί
681 3733 828 3772 nunc
857 3720 1132 3787 peregisti,
1151 3720 1377 3787 gratiam
1405 3720 1544 3774 infra
1578 3726 1739 3774 etiam
1761 3719 2078 3788 dignitatem

532 3820 814 3875 reponere,
864 3820 1040 3874 eoque
1096 3808 1458 3876 potissimum,
1488 3808 1631 3877 quod
1687 3808 1753 3862 ad
1790 3808 2077 3862 dicendum

532 3896 755 3951 minime
784 3895 961 3951 idonei
994 3912 1203 3962 sumus,
1229 3913 1351 3952 cum
1400 3899 1564 3951 etiam
1609 3898 1656 3952 si
1691 3899 1964 3953 caelestem
1989 3906 2084 3952 aut

531 3989 975 4055 sitpcrcmlestem
1008 4003 1193 4043 vocem
1216 4003 1698 4058 consequeremur,
1754 4006 1926 4059 neque
1967 4001 2079 4044 tum

533 4080 793 4134 solvendo
823 4080 1047 4135 erimus.
1088 4081 1197 4145 Sic,
1234 4080 1576 4149 omnipotens
1600 4090 1656 4137 et
1689 4083 2081 4138 sublimissime

535 4169 781 4236 Domine,
815 4183 1029 4225 tuorum
1089 4172 1143 4225 in
1178 4187 1277 4226 nos
1328 4171 1717 4228 beneficiorum
1765 4174 2083 4243 magnitudo

530 4274 784 4316 sermone
812 4262 959 4317 omni
1000 4264 1180 4331 potior
1209 4273 1312 4317 est.
1346 4263 1451 4318 Sed
1495 4263 1608 4318 haec
1657 4265 1724 4319 de
1756 4265 1906 4320 hisce
1944 4266 2079 4319 satis

532 4368 821 4422 superque.
895 4351 1080 4423 Neque
1139 4355 1286 4408 enim
1368 4355 1436 4409 ad
1493 4355 1609 4410 lucc
1673 4357 2076 4426 comprobanda

534 4442 891 4497 luculentiore
923 4443 1166 4498 oratione
1199 4443 1329 4498 mihi
1360 4460 1497 4516 opus
1519 4453 1623 4501 est.

604 4722 658 4776 9.
690 4719 981 4788 Postquam
1014 4734 1140 4773 vero
1189 4720 1538 4775 addecean
1575 4718 1683 4775 Deo
1717 4722 1973 4789 gloriam,
2003 4727 2082 4780 uti

536 4812 650 4865 lteri
687 4809 880 4879 potuit,
903 4811 968 4864 de
988 4810 1155 4864 rebus
1185 4812 1353 4876 gestis
1401 4810 1769 4875 exhibuimus,
1804 4822 1860 4868 et
1893 4813 2084 4886 ingen-

531 4903 667 4956 tium
700 4904 752 4954 in
800 4916 899 4956 nos
953 4901 1333 4956 beneﬁciorum
1384 4902 1661 4958 mentione
1713 4904 1972 4969 inducta,
2030 4917 2087 4962 et

535 4992 680 5046 illius
708 4992 774 5045 ad
794 4972 917 5047 .baec
951 5006 1122 5061 usque
1144 5001 1385 5060 tempora
1445 4993 1789 5049 mirabilibus
1840 4995 2080 5050 humano

534 5084 723 5154 generi
750 5083 1106 5146 denuntiatis,
1144 5098 1241 5150 par
1284 5098 1405 5139 esse
1449 5083 1661 5138 videtur
1692 5100 1836 5139 nunc
1867 5086 2085 5140 demum

534 5181 591 5229 et
623 5173 924 5229 orationem
954 5173 1011 5228 in
1062 5188 1160 5229 eos
1209 5184 1543 5237 convertere,
1608 5176 1701 5243 qui
1743 5191 1850 5230 nou
1898 5178 2088 5231 eadem

536 5282 661 5337 quae
698 5279 801 5322 nos
835 5273 1042 5329 tenent.
1072 5274 1129 5320 et
1161 5266 1336 5320 zelum
1379 5266 1583 5321 habent
1613 5269 1707 5322 sed
1755 5283 1861 5322 non
1892 5284 1958 5322 ex
1993 5284 2089 5322 co-

537 5356 799 5427 gnitione,
832 5365 890 5411 ut
940 5357 1158 5412 dirinus
1222 5358 1516 5426 Apostolus
1553 5358 1651 5425 ait,
1694 5374 1928 5427 quorum
1962 5362 2091 5429 qui-

538 5452 664 5502 dam
690 5457 1002 5503 sanctorum
1035 5447 1254 5502 Patrum
1288 5462 1449 5502 voces
1506 5448 1809 5513 audientes,
1865 5467 1975 5505 non
2008 5459 2091 5505 ta-

543 5552 665 5593 men
690 5537 1049 5606 percipientes
1102 5521 1340 5591 insitam
1370 5535 1424 5590 in
1449 5535 1554 5591 illis
1601 5539 1953 5600 sententiam,
1998 5538 2094 5594 sed

541 5634 747 5679 temere
762 5640 854 5678 eas
876 5623 1252 5693 intelligentes,
1275 5639 1460 5693 pacem
1485 5625 1623 5679 adeo
1642 5631 1807 5695 probe
1829 5626 2095 5683 Ecclesia-

545 5727 664 5767 rum
681 5713 864 5767 divina
886 5727 988 5782 0pc
1003 5711 1200 5767 factam
1224 5713 1625 5767 calumniantur
1639 5722 1693 5769 et
1709 5714 2093 5780 criminantur,

540 5810 595 5856 et
611 5803 726 5857 loca
744 5818 838 5873 per
847 5806 1027 5858 omnia
1041 5812 1376 5873 pererrantes
1387 5803 1452 5858 de
1465 5804 1622 5860 nobis
1634 5805 1771 5861 male
1782 5804 2098 5874 loquuntur,

545 5908 667 5947 cum
699 5896 808 5948 sint
830 5910 1016 5948 eorum
1041 5894 1107 5949 de
1137 5894 1334 5958 quibus
1362 5895 1721 5951 determinant
1752 5897 2095 5958 ignarissimi.

2189 3347 2245 3400 δέ
2282 3362 2365 3399 σοι
2418 3346 2511 3399 καὶ
2561 3343 2658 3415 τὴν
2725 3343 3084 3414 ὀφειλομένην
3136 3347 3272 3414 ἡμῖν
3334 3344 3721 3413 εὐγνωμοσύνην

2188 3437 2550 3506 προσοίσομεν
2577 3434 2656 3505 τῷ
2682 3436 3025 3505 ὑπερπλήρει
3050 3437 3249 3498 παντὸς
3284 3434 3508 3503 ἀγαθοῦ,
3539 3435 3613 3500 τῷ
3633 3435 3723 3485 πά·

2191 3548 2291 3601 σης
2322 3531 2579 3584 επέκεινα
2630 3532 2875 3601 χάριτος,
2901 3529 2960 3592 ὃς
2992 3530 3202 3592 οὐδενὸς
3256 3529 3367 3582 τῶν
3401 3528 3722 3596 ἀνθρωπίνων

2188 3622 2412 3694 χρῄζεις
2440 3623 2555 3676 κατ’
2579 3624 2767 3677 οὐδένα
2792 3624 3017 3694 τρόπον,
3052 3624 3310 3693 ὑπάρχων
3327 3624 3386 3675 ὲν
3414 3624 3576 3674 πᾶσιν
3597 3625 3724 3673 άνενυ

2190 3712 2350 3782 δεής;
2381 3713 2493 3766 Οὐκ
2546 3712 2695 3765 ἐστιν
2738 3713 2886 3774 ὅπως
2922 3711 3009 3763 διὰ
3036 3711 3208 3764 ταῦτα
3240 3713 3336 3764 καὶ
3390 3711 3497 3763 τῶν
3545 3711 3630 3763 νῦν
3660 3724 3722 3758 σοι

2191 3804 2599 3873 πεπραγμένων
2630 3805 2789 3873 χάριν
2819 3803 2917 3856 οὐκ
2941 3802 3163 3856 ἔλαττον
3189 3803 3250 3855 τὸ
3286 3803 3408 3855 κατ’
3435 3802 3587 3867 ἀξίαν
3606 3801 3719 3866 deo-

2191 3896 2488 3950 σιὼσασθαι
2507 3895 2760 3964 δυνηθείη
2770 3912 2892 3964 μεν.
2910 3899 3004 3948 καὶ
3038 3895 3238 3964 μᾶλλον
3261 3896 3344 3948 ὅτι
3372 3896 3505 3947 πολύ
3536 3894 3721 3959 καὶτῆς

2187 3987 2246 4039 ἐν
2292 3986 2367 4055 τῷ
2399 3986 2575 4055 λέγειν
2600 3985 2785 4049 ἁπλῶς
2817 3987 3127 4057 ἱκανότητος
3171 3986 3490 4055 ἁποδέομεν,
3525 3984 3648 4036 ὅπου
3673 3997 3719 4047 γε

2190 4078 2295 4131 κᾶν
2318 4078 2571 4148 οὐράνιόν
2616 4094 2763 4142 τινα,
2796 4078 2890 4132 καὶ
2918 4078 3156 4139 συνόλως
3205 4076 3594 4147 ὑπερουράνιον
3620 4076 3721 4127 am.

2190 4168 2469 4237 λαϐόμεθα
2496 4171 2596 4237 τὴν
2650 4169 2856 4238 φωνὴν,
2899 4168 3018 4221 οὐδὲ
3047 4170 3170 4221 τότε
3197 4168 3258 4221 τὸ
3287 4168 3463 4238 χρεὼν
3502 4165 3720 4233 ἀπεπλή-

2191 4277 2384 4332 σαμεν.
2425 4259 2602 4324 Οὐτω,
2629 4260 2923 4323 πανσθενες
2948 4258 3139 4330 ῦψιστε
3169 4259 3362 4330 Κύριε,
3394 4261 3565 4314 πάντα
3585 4258 3720 4323 λόγον

2190 4352 2473 4422 ὑπεραίρει
2498 4350 2560 4403 τὸ
2581 4351 2688 4403 τῶν
2709 4350 2846 4420 πρὸς
2873 4350 3020 4419 ἡμᾶς
3050 4349 3502 4419 εὐεργετημάτων
3531 4364 3612 4399 σου
3641 4346 3718 4415 μέ-

2188 4440 2368 4508 γεθος.
2406 4440 2568 4495 Ἀλλὰ
2607 4441 2675 4494 τὰ
2717 4441 2816 4509 μὲν
2849 4440 2981 4512 περὶ
3007 4440 3216 4497 τούτων
3265 4440 3503 4494 ἐνταῦθα
3527 4437 3717 4510 κείσθω.

2189 4530 2299 4584 Καὶ
2325 4533 2433 4602 γάρ
2457 4532 2578 4585 οὐδὲ
2608 4531 2960 4601 μακροτέρων
2988 4530 3191 4584 δεῖσθαι
3206 4531 3349 4585 δοκῶ
3379 4548 3470 4601 μοι
3491 4532 3715 4602 ῥημάτων

2118 4626 2166 4685 D
2196 4622 2331 4691 πρὸς
2362 4621 2461 4689 τὴν
2497 4621 2606 4674 τῶν
2634 4621 2939 4689 λεγομένων
2965 4621 3334 4691 παράστασιν.

2260 4711 2326 4766 θ’.
2368 4712 2522 4766 Ἐπεὶ
2549 4712 2605 4765 δὲ
2652 4712 2751 4782 τὴν
2780 4712 3084 4781 ἀνήκουσαν
3123 4712 3195 4775 ὡς
3237 4707 3350 4764 οἷόν
3376 4728 3438 4765 τε
3470 4712 3614 4773 δόξαν
3637 4710 3711 4760 ιπὲ

2190 4804 2303 4864 τοῖς
2331 4804 2640 4872 γενομένοις
2679 4801 3074 4872 ἀνεπέμψαμεν
3106 4801 3185 4871 τῷ
3215 4801 3335 4872 Θεῷ
3362 4804 3473 4857 τῶν
3498 4806 3572 4866 είς
3596 4802 3710 4870 ἡμᾶς

2194 4892 2617 4965 μεγαλοδωρεῶν
2660 4892 2824 4946 αὐτοῦ
2860 4893 3357 4964 μνημονεύσαντες,
3405 4894 3499 4947 καὶ
3547 4904 3711 4953 aurar-

2190 4985 2472 5053 γείλαντες
2499 4987 2613 5048 τοις
2642 4985 2775 5038 πᾶσι
2829 4985 2901 5037 τὰ
2928 4985 3117 5038 τούτου
3160 4985 3257 5039 καὶ
3314 4988 3372 5049 ἐς
3427 4987 3577 5055 δεῦρο
3608 4984 3709 5034 Θαυ-

2192 5077 2388 5146 μάσια,
2427 5075 2631 5129 δίκαιον
2663 5076 2732 5129 ἂν
2770 5074 2859 5145 εἴη
2887 5074 2947 5128 τὸ
2978 5075 3085 5129 ἀπὸ
3128 5075 3281 5129 τοῦδε
3314 5076 3504 5146 τρέψαι
3529 5075 3609 5125 τὸν
3643 5070 3708 5117 M-

2190 5184 2285 5235 γον
2314 5167 2412 5218 καὶ
2450 5168 2583 5237 πρὸς
2612 5170 2736 5229 τοὺς
2760 5166 3017 5220 τάναντία
3055 5167 3386 5237 φρονοῦντας
3439 5168 3593 5235 ἡμῖν,
3634 5158 3707 5208 καὶ

2192 5261 2355 5329 ζῆλον
2389 5259 2488 5329 μὲν
2515 5257 2759 5327 ἔχοντας,
2789 5257 2902 5309 ἀλλ’
2944 5257 3006 5310 οὐ
3046 5256 3167 5310 κατ’
3191 5256 3505 5323 ἐπίγνωσιν,
3526 5255 3551 5305 ὃ
3579 5264 3706 5317 φησιν

2193 5353 2221 5404 ὁ
2259 5350 2400 5413 Gaio;
2445 5349 2785 5414 ’Δπόατολος,
2808 5341 2883 5401 ὧν
2912 5350 2961 5400 οἱ
2992 5348 3093 5414 μὲν
3117 5347 3216 5408 τὰς
3246 5347 3355 5399 τῶν
3383 5346 3546 5412 ἁγίων
3573 5338 3703 5394 Πατέο

2195 5459 2306 5511 ρων
2336 5440 2521 5509 φωνὰς
2546 5439 2856 5504 ἀκούοντες,
2883 5439 2942 5495 οὐ
2982 5440 3088 5508 μὴν
3119 5437 3417 5501 συνιέντες,
3447 5437 3531 5486 τὸν
3558 5426 3701 5512 exui-

2198 5549 2361 5602 μενον
2399 5532 2589 5593 αὐταῑς
2620 5528 2767 5593 νοῦν,
2791 5529 2926 5583 ἀλλὰ
2959 5528 3246 5598 σφαλερῶς
3276 5529 3445 5589 αὐτὰς
3480 5518 3700 5589 islapr

2199 5640 2405 5687 νοντες,
2431 5622 2530 5691 τὴν
2556 5622 2698 5675 οὕτω
2726 5620 2904 5683 καλῶς
2946 5621 3040 5673 καὶ
3066 5621 3162 5672 σὺν
3191 5618 3319 5686 Θεῷ
3358 5616 3614 5687 προϐἄσαν
3645 5609 3703 5659 si.

2201 5718 2368 5787 ρήνην
2403 5714 2512 5767 τῶν
2540 5749 2549 5764 α
2578 5711 2915 5782 Ἐκκλησιῶν
2955 5708 3354 5779 συκοφαντοῦσι
3393 5709 3480 5761 καὶ
3529 5697 3701 5755 δισσά).-

2198 5808 2348 5860 λουσι
2370 5822 2385 5836 ·
2410 5805 2545 5875 πρδς
2569 5805 2623 5859 δὲ
2647 5806 2738 5858 καὶ
2756 5803 2933 5873 πάντη
2971 5795 3575 5871 περιερχόμενοικακῶς
3591 5788 3699 5860 ἡμᾶς

2210 5898 2479 5953 λέγουσιν.
2539 5897 2639 5949 οὐκ
2702 5894 2901 5957 εἰδότες
2976 5891 3101 5960 περὶ
3159 5892 3321 5944 τίνων
3397 5880 3696 5942 διασεσαωῡειο
