3932 6568
245 477 386 544 1045

1098 493 1194 554 DE
1230 494 1745 558 PROCESSIONE
1789 501 1846 563 S.
1890 501 2248 565 SPIRITUS
2287 506 2507 568 OHAT.
2552 509 2599 567 Ι.

3318 508 3513 576 ‘1056‘

241 606 347 647 τας
382 595 734 650 παντᾶπασιν
764 615 777 629 ·
818 599 873 653 οί
913 600 969 654 δὲ
1018 602 1086 655 δι’
1118 605 1376 676 ἀ’πειρίαν
1419 609 1554 673 ὅλως
1588 612 1821 684 Γραφῶν

1922 613 2026 666 Alii
2064 615 2470 685 Scripturarum
2505 615 2839 681 experientia
2869 616 3141 683 destituti,
3186 632 3287 673 nec
3318 623 3494 674 oculis

233 684 363 737 οὐδὲ
402 688 679 756 προσιδεῖν
713 691 863 760 ἡμᾶς
926 695 1233 762 στέγουσιν,
1292 699 1368 768 μή
1428 701 1511 753 τοί
1548 720 1610 769 γε
1645 722 1817 775 προσ·

235 776 511 846 ομιλῆσαι
581 782 676 833 καὶ
734 783 1084 854 διαλεχθῆναι
1140 789 1209 840 τὰ
1266 791 1455 843 εἰκότα
1524 794 1654 865 περὶ
1711 797 1818 850 τῶν

236 866 593 940 ζητουμένων
652 875 803 944 ἡμῖν.
864 879 1003 949 Περὶ
1047 881 1155 951 γὰρ
1210 882 1318 934 τῶν
1373 884 1571 953 ἄλλων,
1630 890 1679 943 οἳ
1732 889 1821 944 διὰ

233 963 442 1015 κακίαν
492 965 587 1018 καὶ
641 972 822 1036 μῖσος,
884 972 995 1024 εἰσὶ
1030 975 1160 1044 γὰρ,
1193 976 1301 1029 είσί
1346 996 1495 1042 τινες
1553 981 1650 1036 καὶ
1700 1000 1817 1036 τοι-

231 1050 415 1115 οῦτοι,
456 1055 551 1108 τοῦ
588 1058 766 1113 Σατάν
807 1062 1223 1134 ἐνδεικνυμένου
1266 1071 1550 1125 κάνταῦθα
1597 1073 1697 1143 τὴν
1739 1077 1821 1128 οἱ·

231 1144 398 1197 κείαν
452 1148 757 1219 ἐνέργειαν,
816 1154 1114 1223 φεύγουσιν
1164 1161 1313 1230 ἡμᾶς
1384 1162 1818 1234 βδελυττόμενοι,

230 1236 291 1287 τί
350 1239 456 1309 χρὴ
508 1242 603 1293 καὶ
654 1241 854 1311 λέγειν,
892 1245 984 1310 οὓς
1047 1251 1466 1322 ἀνορθώσασθαι
1516 1258 1675 1327 μόνον
1724 1259 1818 1313 τοῦ

232 1328 368 1390 τοὺς
414 1330 644 1401 νεκροὺς
699 1333 1096 1404 ζωοποιοῦντος
1140 1342 1298 1410 Θεοῦ,
1357 1348 1544 1416 σαφῶς
1596 1349 1695 1420 ἤδη
1745 1349 1823 1417 τῷ

232 1417 425 1489 φθόνῳ
453 1424 885 1491 καταπεσόντας,
922 1434 1017 1482 καὶ
1045 1432 1504 1500 κινδυνεύσαντας
1532 1455 1550 1505 ;
1728 1441 1824 1494 καὶ

227 1507 456 1579 δάκρυα
515 1513 720 1582 μᾶλλον
780 1521 1133 1590 συμπαθείας
1192 1527 1531 1595 ἁρμόξουσιν
1585 1531 1617 1601 ἢ
1672 1531 1823 1600 λόγοι

233 1601 381 1668 πρός
410 1601 469 1654 τὸ
514 1608 765 1673 κρεῖττον
809 1611 1166 1680 μεθέλκοντες
1192 1633 1205 1648 ·
1241 1617 1323 1670 ὅτι
1372 1621 1506 1690 μηδὲ
1552 1622 1823 1689 πείσουσι,

229 1689 383 1741 κατὰ
410 1692 502 1745 τὸν
531 1694 750 1748 είπόντα
784 1700 971 1767 σοφὸν,
1013 1703 1122 1757 οὐδ’
1153 1705 1217 1775 ἢν
1264 1689 1543 1765 πείσωσιν.
1583 1711 1738 1764 Οῦτω
1757 1716 1823 1784 τῇ

230 1779 379 1877 πρὸς
417 1782 475 1877 “to
529 1783 690 1840 καλὸν
745 1792 1008 1863 μετουσίᾳ
1054 1795 1383 1867 τεθνήκασι,
1436 1805 1502 1871 τῇ
1555 1779 1825 1877 βασκανίᾷ

227 1868 341 1964 τῂν
370 1873 596 1964 γνώμην
627 1878 745 1929 κατ’
773 1878 953 1949 ὀλίγον
982 1885 1239 1949 τακέντες
1271 1889 1369 1941 καὶ
1638 1868 1823 1964 σαφῶς

1900 722 2026 769 ,ιιοε
2054 709 2296 775 aspicere
2326 710 2615 770 sustinent.
2649 718 2856 763 tantum
2898 709 3072 775 abest,
3112 718 3168 763 ut
3197 723 3495 768 consuetu-

1921 798 2050 852 dine
2082 810 2265 854 nostra
2289 800 2645 864 delectentur.
2698 810 2752 855 et
2782 801 2847 854 de
2880 801 3043 856 rebus
3068 801 3254 857 dubiis
3288 806 3486 873 agitata

1925 889 1977 941 in
2008 903 2296 965 commune
2327 891 2610 959 congressi
2650 890 2919 946 deferant.
2974 892 3050 946 De
3074 893 3198 949 aliis
3231 897 3375 948 enim
3401 898 3493 965 qui

1924 982 1995 1036 ob
2027 981 2435 1049 improbitatem
2475 992 2529 1036 et
2558 983 2766 1047 odium,
2799 994 2930 1038 sunt
2959 984 3125 1046 enim.
3183 996 3305 1039 sunt
3332 987 3492 1040 etiam

1925 1071 2170 1125 nonnulli
2212 1073 2286 1126 ita
2322 1072 2525 1135 allecti,
2564 1072 2656 1141 qui
2705 1072 3023 1127 Satana‘ltic
3062 1089 3279 1143 quoque
3333 1091 3487 1129 suam
3536 1126 3539 1127 ν

1923 1163 2032 1216 vim
2067 1171 2552 1228 commonstrante,
2582 1179 2682 1219 nos
2724 1148 3078 1219 abhorrentes
3103 1164 3339 1234 fugiunt,
3362 1182 3497 1235 quos

1924 1255 2105 1325 plane,
2148 1255 2258 1322 jam
2290 1256 2589 1311 invidentia
2620 1270 2934 1326 oppressos,
2970 1266 3023 1311 et
3053 1257 3356 1312 infortunio
3402 1257 3498 1312 de-

1927 1360 2137 1400 mersos
2182 1346 2235 1399 in
2297 1360 2487 1399 sanam
2541 1355 2774 1400 mentem
2833 1348 3113 1411 reducere,
3166 1348 3337 1402 solius
3407 1347 3495 1400 Dei

1931 1447 2177 1491 mortuos
2240 1436 2567 1490 vivilicautis
2613 1437 2801 1503 fuerit,
2851 1439 2981 1508 quid
3033 1440 3321 1494 dicendum
3376 1439 3499 1492 est?

1925 1524 2037 1581 llus
2069 1528 2321 1598 lacrymae
2352 1529 2535 1595 potius
2565 1529 3056 1586 commiserationis
3088 1531 3302 1592 decent,
3332 1545 3494 1599 quam

1929 1622 1994 1671 ad
2029 1621 2258 1674 meliora
2294 1622 2585 1676 illicientes
2620 1636 2923 1686 sermones,
2963 1622 3105 1691 quod
3132 1637 3239 1675 non
3267 1637 3498 1691 persnas

1930 1714 2159 1774 ιΙι-ϋυιιι,
2196 1722 2255 1768 ιιι
2278 1715 2495 1783 sapiens
2526 1714 2617 1768 ille
2640 1712 2796 1790 dixit,
2831 1714 3045 1768 etiamsi
3086 1714 3445 1783 persuadeant
3482 1732 3494 1763 :

1926 1805 2006 1859 sic
2032 1804 2086 1856 in
2116 1804 2244 1858 boni
2280 1805 2667 1860 communione
2698 1806 2930 1859 emortui
2967 1814 3116 1868 sunt,
3172 1806 3338 1859 livore
3362 1820 3497 1874 pau-

1928 1897 2079 1951 latim
2110 1907 2290 1953 mente
2330 1898 2606 1960 tabefaeti.
2651 1913 2825 1968 eoque
2874 1897 3032 1966 plane
3081 1898 3290 1952 reducti
3333 1896 3388 1950 in
3415 1898 3499 1952 ni-

229 1961 321 2057 είς
357 1963 432 2057 Δτό
457 1966 721 2030 παντελὲς
768 1970 1230 2045 ὐπορρεύσαντες.
1289 1979 1428 2033 Ἀλλ’
1463 1961 1663 2037 ἐκεῖνοι
1720 1961 1819 2056 μὲν

1926 1990 2117 2043 hilum.
2160 1987 2266 2043 Sed
2307 1989 2398 2042 isti
2426 1988 2647 2057 quidem
2678 1961 2752 2043 ex-
2775 1987 2877 2042 hac
2905 1987 3155 2042 oratione
3191 1986 3350 2054 longe
3371 2001 3499 2054 pro-

231 2054 521 2124 ὲρῤίφθων
558 2058 848 2129 τοῦλόγου
893 2065 1088 2120 τούτου
1146 2072 1386 2138 μακρὰν,
1443 2073 1520 2136 ὠς
1583 2054 1820 2143 ἀνιάτως

229 2146 340 2215 τῆς
378 2151 754 2224 προαιρέσεως
780 2153 997 2224 ἔχοντες
1026 2174 1040 2190 ο
1079 2160 1217 2232 πρὸς
1257 2163 1314 2216 δὲ
1338 2165 1468 2229 τοὺς
1498 2167 1676 2233 ἄλλως
1709 2171 1823 2225 δια-

228 2240 552 2335 κειμένους,
582 2244 631 2298 οἳ
660 2248 754 2301 καὶ
784 2249 886 2319 τὴν
916 2252 1220 2324 θεραπείαν
1260 2257 1341 2312 ἔτι
1388 2262 1555 2331 τυχὸν
1594 2266 1822 2335 προσδο-

227 2330 488 2426 κήσιμοι,
549 2337 645 2391 καὶ
695 2340 805 2410 γάρ
857 2345 1004 2407 εἰκὸς
1062 2347 1160 2418 ὀψὲ
1219 2351 1315 2404 καὶ
1376 2330 1529 2422 μόλις
1579 2330 1823 2426 ἅψασθαί

228 2439 292 2475 τι
327 2424 429 2495 τῆς
476 2427 658 2483 αὐτῶν
708 2434 939 2504 καρδίας
976 2437 1131 2509 ῥῆμα
1180 2443 1468 2513 σωτήριον,
1520 2424 1638 2500 τὸν-
1666 2450 1821 2519 λόγον

229 2521 501 2613 πριητέον
530 2524 686 2593 ἡμῖν,
741 2530 800 2581 ὲν
852 2523 898 2599 ᾧ
947 2532 1040 2584 καὶ
1110 2533 1212 2597 τὰς
1268 2537 1548 2607 γραφικάς
1574 2541 1821 2613 χρήσεις,

231 2606 325 2674 αἷς
355 2614 674 2683 ἐντυχοῦσιν
698 2619 1040 2692 όδηγηθῆναι
1067 2625 1203 2695 πρὸς
1353 2606 1624 2701 ἀλήθειαν
1646 2606 1823 2690 dum;

230 2703 347 2763 νῶς
372 2704 676 2775 ἐξεγένετο,
712 2714 1117 2783 κατατάξομεν,
1161 2720 1229 2771 τὰ
1270 2721 1404 2790 παρ’
1457 2723 1667 2779 ἑαυτῶν
1700 2745 1822 2781 συν-

234 2790 509 2860 τιθέντες,
543 2798 639 2850 καὶ
681 2799 773 2852 τὸν
808 2800 933 2857 νοῦν
962 2805 1145 2861 αὐτῶν
1179 2808 1256 2871 ὡς
1286 2809 1520 2882 δύναμις
1548 2816 1825 2872 ἀναπτύσ-

241 2900 464 2949 σοντες.
497 2887 655 2943 Ἐστι
679 2890 727 2944 δ’
771 2891 911 2946 ὅπου
960 2898 1057 2949 καὶ
1115 2899 1183 2950 τὰ
1222 2902 1333 2954 τῶν
1368 2904 1823 2963 ὲναντίωνάνθυο

230 2976 597 3069 ποφέροντες,
647 2984 740 3034 καὶ
784 2983 958 3038 ταῦτα
992 2986 1134 3041 κατὰ
1166 2989 1264 3059 τὴν
1297 2992 1355 3045 ὲν
1384 2995 1514 3064 ἡμῖν
1549 3001 1823 3069 χορηγίαν

231 3067 337 3161 τοῦ
381 3069 700 3140 Πνεύματος
733 3072 975 3142 λύοντες,
1016 3080 1091 3143 ὡς
1138 3080 1206 3136 ἂν
1257 3085 1306 3136 οἱ
1345 3085 1446 3154 μὲν
1482 3089 1550 3141 δι’
1600 3090 1824 3161 ἄγνοιαν

235 3156 455 3211 ⁴τούτων
507 3162 895 3233 ἀποπηδῶντες
950 3169 1106 3237 ἡμῶν
1148 3172 1474 3245 διδαχθῶσιν
1526 3156 1660 3243 ίσως
1712 3186 1821 3237 κάκ

239 3248 420 3343 μόνης
448 3251 550 3321 τῆς
580 3255 692 3308 τῶν
733 3257 896 3311 θείων
923 3262 1113 3327 φωνῶν
1147 3267 1486 3336 ἀκροάσεως,
1522 3274 1597 3342 μὴ
1632 3275 1822 3343 φοϐεῖς

236 3342 369 3396 σθαι
400 3346 586 3414 φόϐον,
623 3344 684 3404 οὗ
725 3353 797 3420 μή
832 3353 949 3406 ἐστι
990 3356 1172 3422 φόϐος,
1210 3362 1352 3414 κατά
1381 3365 1469 3416 τὸν
1491 3364 1819 3438 ψαλμογρά-

230 3453 341 3503 ερον
388 3438 641 3511 Δαυῖδ,ἣ
697 3444 900 3512 μᾶλλον
931 3450 1031 3521 τὴν
1078 3452 1371 3523 ἐπαινετὴν
1413 3456 1620 3512 δειλίαν
1671 3461 1817 3515 ἔνδον

232 3529 299 3580 ἐν
352 3531 553 3623 καρδίᾳ
599 3534 977 3602 συλλαϐόντες,
1027 3543 1119 3595 καὶ
1159 3543 1539 3615 ὼδινήσαντες,
1599 3553 1816 3623 πνεῦμα

235 3619 522 3687 σωτηρίας
575 3623 872 3693 ὲκτὲκοιεν,
922 3630 981 3683 ἐν
1006 3630 1081 3701 τῷ
1131 3636 1500 3706 προσδραμεῖν
1557 3619 1814 3712 ἑτοίμως,

231 3713 723 3807 serescunt;
765 3722 940 3776 ὀπίσω
967 3725 1297 3797 κολληθῆναι
1347 3733 1455 3785 τῶν
1506 3738 1812 3807 ημετέρων.

232 3804 302 3897 Oi
333 3802 388 3855 δὲ
424 3805 624 3871 ταύτας
657 3812 1137 3884 παρεξηγούμενοι
1163 3825 1284 3883 ταῖς
1310 3821 1503 3892 ὀρθαῖς
1528 3802 1699 3897 ημῶν.
1721 3833 1815 3883 καὶ

231 3895 602 3961 ἀδιαπτώτοις
660 3902 915 3970 ἐννοίαις,
966 3904 1031 3958 ἂν
1065 3907 1174 3977 ἀρα
1224 3912 1321 3966 καὶ
1377 3895 1815 3983 συγκαταθέσθαι

229 3986 516 4055 δυνηθεῖεν
567 3993 783 4059 αὐταῖς,
821 3997 919 4065 τῆς
966 4003 1243 4071 προτέρας
1282 3984 1644 4073 καταγνόντες
1689 4013 1817 4065 ἑαυ-

232 4078 350 4172 τῶν
384 4081 704 4153 ὑπολήψεως
747 4086 806 4140 τὸ
850 4090 1077 4160 ἀκρισὲς
1113 4095 1207 4146 τοῦ
1247 4095 1519 4165 δόγματος
1569 4105 1816 4172 μεταμά-

234 4170 393 4237 θωσι,
425 4176 521 4226 καὶ
554 4176 629 4247 μὴ
664 4178 907 4247 τολμῶσι
955 4183 1135 4251 λέγειν
1182 4185 1257 4249 ὡς
1301 4190 1409 4256 ἐγώ
1441 4209 1582 4255 τινος
1616 4170 1816 4248 ἐπυθό-

232 4280 351 4332 μην
400 4263 618 4332 αὐτῶν,
676 4269 1060 4337 ἀϐασανίστως
1125 4276 1274 4345 ἡμᾶς
1332 4280 1429 4342 τὰς
1481 4282 1588 4336 τῶν
1644 4285 1814 4353 ἁγίων

236 4355 502 4427 Πατέρων
544 4358 873 4430 δεξαμένους
919 4366 1124 4435 φωνὰς,
1168 4370 1238 4422 τὰ
1288 4370 1511 4435 δόξαντα
1558 4377 1815 4442 συνάγειν

232 4447 447 4539 κακῶς,
480 4449 594 4504 ἀλλ’
622 4452 679 4505 ἒν
700 4456 792 4506 καὶ
821 4455 880 4508 τὸ
899 4457 1031 4509 αὐτὸ
1064 4459 1398 4530 φρονοῦντες
1420 4466 1662 4533 γένοιντο
1690 4470 1813 4539 μεθ’

232 4536 418 4631 ῄμᾲῶν,
451 4542 547 4593 καὶ
593 4548 746 4614 κοινῇ
782 4549 881 4616 τὴν
924 4549 1132 4620 Τριάδα
1174 4553 1513 4626 δοξάσωμεν,
1543 4559 1643 4631 τὴν
1681 4536 1811 4631 μίαν

1927 2081 2242 2145 trudantur,
2276 2089 2533 2150 tanquam
2565 2081 2656 2150 qui
2690 2079 2978 2135 insanabili
3005 2079 3221 2149 ingenio
3253 2087 3398 2142 sunt;
3430 2077 3496 2132 ad

1926 2177 2062 2231 alios
2085 2192 2215 2232 vero
2242 2177 2332 2246 qui
2361 2177 2517 2231 aliter
2545 2175 2723 2231 allecti
2755 2184 2886 2231 sunt
2917 2175 2983 2230 de
3011 2189 3243 2241 quorum
3269 2175 3499 2228 sanitate

1926 2284 2036 2324 non
2093 2271 2469 2338 desperamus,
2526 2270 2744 2323 tandem
2778 2269 2922 2322 enim
2983 2265 3281 2336 aliquando
3329 2265 3508 2319 corda.

1925 2376 2117 2416 eorum
2147 2377 2176 2416 a
2200 2361 2406 2416 salubri
2440 2360 2610 2416 verbo
2647 2358 3042 2414 commovenda
3072 2358 3186 2413 fore
3216 2366 3495 2427 putamus,

1925 2452 2289 2509 convertenda
2349 2463 2535 2508 nostra
2565 2451 2743 2507 oratio
2777 2461 2881 2515 est,
2927 2452 2978 2504 in
3007 2466 3112 2520 qua
3175 2461 3230 2505 et
3288 2450 3497 2520 scripto

1925 2546 2127 2601 tradita
2156 2545 2491 2611 testimonia,
2521 2546 2575 2599 in
2608 2559 2729 2614 quae
2755 2544 2885 2598 dum
2912 2558 3014 2597 nos
3059 2543 3373 2607 incidimus,
3408 2557 3499 2596 ve-

1926 2636 2141 2691 ritatem
2179 2637 2354 2707 ipsam
2400 2635 2607 2706 absque
2638 2650 2828 2690 errore
2882 2634 3118 2702 penitius
3170 2633 3519 2710 introspexi:

1927 2749 2071 2796 mus,
2103 2733 2433 2804 digeremus,
2486 2742 2672 2787 nostra
2729 2740 3139 2801 componentes,
3195 2745 3497 2799 eorumque

1925 2824 2272 2891 sententiam,
2320 2824 2398 2879 uti
2428 2824 2543 2878 ﬁeri
2577 2832 2775 2894 potest,
2826 2830 3183 2892 exponentes,
3218 2818 3496 2875 nonnullis

1926 2915 2091 2970 etiam
2121 2915 2177 2970 in
2204 2916 2343 2972 locis
2375 2916 2824 2971 adveréariorum
2872 2912 3336 2969 contradictiones
3366 2908 3499 2966 alie-

1926 3020 2136 3075 rentes,
2179 3022 2385 3077 easque
2410 3008 2487 3061 uti
2516 3008 2675 3062 nobis
2703 3006 2966 3061 concedet
2998 3002 3263 3074 Spiritus,
3287 3001 3498 3056 dissol-

1923 3108 2133 3166 ventes,
2165 3107 2225 3154 ut
2252 3099 2367 3168 qui,
2405 3109 2625 3169 propter
2652 3097 3046 3165 ignorationem
3100 3111 3130 3150 a
3163 3095 3320 3149 nobis
3348 3094 3497 3147 desi-

1925 3192 2088 3260 liunt,
2110 3194 2409 3248 doceantur
2447 3194 2525 3247 vel
2551 3208 2614 3246 cx
2651 3192 2767 3247 sola
2790 3192 3092 3245 divinarum
3115 3204 3305 3242 voctnn
3340 3188 3497 3240 andi-

1929 3285 2075 3339 tione
2097 3302 2162 3339 ex
2197 3301 2317 3339 sese
2340 3285 2620 3349 timorem,
2648 3284 2733 3336 ubi
2770 3282 2930 3336 timor
2962 3295 3069 3335 non
3104 3290 3210 3342 cst,
3236 3278 3493 3348 abjicere,
3582 3324 3588 3329 .

1922 3377 1999 3430 uti
2032 3375 2371 3430 Psalmorum
2398 3377 2633 3441 scriptor
2663 3373 2830 3427 David
2864 3374 3136 3435 insinuat;
3166 3371 3281 3425 sive
3308 3369 3489 3438 potius

1923 3466 2180 3521 laudabili
2212 3467 2407 3521 timore
2439 3481 2540 3520 suo
2576 3465 2740 3519 corde
2789 3463 3144 3532 trepidantes,
3200 3470 3254 3515 et
3297 3462 3494 3515 salutis

1915 3560 2166 3629 spiritum
2206 3558 2603 3627 concipientes,
2639 3556 2806 3610 fetum
2835 3556 3066 3621 ellicere,
3093 3556 3218 3609 dum
3246 3564 3494 3623 prompte

1917 3650 1987 3705 ad
2030 3665 2129 3705 nos
2185 3649 2551 3718 confugerint,
2616 3662 2680 3702 ex
2710 3648 2893 3701 animo
2924 3647 3090 3700 menti
3125 3653 3328 3699 uestrae
3361 3660 3492 3699 con-

1924 3743 2199 3813 glutinati.
2241 3742 2345 3809 Qui
2392 3756 2522 3797 vero
2557 3756 2618 3796 ea
2648 3755 2814 3810 prave
2840 3739 3291 3808 interpretantur,
3326 3736 3491 3791 rectis

1923 3836 2127 3891 nostris
2159 3850 2222 3890 ac
2247 3836 2421 3889 ﬁrmis
2461 3833 2909 3903 cogitationibus,
2943 3833 2988 3885 si
3025 3839 3215 3884 tamen
3264 3828 3370 3884 illis
3403 3844 3490 3884 as-

1917 3944 2141 3983 sensum
2208 3925 2446 3996 praabere
2509 3924 2799 3989 valuerint,
2852 3923 3034 3994 priore
3088 3938 3183 3977 sua
3233 3921 3491 3991 Opinione

1916 4021 2228 4086 amandata,
2267 4029 2526 4075 accurata
2558 4018 2828 4089 dogmatis
2867 4017 3092 4072 scientia
3121 4016 3488 4078 instruantur,

1917 4130 2016 4169 nec
2064 4113 2305 4169 audeant
2329 4112 2531 4181 dicere,
2559 4120 2619 4165 ut
2646 4125 2745 4179 ego
2777 4124 2868 4164 ex.
2893 4110 3081 4163 nescio
3116 4123 3223 4177 quo
3269 4123 3490 4161 eorum-

1916 4205 2038 4260 dem
2070 4205 2273 4270 audivi,
2307 4219 2408 4259 nos
2441 4204 2651 4271 absque
2681 4202 2790 4255 ullo
2817 4200 3068 4254 examine
3096 4200 3239 4253 dicta
3263 4197 3484 4252 Patrum

1915 4298 2269 4366 excipientes,
2322 4312 2446 4366 quae
2494 4295 2654 4349 nobis
2703 4294 2981 4356 videntur,
3038 4293 3179 4345 male
3208 4291 3483 4359 colligere,

1916 4389 2009 4441 sed
2038 4402 2205 4441 unum
2236 4396 2291 4440 et
2316 4386 2456 4440 idem
2489 4383 2787 4439 sentientes
2821 4383 3105 4437 nobiscum
3138 4381 3520 4449 depaciscan-s

1915 4488 2026 4544 tur,
2070 4488 2126 4534 et
2156 4477 2319 4533 simul
2350 4492 2455 4531 una
2496 4492 2690 4532 omnes
2735 4475 3059 4531 Trinitatem
3092 4472 3485 4542 gloriﬁcemus,

1915 4568 2170 4623 deitatem
2222 4582 2386 4621 unam
2428 4574 2490 4621 et
2515 4571 2867 4636 potestatem,
2923 4563 2990 4617 de
3024 4577 3132 4630 qua
3189 4570 3481 4628 antequam

232 4629 469 4730 θεότητά
521 4650 582 4686 τε
635 4636 730 4688 καὶ⁵
780 4636 1032 4708 δύναμιν,
1082 4644 1212 4712 περὶ
1262 4640 1330 4717 ἦς
1375 4647 1477 4719 ἤδη
1532 4629 1625 4703 καὶ
1683 4629 1812 4724 πρὶν

1921 4658 2275 4730 quaestionem
2320 4657 2494 4727 ipsam
2515 4629 2838 4725 aggrediar,
2873 4629 3108 4708 breviter
3136 4652 3343 4720 aliquid
3369 4654 3485 4705 dis-

228 4720 329 4816 τοῦ
384 4722 699 4792 ζητήματος
748 4729 1042 4796 εἰσϐαλεῖν,
1093 4735 1302 4806 βραχέα
1348 4740 1641 4805 διεξελθεῖν
1672 4720 1812 4816 ἡγη-

234 4811 473 4908 σαμενος
494 4816 627 4882 δεῖν,
657 4818 804 4873 οὕτω
837 4822 947 4895 γὰρ
985 4824 1052 4878 ἂν
1091 4828 1120 4880 ό
1162 4829 1320 4897 λόγος
1350 4832 1641 4906 εύοδωθείη

230 4904 292 4957 τὺ
352 4909 734 4980 προκείμενον,
797 4915 969 4986 αὐτὴν
1021 4919 1237 4989 ἐκείνην
1290 4904 1659 4997 ἐπικαλοῦμαι
1711 4904 1809 5000 τὴν

229 4999 361 5089 τοὺς
394 5002 688 5089 ἀσυνέτους
718 5005 814 5058 καὶ
845 5007 1083 5078 ἀσόφους
1115 5013 1503 5076 συνετίζουσαν
1535 5019 1627 5071 καὶ
1659 4999 1811 5089 σοφί-

230 5087 460 5155 ζουσαν,
504 5093 562 5144 ὲν
695 5097 896 5161 πάντες
936 5100 985 5152 οἱ
1031 5100 1132 5170 τῆς
1190 5103 1442 5171 γνώσεως
1499 5087 1809 5181 ἀπόκρυφοι

228 5180 502 5253 θησαυροὶ
557 5188 699 5239 κατὰ
742 5188 830 5241 τὸν
878 5190 1052 5261 μέγαν
1114 5195 1454 5263 Ἀπόστολον,
1501 5180 1657 5269 λόγον
1718 5221 1808 5272 μοι

230 5280 542 5347 παρασχεῖν
578 5278 637 5329 ὲν
676 5281 878 5347 ἀνοίξει
915 5282 1010 5336 τοῦ
1045 5285 1334 5353 στόματος,
1370 5288 1456 5341 ίνα
1504 5289 1599 5342 τοῦ
1640 5308 1807 5363 προσ-

230 5370 482 5437 ήκοντος,
529 5370 604 5435 ὡς
653 5367 764 5424 οἷόν
812 5390 872 5425 τε
919 5378 1357 5448 κατευστοχήσας
1396 5380 1681 5453 δυνηθείην
1726 5387 1808 5437 εί-

229 5462 357 5513 πεῖν
390 5478 443 5513 τι
473 5462 568 5532 τῆς
604 5462 751 5527 θείας
781 5464 1251 5536 μεγαλοπρεπείας
1279 5471 1520 5536 ἐπάξιον.

308 5558 361 5608 ι’.
404 5553 579 5609 Ἰλαθι
625 5557 681 5610 δέ
741 5574 831 5627 μοι
890 5559 949 5612 τὸ
1007 5560 1234 5632 φοϐερὸν
1281 5567 1393 5627 τοῖς
1442 5566 1606 5618 πᾶσιν
1638 5565 1813 5637 ὄνομα

229 5646 327 5699 καὶ
352 5651 601 5717 φρικτὸν,
644 5649 744 5702 θεὲ
792 5653 885 5705 καὶ
933 5654 1105 5725 Κύριε
1149 5654 1240 5709 τοῦ
1291 5658 1511 5724 παντὸς,
1547 5659 1807 5730 ἁγέννητε

242 5740 450 5811 Πατὲρ,
492 5741 588 5794 Υίὲ
630 5744 936 5813 μονογενὲς,
970 5747 1066 5799 καὶ
1093 5748 1317 5818 Πνεῦμα
1341 5751 1589 5819 συμφυές
1619 5769 1677 5805 τε
1712 5754 1808 5808 καὶ

233 5832 550 5905 σύνθρονον,
582 5836 724 5906 ἡτῶν
751 5838 919 5891 ὄντων
961 5838 1295 5910 ὑπεράρχιος
1342 5842 1483 5914 ἀρχὴ
1513 5844 1607 5896 καὶ⁵
1634 5844 1807 5915 ὑπὲρ-

235 5942 452 5997 χρονος,
498 5929 560 5982 τὸ
612 5928 919 5999 τριλαμπὲς
968 5931 1167 6003 κράτος
1213 5936 1305 5989 καὶ
1338 5935 1629 6005 ἀμερὲς,ἡ
1677 5938 1806 6006 όμοο

1917 4751 2205 4807 serendum
2230 4764 2351 4805 esse
2381 4749 2727 4810 existimans,
2765 4748 2846 4802 sic
2871 4746 3018 4800 enim
3064 4745 3239 4800 oratio
3274 4745 3339 4798 ad
3369 4759 3483 4798 rem

1916 4841 2021 4897 sibi
2053 4841 2388 4910 propositam
2424 4839 2688 4892 concinne
2712 4838 2997 4907 dirigetpr,
3029 4838 3276 4890 eatmlem
3312 4838 3483 4904 ipsam

1912 4933 2131 4993 invoco,
2174 4947 2296 5000 qua:
2356 4930 2555 4985 stultos
2603 4938 2768 4999 atque
2801 4928 3121 5000 insipientes
3191 4929 3483 4998 prudentes

1911 5024 2294 5094 sapientesque
2338 5022 2489 5085 facit,
2538 5021 2591 5075 in
2632 5037 2740 5091 qua
2777 5037 2970 5081 omnes
3010 5022 3338 5091 cognitionis
3366 5022 3483 5076 the-

1911 5114 2082 5176 sauri,
2110 5113 2188 5166 sic
2219 5126 2447 5182 magnus
2493 5111 2569 5166 ait
2608 5112 2922 5179 Apostolus,
2985 5122 3134 5178 sunt,
3174 5112 3243 5164 ad
3301 5112 3484 5181 propi-

1913 5206 2153 5260 nandum
2211 5204 2343 5258 mihi
2377 5205 2431 5258 in
2465 5204 2771 5273 aperitione
2798 5206 2911 5259 oris
2964 5205 3149 5267 verba,
3191 5214 3249 5258 ut
3295 5205 3359 5257 ad
3401 5206 3478 5267 id,

1910 5297 2509 5369 quod‘conseutanemn
2538 5306 2646 5361 est,
2698 5298 2778 5352 sic
2811 5298 2886 5351 uti
2926 5296 3040 5350 licri
3075 5305 3268 5366 potest,
3325 5296 3483 5350 colli-

1911 5406 2089 5457 mans,
2132 5389 2355 5459 dignum
2388 5388 2586 5444 divinae
2614 5388 3009 5458 magnitudinis
3053 5387 3256 5456 aliquid
3298 5387 3479 5441 dicere

1908 5483 2139 5537 valeam.

1986 5574 2067 5628 ιι).
2093 5574 2395 5647 Pmpitium
2424 5588 2553 5630 vero
2578 5574 2655 5629 sis
2678 5574 2833 5639 mihi,
2868 5571 3203 5627 tremendum
3250 5570 3479 5625 horren-

1913 5661 2155 5731 dumque
2181 5662 2436 5718 omnibus
2462 5677 2679 5722 nomen.
2712 5662 2856 5715 Deus
2888 5671 2940 5715 et
2960 5661 3184 5714 Domine
3212 5659 3476 5724 universi,

1909 5752 2069 5807 Pater
2098 5752 2358 5824 ingenita,
2411 5751 2521 5807 Fili
2546 5754 2745 5824 genite,
2782 5750 3020 5822 Spiritus
3067 5752 3315 5821 ejusdem
3345 5766 3470 5807 cum

1912 5844 2020 5898 illis
2059 5854 2291 5908 naturae.
2315 5852 2371 5899 et
2402 5844 2456 5899 in
2491 5844 2683 5899 eadem
2732 5844 2863 5899 sedc
2898 5843 3218 5901 collocatus.
3274 5844 3475 5901 Rerum

1913 5952 2076 6007 supra
2105 5952 2266 5996 omne
2290 5935 2617 6008 principium
2644 5947 2699 5995 et
2725 5952 2891 6009 supra
2909 5952 3071 5997 omne
3097 5950 3308 6009 tempus
3332 5956 3380 6010 [ιε
3397 5941 3481 5995 in-
