3932 6578
508 496 640 565 1υ47

1558 514 2066 580 CONSTANTINI
2110 516 2451 579 MELl'l‘EN
2469 511 2657 578 ίυΤίΕ

3594 514 3719 583 ῙΟὲὃ

504 619 728 686 ripium,
787 631 1024 689 potestas
1060 626 1203 682 trino
1234 628 1444 698 fulgore
1486 630 1714 687 indivise
1751 647 2067 697 coruscans,

2180 632 2442 696 δασίλειος
2472 634 2686 700 ἐξουσία
2714 633 2809 687 καὶ
2842 631 3090 701 δύναμις,
3126 644 3173 683 ει
3203 624 3338 701 πρὸς
3365 628 3425 685 σὲ
3454 631 3544 684 τὸν
3574 628 3721 702 ’Υψι-

503 712 664 764 simul
693 715 975 781 imperium
1011 727 1198 775 tenens
1230 724 1527 779 auctoritas
1554 734 1607 778 et
1635 726 1822 791 robur,
1864 727 1909 779 si
1942 740 2070 793 erga

504 812 555 854 le
588 806 1040 873 excelsissimum,
1082 812 1248 865 vitam
1293 818 1721 872 sanctiﬁcantem
1763 828 1923 889 atque
1949 820 2073 873 illu-

505 891 823 960 ininantem,
863 905 1122 957 audacter
1145 906 1382 972 linguam
1415 910 1683 976 terrigena
1716 913 1886 974 solvo,
1920 925 2076 982 pror-

501 1005 596 1042 sus
654 990 1069 1060 inexpurgatus,
1138 1006 1211 1061 et,
1247 1008 1306 1051 ut
1338 1002 1669 1055 moderatius
1709 1004 1921 1073 loquar,
1980 1005 2074 1073 qui

501 1096 649 1133 nunc
683 1097 980 1151 espurgor,
1022 1102 1198 1156 neque
1241 1090 1386 1143 enim
1445 1104 1784 1162 contemptu,
1838 1112 1945 1149 non
2000 1096 2073 1150 ita

503 1173 798 1237 insaniam,
856 1193 1030 1246 neque
1064 1181 1288 1237 infinita}
1326 1196 1429 1238 tuac
1480 1196 1644 1256 atque
1675 1189 2074 1245 inaccessibilis

503 1263 694 1331 gloria:
722 1264 1083 1335 ignoratione,
1114 1271 1179 1324 ad
1210 1288 1323 1327 rem
1361 1277 1669 1345 aggredior.
1712 1280 1803 1332 sed
1833 1286 1937 1333 tua:
1974 1280 2077 1335 bo-

502 1352 689 1407 nitatis
720 1356 909 1423 pelago
945 1358 1136 1420 fidens,
1172 1376 1276 1430 qua
1308 1364 1387 1415 vel
1426 1366 1539 1418 sola
1564 1381 1684 1419 cum
1738 1368 1873 1421 nihil
1932 1369 2079 1423 exsi-

499 1442 697 1500 st'erem
742 1448 858 1515 ipso
896 1464 1073 1503 rerum
1108 1452 1263 1507 initio
1313 1454 1591 1522 rllinxisti,
1626 1468 1678 1512 et
1707 1461 1950 1528 quotidie
1984 1462 2076 1517 de-

500 1538 841 1609 linquentem
877 1551 1177 1610 sustinens,
1202 1555 1610 1607 conversionem
1644 1565 1947 1622 exstiectas.
1982 1558 2078 1612 Est

501 1647 633 1702 ergo
683 1649 866 1689 sermo
927 1640 994 1693 de
1051 1641 1241 1703 Deo,o
1308 1645 1490 1710 amici,
1546 1647 1700 1701 valde
1733 1648 1985 1713 difficilis,
2024 1658 2078 1705 et

502 1728 1054 1793 comprehensionem
1090 1748 1305 1787 omnem
1347 1748 1658 1806 exsuperat,
1720 1756 1825 1793 non
1862 1748 2073 1795 tantum

499 1817 696 1880 nostri,
734 1835 965 1887 quorum
992 1822 1285 1878 intellectui
1321 1826 1608 1881 affectuum
1639 1830 1867 1899 caligine
1925 1831 2078 1885 obte-

501 1906 730 1961 uehrato
750 1909 895 1964 clara
944 1912 1081 1965 visio
1132 1929 1236 1967 non
1267 1918 1601 1984 conceditur,
1660 1920 1751 1973 sed
1791 1920 1856 1975 iis
1905 1921 2066 1974 etiam

503 1998 597 2065 qui
668 1998 721 2051 in
782 2002 1244 2069 speutlationibus
1304 2007 1603 2077 profecere,
1661 2012 1803 2080 quod
1874 2028 2066 2082 puram
2101 1982 2141 2038 Β

503 2089 673 2141 animi
710 2092 1093 2159 cogitationem
1129 2110 1543 2154 conservarunt.
1578 2101 1849 2166 Quantum
1887 2104 2077 2158 nihilo-

502 2179 687 2233 minus
741 2183 805 2235 ad
864 2195 1108 2240 nostram
1166 2200 1399 2244 mentem
1449 2194 1689 2261 pervenit
1729 2210 1791 2248 ex
1840 2196 1929 2259 iis,
1981 2196 2073 2266 qui

505 2274 722 2341 Spiritui
754 2276 956 2332 addicti
989 2281 1427 2350 declaraverunt,
1472 2285 1667 2356 duplex
1696 2298 1747 2341 et
1774 2288 2073 2342 secundum

508 2365 785 2421 diversum
822 2371 1039 2425 modum
1070 2373 1327 2441 innotuit,
1387 2377 1523 2432 alter
1580 2380 1771 2434 unitati
1826 2381 2078 2436 essentia:

504 2458 621 2515 sive
644 2470 853 2514 natum
871 2464 1127 2532 pr0prius
1157 2476 1264 2532 est,
1294 2467 1429 2522 alter
1450 2470 1677 2527 triuitati
1696 2488 2072 2542 personarum,

509 2548 626 2604 sive
647 2552 1036 2621 hypostaseon,
1069 2560 1210 2626 quod
1244 2561 1385 2617 idem
1418 2564 1711 2618 estdicere.
1741 2562 1896 2620 Unus
1930 2568 2073 2620 enim

502 2645 741 2698 essentia
776 2654 830 2701 et
868 2657 1059 2703 natura
1088 2665 1212 2705 cum
1243 2652 1386 2709 Deus
1416 2656 1507 2722 sit,
1530 2657 1582 2710 in
1620 2656 1791 2711 tribus
1822 2658 2079 2729 hyposta-

506 2735 683 2800 sibus,
707 2738 822 2793 sive
844 2743 1092 2810 personis
1109 2748 1439 2813 agnoscitur,
1467 2747 1649 2812 Pater,
1671 2748 1860 2814 Filius,
1884 2762 1935 2806 et
1958 2750 2081 2821 Spi-

508 2829 646 2884 ritus
681 2841 903 2885 sanctus
928 2849 1024 2887 sua
1080 2839 1408 2905 proprietate
1439 2841 1549 2895 haec
1576 2855 1701 2897 sunt
1722 2854 1774 2897 et
1798 2843 2076 2913 dicuntur,

509 2919 939 2990 unumquodque
968 2927 1268 2979 secundum
1302 2944 1361 2983 se
1395 2931 1735 2986 considerata
1781 2933 1921 2987 Deus
1952 2950 2078 3004 per-

506 3004 683 3063 fectus
725 3030 737 3064 :
774 3026 1076 3082 rursusque
1105 3017 1219 3071 haec
1251 3021 1347 3073 tria
1373 3020 1510 3076 Deus
1543 3039 1683 3079 unus
1708 3028 2076 3094 cognoscitur,

509 3102 635 3154 dum
684 3118 859 3174 neque
913 3109 1215 3163 secundum
1252 3115 1609 3181 proprietates
1659 3117 1855 3172 divisio
1890 3119 2076 3174 'aliam

507 3202 757 3248 naturam
820 3196 1117 3268 ingeneret,
1197 3218 1371 3272 neque
1430 3208 1731 3260 secundum
1789 3210 2075 3263 essentiam

2177 743 2321 791 στον,
2347 726 2447 794 τὴν
2482 725 2804 794 ἁγιαστικὴν
2835 723 2980 795 ζωὴν
3018 724 3112 776 καὶ
3153 724 3511 791 φωτιστικῆν,
3536 726 3720 794 τολμή-

2177 835 2275 882 σας
2300 817 2411 870 λύω
2439 819 2538 887 τὴν
2595 818 2843 886 γλῶτταν
2898 817 2926 869 6
2972 818 3230 887 γηγενὴς,
3289 817 3459 887 μηδὲν
3497 817 3718 886 μηδόλως

2176 909 2684 981 προκαθαράμενος,
2735 911 2768 980 ἦ
2818 910 2943 977 τόγε
2994 910 3361 980 μετριώτερον
3410 910 3583 962 εἰπεῖν
3632 929 3718 964 κα-

2177 1001 2521 1072 Θαιρόμενος.
2586 1002 2722 1055 Ούδὲ
2754 1002 2862 1074 γὰρ
2894 1002 3181 1072 ὀλιγωρίᾳ,
3233 1001 3307 1070 μὴ
3340 1000 3484 1053 οὕτω
3518 1002 3718 1072 μανείην

2176 1092 2359 1156 αὐτὸς,
2397 1092 2522 1145 οὔτε
2551 1094 2657 1163 μὴν
2688 1093 2883 1163 ἀγνοίᾳ
2913 1093 3013 1161 τῆς
3039 1094 3267 1164 ἀπείρου
3313 1094 3410 1146 καὶ
3449 1095 3717 1161 ἀπροσίτου

2178 1201 2271 1237 σου
2300 1184 2456 1255 δόξης
2489 1185 2690 1256 ταύτην
2728 1185 2987 1255 ποιοῦμαι
3038 1186 3135 1255 τὴν
3185 1185 3544 1255 ἐπιχείρησιν,
3574 1185 3644 1254 τῷ
3674 1187 3720 1239 δὲ

2176 1276 2405 1346 πελάγει
2457 1277 2676 1349 θαρρῶν
2726 1279 2826 1348 τῆς
2877 1278 2974 1347 σῆς
3030 1277 3388 1347 ἀγαθότητος,
3436 1278 3503 1330 δι’
3557 1279 3723 1348 ἦνκαὶ

2180 1370 2348 1441 μόνην
2410 1371 2575 1440 μηδὲν
2622 1370 2752 1423 ὄντα
2798 1387 2862 1439 με
2909 1370 3191 1437 καταρχὰς
3239 1367 3721 1439 ὲπλαστούργησας,

2177 1458 2273 1512 καὶ
2337 1458 2665 1529 καθημέραν
2725 1456 3175 1527 πλημμελοῦντος
3236 1450 3423 1526 ἀνέχτῖ
3471 1472 3591 1522 μου,
3638 1454 3723 1527 τὴν

2178 1552 2514 1624 ἐπιστροφὴν
2542 1550 2915 1620 ἐκδεχόμενος.
2958 1551 3119 1601 Ἐστι
3146 1549 3244 1616 μὲν
3267 1544 3362 1600 οὖν
3389 1547 3418 1598 6
3449 1547 3574 1615 περὶ
3608 1546 3723 1598 Θεοῦ

2177 1645 2354 1713 λόγος,
2383 1640 2427 1698 ὦ
2460 1637 2628 1704 οὗτοι,
2670 1643 2764 1696 καὶ
2811 1644 2951 1696 πάνυ
2991 1659 3073 1694 τοι
3108 1640 3379 1711 δυσχερὴς
3404 1640 3502 1691 καὶ
3533 1638 3727 1707 δυσέφι·
3815 1653 3819 1658 ’

2177 1753 2303 1799 κτος
2356 1737 2417 1789 ού
2479 1736 2637 1804 μόνον
2673 1735 2805 1804 ἡμῖν
2834 1730 2915 1797 οἷς
2970 1736 3033 1786 τὸ
3091 1732 3322 1804 φρονοῦν
3378 1732 3442 1783 ὲκ
3487 1731 3585 1798 τῆς
3634 1730 3728 1782 τῶν

2179 1827 2373 1882 παθῶν
2395 1825 2589 1897 ἀχλύος
2621 1824 2955 1895 ὲπιπροσθού
2966 1841 3126 1893 μενον
3159 1825 3218 1876 ού
3246 1824 3607 1892 συγχωρεῖται
3635 1837 3729 1888 τη-

2179 1920 2396 1987 λαυγῶς
2435 1918 2698 1989 καθορᾷν,
2735 1916 2872 1970 ἀλλὰ
2903 1919 2993 1970 καὶ
3020 1917 3132 1976 τοῖς
3159 1916 3217 1969 ὲν
3263 1916 3471 1985 Θεωρία
3500 1913 3729 1981 διαϐεϐη-

2178 2011 2349 2073 κόσιν,
2402 2011 2466 2063 ἐκ
2502 2009 2595 2062 τοῦ
2641 2008 2879 2076 καθαρδν
2911 2007 3149 2076 τηρῆσαι
3182 2006 3243 2059 τὸ
3292 2007 3389 2073 τῆς
3433 2005 3609 2073 ψυχῆς
3652 2004 3727 2056 λο-

2177 2101 2483 2170 γιζόμενον.
2519 2099 2687 2152 Ὅσον
2730 2098 2774 2151 δ’
2806 2098 2898 2150 οὖν
2925 2098 3075 2165 ὅμως
3114 2098 3194 2158 είς
3226 2096 3317 2147 τὸν
3349 2096 3614 2165 ἡμέτερον
3639 2088 3722 2163 ἧκε

2177 2194 2324 2259 νοῦν,
2359 2193 2417 2258 ἐξ
2451 2188 2525 2246 ὧν
2556 2193 2605 2244 oi
2635 2188 2730 2244 τοῦ
2778 2188 3086 2257 πνεύματος
3134 2186 3528 2255 διετράνωσαν,
3573 2183 3722 2245 διττὸς

2176 2286 2580 2354 ἀναπέφανται,
2614 2281 2874 2336 καὶκατὰ
2913 2280 3117 2350 τρόπον
3153 2276 3428 2345 διάφορον,
3465 2278 3493 2328 6
3537 2275 3628 2344 μὲν
3660 2273 3720 2343 τῷ

2181 2377 2455 2448 μοναδικῷ
2479 2377 2577 2446 τῆς
2608 2375 2796 2437 οὐσίας
2825 2374 3070 2444 πρέπων,
3109 2371 3207 2423 εἰτ’
3249 2368 3343 2422 οὖν
3372 2367 3472 2437 τῆς
3514 2365 3716 2434 φύσεως,

2178 2471 2206 2523 6
2231 2468 2286 2521 δὲ
2313 2466 2391 2538 τῷ
2415 2466 2678 2538 τριαδικῷ
2720 2465 2832 2519 τῶν
2875 2462 3207 2539 προσώπων,
3257 2460 3453 2513 ταύτδν
3480 2459 3535 2511 δὲ
3561 2458 3714 2526 φάναι,

2178 2562 2287 2616 τῶν
2336 2560 2707 2613 ύποστάσεων.
2756 2552 2851 2619 Εἷς
2876 2556 2984 2625 γὰρ
3038 2555 3160 2608 κατ’
3208 2552 3400 2606 οὐσίαν
3455 2551 3544 2603 καὶ
3584 2548 3716 2616 enim

2178 2651 2253 2706 ὢν
2306 2652 2334 2703 6
2383 2651 2514 2712 Θεὸς
2565 2650 2624 2702 ὲν
2671 2647 2850 2717 τρισὶν
2907 2646 3238 2700 ὑποστάσεσι
3291 2643 3385 2696 καὶ
3439 2639 3716 2711 προσώποις

2179 2741 2535 2823 ’γνωρίζεταιζ
2560 2739 2777 2809 Πατὴρ,
2822 2737 2969 2801 Υἱὸς,
3010 2738 3106 2790 καὶ
3139 2735 3363 2804 Πνεῦμα
3394 2734 3565 2801 ἆγιον,
3608 2732 3717 2784 ἰδια-

2181 2837 2380 2902 ζόντως
2439 2834 2555 2887 ἐστί
2608 2849 2668 2886 τε
2706 2831 2880 2888 ταῦτα
2927 2831 3018 2884 καὶ
3070 2829 3313 2898 λέγεται,
3365 2828 3496 2889 Θεὸς
3546 2825 3718 2885 τέλεος

2179 2930 2410 2985 ἕκαστον
2445 2927 2567 2980 καθ’
2611 2926 2771 2979 ἑαυτὸ
2822 2922 3213 2995 θεωρούμενον,
3246 2922 3341 2973 καὶ
3382 2920 3539 2973 πάλιν
3573 2921 3641 2978 είς
3664 2922 3717 2967 τὰ

2179 3028 2307 3095 τρία
2349 3024 2479 3084 Θεὸς
2524 3019 2952 3089 γινωσκόμενος,
3001 3013 3124 3068 οὒτε
3154 3014 3255 3080 τῆς
3300 3012 3441 3112 κατὰ
3482 3010 3578 3112 τὰς
3617 3008 3720 3060 i626-

2179 3132 2350 3186 τητας
2374 3113 2694 3183 διαιρέσεως
2721 3107 3100 3177 ἐργαζομένης
3130 3102 3481 3172 ἀλλοτρίωσιν
3518 3102 3717 3169 φύσεως,

2180 3209 2304 3263 οὕτε
2348 3206 2448 3276 τῆς
2494 3205 2617 3257 κατ’
2672 3202 2860 3256 οὐσίαν
2908 3199 3154 3262 ἑνώσεως
3205 3196 3472 3266 σύγχυσιν
3518 3194 3721 3245 {amarit-

507 3284 639 3339 uuio
674 3285 1036 3356 hyposlaseou
1085 3292 1487 3359 confusionem,
1552 3295 1626 3350 uti
1662 3295 1824 3353 Arius
1854 3300 2077 3354 insania

2185 3319 2346 3365 σεων,
2375 3299 2451 3362 ὡς
2479 3298 2699 3365 Ἀρειος
2734 3295 2761 3347 6
2796 3294 2891 3362 τῆς
2932 3291 3128 3362 μανίας
3156 3290 3470 3357 ἐπώνυμος,
3518 3284 3605 3339 καὶ
3641 3282 3724 3334 Σα-

505 3380 871 3447 cognominis,
916 3392 969 3435 et
1022 3396 1051 3435 a
1084 3392 1263 3437 mente
1303 3386 1571 3441 deductus
1629 3388 1918 3453 Sabellius,
1971 3390 2075 3443 sibi

465 3477 699 3523 -mutuo
755 3471 1128 3541 adversantes,
1188 3476 1278 3530 hic
1326 3478 1627 3535 divinitatis
1682 3482 2074 3544 concisionem,

507 3561 600 3615 ille
636 3578 993 3631 personarum
1031 3572 1469 3627 commtstiouem
1505 3574 1667 3643 impie
1697 3574 2073 3629 decreverunt.

508 3651 646 3708 Vita:
705 3659 971 3727 siquidem
1037 3663 1288 3731 princeps
1339 3664 1537 3731 datrix,
1612 3681 1678 3721 ac
1726 3667 2075 3721 sanctissima

509 3745 668 3803 Trias
719 3751 979 3805 dividitur
1029 3754 1280 3817 indivise,
1333 3764 1387 3810 et
1434 3757 1651 3813 divisim
1704 3759 2076 3828 Conjttttgilur,

508 3840 651 3907 quod
676 3839 999 3897 admirabile
1041 3852 1143 3899 est.
1190 3842 1556 3903 Nihilominus
1615 3847 1772 3903 Pater
1813 3849 2079 3917 principio

511 3939 566 3982 et
598 3945 763 3985 causa
795 3942 943 3986 caret
973 3950 985 3985 :
1018 3950 1195 4004 neque
1241 3937 1387 3991 enim
1445 3954 1506 3993 ex
1541 3939 1724 4010 aliquo
1750 3950 1856 3995 est.
1907 3939 2079 3995 Filius

510 4035 642 4076 vero
663 4032 715 4076 et
748 4024 1010 4090 Spiritus,
1048 4027 1176 4082 licet
1200 4029 1246 4083 si
1280 4039 1491 4099 tempus
1518 4044 1747 4101 spectes,
1777 4033 1938 4087 etiam
1961 4032 2077 4100 ipsa

511 4112 721 4166 nullum
746 4114 833 4168 sui
863 4116 1191 4187 principium
1230 4120 1430 4175 habent
1460 4140 1474 4176 :
1512 4125 1782 4192 quomodo
1812 4124 1959 4178 enim
1978 4124 2080 4178 sub

510 4213 759 4272 tempore
816 4216 1118 4277 temporum
1162 4211 1336 4266 factor
1380 4224 1432 4268 et
1467 4215 1723 4270 creator?
1769 4216 2078 4270 Secundum

514 4312 679 4365 porro
710 4299 871 4351 aliam
913 4304 1174 4357 rationem
1208 4320 1316 4357 non
1369 4306 1579 4376 absque
1609 4308 1899 4379 principio,
1955 4324 2078 4362 cum

513 4401 619 4442 non
646 4389 758 4443 sint
780 4391 986 4462 absque
1016 4409 1216 4449 causa:
1251 4406 1480 4467 utraque
1506 4399 1772 4462 siquidem
1800 4415 1863 4454 ex
1898 4400 2079 4462 Patre,

511 4480 609 4534 sed
645 4495 753 4535 non
779 4483 1050 4551 similiter,
1094 4501 1270 4558 neque
1293 4491 1410 4559 pari
1448 4492 1611 4546 modo
1639 4509 1652 4545 :
1681 4507 1802 4551 cunt
1836 4508 2083 4547 necessa-

509 4571 650 4624 rium
682 4571 751 4627 sit
781 4573 836 4627 in
869 4574 955 4629 his
1006 4591 1225 4645 quoque
1257 4581 1551 4636 discrimen
1588 4597 1730 4646 esse,
1795 4593 1853 4637 ut
1878 4591 1931 4638 et
1966 4583 2082 4643 haec

2178 3394 2391 3455 δέλλιος
2422 3393 2450 3444 ὁ
2486 3388 2843 3460 ματαιόφρων
2895 3385 2953 3451 ἐξ
2997 3379 3246 3445 ἐναντίας
3272 3378 3523 3450 ἀλλήλοις
3561 3375 3720 3438 ἰόντες,

2177 3489 2205 3541 6
2250 3486 2350 3557 μὲν
2392 3480 2705 3551 κατατομὴν
2736 3479 3026 3545 Θεότητος,
3061 3475 3091 3529 6
3127 3474 3184 3529 δὲ
3231 3472 3554 3541 συναλοιφὴν
3587 3484 3723 3539 προς-

2178 3579 2342 3632 ὡπων
2396 3574 2609 3636 ἀσεσῶς
2656 3571 3043 3642 ἐδογμάτισαν.
3088 3568 3393 3638 Διαιρεῖται
3438 3564 3544 3633 γὰρ
3579 3562 3723 3615 ἀδιαι-

2181 3667 2351 3737 ρέτως
2402 3668 2436 3733 ἡ
2482 3660 2913 3733 ζωαρχικωτάτη
2962 3658 3058 3712 καὶ
3119 3654 3362 3724 παναγία
3416 3653 3603 3726 Τριάς,
3648 3654 3724 3705 καὶ

2182 3756 2515 3810 συνάπτεται
2572 3752 2941 3824 διῃρημένως,
3003 3749 3033 3802 ὃ
3085 3750 3177 3802 καὶ
3232 3744 3554 3813 παράδοξον.
3606 3743 3724 3813 Πλὴν

2178 3848 2206 3901 6
2234 3846 2330 3917 μὲν
2365 3846 2550 3915 Πατὴρ
2573 3844 2806 3915 ἄναρχός
2858 3858 2916 3895 τε
2971 3839 3064 3893 καὶ
3115 3840 3379 3900 ἀναίτιος,
3425 3836 3487 3888 ού
3520 3834 3620 3904 γὰρ
3674 3834 3725 3884 ἐκ

2179 3958 2343 4003 τινος.
2408 3941 2468 3992 ὐ
2521 3938 2579 3992 δὲ
2641 3939 2762 4000 Υἱὸς
2800 3933 2983 3989 καὶτὸ
3034 3931 3281 4001 Πνεῦμα,
3340 3929 3447 3981 κᾶν
3508 3930 3555 3981 εί
3608 3925 3721 3978 κατὰ

2181 4033 2394 4105 χρόνον,
2430 4034 2525 4084 καὶ
2563 4029 2737 4084 ταῦτα
2761 4029 3072 4097 συνάναρχα
3094 4043 3105 4053 ·
3143 4026 3258 4086 πῶς
3292 4024 3402 4092 γὰρ
3438 4022 3723 4120 ὐπὸ-χρόνον

2180 4127 2209 4178 6
2266 4125 2373 4178 τῶν
2404 4123 2609 4195 χρόνων
2639 4122 2866 4193 ποιητὴς
2897 4124 2988 4173 καὶ
3029 4117 3396 4188 δημιουργόςς
3426 4117 3566 4170 κατὰ
3616 4117 3721 4181 γοῦν

2181 4216 2370 4287 ἕτερον
2407 4215 2570 4283 λόγον
2604 4215 2702 4267 ούκ
2739 4214 2973 4282 άναρχα,
3001 4211 3190 4279 διόπερ
3223 4209 3343 4261 οὐδὲ
3374 4207 3605 4261 ἀναίτια.
3634 4202 3721 4256 Καὶ

2182 4309 2351 4377 ἄμφω
2381 4306 2487 4376 γὰρ
2529 4308 2599 4358 ’ἑκ
2632 4305 2864 4374 Πατρός,
2901 4303 2963 4355 οὐ
3002 4303 3108 4373 μὴν
3151 4301 3439 4362 ὡσαύτως,
3470 4298 3587 4351 οὐδὲ
3610 4295 3721 4347 κατὰ

2181 4400 2382 4467 τρόπον
2427 4398 2518 4450 τὸν
2569 4397 2774 4465 ὅμοιον,
2810 4394 3040 4463 ἐπείπερ
3100 4394 3315 4460 ἀνάγκη
3386 4390 3489 4443 κάν
3544 4386 3719 4444 τούτοις

2185 4486 2324 4544 εἶναι
2358 4490 2640 4559 διαφορὰν,
2686 4489 2772 4539 ἵνα
2807 4487 3093 4540 καὶταῦτα
3143 4487 3278 4555 πρὸς
3311 4484 3517 4552 ἄλληλα
3547 4477 3720 4546 διακρί-

2185 4603 2405 4640 νωνται.
2451 4582 2757 4635 Κὰντεῦϐεν
2789 4582 2822 4648 ἡ
2875 4578 3042 4649 Τριὰς
3092 4578 3309 4650 ἀληθῶς
3355 4594 3390 4651 ῃ
3436 4578 3605 4648 τριὰς,
3633 4573 3715 4627 ὦπα

510 4662 655 4717 inter
691 4665 869 4734 seipsa
923 4668 1340 4736 discernantur;
1404 4673 1640 4743 indeque
1672 4673 1913 4731 Trinitas
1955 4692 2077 4733 vere

2186 4696 2291 4752 περ
2318 4680 2437 4733 κατ’
2463 4678 2652 4732 οὐσίαν
2681 4677 2798 4731 ἐστὶ
2829 4676 3015 4746 μονάς.

510 4754 725 4811 trinitas
753 4759 845 4822 sit,
873 4761 1330 4828 quemadmodum
1349 4766 1586 4820 essentia
1625 4768 1804 4824 unitas
1837 4779 1939 4824 est.

581 4847 672 4915 11,
717 4850 899 4914 Quare
961 4849 1133 4907 Filius
1208 4855 1427 4924 quidem
1477 4868 1790 4928 generatur,
1851 4860 2084 4930 Spiritus

511 4953 661 5007 vero,
689 4950 749 4995 ut
775 4956 804 4995 a
831 4943 938 4996 Deo
971 4944 1169 4999 tradita
1208 4947 1424 5017 eloquia
1455 4949 1667 5015 dicunt,
1708 4953 1972 5020 procedit,
1998 4956 2081 5008 di-

509 5045 683 5087 versa:
714 5034 1100 5103 appellationes
1127 5039 1193 5093 de
1217 5038 1449 5096 diversis
1472 5044 1831 5101 exsistentiis.
1859 5044 1962 5099 Sed
1996 5048 2083 5102 hic

510 5125 865 5193 dissidiorum
904 5129 1042 5184 inter
1068 5145 1167 5185 nos
1195 5147 1359 5188 causa
1394 5145 1638 5205 apparet,
1681 5136 1749 5203 ob
1770 5153 1931 5207 quam
1987 5154 2087 5192 ua-

514 5219 688 5275 tioues
721 5219 943 5291 integrae
978 5223 1146 5278 multo
1189 5225 1258 5279 ab
1294 5226 1421 5282 hinc
1480 5237 1744 5298 tempore,
1790 5246 1911 5299 qua:
1957 5242 2083 5285 ante

512 5312 652 5369 alias
679 5313 897 5369 Christo
931 5316 1153 5370 nomina
1208 5318 1494 5386 dederunt,
1549 5320 1784 5392 indeque
1835 5306 1937 5378 sibi
1988 5338 2082 5378 no-

516 5423 638 5461 men
674 5407 1009 5474 indideruut,
1042 5407 1219 5464 Latini
1252 5410 1471 5479 inquam
1505 5421 1560 5466 et
1592 5411 1784 5476 Graeci,
1834 5429 1862 5466 a
1887 5415 2083 5493 seipsis

509 5501 796 5570 disjuncta:
827 5512 1088 5571 separata:
1120 5511 1267 5568 sunt,
1321 5519 1538 5574 unaque
1562 5520 1684 5558 cum
1721 5506 1828 5560 illis
1865 5507 2083 5579 reliqua:

510 5610 702 5651 onmes
729 5594 1173 5663 Christianorum,
1209 5588 1475 5653 nationes
1514 5596 1763 5653 abducta:
1806 5608 1957 5665 sunt,
2003 5600 2083 5655 sic

513 5688 866 5760 improbitate
890 5687 1144 5757 Satanica
1178 5689 1424 5760 ingentes
1457 5699 1827 5760 tempestates,
1869 5700 1925 5746 et
1953 5692 2079 5749 saevi

510 5788 711 5842 ﬂuctus
741 5786 1044 5844 Ecclesiam
1077 5799 1421 5868 oppressere,
1450 5783 1757 5853 misereque
1790 5783 2082 5840 vehemens

511 5879 676 5935 turbo
708 5880 915 5945 amixit,
944 5890 1106 5949 atque
1130 5878 1375 5950 iactavit.
1406 5876 1532 5943 Inde
1563 5892 1741 5931 rerum
1770 5885 2081 5951 nostrarum

517 5973 724 6038 attritio
757 5983 811 6029 et
863 5972 1113 6027 interitus
1165 5980 1458 6028 consecuta
1505 5980 1654 6038 sunt,
1717 5985 1836 6040 quae
1897 5970 2082 6039 utique

2257 4875 2347 4922 ια’.
2382 4865 2589 4925 Οὐκοῦν
2643 4866 2671 4917 6
2720 4864 2818 4933 μὲν
2853 4862 2978 4926 Υἱὸς
3010 4862 3285 4930 γεννᾶται,
3318 4863 3380 4913 τὸ
3424 4862 3481 4913 δὲ
3508 4859 3713 4928 Πνεῦμα,

2185 4960 2365 5021 καθὼς
2423 4961 2491 5013 τὰ
2545 4956 2918 5028 Θεοπαράδοτα
2946 4956 3102 5021 λόγιά
3132 4971 3319 5022 φασιν,
3372 4954 3713 5024 ἐκπορεύεται,

2183 5053 2434 5123 διάφοροι
2480 5050 2703 5121 κλήσεις
2763 5048 2856 5100 ἐπὶ
2898 5046 3178 5115 διαφόροις
3227 5045 3545 5115 ὑπάρξεσιν.
3605 5039 3711 5096 Ἀλλ’

2187 5140 2421 5197 ἐνταῦθα
2466 5139 2559 5193 καὶ
2611 5137 2681 5190 τὰ
2735 5137 2834 5205 τῆς
2857 5133 3155 5202 διαφωνίας
3190 5135 3323 5203 ἡμῖν
3379 5131 3711 5201 ἀναφαίνεται,

2184 5234 2254 5288 δι’
2278 5233 2346 5306 ἢν
2378 5222 2547 5289 πάλαι
2586 5230 2685 5303 μὲν
2723 5229 2849 5299 ἔθνη
2886 5226 3176 5297 διέστησαν
3210 5225 3308 5279 ἀπ’
3352 5225 3591 5297 ἀλλήλων
3624 5219 3711 5273 ὀλό-

2187 5326 2387 5397 κληρα,
2443 5325 2512 5377 τὰ
2560 5320 2793 5392 πρώτως
2835 5318 2943 5371 τῶν
3000 5317 3174 5372 ἄλλων
3208 5318 3317 5370 ἀπὸ
3367 5314 3595 5389 Χριστοῦ
3635 5311 3710 5379 τὴν

2188 5416 2561 5488 προσηγορίαν
2615 5412 3016 5483 πλουτήσαντα,
3069 5409 3288 5464 Λατῖνοί
3333 5410 3397 5464 τέ
3456 5425 3588 5478 φημι
3639 5400 3710 5457 καὶ

2186 5507 2431 5582 Γραικοί.
2492 5508 2603 5558 Ka‘t
2646 5504 2855 5567 τούτοις
2901 5503 2949 5555 τ’
2983 5502 3119 5569 ἄλλα
3150 5501 3328 5557 πάντα
3359 5500 3470 5555 τῶν
3499 5500 3711 5568 Χριστισο

2184 5604 2294 5659 νῶν
2357 5600 2535 5667 γενῶν
2588 5596 3015 5666 συναπήχθησαν
3042 5633 3058 5659 ,
3126 5594 3373 5663 μεγάλης
3440 5591 3596 5661 ζάλης
3640 5584 3710 5639 καὶ

2185 5681 2481 5767 τρικυμίας
2533 5691 2632 5767 τὴν
2675 5686 3005 5758 Ἐκκλησίαν
3045 5685 3461 5757 καταλαϐούσης
3511 5682 3564 5747 ἐξ
3605 5681 3710 5747 ιπη-

2189 5782 2341 5854 ρείας
2389 5778 2716 5848 Σατανικῆς,
2768 5780 2861 5830 καὶ
2904 5775 3102 5829 πολλοῦ
3154 5776 3514 5847 κατασχόντος
3544 5770 3708 5836 ταύτην

2189 5874 2350 5928 σάλου
2389 5873 2481 5938 καὶ
2509 5870 2799 5943 κλύδωνος,
2823 5869 2885 5952 ἐξ
2912 5864 2984 5925 ὧν
3014 5868 3193 5940 φθορᾶ
3224 5870 3320 5945 καὶ
3355 5865 3598 5938 συντρισὴ
3624 5862 3705 5918 τοῖς

2188 5966 2475 6038 ἡμετέροις
2505 5968 2801 6035 συνήντησε
2830 5965 3170 6035 πράγμασιν,
3196 5962 3271 6030 ὡς
3294 5953 3704 6029 προὸἧναιταύτα
