3932 6570
172 476 317 548 1049

1023 489 1120 551 DE
1161 490 1678 551 PRDCESSIUNE
1720 492 1778 550 S.
1826 490 2187 550 SPllll'l‘US
2226 491 2452 551 ORAT.
2496 491 2525 551 Ι

3285 478 3418 541 1050

168 598 268 650 καὶ
330 598 465 669 πρὸς
523 592 760 671 παντελῆ
803 598 895 654 τὸν
922 597 1230 673 ἀφανισμὸν
1283 604 1378 656 καὶ
1429 602 1528 670 τὴν
1580 600 1753 667 έξολό-
1779 600 1808 659 Α

1899 602 2232 658 errenissent
2261 601 2327 657 ad
2365 602 2631 671 integram
2655 599 3015 670 perditionem
3051 606 3214 665 atque
3256 595 3425 649 inter-

173 684 427 760 Θρευσιν,
468 691 722 763 καθάπερ
753 694 998 755 εἰπόντες
1032 693 1276 767 ἔφθημεν
1318 694 1544 758 ἄνωθεν,
1592 695 1639 747 εί
1675 694 1751 764 μὴ

175 779 386 851 Κύριος
417 783 665 852 ἐναργῶς
697 784 851 854 ἡμῶν
883 784 1231 852 ἀντελάϐετο,
1263 787 1357 838 καί¹
1384 786 1480 837 νῦν
1519 785 1576 838 δὲ
1609 785 1752 853 μετὰ

172 873 278 942 τὴν
329 875 429 943 τῆς
480 874 738 947 ἀληθείας
780 875 1036 948 εὕρεσιν,
1079 879 1174 931 καὶ
1216 877 1541 947 κατάληψιν,
1584 877 1651 948 ἢν
1694 877 1755 929 τὸ

176 963 410 1034 Πνεῦμα
452 964 515 1018 τὸ
554 966 713 1033 ἆγιον
748 968 1078 1039 ἐχορήγησε,
1127 968 1233 1023 τῶν
1280 970 1567 1038 ἡμετέρων
1612 966 1755 1028 τινὲς

175 1056 281 1125 τῆς
317 1058 589 1127 προτέρας
619 1056 845 1130 γνώμης
880 1063 975 1114 καὶ
1007 1056 1074 1115 αὖ
1105 1062 1479 1131 ἀντεχόμενοι,
1513 1062 1756 1130 βλασφη-

182 1148 323 1216 μίαν
346 1150 459 1213 τοῖς
487 1151 553 1202 ἐκ
600 1151 697 1218 τῆς
734 1151 843 1203 τῶν
911 1151 1201 1223 Ῥωμαίων
1240 1153 1565 1220 Ἐκκλησίας
1594 1155 1759 1219 ὲπεγ-

179 1238 436 1301 καλοῦσι,
473 1243 554 1295 ὅτι
585 1243 692 1295 κάκ
720 1244 814 1296 τοῦ
845 1242 972 1297 Υίοῦ
1003 1246 1063 1298 τὸ
1090 1245 1314 1316 Πνεῦμα
1345 1245 1757 1315 πρεσϐεύουσιν,

180 1334 280 1384 καὶ
325 1334 416 1387 τὸν
452 1336 594 1388 κατὰ
619 1335 749 1389 Θεὸν
781 1336 939 1406 ἡμῶν
967 1337 1276 1391 ἑνωθέντων
1310 1344 1523 1399 τούτοις
1576 1335 1762 1399 κακῶς

180 1425 597 1493 ἁποσχίξονται,
651 1427 946 1481 σκάνδαλον
996 1429 1072 1490 ὡς
1121 1430 1326 1482 ἐπίπαν
1372 1428 1466 1482 καὶ
1518 1427 1761 1500 ταραχὴν

178 1517 577 1588 οἰκουμενικὴν
608 1519 914 1590 ἐμποιῆσαι
959 1521 1373 1585 σπουδάζοντες.
1408 1521 1627 1591 Γυμνῆς
1656 1522 1764 1591 γάρ

182 1608 347 1673 ἅπαξ
372 1613 469 1679 τῆς
503 1611 614 1665 ἀνω
649 1611 910 1683 meum;
945 1614 1307 1683 εύαγγελικῆς
1338 1613 1629 1683 λαϐόμενοι
1671 1611 1764 1665 τοῦ

184 1700 448 1770 Σωτῆρος
472 1705 681 1774 φωνῆς,
716 1705 941 1775 ἀμέσως
976 1707 1039 1758 ὲκ
1073 1705 1166 1758 τοῦ
1207 1706 1418 1775 Πατρός
1457 1706 1515 1758 τὸ
1544 1704 1768 1773 Πνεῦμα

182 1795 449 1864 λέγουσιν
476 1798 893 1866 ἐκπορεύεσθαι,
940 1800 1080 1869 μήτε
1122 1800 1188 1868 τῇ
1229 1800 1331 1869 πρὸ
1369 1799 1574 1869 ταύτης
1620 1799 1768 1868 πάσῃ

188 1890 476 1958 περικοπῇ
507 1889 597 1940 τὸν
634 1889 757 1942 νοῦν
787 1890 1195 1958 ὲφιστάνοντες,
1238 1891 1305 1942 δι’
1352 1885 1418 1960 ἦς
1448 1891 1563 1952 τοῖς
1598 1905 1771 1958 προσ-

188 1979 417 2050 έχουσιν
449 1984 697 2035 ὁπωσοῦν
755 1983 858 2053 ούκ
896 1982 1051 2046 ἐκτὸς
1096 1983 1365 2053 ὑπάρχειν
1404 1981 1500 2034 τοῦ
1536 1979 1668 2034 Υἱοῦ
1710 1980 1770 2032 τὸ
1801 1964 1855 2026 ιι

192 2073 433 2143 Πνεῦμα
482 2076 989 2146 καταλαμϐάνεται,
1049 2076 1146 2129 καὶ
1199 2076 1297 2137 τὰς
1350 2074 1474 2128 καθ’
1534 2073 1775 2143 ἑκάστην

189 2168 718 2238 ἀναγινωσκομένας
743 2169 836 2222 ἐπ’
874 2168 1203 2237 Ἐκκλησίας
1236 2168 1328 2220 τοῦ
1362 2167 1599 2237 μεγάλου
1629 2164 1777 2219 Παύ-

194 2258 322 2324 λου,
350 2260 446 2311 τοῦ
486 2262 584 2330 τῆς
631 2260 913 2324 εὐσεϐείας
960 2260 1288 2332 προστάτου,
1336 2260 1547 2330 ῥήσεις,
1596 2258 1653 2312 αἳ
1680 2259 1779 2327 τῆς

1857 695 2167 759 necionem,
2221 700 2280 747 ut
2349 709 2513 763 supra
2562 689 3131 752 commemoravimus,
3186 687 3239 745 ni
3281 685 3423 740 Deus

1857 788 2000 841 clare
2036 786 2194 840 nobis
2239 785 2517 854 suppetias
2545 783 2778 838 tulisset.
2833 781 2895 834 Et
2931 790 3058 834 tunc
3084 778 3247 833 etiam
3301 782 3425 845 post

1857 888 2124 947 repertam
2151 876 2651 944 deprchetisatnqtte
2687 873 2996 933 veritatem,
3034 883 3196 938 quam
3246 865 3426 935 Spiri-

1860 978 1947 1024 tus
1982 977 2207 1024 sanctus
2234 967 2493 1036 elargitus
2525 974 2628 1028 cst,
2662 980 2726 1018 ex
2761 963 2964 1017 nostris
2988 959 3234 1014 nunnulli
3275 958 3425 1026 prio-

1860 1079 1982 1119 rum
2008 1061 2330 1116 sententiam
2382 1067 2804 1129 pmpugnantcs,
2867 1055 3124 1109 Romana:
3174 1050 3430 1104 Ecclesiae

1861 1154 2084 1210 asseclis
2117 1151 2468 1221 blasphemiae
2494 1153 2703 1204 crimen
2735 1149 2982 1209 inurunt,
3017 1145 3160 1214 quod
3195 1159 3260 1196 ex
3293 1140 3432 1194 Filio

1862 1246 2121 1317 Spiritum
2144 1251 2421 1305 asserunt,
2453 1251 2552 1297 eta
2579 1241 2757 1306 nobis,
2789 1239 2880 1308 qui
2916 1238 3212 1292 secundum
3265 1232 3429 1286 Deum

1863 1338 1972 1393 illis
2004 1337 2355 1399 adhaesimus,
2386 1335 2525 1388 male
2553 1333 2942 1390 dissociantur,
2965 1336 3018 1381 et
3045 1325 3359 1380 scandalum
3380 1330 3436 1376 et

1868 1430 2058 1485 turbas
2115 1427 2449 1482 universales
2508 1425 2830 1494 ingenerare
2871 1419 3226 1475 contendunt.
3281 1412 3434 1467 Nuda

1869 1521 2161 1591 siquidem,
2193 1535 2356 1589 quam
2389 1534 2551 1586 supra
2608 1516 2920 1586 posuimus,
2967 1509 3275 1578 evangelica
3312 1504 3438 1559 Sal-

1871 1614 2076 1668 vatoris
2111 1627 2241 1666 voce
2282 1611 2646 1680 apprehensa,
2685 1605 3000 1660 immediate
3024 1618 3086 1656 ex
3118 1599 3277 1653 Patre
3311 1596 3439 1666 Spi-

1871 1708 2037 1762 ritum
2064 1705 2252 1762 dicunt
2284 1702 2598 1772 procedere,
2633 1715 2808 1768 neque
2828 1697 2895 1750 ad
2948 1697 3256 1750 universam
3302 1705 3440 1759 pra:-

1858 1798 2155 1855 cedentem
2190 1796 2500 1863 pericopem
2551 1792 2793 1845 animum
2823 1790 3189 1850 advertentcs,
3226 1798 3332 1853 qua
3358 1782 3442 1837 vel

1876 1889 2375 1963 quomodocumque
2423 1883 2829 1939 attendentibus
2881 1897 2988 1934 non
3041 1888 3196 1934 extra
3244 1875 3442 1931 Filium

1880 1987 2117 2057 Spiritus
2139 1980 2515 2038 cxsistentiam
2550 1993 2674 2034 esse
2710 1968 3187 2044 deprehenditur;
3224 1979 3278 2023 et
3324 1981 3447 2037 quae

1878 2080 2110 2150 singulis
2137 2077 2332 2132 diebus
2357 2075 2410 2129 in
2464 2070 2704 2127 Ecclesia
2732 2066 2911 2136 magni
2943 2064 3095 2118 Pauli
3124 2060 3338 2132 pietatis
3360 2074 3449 2113 as-

1879 2171 2108 2228 sertor-is
2168 2169 2339 2229 dicta,
2400 2162 2648 2217 eamdem
2710 2157 3040 2225 sententiam
3112 2150 3448 2209 insinuantia

1879 2266 2154 2335 leguntur,
2185 2260 2287 2315 levi
2315 2273 2475 2313 manu
2506 2258 2908 2324 percurrentes,
2943 2262 3042 2302 nec
3073 2260 3184 2301 non
3246 2243 3314 2297 de
3349 2242 3452 2296 hac

198 2352 382 2419 αὐτῆς
413 2352 652 2416 διανοίας
704 2355 840 2406 εἰσὶν
889 2354 1352 2424 παρατρέχοντες,
1406 2353 1503 2416 τὰς
1558 2351 1616 2405 δὲ
1650 2351 1782 2424 περὶ

1899 2334 2068 2416 :adetn
2126 2370 2186 2410 re
2239 2352 2440 2421 scripta
2477 2348 2787 2403 divinarum
2828 2343 3084 2403 Patrum,
3142 2338 3195 2390 in
3244 2334 3451 2404 quibus

178 2446 403 2513 ⁸τούτου
455 2448 563 2500 τῶν
616 2448 893 2517 Θεοφόρων
952 2448 1212 2518 Πατέρων
1272 2447 1518 2518 Γραφᾶς,
1580 2448 1638 2499 ὲν
1693 2439 1781 2508 αἷς

1882 2465 2044 2521 quam
2068 2444 2415 2518 apertissime
2468 2457 2564 2511 per
2619 2437 2843 2501 Filium,
2905 2441 2960 2489 et
3014 2447 3083 2487 ex
3141 2429 3280 2485 Filio
3331 2439 3454 2480 esse

197 2541 482 2611 ἀριδηλως
517 2537 655 2594 εἶναι
700 2540 789 2593 διὰ
818 2540 911 2594 τοῦ
938 2540 1070 2594 Υίοῦ
1100 2540 1162 2592 τδ
1193 2539 1419 2613 Πνεῦμα
1451 2541 1784 2610 κηρύττεται

1899 2543 2154 2614 Spiritum
2207 2537 2554 2609 praedicatur,
2594 2531 2745 2585 nullo
2801 2526 2964 2582 modo
3021 2521 3452 2581 considerantes,

201 2634 480 2704 μηδαμῶς
510 2634 928 2703 μελετήσαντες,
959 2633 1075 2686 ἀλλ’
1105 2634 1319 2695 ἑαυτοῖς
1342 2612 1678 2700 κενοφωνίαν
1705 2632 1787 2694 είς

1899 2612 2057 2691 novas
2084 2632 2187 2689 sibi
2217 2644 2399 2695 voces,
2427 2635 2485 2681 ut
2518 2623 2829 2680 hominibus
2861 2618 3138 2689 placeant,
3171 2612 3452 2680 etiingunt.

198 2724 512 2799 ἀρέσκειαν
540 2723 842 2795 ἀνθρώπων
867 2725 1273 2792 ἐπινοήσαντες.

284 2817 378 2890 ιβ’.
455 2820 646 2888 Ἡμεῖς
696 2818 753 2872 δέ
820 2834 1039 2889 φαμεν,
1098 2820 1219 2880 ταῖς
1270 2815 1628 2886 θεοφθόγγοις
1680 2814 1790 2867 τῶν

203 2912 390 2981 ἁγίων
410 2912 727 2983 ἑρμηνείαις
759 2910 1048 2977 ἑπόμενοι,
1076 2906 1284 2961 τούτων
1313 2907 1370 2959 δὲ
1398 2907 1497 2974 τὴν
1526 2906 1584 2959 ὲν
1612 2905 1789 2971 Εὐαγ-

202 3003 416 3074 γελίοις
448 3003 547 3056 οὐκ
579 3002 738 3070 ὀλίγα
770 3000 864 3054 τοῦ
898 2999 1105 3070 Κυρίου
1156 2997 1360 3067 φωνὴν,
1405 3001 1498 3051 καὶ
1526 3000 1624 3059 τὰς
1654 2998 1794 3048 ἁπο-

208 3095 473 3155 στολικὰς
524 3094 714 3165 ῥήσεις
759 3092 858 3161 οὐχ
891 3087 1057 3161 ἦττον
1088 3089 1158 3143 δι’
1191 3090 1362 3158 αὐτῆς
1415 3089 1796 3141 ἀναπτύσσον-

207 3206 328 3252 σιν,
361 3187 428 3250 ἃς
461 3189 558 3239 καὶ
587 3185 871 3257 προϊόντος
901 3183 996 3237 τοῦ
1023 3182 1183 3250 λόγου
1221 3179 1408 3250 σχεδὸν
1437 3177 1621 3239 πάσας
1650 3175 1794 3228 κατὰ

208 3280 414 3349 καιρὸν
440 3279 678 3347 ἑκάστην
709 3278 1038 3347 ἐκθήσομεν,
1080 3277 1163 3328 ὃτι
1207 3273 1269 3325 τὸ
1298 3270 1522 3340 Πνεῦμα
1552 3270 1613 3320 τὸ
1640 3267 1795 3332 ἆγιον

205 3376 283 3429 ὲκ
303 3374 401 3429 τοῦ
431 3372 641 3443 Πατρὺς
675 3374 761 3426 διὰ
789 3372 882 3426 τοῦ
918 3371 1072 3435 Υἱοῦ,
1105 3370 1184 3424 διὸ
1213 3370 1306 3422 καὶ
1337 3367 1489 3436 παρὰ
1515 3362 1607 3416 τοῦ
1638 3358 1792 3425 Υίοῦ,

211 3465 299 3528 ὡς
325 3465 414 3518 διὰ
440 3462 536 3517 τοῦ
568 3463 699 3515 Υίοῦ
725 3462 999 3532 λαμϐάνει
1028 3460 1127 3528 τὴν
1161 3455 1417 3527 ὓπαρξιν.
1466 3454 1525 3506 '0
1556 3451 1654 3522 μὲν
1685 3449 1796 3518 γὰρ

211 3555 357 3619 Υἱὸς
410 3555 633 3624 ὰμέσως
672 3553 921 3625 πρόεισιν
972 3552 1036 3604 ὲκ
1073 3549 1309 3619 Πατρδς,
1364 3547 1425 3599 τὸ
1478 3544 1534 3598 δὲ
1578 3543 1801 3612 Πνεῦμα

210 3651 284 3702 τὸ
339 3647 492 3715 ἆγιον
539 3647 627 3701 διὰ
670 3646 767 3698 τοῦ
798 3642 930 3697 Υίοῦ
958 3660 972 3675 ο
1025 3640 1121 3695 καὶ⁸
1163 3639 1323 3693 τοῦτό
1349 3639 1465 3689 ἐστι
1515 3635 1576 3687 τὸ
1637 3634 1800 3702 μέσον

212 3741 435 3796 τούτων
487 3739 588 3810 τὴν
643 3738 908 3808 διαφορὰν
957 3734 1352 3807 ἐργαζόμενον,
1389 3727 1511 3783 καθ’
1542 3728 1611 3798 ἢν
1643 3728 1670 3780 ὁ
1703 3725 1804 3794 μὲν

219 3837 357 3897 Υἱὸς
388 3835 642 3904 ὑπάρχει,
674 3832 769 3885 καὶ
798 3832 954 3901 μόνος
975 3830 1232 3896 γεννητὸς
1256 3822 1506 3878 ἐντεῦθεν
1526 3834 1805 3891 προσαγο·

230 3928 480 3999 ρεύεται.
532 3925 592 3978 τὸ
635 3924 693 3977 δὲ
731 3916 877 3977 τοῦθ’
911 3925 1050 3990 ὅπερ
1081 3920 1331 3973 καλεῖται
1372 3914 1597 3985 Πνεῦμα
1651 3909 1804 3981 ἅγιόν

222 4019 349 4075 ἐστί
406 4036 490 4082 τε,
544 4019 641 4071 καὶ
696 4016 859 4086 μόνον
919 4010 1251 4082 ὲκπορευτδν
1299 4007 1646 4078 ὀνομάζεται.
1698 4000 1808 4053 Καὶ

231 4111 509 4182 μαρτυρεῖ
544 4125 634 4181 μοι
668 4107 746 4177 τῷ
776 4107 920 4177 λόγῳ
973 4102 1272 4175 Γρηγόριος
1321 4103 1349 4154 ὁ
1393 4100 1537 4152 πάνυ
1570 4097 1669 4164 τῆς
1699 4093 1809 4145 τῶν

228 4204 533 4260 Νυσσαέων
599 4201 934 4270 Ἐκκλησίας
986 4198 1014 4249 ὁ
1072 4197 1358 4267 πρόεδρος,
1408 4192 1490 4257 ὃς,
1534 4189 1621 4241 διὰ
1681 4187 1808 4255 μιᾶς

228 4299 449 4361 πόλεως
477 4296 682 4366 ταύτης
721 4295 904 4347 πάντα
952 4292 1022 4344 τὰ
1069 4289 1163 4343 τοῦ
1208 4288 1414 4357 κόσμου
1458 4285 1670 4353 πέρατα
1698 4281 1811 4342 τοῖς

233 4389 463 4451 οἰκείοις
496 4385 807 4458 περιλαϐὼν
832 4385 1122 4453 δόγμασιν,
1151 4383 1209 4434 ὲν
1240 4381 1306 4449 τῇ
1337 4375 1481 4448 πρὸς
1527 4371 1813 4427 Ἀϐλάϐιον

235 4482 409 4537 αὑτοῦ
441 4479 692 4550 θεολογίᾳ
718 4478 845 4532 τάδε
879 4477 1014 4547 φησι
1044 4492 1060 4508 ο
1103 4474 1175 4528 Ti)
1206 4469 1675 4539 ἀπαράλλακτον
1702 4464 1814 4532 τῆς

235 4578 484 4647 φύσεως
513 4570 974 4643 ὁμολογοῦντες,
1028 4567 1144 4634 τὴν
1170 4563 1323 4619 κατὰ
1369 4562 1436 4615 τὸ
1483 4559 1679 4611 αἴτιον
1714 4555 1813 4609 καὶ

237 4643 512 4724 αἰτιατόν
567 4664 859 4732 διαφορὰν
918 4663 1029 4716 οὐκ
1056 4658 1415 4725 ἀρνούμεθα,
1444 4652 1513 4707 ἐν
1561 4643 1610 4717 ᾧ
1650 4649 1816 4719 μόνῳ

237 4761 647 4831 διακρίνεσθαι
691 4758 758 4812 τὸ
786 4756 992 4824 ἕτερον
1019 4752 1125 4807 τοῦ
1145 4750 1349 4818 ἐτέρου
1369 4742 1817 4814 καταλαμϐάνο-

237 4877 358 4931 μεν
388 4871 404 4886 ο
436 4855 518 4921 τῷ
546 4854 616 4908 τὸ
647 4852 764 4924 μὲν
788 4851 981 4906 αιτιον
1007 4845 1321 4902 πιστεύειν
1354 4838 1529 4906 εἶναι,
1561 4840 1626 4894 τὸ
1656 4838 1725 4891 δὲ
1749 4837 1819 4890 ἐκ

245 4952 359 5008 τοῦ
407 4950 623 5013 αίτίου,
650 4947 745 5001 καὶ
774 4946 841 4999 τὸ
870 4944 937 5007 ἐξ
976 4942 1171 4997 αἰτίου
1201 4939 1271 4992 δὲ
1301 4937 1476 5002 ὄντος
1503 4934 1688 4988 πάλιν
1716 4932 1822 4985 ἄλο

240 5051 367 5113 λην
390 5041 683 5111 διαφορὰν
712 5037 1061 5105 ἐννοοῦμεν.
1106 5033 1182 5086 Τὸ
1228 5031 1345 5100 μέν
1373 5029 1485 5100 γὰρ
1512 5021 1823 5096 προσεχῶς

250 5139 324 5191 ἐκ
358 5134 469 5190 τοῦ
505 5133 762 5202 πρώτου,
801 5131 868 5184 τὸ
895 5127 964 5183 δὲ
1001 5126 1099 5181 διὰ
1130 5124 1238 5180 τοῦ
1266 5121 1579 5191 προσεχῶς
1613 5120 1682 5173 ἐκ
1713 5115 1822 5170 τοῦ

247 5228 508 5299 πρώτου.
540 5226 649 5280 Καὶ
690 5223 863 5278 ταῦτα
893 5222 989 5292 μὲν
1039 5217 1339 5289 Γρηγόριος
1367 5216 1396 5267 ὁ
1427 5213 1648 5281 Νύσσης
1681 5210 1824 5280 μὰρ·

250 5296 350 5384 τυς
395 5319 507 5373 τῶν
536 5316 848 5388 εἰρημένων
888 5310 1093 5368 ἄνωθεν
1135 5308 1453 5377 ἀξιόχρεως,
1495 5305 1554 5369 ἐξ
1581 5296 1657 5356 ὧν
1691 5303 1822 5371 ἡμῖν

250 5409 577 5467 πιστεύεται
604 5408 701 5462 καὶ
735 5404 915 5468 καλῶς
971 5402 1034 5456 τὸ
1089 5401 1315 5471 Πνεῦμα
1373 5398 1656 5468 διαφέρειν
1687 5394 1823 5465 πρὸς

248 5503 346 5557 τὸν
381 5501 511 5555 Υίδν
538 5500 596 5553 ιν
623 5497 703 5569 τῷ
737 5496 808 5551 δι’
856 5492 1023 5549 αὑτοῦ
1064 5492 1165 5562 τὴν
1217 5488 1454 5561 ὓπαρξιν
1495 5487 1639 5557 ἔχειν
1671 5483 1826 5555 παρὰ

250 5594 492 5666 Πατρός.
556 5590 817 5662 Ἐπείπερ
851 5589 900 5641 εί
930 5586 1004 5658 μὴ
1033 5584 1213 5651 τοῦτο,
1240 5584 1455 5644 πάντως
1479 5580 1545 5635 ἂν
1590 5577 1658 5648 ἦν
1697 5578 1826 5641 Υἱὸς

252 5691 351 5743 καὶ
382 5688 541 5749 αὐτὸς
570 5682 850 5753 γεννητός.
884 5682 957 5735 Ἦ
990 5680 1072 5743 τίς
1095 5680 1124 5732 ὁ
1156 5678 1313 5745 λόγος
1341 5674 1532 5728 τοῦτον
1565 5672 1664 5743 μὲν
1697 5669 1825 5723 rte»

256 5775 426 5843 εἶναι,
448 5776 510 5832 τὸ
531 5777 587 5831 δὲ
626 5774 847 5845 Πνεῦμα
874 5773 969 5827 καὶ
996 5772 1095 5840 οὐχ
1137 5770 1265 5823 Υίόν
1290 5784 1305 5834 ;
1349 5766 1496 5820 Δότω
1523 5783 1605 5829 τις
1633 5764 1828 5834 ἑτέραν

263 5870 475 5941 μεταξὺ
502 5868 603 5938 τὴν
631 5866 917 5935 διαφορὰν,
950 5861 1008 5929 ἐξ
1038 5856 1105 5932 ἧς
1138 5860 1233 5915 καὶ
1257 5859 1359 5921 τὰς
1386 5858 1607 5928 κλήσεις
1640 5854 1827 5923 διαφό-

264 5977 418 6033 ρους,
477 5959 551 6024 ὡς
601 5959 763 6025 εἰκὸς,
815 5955 1019 6025 ἕξουσι,
1081 5955 1172 6009 καὶ
1237 5953 1398 6024 ἡμεῖς
1456 5952 1823 6021 σιωπῄςομεν.

1820 3325 1870 3389 C

1961 2829 2050 2884 12.
2098 2824 2212 2880 Nos
2241 2835 2404 2893 porro
2449 2816 2814 2886 diviniloquas
2839 2819 3153 2868 sanctorum
3190 2806 3460 2871 interpre-

1894 2921 2128 2976 tationes
2149 2888 2463 2983 seq-nentes,
2496 2920 2707 2962 necnon
2733 2899 3078 2961 eorumdem,
3132 2908 3187 2950 et
3214 2888 3460 2963 Apostoli

1892 3014 2037 3068 dicta
2070 3024 2179 3064 non
2222 3019 2395 3077 pauca
2421 2998 2790 3068 evangelicam
2828 2991 3044 3047 Domini
3077 3002 3262 3043 vocem
3293 2998 3465 3052 eapu-

1897 3102 2104 3166 nentia,
2159 3114 2281 3168 qua:
2316 3092 2645 3166 procedente
2703 3086 2952 3143 oratione
2985 3083 3098 3138 fere
3134 3077 3318 3134 omnia
3361 3089 3464 3130 suo

1897 3205 2142 3263 tempore
2170 3202 2533 3260 apponemus,
2566 3182 2823 3247 dicimus,
2891 3175 3157 3246 Spiritum
3212 3176 3463 3226 sanctum

1897 3304 1966 3344 ex
2004 3261 2164 3338 Patre
2191 3296 2286 3352 per
2333 3277 2551 3337 Filium,
2601 3272 2831 3339 ideoque
2880 3284 2945 3324 ex
2980 3265 3141 3331 Filio,
3185 3261 3342 3332 quasi
3372 3273 3467 3329 per

1902 3381 2100 3437 Filium
2152 3374 2399 3442 accipere
2433 3366 2837 3424 exsistentiam.
2888 3360 3061 3414 Filius
3088 3357 3233 3411 enim
3279 3356 3469 3407 imme-

1899 3475 2043 3528 diate
2069 3485 2134 3524 ex
2160 3466 2321 3520 Patre
2352 3460 2720 3533 progreditur,
2783 3453 3023 3523 Spiritus
3080 3464 3211 3503 vero
3241 3456 3469 3500 sanctus

1899 3580 1996 3636 per
2030 3562 2249 3622 Filium,
2278 3565 2334 3610 et
2368 3557 2472 3608 hoc
2502 3550 2739 3605 medium
2773 3548 2967 3600 borum
2999 3551 3105 3605 est,
3147 3540 3287 3609 quod
3320 3535 3473 3591 diﬂ‘e-

1903 3654 2133 3709 rentiam
2160 3655 2440 3719 operatur,
2484 3640 2784 3699 secundum
2822 3649 2986 3706 quam
3018 3631 3191 3686 Filius
3224 3627 3466 3688 exsistit,

1903 3757 1956 3800 ct
1983 3744 2133 3798 solus
2165 3738 2380 3810 genitus
2403 3734 2529 3789 inde
2558 3728 2880 3801 appellatur,
2918 3727 3019 3780 hoc
3058 3736 3186 3777 vero
3207 3720 3297 3789 qui
3334 3732 3475 3772 nun-

1904 3842 2138 3903 cupatur
2177 3809 2435 3897 Spiritus
2464 3832 2692 3879 sanctus
2727 3829 2831 3883 est,
2872 3827 2926 3872 et
2978 3815 3129 3871 solus
3171 3809 3475 3882 procedens

1907 3926 2128 3982 dicitur.
2169 3921 2385 3975 Dictum
2439 3929 2620 3970 meum
2659 3910 2972 3967 testimonio
2998 3921 3100 3962 suo
3155 3901 3477 3972 comprobat

1909 4032 2137 4088 magnus
2165 4014 2423 4084 Nyssena:
2463 4006 2718 4062 Ecclesiae
2763 4001 2957 4072 priesul
3005 3997 3325 4066 Gregorius,
3380 3991 3475 4062 qui

1909 4127 1976 4167 ex
2016 4124 2120 4163 una
2156 4107 2256 4160 hac
2282 4103 2419 4158 urbe
2442 4113 2636 4155 omnes
2695 4096 2846 4150 orbis
2884 4104 3154 4147 terrarum
3194 4088 3331 4142 lines
3363 4088 3478 4140 suis

1910 4197 2257 4271 dogmatibus
2275 4192 2591 4262 complevit,
2632 4190 2684 4243 in
2716 4188 2800 4242 his
2834 4199 2955 4254 quae
2986 4183 3054 4236 de
3101 4180 3208 4235 Deo
3262 4176 3472 4239 scribit,

1913 4268 2141 4362 epistola
2181 4288 2248 4344 ad
2276 4285 2610 4340 Abiabiutn:
2663 4275 3054 4334 Immutabilem
3092 4285 3141 4327 et
3176 4286 3268 4340 per
3300 4268 3480 4324 omnia

1915 4383 2145 4441 similem
2190 4390 2441 4433 naturam
2505 4373 2834 4441 conﬁtentes,
2880 4366 3165 4420 discrimen
3212 4374 3389 4414 suum
3429 4365 3479 4411 et

1914 4478 2127 4546 effectus
2163 4489 2264 4526 non
2288 4469 2618 4539 inﬁciantur,
2644 4466 2698 4518 in
2732 4478 2833 4533 quo
2860 4459 3031 4514 solum
3069 4455 3302 4524 disjungi
3352 4449 3485 4504 alte-

1918 4544 2037 4624 rum
2079 4568 2143 4621 ab
2173 4564 2341 4619 altera
2397 4556 2869 4629 deprehendimus;
2903 4568 3021 4606 cum
3056 4550 3333 4602 credamus
3388 4544 3485 4596 hoc

1850 4689 1894 4746 υ
1921 4660 2131 4733 quidem
2170 4672 2389 4712 causam
2411 4668 2544 4718 esse,
2577 4648 2711 4705 illud
2749 4661 2814 4701 ea:
2863 4660 3049 4708 causa,
3100 4649 3148 4697 et
3177 4638 3321 4692 illius
3349 4635 3487 4705 quod

1924 4770 1989 4808 ea:
2011 4768 2175 4806 causa
2201 4759 2304 4812 est,
2353 4746 2502 4800 aliud
2533 4760 2717 4798 rursus
2747 4740 3032 4796 discrimen
3096 4727 3491 4801 comprehendi-

1927 4862 2043 4900 mus
2084 4859 2103 4898 :
2140 4856 2362 4911 namque
2398 4838 2495 4892 hoc
2529 4836 2737 4908 quidem
2778 4844 2854 4888 est
2899 4827 3200 4884 immediate
3232 4841 3263 4877 a
3294 4823 3489 4892 primo,

1927 4939 2023 4991 hoc
2045 4950 2165 4991 vero
2189 4949 2280 5003 per
2310 4930 2446 4985 illud
2502 4929 2638 4998 quod
2673 4926 2915 4995 contigue
2941 4931 3017 4976 est
3052 4934 3115 4973 ea:
3169 4918 3363 4985 primo.
3429 4912 3494 4964 Et

1929 5028 2044 5083 haec
2079 5024 2297 5095 quidem
2334 5023 2493 5076 testis
2521 5018 2960 5088 supradictorum
2992 5013 3096 5067 [ide
3133 5011 3330 5079 dignus
3363 5003 3471 5075 Nys

1930 5133 2098 5174 senus
2119 5113 2434 5185 Gregorius,
2465 5111 2664 5182 quibus
2692 5124 2723 5164 a
2750 5107 2910 5163 nobis
2939 5103 3180 5160 creditur
3210 5108 3265 5155 et
3302 5096 3492 5167 probe,

1928 5210 2187 5279 Spiritum
2228 5204 2445 5262 diﬂ'errc
2470 5220 2501 5257 a
2528 5201 2689 5265 Filio,
2721 5200 2867 5271 quod
2896 5212 2993 5268 per
3023 5196 3200 5265 ipsum
3229 5192 3498 5246 exsistun-

1933 5302 2059 5355 tiam
2087 5298 2251 5353 habet
2281 5311 2311 5350 a
2340 5296 2521 5351 Patre.
2554 5291 3003 5361 Quandoquidem
3034 5288 3078 5342 si
3103 5285 3152 5339 id
3195 5296 3303 5337 non
3329 5288 3494 5341 esset,

1932 5408 2158 5463 prorsus
2179 5397 2235 5445 et
2270 5391 2383 5460 ipse
2406 5395 2552 5443 esset
2603 5385 2775 5441 Filius
2806 5381 3043 5454 genitus.
3088 5377 3196 5430 Aut
3246 5386 3495 5443 quaenam

1932 5483 2073 5538 ratio
2114 5480 2298 5544 fuerit,
2330 5480 2477 5534 hunc
2514 5477 2732 5548 quidem
2775 5473 2970 5528 Filium
3004 5485 3147 5531 esse,
3175 5467 3325 5521 illum
3367 5478 3496 5518 vero

1934 5573 2195 5643 Spiritum
2218 5579 2271 5626 et
2303 5586 2413 5625 non
2444 5566 2680 5636 Filiumi?
2715 5563 2964 5620 Proferat
3005 5558 3272 5630 quispiam
3331 5556 3495 5610 aliam

1934 5666 2075 5721 inter
2106 5664 2226 5718 illos
2255 5660 2645 5725 diﬂ'erentiam;
2680 5673 2747 5712 ex
2778 5671 2886 5725 qua
2912 5662 2968 5709 et
2996 5651 3390 5722 appellationes
3414 5646 3501 5699 di-

1932 5752 2562 5822 versas,utconveniens
2589 5756 2692 5813 est,
2717 5756 3105 5816 assequamur,
3137 5752 3191 5797 et
3222 5754 3324 5797 nos
3354 5749 3504 5795 tace-

1935 5850 2134 5905 bimus.
2176 5847 2280 5903 Sed
2301 5846 2481 5901 nullus
2511 5842 2671 5897 aliam
2717 5839 2958 5910 proferre
3001 5832 3504 5906 unquam-pulerit,

1936 5958 2222 6013 quousque
2256 5940 2471 5997 divinus
2506 5937 2596 5994 hic
2655 5935 2814 5994 Pater
2848 5933 2991 5999 apud
3018 5947 3209 5990 omnes
3242 5929 3505 5987 asset-itur
