3932 6574
540 465 670 531 1051

1599 483 2108 549 CONSTANTINI
2148 494 2689 560 lilELlTENlOT/E

3639 506 3758 572 1052

536 603 785 658 veritatis
819 619 941 659 esse
973 608 1255 676 magister,
1308 612 1400 681 qui
1437 612 1491 665 in
1519 613 1619 669 hoc
1661 616 1777 671 solo
1811 619 2106 677 discrimen

2225 606 2366 660 Ἀλλ’
2396 609 2498 662 οὐκ
2548 611 2613 663 ἂν
2662 611 2938 681 ίσχύσειεν
2984 614 3243 684 οὐδεμίαν
3283 614 3449 687 ἀλλην
3488 616 3656 677 οὐδεὶς
3690 620 3758 681 ἑξ-

545 693 666 747 Filii
694 706 744 749 et
775 695 1010 763 Spiritus
1040 703 1343 765 constituit,
1373 708 1538 775 quod,
1561 710 1881 779 [mequidem
1909 725 1982 768 est
2016 716 2112 768 im-

538 787 768 839 mediate
792 791 827 839 it
857 788 1039 851 Patre,
1092 792 1188 846 hoc
1222 811 1341 848 vero
1366 814 1457 863 per
1491 799 1646 862 illud,
1703 804 1840 872 quod
1870 807 2115 876 contigue

544 886 617 929 est
655 893 720 930 ea:
764 880 955 947 primo,
1003 886 1144 951 quod
1178 886 1320 939 idem
1369 898 1451 942 est
1490 891 1695 954 dicere,
1752 909 1847 962 per
1894 895 2114 951 Filium.

540 966 665 1022 Hzrc
703 970 883 1036 itaque
914 988 1035 1027 cum
1071 974 1142 1028 ita
1175 993 1233 1031 se
1284 978 1540 1046 habt-ant,
1585 998 1691 1036 non
1743 986 1845 1039 erit
1868 989 1955 1055 qui
1983 1003 2113 1043 con-

545 1067 625 1110 tra
657 1076 716 1113 se
745 1072 1007 1129 opponat,
1068 1066 1113 1118 si
1153 1068 1315 1121 modo
1343 1070 1611 1139 sapientia
1665 1077 2103 1141 commendatur,

539 1158 592 1202 et
621 1152 760 1219 sapit
804 1153 971 1221 pleno
1010 1167 1225 1225 pectore
1249 1175 1265 1225 ;
1285 1161 1420 1217 alias
1450 1163 1775 1233 longissime
1797 1183 1824 1220 a
1853 1178 1996 1223 recta
2034 1170 2113 1223 via

545 1241 882 1300 aberraverit

616 1520 700 1575 15.
727 1522 1007 1591 Spiritum,
1040 1543 1172 1591 vero
1195 1540 1443 1587 sanctum
1477 1550 1571 1604 per
1602 1534 1799 1592 Filium
1852 1542 2117 1598 exsistere

540 1628 605 1665 ex
639 1612 797 1667 Patre
831 1628 1027 1686 przrter
1070 1620 1172 1675 hoc
1199 1621 1456 1679 Ecclesia:
1484 1626 1689 1693 lumen,
1726 1630 1816 1697 qui
1845 1631 1898 1684 in
1934 1634 2117 1689 multis

542 1702 664 1757 aliis
715 1706 832 1761 suis
879 1710 1099 1778 scriptis
1129 1723 1313 1780 aperte
1373 1715 1489 1769 haec
1521 1718 1709 1772 eadem
1758 1720 2018 1788 decrevit,
2060 1735 2119 1779 ut

546 1794 846 1860 procedens
909 1800 1089 1853 oratio
1144 1801 1541 1869 manifestabit,
1592 1807 1660 1860 ab
1701 1811 1955 1867 omnibus
2007 1813 2118 1868 fere

547 1888 755 1942 sanctis
803 1887 1073 1955 Patribus,
1116 1909 1347 1961 quorum
1378 1903 1774 1955 commentaria
1800 1903 1878 1956 uti
1916 1904 2118 1974 lapides

544 1992 575 2031 α
609 1974 718 2032 Deo
740 1979 940 2035 incisas
971 1982 1061 2037 Dei
1094 1984 1335 2041 Ecclesia
1370 1999 1554 2045 tenere
1584 1993 1987 2059 determinavit,
2039 1996 2115 2051 si-

545 2071 661 2125 mili
702 2073 914 2130 ratione
954 2085 1347 2146 pertractatum
1385 2090 1469 2135 est
1509 2099 1523 2135 :
1567 2093 1619 2137 ct
1646 2085 1841 2154 dogma
1869 2086 1972 2139 hoc
2001 2079 2117 2140 erat

544 2179 837 2221 commune
865 2178 920 2222 et
954 2168 1264 2224 universale
1291 2186 1320 2224 ο
1352 2171 1544 2239 priscis
1577 2176 1920 2244 temporibus
1951 2178 2115 2231 veluti

545 2257 602 2311 in
647 2259 902 2314 thesauro
932 2261 1008 2315 illi
1074 2273 1476 2325 conservatum,
1540 2265 1665 2320 licet
1723 2283 1869 2322 nunc
1932 2270 2118 2325 nescio

544 2364 654 2417 qua
725 2366 890 2406 causa
940 2353 1096 2407 multi
1145 2355 1277 2409 illud
1353 2372 1463 2409 non
1536 2356 1856 2426 admittant,
1912 2371 1965 2415 et
2005 2362 2117 2415 bare

544 2448 670 2509 post
751 2451 957 2497 tantam
1025 2446 1270 2501 veritatis
1341 2448 1776 2517 inquisitionem,
1860 2452 2120 2520 illiusque

545 2532 861 2588 inventum.
932 2534 999 2589 Et
1065 2537 1299 2606 primum
1378 2554 1611 2606 magnus
1674 2540 1726 2593 in
1780 2542 1941 2597 rebus
1969 2544 2122 2596 theo-

547 2624 735 2694 togicis
789 2630 1188 2693 pertractandis
1268 2629 1528 2691 Basilius,
1593 2632 1679 2685 cui
1729 2633 1796 2685 ab
1861 2634 2118 2687 omnibus

546 2715 732 2770 omnia
783 2718 1179 2785 conceduntur,
1231 2722 1286 2775 in
1340 2737 1449 2775 uno
1491 2738 1559 2776 ex
1600 2724 1715 2776 suis
1749 2724 1813 2777 ad
1870 2735 2116 2778 sanctum

547 2807 991 2876 Amphilochium
1043 2812 1335 2880 capitibus,
1408 2814 1522 2868 haec
1576 2815 1739 2870 habet
1784 2834 1798 2870 :
1845 2815 2120 2882 Quomodo

548 2898 713 2967 igitur
732 2902 1140 2968 separabantur,
1165 2920 1282 2973 qua:
1313 2908 1551 2973 separari
1580 2919 1860 2976 nequeunt,
1899 2908 2120 2962 Verbum

556 2989 670 3055 Dei,
705 3000 756 3045 et
789 2991 1019 3060 Spiritus
1055 3010 1118 3048 ex
1153 2996 1263 3049 Deo
1299 3013 1390 3065 per
1421 2996 1666 3052 Filium?
1695 2999 1830 3064 Quis
1866 3017 2119 3070 inagnunt

549 3082 699 3137 hunc
732 3085 951 3153 pietatis
983 3100 1284 3155 prmconeni
1317 3090 1568 3151 audiens,
1606 3107 1712 3145 non
1747 3094 1931 3145 statim
1962 3094 2121 3147 dictis

550 3177 873 3240 assenserit,
904 3177 1120 3235 illisque
1147 3179 1399 3233 addictus
1426 3191 1892 3249 consecratusque
1921 3184 2115 3250 dogma

2214 702 2392 754 ειπεῖν
2423 716 2437 731 ⁶
2464 702 2568 763 ἕως
2610 703 2675 756 ἂν
2712 706 2738 756 ὁ
2769 704 3055 770 Θεσπέσιος
3102 702 3255 771 οὗτος
3297 709 3485 778 Πατὴρ
3513 709 3744 777 ὁμολογεῖ

2212 810 2303 846 ται
2329 794 2478 864 παρὰ
2540 797 2674 849 πᾶσι
2725 798 2824 864 τῆς
2870 799 3128 868 ἀληθείας
3180 797 3320 853 εἶναι
3363 801 3688 864 διδάσκαλος,
3714 800 3758 863 ὃς

2216 886 2472 957 ἐντούτῳ
2511 889 2656 956 μόνῳ
2708 888 2806 957 τὴν
2853 888 3117 959 διαφορὰν
3170 891 3303 945 Υίοῦ
3350 882 3447 945 ναὶ
3479 890 3758 959 Πνεῦμα-τος

2215 980 2575 1050 περιέστησεν
2607 982 2662 1033 ὲν
2693 980 2767 1049 τῷ
2812 982 2924 1035 τὸν
2944 982 3062 1050 μὲν
3093 982 3411 1054 χρυσέ-κῶς
3451 980 3603 1036 εἶναι
3627 986 3757 1049 παρὰ

2216 1072 2466 1137 Πατρὸς,
2483 1073 2550 1126 τὸ
2575 1073 2644 1125 δὲ
2668 1073 2764 1127 διὰ
2794 1075 2899 1128 τοῦ
2929 1076 3261 1144 προσεχῶς,
3281 1077 3479 1129 ταύτὸν
3499 1076 3557 1128 δὲ
3588 1077 3753 1140 εἰπεῖν,

2214 1162 2302 1215 διὰ
2330 1162 2425 1215 τοῦ
2453 1164 2601 1216 Υίοῦ.
2636 1166 2804 1217 Τοῦτο
2840 1168 2938 1235 μὲν
2978 1162 3073 1219 οὖν
3110 1167 3284 1231 οὕτως
3326 1168 3611 1237 ἑχον,λοῦκ
3638 1166 3758 1218 ἐστιν

2215 1255 2368 1317 ὅστις
2399 1254 2464 1309 ἂν
2513 1258 2760 1309 ἀντείποι
2822 1256 2932 1311 τῶν
2973 1257 3281 1311 εὐσυνέτων
3343 1261 3438 1311 καὶ
3478 1258 3539 1310 τὸ
3572 1259 3761 1327 φρονεῖν

2220 1348 2533 1417 σταθηρῶν,
2568 1350 2707 1420 πλὴν
2741 1352 2787 1403 εί
2827 1352 2898 1422 μή
2936 1369 3037 1405 που
3073 1351 3176 1419 τῆς
3208 1351 3423 1415 εὐθείας
3452 1352 3665 1422 μακρὰν
3690 1353 3761 1403 ὲκ-

2216 1439 2579 1509 δεδρὰμηκεν.

2294 1537 2380 1598 ιγ’.
2408 1531 2530 1584 ’Ὁτι
2567 1533 2623 1585 δὲ
2650 1531 2719 1585 δι’
2763 1532 2896 1586 Υίοῦ
2930 1534 2989 1587 τὸ
3034 1533 3256 1602 Πνεῦμα
3286 1533 3346 1585 τὺ
3373 1533 3533 1601 ἅγιον
3560 1533 3765 1604 ὑπάρχει

2220 1624 2371 1691 παρά
2402 1624 2615 1693 Harpe;
2643 1624 2779 1695 πρδς
2820 1625 2900 1695 τῷ
2929 1625 3176 1695 ᾳωστῆρι
3223 1625 3399 1695 τούτῳ
3425 1628 3524 1691 τῆς
3569 1626 3766 1696 Ἐκκληη

2221 1716 2367 1778 σίας,
2398 1716 2456 1778 ὃς
2483 1717 2541 1769 ἐν
2580 1717 2795 1781 πολλοῖς
2831 1721 2926 1772 xui.
2963 1718 3146 1779 ἄλλοις
3173 1719 3284 1770 τῶν
3316 1718 3486 1771 αὐτοῦ
3520 1719 3687 1781 λόγων
3711 1725 3763 1771 τά

2220 1808 2351 1874 περὶ
2379 1807 2568 1860 τούτου
2608 1810 2796 1877 σαφῶς
2839 1811 3221 1878 ἐδογμάτισεν,
3272 1808 3764 1879 ὼςπαρακατιὼνό

2223 1894 2381 1961 λόγος
2436 1896 2693 1966 δηλώσει,
2750 1897 2844 1950 καὶ
2892 1900 3006 1960 τοῖς
3057 1900 3190 1950 πᾶσι
3233 1898 3423 1967 σχεδδον
3461 1896 3572 1949 τῶν
3624 1897 3773 1962 ἁγίων

2150 1954 2189 2006 Β
2221 1954 2502 2057 Πατέϋρων,
2552 1982 2626 2040 ὧν
2683 1954 2755 2040 τὰ
2800 1954 3213 2057 συγγράμματα
3267 1954 3535 2057 ἓαθάπερ
3582 1954 3763 2048 uitiata;

2220 2078 2558 2148 θεογράφους
2585 2081 2618 2149 ἠ
2674 2078 2975 2149 Ἐκκλησία
3021 2079 3155 2131 Θεοῦ
3189 2081 3447 2149 κατέχειν
3475 2081 3765 2148 διέγνωκεν,

2217 2167 2359 2220 οὕτω
2399 2168 2808 2239 τεθεολόγηται;
2844 2173 2931 2223 καὶ
2982 2172 3161 2242 δόγμα
3205 2172 3364 2225 τοῦτο
3394 2173 3579 2226 κοινὸν
3602 2168 3666 2243 ἦν
3692 2178 3761 2227 καὶ

2219 2258 2505 2312 καθολικδν
2545 2260 2810 2314 ἀνέκαθεν
2849 2263 3457 2334 ἀποτεθησαυρισμένον
3489 2265 3646 2335 αὐτῇ,
3683 2265 3763 2317 κᾶν

2219 2350 2315 2405 νῦν
2352 2352 2453 2404 οὐκ
2500 2348 2617 2406 οῖδα
2654 2354 2709 2406 τί
2749 2354 3019 2417 παθόντες
3056 2356 3105 2408 οί
3134 2356 3321 2409 πολλοὶ
3345 2357 3455 2409 τῶν
3486 2356 3763 2426 ἀνθρώπων

2218 2444 2282 2496 οὐ
2312 2442 2710 2513 παραδέχονται
2754 2445 2849 2496 καὶ
2884 2444 3058 2498 ταῦτα
3093 2446 3235 2514 μετά
3264 2446 3365 2514 τὴν
3402 2446 3505 2512 τῆς
3534 2446 3765 2515 ἀληθείας

2217 2533 2488 2605 τοσαύτην
2533 2533 2806 2600 ἐξέτασιν,
2862 2538 2955 2589 καὶ
3008 2536 3269 2607 τοιαύτην
3333 2537 3645 2608 ἀνεύρεσιν.
3686 2538 3769 2589 Αὑ-

2219 2629 2347 2680 τίκα
2382 2628 2490 2698 γάρ
2548 2631 2578 2681 ὁ
2621 2628 2789 2690 πολὺς
2842 2630 2913 2680 τά
2966 2628 3087 2682 θεῖα
3133 2630 3444 2695 Βασίλειος,
3482 2622 3527 2697 ᾧ
3587 2630 3681 2682 καὶ
3720 2631 3765 2680 si

2222 2722 2374 2791 παρά
2404 2723 2621 2774 πάντων
2653 2721 2711 2774 ὲν
2742 2722 2916 2775 ἅπασι
2951 2722 3397 2792 συγκεχωρηκὸς,
3455 2722 3513 2774 ἓν
3532 2739 3642 2775 τινι
3673 2719 3767 2778 τῶι

2222 2813 2359 2883 πρὸς
2386 2817 2478 2866 τον
2520 2812 2664 2880 ίερδν
2715 2814 3066 2885 ’Δμφιλόχιον
3096 2814 3264 2869 αὐτοῦ
3287 2814 3606 2883 κεφαλαίων
3645 2812 3764 2866 οὕτω

2223 2906 2357 2973 φησί
2386 2920 2401 2935 ·
2465 2902 2594 2970 Πῶς
2622 2904 2699 2958 ἂν
2730 2901 2845 2959 οὖν
2882 2905 3180 2975 χωρίζοιτο
3206 2907 3281 2961 τὰ
3310 2906 3634 2975 ἀχώριστα,
3675 2907 3768 2961 Δό-

2220 3013 2325 3063 γος
2365 2995 2514 3050 Θεοῦ
2533 2998 2627 3049 καί
2654 2997 2896 3066 Πνεῦμα
2924 2997 2992 3052 ἐκ
3026 2999 3176 3053 Θεοῦ
3203 2999 3279 3052 δι’
3322 2999 3461 3053 Υὶοῦ
3488 3016 3509 3064 ;
3539 2997 3639 3061 Τίς
3688 2998 3765 3050 eo?

2235 3088 2474 3158 μεγάλου
2507 3090 2703 3143 τούτου
2751 3091 2853 3161 τῆς
2895 3092 3178 3154 εὐσεϐείας
3236 3093 3478 3162 κήρυκος
3523 3091 3767 3145 nutami-

2226 3200 2343 3246 σας,
2381 3184 2481 3236 οὐκ
2505 3183 2574 3236 ἂν
2632 3183 2799 3246 εὐθὺς
2833 3184 3104 3253 ἑφέψηται
3133 3186 3249 3247 τοῖς
3271 3184 3536 3254 ῥηθεῖσιν,
3564 3181 3640 3238 ὧν
3690 3183 3765 3235 καὶ

552 3282 654 3335 pro
685 3269 895 3322 viribus
926 3272 1375 3339 propugnaverit,
1422 3271 1545 3324 ﬁdei
1588 3288 1699 3328 sua:
1732 3276 1926 3328 ducent
1966 3276 2120 3329 simi-

2225 3275 2521 3345 γενόμενος
2561 3274 2702 3337 ὅλος,
2750 3276 3163 3346 ἀντιποιήσαιτο
3207 3275 3304 3329 τοῦ
3361 3276 3629 3342 δόγματος
3682 3275 3761 3341 ὅση

552 3361 659 3414 lem
696 3375 951 3428 sequens,
982 3376 1144 3428 quem
1186 3363 1394 3430 magnis
1438 3363 1542 3418 illis
1578 3363 1830 3420 Patribus
1862 3381 1968 3419 non
2023 3368 2126 3419 mi-

552 3467 660 3505 nus
691 3451 900 3505 Numen
947 3455 1246 3508 honoribus
1296 3456 1587 3509 adauctum
1633 3456 1947 3521 illustravit,
1978 3461 2119 3526 quoi

553 3558 932 3612 sarpenumero
954 3544 1187 3613 plurima
1215 3561 1310 3614 pro
1334 3546 1532 3614 pietate
1553 3548 1851 3601 certamina
1880 3548 2021 3611 iniit,
2052 3549 2130 3602 id-

553 3652 664 3705 que
693 3636 997 3691 clarissime
1027 3639 1405 3693 demonstrant
1442 3639 1691 3708 ejusdem
1723 3639 1989 3695 adversus
2016 3642 2126 3694 lue-

557 3730 756 3784 rcticos
785 3731 1269 3793 contradictiones,
1300 3732 1821 3803 linguasuniversas
1852 3734 2128 3802 improbas

558 3830 723 3889 atque
759 3824 954 3891 impias
982 3825 1364 3892 reprimentes,
1399 3824 1451 3878 in
1481 3828 1681 3895 quibus
1703 3828 2032 3897 quandoque
2060 3827 2129 3880 de

558 3929 620 3969 re
653 3915 811 3968 nobis
852 3917 1129 3984 proposita
1169 3915 1413 3980 disserit,
1450 3924 1508 3969 ut
1538 3931 1602 3970 ex
1651 3917 1758 3970 alio
1791 3933 2009 3986 quoque
2042 3933 2131 3970 ca—

556 4007 670 4075 pite
697 4007 948 4075 colligere
976 4022 1285 4075 possumus.
1317 4008 1697 4063 Dnbitantibus
1726 4010 1871 4063 enim
1907 4030 1920 4065 :
1953 4010 2131 4073 Quare

558 4113 667 4152 non
718 4107 767 4152 et
813 4098 1043 4169 Spiritus
1081 4109 1295 4152 sanctus
1348 4098 1494 4168 ﬁlius
1546 4098 1723 4153 Filii?
1768 4116 1998 4171 magnus
2043 4102 2133 4157 hic

561 4192 823 4251 occurrit.
866 4206 929 4245 ac
962 4191 1006 4245 si
1057 4190 1132 4244 illi
1168 4206 1393 4259 prorsus
1430 4200 1764 4257 everterent,
1814 4192 1966 4245 illum
2006 4206 2128 4247 esse

562 4292 659 4347 per
704 4275 924 4339 Filium,
969 4285 1025 4331 et
1077 4278 1377 4332 absurdum
1432 4280 1576 4348 quod
1624 4279 1750 4334 inde
1795 4282 2132 4350 sequebatur

560 4369 871 4431 destruens.
920 4371 1206 4440 respondet
1239 4389 1253 4425 :
1291 4371 1414 4426 Non
1441 4374 1580 4441 quod
1630 4390 1735 4426 non
1786 4375 1856 4426 sit
1910 4388 1974 4425 ex
2024 4373 2130 4426 Deo

559 4479 655 4531 per
680 4462 901 4526 Filium,
933 4472 986 4517 et
1015 4479 1236 4517 causam
1264 4466 1417 4518 addit
1442 4483 1455 4517 :
1492 4463 1595 4519 Sed
1629 4482 1693 4519 ne
1722 4465 2007 4519 multitudo
2043 4466 2131 4519 iu-

557 4571 781 4609 numera
814 4555 1065 4620 Trinitas,
1100 4566 1148 4609 et
1181 4557 1325 4625 [ilius
1376 4573 1440 4611 ea:
1463 4559 1618 4625 ﬁliis,
1650 4569 1710 4610 ut
1742 4559 1799 4620 in
1831 4558 2129 4612 hourim'bus

2226 3365 2478 3433 δύναμις,
2541 3365 2788 3418 τοιοῦτον
2839 3365 2987 3435 ἔχειν
3043 3366 3143 3435 τῆς
3179 3365 3420 3428 πίστεως
3443 3365 3766 3434 καθηγεμόνα

2230 3455 2575 3525 βουλόμενος,
2607 3457 2668 3509 δν
2698 3456 2911 3518 οὐδενὸς
2934 3451 3097 3528 ἦττον
3135 3457 3246 3509 τῶν
3292 3457 3437 3525 ὑπὲρ
3469 3456 3586 3511 λίαν
3612 3456 3763 3510 Πατέ-

2230 3561 2339 3613 ρων
2372 3545 2432 3596 τὸ
2457 3546 2611 3598 Θεῖον
2648 3545 2897 3610 ἐδόξασεν
2919 3585 2933 3607 ,
2972 3545 3069 3599 ἅτε
3131 3546 3304 3599 πολλὰ
3336 3547 3597 3609 πολλάκις
3653 3546 3763 3612 ὑπὲρ

2228 3636 2330 3704 τῆς
2370 3637 2657 3701 εὐσεϐείας
2683 3638 3117 3708 ἀγωνισάμενον,
3152 3639 3247 3693 καὶ
3299 3639 3462 3694 τοῦτο
3491 3638 3762 3709 παριστῶσε

2229 3728 2439 3791 τρανῶς
2461 3731 2516 3781 al
2548 3729 2683 3799 πρὸς
2716 3732 2841 3793 τοὺς
2864 3734 3169 3797 αξρετικοὺς
3203 3733 3574 3804 ἀντιρρήσεις,
3601 3733 3654 3784 αί
3679 3733 3764 3784 πᾶν

2232 3836 2332 3872 σαν
2355 3820 2609 3888 γλῶσσαν
2638 3823 3105 3894 ἀποστομίζουσαι
3140 3827 3394 3896 πονηρὰν
3430 3826 3528 3877 καὶ
3557 3826 3761 3896 παράνο-

2233 3914 2433 3981 μον,ὲν
2456 3912 2716 3981 αἷςίεστιν
2740 3910 2802 3971 οὗ
2831 3919 2926 3970 λαὶ
2981 3917 3110 3987 περὶ
3144 3917 3240 3970 τοῦ
3297 3917 3653 3987 προκειμένου
3700 3917 3764 3968 δι-

2231 4003 2454 4067 έξεισιν,
2485 4004 2562 4066 ὡς
2600 4005 2661 4058 ἐν
2691 4006 2864 4077 ἑτέρῳ
2888 4006 2994 4060 τῶν
3022 4006 3189 4059 αὐτοῦ
3217 4006 3534 4074 κεφαλαίων
3563 4004 3754 4059 δυνατὸν

2229 4096 2489 4150 κατιδεῖν.
2518 4098 2658 4165 Πρὸς
2693 4101 2800 4167 γὰρ
2854 4100 2982 4162 τοὺς
3038 4099 3321 4167 λέγοντας,
3386 4099 3551 4153 Διατί
3612 4099 3689 4166 μὴ
3708 4098 3761 4150 τὸ

2230 4187 2475 4257 Πνεῦμα
2499 4187 2564 4241 τὸ
2585 4188 2758 4258 ἅγιον
2803 4191 2936 4254 Υἱὸς
3001 4189 3107 4243 τοῦ
3167 4189 3355 4253 Tini”);
3420 4191 3608 4257 φθάνει
3658 4204 3765 4252 αμο-

2230 4280 2492 4333 απαντῶν
2554 4282 2581 4333 ὁ
2613 4282 2807 4351 μέγας,
2866 4282 2941 4344 ὡς
2990 4282 3154 4351 δῆθεν
3181 4282 3549 4351 ἀναιροῦντας
3569 4282 3624 4334 τὸ
3648 4276 3760 4334 εἶναι

2234 4373 2472 4433 συνόλως
2500 4372 2635 4425 αὐτὸ
2664 4372 2731 4425 δι’
2794 4373 2946 4431 Υίοῦ.
2971 4374 3068 4427 καὶ
3095 4375 3158 4426 τὸ
3189 4375 3392 4428 ἄτοπον
3438 4372 3760 4443 ἀπαγορεύων

2232 4464 2388 4534 φησί·
2428 4465 2509 4518 Οὐ
2543 4465 2642 4519 διὰ
2663 4465 2730 4519 τὸ
2758 4466 2847 4535 μὴ
2881 4463 3039 4520 εἶναι
3070 4468 3141 4520 ἐκ
3168 4467 3318 4522 Θεοῦ
3378 4467 3458 4521 δι’
3514 4467 3660 4530 Υίοῦ,
3688 4466 3759 4517 καὶ

2229 4557 2328 4628 τὴν
2363 4559 2544 4612 αἰτίαν
2572 4560 2818 4626 ἐπάγων,
2850 4559 2997 4612 οὕτω
3056 4561 3413 4630 προστίθησιν
3433 4576 3451 4593 ο
3512 4561 3654 4615 Ἀλλ’
3682 4559 3765 4612 lra‘

558 4648 646 4715 ﬁt,
680 4647 868 4701 habere
910 4658 1262 4715 reputaretur.
1308 4649 1443 4702 Illud
1473 4665 1639 4717 porro
1662 4665 1755 4718 per
1782 4646 1988 4703 Filium
2022 4658 2124 4703 sta-

2228 4650 2314 4719 μὴ
2341 4648 2603 4719 νομισθῇ
2642 4650 2877 4720 πλῆθος
2898 4651 3151 4720 ἄπειρον
3189 4654 3227 4721 ή
3263 4653 3458 4720 Τριὰς,
3494 4653 3654 4718 υἱοὺς
3703 4651 3754 4713 ἐξ

558 4740 763 4794 biliens
809 4739 1101 4809 Scriptura!
1149 4756 1319 4796 sacra:
1368 4743 1742 4796 auctoritatem
1797 4741 2128 4811 subjungit:

561 4831 848 4901 Propterea
896 4847 961 4885 ea:
1006 4833 1112 4886 Deo
1166 4833 1423 4901 Spiritum
1463 4849 1570 4887 esse
1609 4842 1789 4902 aperte
1830 4835 2134 4903 pradicavit

562 4928 847 4996 Apostolus
876 4930 1076 4991 dicens,
1109 4928 1366 4998 Spiritum
1393 4932 1483 4999 qui
1520 4945 1587 4984 ea:
1633 4929 1738 4983 Deo
1786 4939 1884 4991 est,
1928 4932 2132 4995 accepi-

567 5036 704 5080 mus,
726 5029 775 5072 et
806 5034 897 5087 per
926 5019 1125 5073 Filium
1156 5037 1413 5091 apparere
1438 5020 1657 5091 planum
1682 5022 1825 5091 fecit,
1857 5037 1976 5074 cum
2007 5021 2134 5075 Filii

569 5111 827 5179 Spiritum
872 5113 1025 5167 illum
1065 5116 1404 5183 nuncupavit,
1435 5115 1879 5184 quemadmodum
1924 5115 2043 5177 Dei,
2084 5126 2134 5169 et

568 5215 788 5258 mentem
817 5204 1015 5259 Christi
1054 5217 1224 5270 vocat,
1259 5209 1336 5260 uti
1365 5219 1412 5260 et
1440 5206 1536 5260 Dei
1570 5204 1850 5275 Spiritum,
1883 5208 2135 5276 quemad-

573 5299 787 5349 modum
823 5297 1073 5352 hominis.
1125 5297 1402 5363 Quosnatu
1446 5298 1674 5352 insania:
1716 5298 1849 5352 lines
1892 5313 1999 5349 non
2037 5313 2134 5350 ex-

571 5387 818 5449 cesserit,
845 5387 938 5455 qui
971 5386 1132 5439 verba
1170 5388 1283 5440 haec
1315 5388 1542 5441 audiens
1572 5386 1627 5439 in
1669 5388 1866 5441 melius
1913 5396 2135 5441 senteno

572 5474 702 5528 tiam
747 5490 853 5528 non
885 5475 1095 5529 mutat?
1122 5482 1177 5528 et
1223 5475 1564 5545 potissimum
1606 5491 1729 5529 cum
1775 5492 2004 5544 magnus
2037 5478 2137 5531 iste

570 5564 732 5619 Pater
784 5565 1036 5630 Paulum,
1100 5581 1162 5620 os
1215 5565 1443 5631 Christi,
1505 5581 1660 5619 suam
1717 5570 2135 5621 conﬁrmantem

576 5656 902 5711 sententiam
939 5656 1191 5722 adducat,
1222 5656 1351 5711 dum
1393 5656 1593 5711 dictata
1624 5657 1692 5709 ab
1724 5672 1789 5709 eo
1813 5658 1879 5711 de
1926 5656 2134 5726 Spiritu

574 5750 792 5804 videtur
851 5751 1238 5821 interpretari,
1292 5751 1515 5821 quibus,
1574 5762 1632 5804 ut
1681 5762 1843 5804 antea
1894 5750 2029 5816 dixi,
2086 5759 2138 5804 et

574 5842 941 5910 evangelicam
980 5858 1168 5899 vocem
1214 5843 1559 5898 considerate
1597 5842 1687 5896 illa
1724 5843 2135 5913 pervestigand-

579 5931 679 5988 bus
730 5934 1011 5999 explanat,
1058 5937 1101 5992 si
1150 5936 1283 5991 nihil
1317 5934 1463 5990 aliud
1527 5934 1616 5990 illa
1665 5951 1829 5990 uuam
1867 5936 2066 5991 dictata
2106 5953 2136 5991 a

2232 4741 2399 4808 υίῶν,
2425 4742 2507 4807 ὡς
2531 4743 2629 4797 καί
2658 4743 2728 4795 ἐν
2755 4743 3109 4811 ἀνθρώποις,
3141 4745 3307 4813 ἔχειν
3329 4743 3751 4801 ὑποπτευθεᾶγα.

2234 4833 2310 4886 Τὸ
2328 4834 2384 4886 δὲ
2418 4833 2493 4886 δι’
2548 4833 2687 4889 Υίοῦ
2725 4834 2857 4904 μετ’
2897 4835 3054 4902 ὀλίγα
3121 4838 3386 4906 συστῆσαι
3451 4837 3634 4900 θέλων,
3678 4834 3753 4888 ἀπὸ

2233 4926 2484 4994 χρήσεως
2513 4926 2792 4996 γραφικῆς
2821 4927 3075 4996 ἐπιφέρει
3100 4940 3115 4956 ⁸
3146 4928 3251 4982 Διὰ
3275 4927 3352 4996 δὴ
3378 4931 3557 4984 τοῦτο
3592 4931 3653 4983 τὸ
3669 4928 3754 4999 μὲν

2233 5016 2303 5069 ἐκ
2361 5016 2510 5070 Θεοῦ
2554 5018 2621 5069 τὸ
2682 5017 2923 5087 Πνεῦμα
2966 5014 3119 5073 εἶναι
3169 5018 3397 5087 τρανῶς
3426 5020 3741 5088 ἐκήρυξενό

2248 5106 2642 5175 Ἀπόστολος,
2699 5107 2896 5175 λέγων
2949 5107 3040 5161 ὅτι
3081 5108 3148 5162 τὸ
3211 5109 3461 5179 Πνεῦμα
3500 5115 3565 5165 τὸ
3592 5112 3654 5165 ἐκ
3679 5107 3753 5161 τοῦ

2240 5199 2389 5252 Θεοῦ
2418 5200 2733 5267 ἐλάϐομεν,
2759 5199 2855 5252 καί
2876 5201 2942 5254 τὸ
2964 5201 3040 5255 δι’
3073 5201 3211 5256 Υἰοῦ
3253 5204 3586 5271 πεφηνέναι
3605 5205 3756 5269 σαφὲς

2236 5291 2583 5358 πεποίηκεν,
2604 5292 2745 5347 Υίοῦ
2767 5293 3009 5363 [ινεῦμα
3029 5294 3334 5364 ὀνομάσας
3362 5297 3526 5363 αὐτοὶ
3540 5296 3753 5359 καθάπερ

2240 5381 2411 5449 Θεοῦ,
2432 5384 2530 5437 καί
2552 5382 2670 5437 νῦν
2695 5385 2953 5453 Χριστοῦ
2984 5386 3331 5453 προσειπὼν
3382 5390 3635 5454 καθάπερ
3683 5386 3753 5437 καί

2239 5476 2388 5530 Θεοῦ
2412 5475 2655 5545 Πνεῦμα
2690 5475 2771 5541 ὡς
2794 5474 2902 5529 τοῦ
2953 5477 3292 5544 ἀνθρώπου.
3357 5482 3520 5543 Ποίας
3562 5482 3622 5534 ἂν
3654 5482 3753 5530 om

2238 5571 2386 5623 λίποι
2451 5571 2649 5638 μανίας
2709 5568 3013 5641 ὑπερϐολὴν
3055 5571 3084 5622 ὀ
3121 5571 3234 5623 τῶν
3294 5573 3576 5641 παρόντων
3619 5569 3753 5639 ῥημά-

2238 5680 2345 5715 των
2395 5662 2840 5733 ἀκροασάμενος,
2886 5661 3077 5715 ἔπειτα
3139 5661 3215 5731 μὴ
3262 5662 3362 5733 τὴν
3431 5664 3638 5733 γνώμην
3682 5675 3748 5727 μετ

2238 5754 2533 5822 ταθέμενος
2586 5753 2723 5824 πρὸς
2775 5753 2836 5806 τὸ
2911 5753 3156 5823 βὲλτιον;
3219 5760 3312 5807 καὶ
3349 5754 3545 5822 μᾶλλον
3570 5752 3751 5816 ἐπείπερ

2241 5847 2269 5898 ὁ
2305 5847 2476 5916 μέγας
2527 5846 2715 5915 Πατὴρ
2764 5844 2858 5898 καὶ
2897 5843 3110 5897 Παῦλον
3149 5845 3210 5896 τὸ
3233 5846 3329 5899 τοῦ
3359 5848 3589 5915 Χριστοῦ
3614 5844 3747 5911 στόμα

2248 5936 2487 5998 παράγει
2545 5935 2641 5999 τὴν
2666 5933 2861 5989 ἑαυτοῦ
2926 5935 3262 5990 συνιστῶντα
3294 5937 3546 5992 διάνοιαν.
3594 5937 3643 5986 ἐν
3687 5928 3749 5979 0":
