3932 6640
194 517 336 581 1053

1064 530 1164 589 DE
1201 530 1717 592 PROCESSIONE
1760 533 1820 593 S.
1862 535 2225 599 SPIRITUS
2265 541 2483 605 ORAT.
2528 542 2576 603 Ι.

3326 536 3461 602 1054

189 635 291 697 τὰς
322 634 814 707 ὐπαγορευθείσας
837 641 987 713 αὐτῷ
1016 643 1147 711 περὶ
1173 642 1268 696 τοῦ
1296 645 1614 713 Πνεῦματος
1684 648 1784 717 ῥή-

1895 648 2055 704 Paulo
2089 661 2259 708 notat.
2290 652 2394 718 Qui
2425 656 2568 710 enim
2621 655 2673 707 in
2717 653 3009 722 Evangelia
3033 670 3046 706 :
3069 651 3298 721 Spiritus
3332 656 3454 707 veri-

191 740 315 787 σεις
342 724 729 797 ἐξηγούμενος
783 731 1060 798 φαίνεται,
1122 734 1203 787 δι’
1257 728 1355 798 ὧν,
1392 736 1468 799 ὡς
1522 738 1790 809 προείρη-

191 815 287 867 ταί
339 832 465 883 μοι,
525 819 622 870 καὶ
676 821 778 890 τὴν
833 822 1204 895 εὐαγγελικὴν
1272 827 1609 881 ἀναπτύσσει
1677 833 1791 893 τοῖς

189 906 644 977 ἑπεσκεμμένως
698 911 955 978 διεξιοῦσι
979 916 1184 980 ταύτας
1231 918 1440 989 φωνὴν,
1482 921 1640 990 εἴπερ
1693 922 1792 975 οὐκ

192 997 325 1052 ἄλλο
360 999 428 1051 τὸ
469 1003 607 1073 παρ’
635 1002 805 1075 αὐτῆς
848 1009 1270 1076 σημαινόμενον,
1300 1010 1415 1063 ἀλλ’
1443 1011 1581 1081 ὅπερ
1605 1014 1790 1064 αὐταί·

192 1093 257 1143 τὸ
305 1091 425 1161 γὰρ
473 1095 635 1166 παρὰ
688 1097 766 1168 τῷ
820 1099 1138 1171 Εὑαγγελίῳ
1192 1102 1434 1171 Πνεῦμα
1481 1103 1590 1171 τῆς
1647 1105 1794 1171 ἀλη-

193 1188 383 1251 θείας,
438 1189 693 1259 Πνεῦμα
741 1192 884 1246 κατὰ
918 1194 1124 1246 Παῦλον
1166 1195 1321 1261 Υιοῦ,
1345 1195 1444 1249 καὶ
1486 1196 1633 1263 νιῦς
1660 1199 1793 1265 Χρι-

192 1276 372 1331 στοῦ.
425 1279 674 1350 Χριστὸς
731 1281 789 1335 δὲ
838 1285 872 1354 ἡ
924 1284 1176 1355 ἀλήθεια.
1236 1287 1445 1351 Καλῶςι
1501 1290 1792 1358 τοιγαροῦν

195 1369 592 1438 προλαϐόντες
653 1373 920 1445 ἐλέγομεν
974 1379 1055 1439 είς
1113 1379 1283 1448 αὐτὴν
1330 1380 1546 1450 εκείνην
1591 1380 1690 1451 τὴν
1728 1381 1788 1435 ὲν

198 1461 579 1532 Εὑαγγελὶοις
612 1468 941 1538 περικοπὴν,
973 1469 1109 1524 ἀλλὰ
1139 1458 1204 1540 δὴ
1256 1472 1349 1525 καὶ
1398 1473 1500 1536 τὰς
1559 1475 1794 1526 ἀποστο-

196 1552 362 1618 λικὰς
419 1557 622 1627 ῥήσεις
678 1561 1046 1631 προσπταίειν
1101 1563 1231 1626 τοὺς
1258 1563 1791 1634 ἀντιδιατιθεμένους

198 1647 334 1716 ἡμῖν
367 1649 436 1700 ὲκ
496 1650 602 1720 τῆς
637 1652 929 1724 Κυριακῆς
986 1654 1129 1725 τάχα
1160 1656 1351 1724 φωνῆς
1399 1641 1475 1719 ὡς
1495 1658 1791 1728 παρέργως

202 1741 511 1808 μετιόντας
546 1743 618 1798 τὰ
650 1747 777 1815 περὶ
800 1745 1029 1813 τούτων,
1065 1748 1161 1802 καὶ
1197 1748 1271 1818 μὴ
1299 1750 1436 1819 μετὰ
1475 1750 1574 1820 τῆς
1622 1766 1794 1821 προσ-

195 1830 452 1902 ηκούσης
498 1835 836 1900 ἐπιστασίας
867 1839 962 1891 καὶ
990 1838 1353 1908 διασκέψεως.
1383 1840 1575 1911 Ὅμως
1606 1842 1655 1894 εί
1686 1842 1786 1897 καὶ

202 1924 279 1996 μὴ
308 1926 542 2005 πρώην,
576 1929 657 1991 είς
690 1929 751 1982 τὸ
789 1928 918 1999 ἑξῆς
945 1930 1076 1999 γοῦν
1097 1931 1243 1985 δοκῶ
1277 1931 1481 2003 μηδένα
1508 1931 1619 1985 τῶν
1639 1936 1785 1988 πάν-

197 1991 329 2081 των,
358 1991 486 2072 ιςσοῖ
512 2019 591 2090 μὴ
612 2020 702 2075 διὰ
730 1991 924 2086 est;
954 1991 1487 2095 ἱδιαρρύθμαὲςῖπρδς
1510 2027 1688 2079 πάντα
1707 2026 1797 2080 λό-
1827 1991 1866 2046 Β

197 2124 296 2177 γον
326 2110 682 2166 ἀντιϐαίνειν
728 2112 1028 2183 ἐγνώκασι,
1056 2117 1263 2169 τούτων
1293 2132 1348 2169 τι
1406 2117 1789 2188 παραδραμεῖν

197 2201 597 2269 ἀνεξέταστον,
626 2206 764 2275 μήτε
812 2207 918 2276 μὴν
939 2209 1019 2271 είς
1042 2208 1248 2275 γνῶσιν
1289 2207 1472 2262 αὐτῶν
1523 2209 1794 2280 ἀφικόμε-

197 2310 311 2359 νον,
346 2298 547 2366 μεῖναι
569 2298 673 2366 τῆς
695 2297 911 2362 οἰκείας
943 2298 1295 2356 ὲθελοϐούλου
1326 2299 1570 2371 ,γνώμης
1615 2301 1792 2355 εἰσέτι

198 2389 390 2451 κακῶς
415 2389 770 2461 ὲξεχόμενον,
803 2390 1085 2462 τρέψαντα
1110 2392 1169 2447 δὲ
1216 2393 1319 2464 τὴν
1358 2392 1556 2461 ἄλογον
1602 2393 1796 2447 ἔνστα-

201 2494 289 2533 σιν
338 2477 507 2551 οἶμαι
565 2482 749 2537 πάντα
800 2486 1067 2548 τοιοῦτον,
1129 2487 1211 2549 είς
1234 2484 1418 2554 θαῦμα
1465 2485 1793 2557 μεταϐαλεῖν

198 2571 299 2641 τὴν
328 2574 692 2645 προαίρεσιν,
720 2574 816 2628 καὶ
871 2575 992 2646 μεθ’
1023 2575 1181 2645 ἡμῶν
1238 2577 1497 2645 γενέσθαι
1533 2577 1641 2630 τῶν
1693 2580 1794 2645 τῆς

199 2662 464 2735 ἀληθείας
506 2665 891 2732 ὑπασπιστῶν,
948 2668 1017 2740 ἢν
1042 2668 1069 2718 6
1098 2669 1242 2730 θεῖος
1283 2661 1439 2731 οὗτος
1459 2669 1596 2739 ἀνὴρ
1619 2669 1780 2723 δυνάο

207 2771 300 2825 μει
350 2756 524 2824 λόγου
552 2758 956 2823 καθυποδείξας
1002 2761 1158 2831 ημῖν,
1221 2760 1568 2832 ὑπερμαχεῖν
1610 2760 1783 2831 αὐτῆς

200 2843 409 2910 τρόπον
425 2849 560 2900 τινὰ
597 2849 1001 2919 προετρέψατο,
1037 2849 1136 2921 τὴν
1165 2851 1355 2920 κοινὴν
1416 2851 1786 2919 πιστούμενος

200 2931 435 2997 ἔννοιαν.
464 2939 594 3009 ἥτις
629 2935 774 3010 εἶχεν
808 2943 895 2995 ἀεὶ
935 2942 1017 2996 δι’
1042 2941 1171 2997 Υίοῦ
1190 2943 1252 2996 τὸ
1278 2942 1503 3014 Πνεῦμα
1534 2944 1595 2997 τὸ
1639 2944 1793 3012 ἆγιον

200 3023 513 3093 λαμϐάνειν
571 3030 674 3101 τὴν
743 3030 1004 3103 ὕπαρξιν,
1065 3034 1143 3098 ὡς
1191 3035 1353 3104 δῆλον
1395 3037 1504 3089 κὰκ
1545 3034 1646 3106 τῆς
1676 3036 1787 3088 τῶν

202 3116 565 3188 ἀπορούντων
584 3121 822 3185 διανοίας
843 3124 1013 3180 ἐστίν.
1044 3125 1206 3180 Ἐπεὶ
1233 3126 1320 3190 τίς
1355 3128 1384 3179 6
1406 3126 1563 3195 λόγος
1588 3128 1686 3197 τὴν
1708 3127 1796 3181 al-

200 3210 322 3264 τίαν
372 3212 611 3277 τούτους
647 3215 854 3286 ζητεῖν,
887 3217 1091 3287 ὅτιπερ
1113 3221 1226 3287 οὐχ
1265 3218 1398 3286 Υἱὸς
1425 3218 1531 3273 τοῦ
1562 3221 1697 3274 Υιοῦ
1723 3219 1793 3273 τὸ

1896 742 2021 795 tatis
2072 744 2225 797 audit
2247 744 2288 809 ‘,
2324 743 2490 799 Paulo
2521 743 2654 798 Filii
2724 742 2978 813 Spiritus,
3012 753 3064 797 et
3094 742 3293 797 Christi
3317 760 3460 798 mens

1892 844 1996 891 est.
2046 834 2300 893 Christus
2334 854 2462 893 vero
2505 839 2702 894 veritas
2750 848 2853 893 est.
2890 838 3033 892 Bene
3064 838 3246 905 itaque
3296 850 3461 903 supra

1895 928 2232 992 dicebamus.
2274 932 2327 985 in
2362 933 2451 986 illa
2479 931 2596 1001 ipsa
2626 931 2902 1000 Evangelii
2930 932 3198 999 pericope,
3240 928 3370 998 quin
3406 927 3457 979 in

1893 1021 2211 1091 apostolicis
2248 1023 2410 1078 etiam
2459 1023 2640 1087 dictis,
2685 1036 2872 1076 errare
2912 1035 3029 1075 sese
3082 1020 3242 1073 nobis
3290 1032 3461 1086 oppo-

1894 1124 2107 1178 nentes,
2140 1115 2281 1169 dum
2327 1115 2666 1181 Dominicam
2720 1114 2862 1168 hanc
2902 1128 3087 1167 vocem
3133 1110 3460 1180 producunt,

1893 1212 2154 1273 tanquam
2188 1205 2282 1274 qui
2315 1214 2517 1259 temere
2550 1204 2752 1260 similia
2781 1211 3038 1262 tractant,
3062 1215 3160 1253 nec
3192 1200 3244 1252 in
3272 1214 3461 1251 eorum

1894 1294 2144 1347 examine
2183 1293 2478 1349 addecente
2505 1294 2949 1349 consideratione
2973 1301 3136 1362 atque
3175 1290 3466 1359 investiga-

1894 1389 2043 1442 tione
2077 1397 2330 1443 utuntur.
2362 1384 2727 1442 Nihilominus
2769 1386 2893 1440 licet
2920 1386 2969 1440 id
3000 1400 3110 1439 non
3143 1392 3300 1437 antea
3339 1397 3461 1452 ege-

1894 1481 2027 1546 rint,
2055 1479 2110 1534 in
2146 1488 2426 1549 posterum
2461 1489 2641 1535 tamen
2685 1488 2921 1548 tempus,
2952 1477 3165 1530 nullum
3195 1491 3258 1529 ex
3294 1475 3462 1537 hisce,

1894 1573 1993 1644 qui
2040 1588 2150 1628 non
2198 1573 2266 1629 ad
2322 1574 2486 1628 ﬁnem
2542 1588 2718 1642 usque
2763 1570 2984 1642 proprio
3030 1568 3259 1625 arbitrio
3290 1568 3460 1629 ducti,

1893 1666 2158 1736 quidquid
2188 1663 2432 1731 aﬂ'ertur,
2463 1679 2776 1734 oppugnare
2807 1663 3232 1726 constituerunt,
3268 1659 3462 1713 borum

1893 1759 2028 1814 nihil
2077 1759 2288 1829 absque
2336 1757 2695 1828 inquisitione
2734 1754 3201 1826 praetermissuros
3246 1766 3467 1821 :neque

1893 1863 2018 1904 cum
2067 1850 2120 1904 in
2151 1866 2341 1905 eorum
2373 1850 2743 1919 cognitionem
2773 1848 3006 1912 venerit,
3050 1845 3105 1900 in
3135 1844 3382 1914 propria,
3413 1853 3469 1897 et

1894 1956 2057 2011 quam
2098 1941 2200 1997 sibi
2238 1941 2382 1997 male
2426 1940 2797 2011 praedixerunt,
2850 1938 3112 2009 opinione
3147 1950 3469 2006 permansu-

1894 2049 1988 2090 ros
2021 2052 2036 2089 :
2064 2035 2157 2089 sed
2188 2035 2338 2088 nulla
2370 2034 2582 2089 ratione
2611 2033 2791 2087 nixam
2821 2031 3231 2086 contentionem
3268 2029 3466 2084 immu-

1894 2134 2107 2182 taturos
2141 2142 2331 2181 omnes
2384 2126 2663 2188 existimo,
2708 2134 2763 2179 et
2806 2123 3126 2178 electionem
3171 2120 3468 2175 admiratus

1894 2235 2001 2276 una
2053 2220 2337 2274 nobiscum
2391 2218 2608 2273 futuros
2652 2217 2898 2272 veritatis
2940 2214 3465 2286 propugnatoribus,

1894 2329 2055 2384 quam
2088 2313 2314 2368 divinus
2345 2312 2449 2367 iste
2475 2314 2579 2378 vir,
2631 2312 2683 2365 vi
2722 2309 3087 2378 facultateque
3116 2306 3333 2361 dicendi
3373 2305 3468 2358 de-

1896 2414 2256 2464 monstratam
2313 2404 2500 2474 aliquo
2556 2404 2718 2458 modo
2772 2400 3066 2458 defendere
3124 2398 3464 2457 adhortatur,

1893 2513 2237 2557 communem
2293 2497 2622 2552 sententiam
2678 2493 3034 2557 conﬁrmans,
3085 2505 3193 2560 qua
3252 2502 3467 2557 semper

1895 2592 2266 2648 indubitatum
2311 2598 2451 2653 erat,
2501 2603 2601 2658 per
2635 2585 2836 2641 Filium
2899 2583 3163 2653 Spiritum
3216 2590 3463 2636 sanctum

1892 2681 2271 2738 essistentiam
2317 2678 2586 2747 accipere,
2637 2677 2716 2731 uti
2762 2673 3107 2729 manifestum
3159 2674 3217 2724 tit
3258 2685 3321 2724 ex
3356 2685 3451 2723 eo-

1892 2788 2038 2838 rum,
2090 2772 2185 2842 qui
2231 2769 2576 2831 addnbitant,
2631 2777 2835 2822 mente.
2884 2764 3002 2832 Qua
3050 2765 3196 2819 enim
3250 2763 3465 2817 ratione

1891 2879 2109 2920 causam
2147 2863 2221 2917 illi
2254 2861 2569 2931 perquirent
2597 2878 2611 2914 :
2642 2860 2819 2924 Quare
2860 2874 2963 2912 non
3003 2857 3150 2927 ﬁlius
3182 2855 3311 2909 Filii
3347 2855 3470 2923 Spi-

1892 2959 2029 3011 ritus
2060 2964 2300 3017 sanctus,
2338 2954 2444 3008 nisi
2471 2953 2506 3007 ii
2543 2968 2636 3022 per
2664 2953 2841 3021 ipsum
2878 2951 3249 3006 exsistentiam
3287 2948 3467 3019 possi-

1893 3051 2025 3106 dere
2059 3050 2178 3103 sine
2221 3046 2600 3103 controversia
2644 3050 2957 3106 censerent,
3001 3051 3055 3097 et
3102 3042 3243 3111 apud
3277 3056 3469 3095 omnes

1892 3139 2070 3196 simile
2099 3140 2296 3207 dogma
2361 3135 2566 3204 absque
2617 3133 2730 3188 ulla
2778 3133 3116 3189 dubitatione
3150 3132 3363 3185 ﬁrmum
3405 3145 3467 3183 ac

1893 3231 2092 3287 stabile
2117 3245 2241 3285 esse
2273 3227 2708 3299 cognoscerent?
2742 3225 2856 3280 lloe
2884 3240 3108 3296 prorsus
3137 3238 3201 3277 ex
3235 3237 3466 3292 respon-

204 3304 451 3376 Πνεῦμα
480 3310 551 3362 τὸ
572 3308 768 3378 ἅγιον,
806 3314 855 3365 εί
888 3313 963 3383 μὴ
988 3312 1058 3366 δι’
1084 3314 1254 3368 αὐτοῦ
1287 3315 1450 3367 τοῦτο
1479 3313 1788 3383 κεκτῆσθαι

1895 3325 2047 3380 sione
2096 3338 2198 3377 sua
2255 3321 2322 3377 ad
2373 3321 2624 3386 eosdem,
2677 3319 2884 3374 ctelesti
2932 3316 3198 3386 sapientia
3249 3314 3468 3369 abunde

202 3396 300 3464 τὴν
359 3398 606 3471 ὓπαρξιν
634 3404 1081 3475 ὁμολογουμένως
1113 3405 1471 3476 ἐπρέσϐευον,
1505 3407 1600 3458 καὶ
1638 3406 1788 3476 παρὰ

1895 3429 1994 3484 pro
2025 3413 2138 3468 suis
2165 3411 2420 3466 maximis
2475 3410 2911 3478 clarissimisque
2944 3408 3238 3462 virtutibus
3263 3406 3467 3459 ditatus

206 3491 342 3543 πᾶσι
367 3493 431 3546 τὸ
453 3495 704 3550 τοιοῦτον
729 3497 908 3567 δόγμα
946 3499 1176 3569 κρατεῖν
1241 3498 1633 3571 ἀναμφιϐόλως
1692 3497 1790 3552 καὶ

1897 3508 2307 3568 demonstrans,
2345 3503 2592 3557 veritatis
2622 3501 2954 3569 virtutisque
2995 3498 3151 3567 plena
3186 3498 3347 3551 verba
3384 3497 3467 3550 lo-

207 3585 453 3654 στερρῶς
488 3587 726 3657 ⁴ᾕδεσα.ν;
768 3591 928 3646 τοῦτο
960 3594 1018 3647 δὲ
1065 3594 1288 3657 πάντως
1329 3593 1435 3647 κᾶν
1499 3592 1599 3661 τῆς
1654 3591 1790 3662 πρὸς

1895 3607 2057 3652 cutus
2106 3595 2471 3649 conﬁrmavit.
2528 3593 2593 3647 Et
2645 3593 2760 3647 lucc
2795 3593 3012 3661 quidem
3053 3590 3232 3659 magni
3276 3588 3467 3642 Basilii

206 3675 403 3738 αὐτοὺς
435 3679 738 3746 ἀπολογίας
774 3683 803 3735 6
835 3683 934 3754 τὴν
975 3685 1230 3755 οὐράνιον
1291 3684 1486 3752 σοφίαν
1530 3684 1790 3749 παριόντι

1898 3699 2054 3753 sunt,
2089 3702 2154 3742 ea
2196 3687 2453 3741 ﬁrmitate
2485 3685 2730 3755 praedita,
2767 3699 2999 3753 eamque
3037 3683 3147 3736 vim
3191 3681 3466 3745 habentia,

208 3763 531 3835 πλουτήσας
552 3769 655 3839 τῆς
686 3771 891 3842 ἀρετῆς
922 3771 1096 3837 οὕτως
1119 3774 1268 3844 ἐχειν
1293 3775 1792 3844 παραστησάμενος

1902 3790 1965 3838 ιιι
2021 3782 2186 3836 rectis
2245 3781 2393 3835 illius
2456 3778 2804 3849 dogmatibus
2857 3791 3145 3832 assensum
3206 3783 3467 3845 praestare

207 3854 572 3925 ἐϐεϐαίωσεν,
607 3862 866 3932 ἀληθείας
914 3866 1007 3919 καὶ
1035 3866 1321 3935 δυνάμεως
1358 3866 1599 3936 γέμοντα
1626 3867 1794 3935 φθεγ-

1900 3870 2116 3923 animos
2147 3876 2367 3936 cogant.

209 3943 442 4015 ξάμενος
476 3952 725 4022 ῥήματα.
759 3954 842 4007 Τὰ
876 3955 974 4025 μὲν
1002 3956 1068 4025 δὴ
1094 3958 1190 4009 τοῦ
1227 3957 1464 4027 μεγάλου
1532 3957 1817 4012 Βασιλείου
1857 3958 2109 4021 τοιαῦτα,
2175 3958 2273 4012 καὶ
2329 3956 2506 4021 οὕτως
2557 3957 2758 4020 ἱκανῶς
2818 3956 3013 4028 ἔχοντα
3075 3958 3260 4009 πεῖσαι
3290 3940 3467 4026 ψυχῆν

209 4040 507 4102 συνθέἲθαι
532 4051 645 4113 τοῖς
682 4050 867 4120 ὀρθοῖς
897 4051 1091 4106 τούτου
1149 4051 1441 4122 δόγμασιν,
1501 4055 1597 4109 ἅτε
1639 4054 1773 4108 πολὺ
1813 4053 2150 4109 πλουτοῦντα
2175 4053 2235 4107 τὸ
2267 4052 2509 4124 ἰσχυρόν.

284 4136 365 4191 ιδ’.
399 4140 542 4193 Τίνα
572 4140 629 4193 δὲ
657 4142 753 4194 καὶ
773 4144 844 4196 τὰ
875 4143 954 4212 τῷ
984 4143 1211 4215 Νύσσης
1240 4145 1558 4217 Γρηγορίῳ,
1580 4146 1659 4216 τῷ
1689 4163 1795 4217 μη-

1967 4146 2059 4200 Η.
2099 4145 2230 4210 Qua:
2276 4160 2406 4199 vero
2449 4141 2730 4215 Nyssenus
2777 4142 3074 4213 Gregorius
3128 4159 3233 4196 non
3283 4143 3466 4199 minus

213 4229 302 4283 διν
325 4229 499 4305 ἧττον
537 4234 754 4305 ἀδελφῷ
793 4234 903 4306 τὴν]
919 4236 1018 4306 τῆς
1044 4238 1280 4303 πίστεως
1302 4238 1599 4307 ὁμολογίαν
1636 4241 1670 4311 ἢ
1695 4243 1794 4308 τὴν

1897 4236 2247 4292 confessione
2297 4235 2448 4298 ﬁdei,
2492 4251 2658 4305 quam
2705 4247 2913 4290 natura:
2957 4234 3271 4288 habitudine
3300 4233 3467 4289 frater

215 4321 400 4391 σχέσιν
426 4324 532 4394 τῆς
566 4324 780 4394 φύσεως
798 4327 856 4378 ὲν
885 4326 1166 4398 διαφόροις
1194 4327 1630 4396 δογματισθέντα
1666 4332 1795 4397 περὶ

1899 4330 1956 4384 in
2018 4329 2189 4383 variis
2237 4327 2305 4382 de
2364 4326 2469 4381 hac
2523 4342 2583 4380 re
2643 4325 3055 4380 commentariis
3103 4324 3368 4389 decernit,
3417 4331 3465 4374 et

212 4414 404 4470 τούτου
430 4418 884 4488 συγγράμμασιν,
915 4417 952 4472 ἃ
985 4420 1079 4472 καὶ
1111 4420 1308 4491 μικρὸν
1354 4422 1590 4492 πρόσθεν
1614 4439 1798 4493 παρα-

1901 4421 2064 4493 panlo
2105 4430 2230 4474 ante
2271 4418 2601 4488 procedente
2647 4416 2894 4471 oratione
2939 4417 3184 4487 digerere
3218 4414 3459 4484 promisi-

216 4506 384 4563 θεῖναι
408 4515 697 4582 προϊόντος
723 4511 816 4565 τοῦ
843 4513 1004 4581 λόγου
1027 4512 1525 4585 καθυπεσχόμεθας
1579 4515 1797 4586 Συνῳδά

1904 4512 2065 4568 mus?
2112 4511 2437 4582 Congruunt
2480 4519 2536 4564 et
2566 4510 2656 4564 illa
2692 4508 2960 4579 profecto.
2990 4517 3045 4563 et
3075 4522 3239 4577 quam
3285 4508 3467 4561 consi-

218 4601 309 4653 καὶ
335 4603 534 4666 ταῦτα,
565 4605 743 4657 καὶτὸ
781 4606 889 4658 πᾶν
911 4606 1202 4674 σύμφωνα,
1253 4607 1314 4659 τό
1339 4624 1400 4659 τε
1447 4606 1635 4670 σθένος
1692 4608 1793 4659 οὐκ

1903 4608 2049 4661 milia
2074 4614 2221 4669 sunt,
2261 4620 2425 4674 quam
2454 4610 2682 4674 possunt
2706 4602 2985 4667 omnibus,
3016 4616 3115 4654 nec
3150 4602 3333 4653 minus
3365 4616 3467 4649 nn-

223 4692 525 4750 ἀποδέοντα
552 4688 664 4749 τῶν
709 4698 1155 4768 προειρημένων,
1204 4699 1301 4751 καὶ
1328 4698 1589 4770 τοιαύτην
1637 4715 1795 4768 περι-

222 4784 545 4856 ζωννύμενα
573 4789 672 4860 τὴν
699 4787 986 4859 ἀλήθειαν.
1027 4789 1117 4842 Ἐν
1150 4789 1260 4860 γὰρ
1293 4790 1372 4859 τῷ
1403 4790 1607 4861 πρώτῳ
1647 4790 1791 4860 λόγῳ

221 4879 327 4931 τῶν
354 4883 526 4936 αὐτοῦ
571 4884 708 4953 πρὸς
738 4882 1004 4952 Εὐνόμιον
1029 4877 1463 4953 Ἀπιρρητικῶν
1484 4886 1657 4938 ταῦτα
1678 4885 1792 4938 δια-

219 4966 533 5039 λαμϐάνων.
564 4975 660 5027 καὶ
691 4969 851 5035 οὗτός
883 4989 1018 5042 φησι
1053 4990 1067 5005 ’
1131 4973 1333 5039 Πατὴρ
1378 4973 1495 5039 μὲν
1528 4974 1795 5043 ἄναρχος

222 5062 317 5115 καί
382 5066 715 5134 ἁγέννητος
764 5064 1010 5119 νοεῖται.
1078 5064 1180 5129 Ἐξ
1220 5065 1410 5118 αὐτοῦ
1449 5064 1516 5115 ea
1548 5066 1698 5118 κατὰ
1726 5066 1793 5118 τὸ

223 5157 520 5226 προσεχὲς
542 5157 916 5221 ἁδιαστάτως
949 5158 981 5210 ό
1004 5154 1345 5225 μονογενὴς
1391 5153 1520 5219 Υἱὸς
1551 5154 1631 5219 τῷ
1672 5158 1792 5209 Πα-

226 5249 310 5311 τρι
339 5250 789 5305 συνεπινοεῖται
815 5266 831 5282 ο
869 5249 944 5301 δι’
985 5250 1173 5304 αὐτοῦ
1204 5248 1273 5302 δὲ
1308 5248 1408 5302 καὶ
1433 5250 1559 5317 μετ’
1606 5249 1794 5302 αὑτυῦ

227 5341 365 5407 πρίν
423 5360 477 5398 τι
509 5344 703 5397 -κενόν
761 5360 825 5397 τε
854 5342 953 5397 καί
1016 5342 1444 5397 ἀνυπόστατον
1481 5340 1577 5394 διὰ
1596 5342 1792 5410 μέσου

228 5435 632 5503 παρεμπεσεῖν
683 5436 902 5504 νόημα,
964 5434 1150 5500 εὐθὺς
1202 5435 1299 5489 καί
1334 5437 1402 5488 τὸ
1453 5434 1698 5503 Πνεῦμα
1726 5434 1793 5487 τὸ

229 5521 395 5591 ἅγιον
428 5526 827 5596 συνημμένως
847 5525 1383 5594 καταλαμϐάνεται,
1422 5529 1535 5593 οὐχ
1608 5528 1793 5580 ὑστε-

226 5616 385 5682 ρίζον
408 5620 524 5688 τήν
570 5620 833 5688 ὕπαρξιν
873 5617 1023 5687 μετὰ
1063 5617 1170 5671 τὸν
1222 5618 1380 5681 Υιὸν,
1441 5616 1598 5671 ὥστε
1654 5616 1800 5671 ποτὲ

232 5708 335 5763 τὸν
348 5715 658 5785 Μονογενῆ
675 5715 815 5785 δίχα
833 5714 941 5769 τοῦ
961 5712 1310 5782 Πνεύματος
1326 5710 1639 5780 νοηθῆναι,
1660 5709 1799 5766 ἀλλ’

236 5799 298 5854 ἐκ
329 5804 442 5872 μὲν
462 5808 570 5862 τοῦ
598 5809 749 5864 Θεοῦ
778 5807 898 5861 τῶν
952 5806 1111 5861 ὅλων
1135 5803 1234 5861 καί
1292 5804 1441 5860 αὐτὸ
1465 5804 1580 5873 τὴν
1604 5804 1803 5860 αἰτίαν

316 5962 508 6023 ‘Joan.
553 5982 662 6032 τινι,
699 5964 779 6025 17,

1900 4707 1984 4753 tea
2045 4697 2329 4767 productis
2393 4695 2705 4762 validiora,
2782 4708 2885 4749 nec
2936 4690 3188 4748 dissimili
3242 4692 3468 4745 veritate

1895 4792 2122 4846 vallata.
2182 4788 2358 4845 Primo
2407 4803 2645 4858 namque
2692 4802 2920 4842 suorum
2981 4785 3243 4839 adversus
3289 4781 3468 4836 Euno‘

1898 4886 2069 4939 mium
2100 4882 2595 4938 Antirrheticorum
2624 4881 2765 4935 libro
2793 4880 2908 4933 haec
2941 4879 3326 4934 continentur:
3361 4876 3469 4930 Pa-

1902 4987 1979 5030 ter
2009 4974 2218 5045 quidem
2263 4976 2375 5028 sine
2420 4973 2677 5044 principio
2707 4981 2756 5025 et
2797 4971 3061 5040 ingenitus
3114 4968 3469 5039 intelligitur;

1899 5085 1963 5124 ea:
1997 5086 2056 5123 eo
2096 5083 2213 5122 vero
2273 5066 2576 5121 immediate
2612 5076 2661 5119 et
2696 5064 2919 5118 indivise
2952 5063 3256 5133 unigenitus
3298 5060 3470 5113 Filius

1901 5178 2021 5216 cum
2062 5160 2226 5215 Patre
2272 5159 2432 5215 simul
2482 5158 2851 5229 intelligitur:
2882 5173 2975 5228 per
3016 5157 3155 5209 hunc
3192 5164 3368 5207 autem
3419 5161 3469 5206 et

1900 5268 2017 5305 cum
2049 5252 2184 5322 ipso,
2216 5259 2501 5320 antequam
2529 5252 2706 5304 inanis
2736 5259 2785 5305 et
2826 5266 2927 5302 non
2958 5250 3245 5303 subsistens
3288 5247 3340 5299 in
3369 5261 3458 5298 me-

1900 5346 1990 5397 dio
2011 5344 2274 5410 perceptio
2316 5342 2545 5409 incidat,
2592 5344 2774 5397 statim
2807 5340 3037 5409 Spiritus
3085 5346 3300 5391 sanctus
3348 5334 3469 5397 iun-

1900 5438 2025 5491 ctim
2065 5438 2380 5505 concipitur,
2425 5453 2526 5490 non
2567 5445 2685 5505 post
2725 5433 2929 5488 Filium
2967 5430 3268 5486 exsistentia
3299 5425 3469 5481 subsi-

1901 5543 2063 5595 stens,
2091 5539 2149 5585 ut
2180 5530 2473 5601 aliquando
2504 5527 2811 5599 Unigenitus
2842 5526 3034 5596 absque
3066 5521 3270 5591 Spiritu
3296 5520 3468 5573 conci-

1901 5625 2106 5695 piatur,
2130 5624 2219 5678 sed
2273 5638 2340 5677 ea:
2406 5638 2580 5676 rerum
2637 5621 2869 5674 omnium
2930 5616 3037 5670 Deo
3095 5628 3140 5669 et
3197 5614 3305 5680 ipse
3355 5624 3468 5666 suae

1900 5717 2141 5771 essentia
2170 5732 2389 5771 causam
2418 5715 2635 5780 habens,
2666 5712 2802 5768 unde
2846 5718 2895 5764 et
2936 5707 3261 5779 unigenitum
3294 5705 3470 5758 tamen

1906 5808 2097 5873 oritur,
2123 5823 2215 5876 per
2238 5822 2415 5862 verum
2435 5814 2608 5861 autem
2645 5804 2818 5857 lumen
2845 5798 3162 5863 elucescens,
3199 5810 3360 5867 neque
3386 5795 3469 5848 di-
