3932 6564
153 326 295 392 1057

1002 325 1100 385 DE
1141 321 1655 385 PROCESSIOVE
1697 324 1752 383 S.
1801 322 2163 383 Sl’iRITUS
2200 322 2424 383 ORAT.
2460 319 2514 384 Ι.

3258 320 3398 384 1058

156 436 288 507 περὶ
316 433 505 489 τούτου
532 433 770 487 διάνοιαν
793 431 1234 501 ἐξαγγέλλοντες,
1269 426 1344 487 ὧν
1378 432 1480 502 μὲν
1526 448 1726 503 προγε-
1752 482 1761 495 ί

1850 430 2156 486 sententiam
2206 429 2484 484 ferentes:
2523 429 2716 481 borum
2769 424 3045 495 antiquior
3089 427 3139 481 in
3171 428 3399 484 Refuta-

154 529 407 596 νέστερος
439 527 497 578 ιν
527 520 608 588 οἷς
631 524 854 596 ἔλεγχον
885 526 977 578 τὸν
1001 525 1129 596 περὶ
1157 525 1423 580 Μελέτιον
1452 523 1728 577 ἐκτίθεται

152 620 251 673 καὶ
278 616 558 682 Εὐσέϐιον,
585 612 705 670 Ἦν
732 615 801 668 δὲ
827 615 1130 672 ἀδύνατον
1162 616 1233 669 ἐν
1255 614 1329 684 τῇ
1348 616 1455 682 τῆς
1491 616 1732 685 Ἰριὰδος

152 711 309 777 δόξῃ
336 709 401 762 τὸ
427 708 688 774 Πνεῦμα,
717 708 885 775 λέγει,
911 705 1261 771 δοξάζεσθαι
1289 706 1376 775 μὴ
1398 706 1731 775 προοδικῶς

152 802 228 855 ὃν
254 802 328 855 ἐκ
355 800 506 855 Θεοῦ
558 800 633 853 δι’
684 800 838 862 ΥΙοῦ,
894 799 1056 853 ἀλλὰ
1106 797 1426 865 ποιητικῶς
1482 798 1547 851 ἐκ
1582 798 1730 852 Θεοῦ

154 893 429 962 γεγονὸς,
469 892 546 957 ὡς
586 890 899 960 λέγουσιν.
929 889 1247 961 Ὀρθιδόξου
1304 889 1361 943 δὲ
1418 891 1581 943 πάλιν
1636 890 1732 955 καὶ

154 984 496 1039 Μακεδονίου
522 982 754 1046 διάλεξιν
787 982 1151 1051 ἐκτιθέμενος,
1183 982 1327 1035 οὕτω
1362 983 1549 1052 φησίν
1589 982 1731 1035 Ἐὰν

153 1069 272 1128 οὖν
309 1070 519 1140 δειχθῇ
540 1074 648 1137 τῆς
680 1071 869 1137 αὐτῆς
895 1068 1048 1126 εἶναι
1074 1073 1313 1140 φύσεως
1329 1075 1425 1125 καὶ
1456 1074 1733 1139 θεότητος

153 1162 236 1230 τῷ
278 1162 394 1229 Υιῷ
422 1165 518 1218 καὶ
567 1163 645 1229 τῷ
676 1165 854 1231 Πατρὶ
891 1164 957 1218 τὸ
1005 1165 1248 1234 Πνεῦμα
1304 1164 1370 1217 τὸ
1430 1165 1497 1227 ἐξ
1548 1164 1731 1217 αὑτοῦ

155 1255 267 1308 τοῦ
320 1254 555 1324 Πατρός
578 1253 673 1307 διὰ
694 1253 803 1323 τοῦ
842 1254 979 1308 Υιοῦ
1011 1254 1288 1324 ἐκχυθὲν,
1329 1255 1426 1307 καὶ
1468 1270 1735 1321 προσκυ-

157 1347 357 1413 νητόν
384 1344 484 1397 καὶ
516 1343 851 1411 λατρευτὸν
876 1344 1403 1412 ἀποδειχθήσεται.
1468 1343 1737 1412 Κύριλλος

156 1437 216 1491 δὲ
242 1438 584 1508 μεθύστερον
616 1438 672 1488 ὲν
706 1437 805 1505 μὲν
857 1439 922 1506 τῇ
948 1435 1215 1507 ἑρμηνείᾳ
1244 1434 1338 1487 τοῦ
1378 1434 1522 1487 κατὰ
1567 1433 1720 1486 Ἰωάν

158 1544 261 1595 νην
332 1524 688 1593 εὐαγγελικοῦ
748 1522 913 1594 ῥητοῦ
961 1523 1054 1575 τοῦ
1108 1521 1380 1589 λέγοντος,
1413 1520 1600 1573 Ὅταν
1626 1514 1739 1572 οὖν

160 1619 318 1685 ἔλθῃ
346 1620 378 1670 ὁ
416 1617 832 1683 Παράκλητος.
899 1615 1126 1681 Ὥσπερ
1182 1612 1292 1684 γάρ
1350 1612 1522 1666 ἐστιν
1584 1610 1739 1665 ιδιον

1836 521 1981 576 tione
2005 530 2197 576 contra
2233 520 2564 591 hypocrisin]
2619 515 2814 571 Mcletii
2846 528 2899 569 et
2935 516 3153 571 Eusebii
3181 520 3348 573 tradit
3380 536 3397 574 :

1833 611 1994 681 Atqui
2052 611 2371 680 impossibile
2403 617 2517 662 erat
2545 609 2600 661 in
2636 605 2913 660 Trinitatis
2941 606 3109 678 gloria
3140 605 3401 676 Spiritum

1834 704 2247 775 conglori/icari,
2285 704 2389 756 nisi
2422 716 2488 756 ex
2532 700 2641 754 Deo
2670 716 2760 767 per
2790 698 2991 753 Filium
3030 701 3401 769 progrediendi

1834 796 2008 858 modo,
2038 811 2141 847 non
2182 804 2359 847 autent
2387 793 2548 860 ﬂendi
2596 792 2800 844 ratione
2839 806 2903 844 ex
2936 790 3041 843 Deo
3074 792 3162 851 sit,
3199 800 3256 844 ut
3298 791 3403 862 ipsi

1834 889 2006 939 aiunt.
2063 886 2365 940 Orthodoxi
2404 884 2533 937 item
2573 891 2626 935 ct
2654 881 3025 935 Macedoniam
3066 882 3404 951 Disputatio-

1836 996 1958 1033 uem
1999 994 2357 1049 prosequens,
2408 978 2600 1032 scribit
2632 995 2645 1031 :
2681 975 2869 1044 Itaque
2916 976 2961 1028 si
2993 985 3256 1028 ostensum
3287 973 3403 1043 fue-

1837 1076 1907 1128 rit
1951 1076 2186 1143 ejusdem
2228 1091 2339 1131 esse
2382 1074 2676 1127 divinitatis
2727 1073 2985 1141 Spiritum
3014 1087 3132 1124 cum
3166 1067 3309 1123 Filio
3352 1078 3404 1123 et

1837 1169 2020 1233 Patre,
2059 1169 2147 1238 qui
2177 1183 2241 1221 ex
2281 1165 2442 1220 Patre
2465 1183 2558 1235 per
2589 1163 2790 1219 Filium
2820 1164 3020 1233 effusus
3052 1171 3152 1223 est.
3187 1171 3236 1215 et
3267 1161 3404 1215 ado-

1841 1255 2040 1308 rendus
2087 1264 2135 1306 et
2175 1255 2419 1307 colendus
2458 1269 2570 1307 esse
2613 1252 3082 1306 demonstrabitur.
3118 1249 3407 1305 Rcceutior

1838 1362 1968 1402 vero
1998 1346 2231 1417 Cyrillus
2261 1346 2314 1400 in
2356 1345 2697 1415 expositione
2728 1344 2858 1398 dicti
2903 1342 3200 1411 evangelici
3236 1340 3406 1394 Joan-

1838 1437 1924 1491 nis
1989 1452 2003 1489 :
2053 1438 2184 1491 Cum
2233 1438 2411 1507 itaque
2475 1436 2787 1490 Paracletus
2840 1434 3033 1487 venerit
3075 1433 3094 1463 '
3131 1471 3146 1495 ,
3202 1432 3403 1486 docet:

1840 1527 2293 1594 Quemadmodum
2325 1528 2569 1598 proprius
2602 1537 2677 1581 est
2707 1525 2939 1593 Spiritus
2972 1522 3108 1576 Filii
3140 1522 3408 1576 naturali-

1842 1628 1921 1672 ter
1957 1619 2016 1674 in
2048 1620 2159 1685 ipso
2189 1620 2466 1682 exsisteus,
2496 1627 2543 1672 et
2573 1634 2664 1687 per
2702 1619 2875 1687 ipsum
2910 1613 3269 1683 progrediens.
3327 1614 3408 1665 ita

163 1705 417 1775 Πνεῦμα
455 1706 561 1761 τοῦ
604 1706 766 1769 Υιοῦ,
800 1706 1063 1770 διδάσκει,
1096 1703 1368 1773 φυσικῶς
1398 1704 1467 1757 ἐν
1488 1703 1649 1768 αὐτῷ
1675 1720 1738 1757 τε

1850 1720 1918 1764 est
1947 1721 1995 1764 et
2030 1709 2235 1764 Patris.
2270 1709 2412 1763 Idem
2444 1710 2498 1763 in
2529 1710 2659 1762 illud
2692 1726 2706 1762 :
2740 1707 2920 1776 Neque
2943 1706 3082 1758 enim
3108 1705 3348 1773 loquetur
3375 1718 3409 1755 a

158 1773 474 1867 ὑπάρχον,
529 1797 625 1849 zeal
648 1796 724 1849 δι’
766 1794 954 1850 αὑτοῦ
1014 1796 1245 1864 προϊὸν,
1286 1796 1439 1848 οὕτω
1488 1793 1583 1847 καὶ
1629 1793 1737 1847 τοῦ

1850 1819 1897 1855 se
1923 1802 2070 1871 ipsa:
2110 1801 2342 1854 l’rwdixi
2382 1802 2543 1863 enim,
2574 1799 2674 1863 ait,
2710 1808 2758 1851 et
2790 1798 2836 1851 si
2873 1812 2975 1850 non
3007 1795 3193 1848 valetis
3233 1790 3410 1846 omnia

161 1891 426 1955 Πατρός.
494 1886 555 1940 '0
609 1886 769 1949 αὐτὸς
825 1888 905 1950 εις
930 1886 1012 1951 τὸ,
1066 1889 1148 1940 Οὐ
1187 1887 1295 1956 γὰρ
1344 1884 1603 1952 λαλήσει
1626 1884 1740 1954 ἀφ’

159 1980 421 2033 ἑαυτοῦο
461 1979 791 2047 [lpos/mna
812 1977 942 2049 γὰρ,
974 1978 1185 2047 φησιν,
1217 1981 1268 2031 εὶ
1292 1978 1391 2031 καὶ
1422 1978 1507 2047 μὴ
1564 1977 1739 2031 δεδύ-

161 2074 362 2138 νησθε
386 2072 583 2124 πάντα
605 2068 839 2139 μαθεῖν.
878 2072 998 2122 Οὐκ
1046 2070 1124 2123 ἂν
1162 2065 1273 2124 οὖν
1328 2069 1443 2135 ἀρα
1478 2068 1740 2135 καθάπερ

160 2161 281 2231 ἐγὼ
307 2160 548 2231 προερεῖ
566 2163 637 2214 τὰ
664 2160 950 2230 ἐσόμενα,
979 2160 1064 2230 μὴ
1104 2161 1241 2229 οὐχὶ
1269 2159 1506 2225 πάντως
1530 2162 1599 2214 ἐν
1613 2159 1744 2229 ἐμοι

160 2270 224 2306 τε
256 2255 562 2321 ὑπάρχον,
586 2251 683 2304 καὶ
713 2254 789 2305 δι’
814 2251 959 2322 ἐμοῦ
1028 2254 1260 2320 προτόν.
1312 2251 1405 2314 Τὸ,
1471 2249 1733 2315 Ἐκεῖνος

161 2344 273 2413 ἐμὲ
332 2342 601 2406 δοξάσει,
670 2341 833 2395 πάλιν
875 2342 1332 2412 ὲπεξηγούμενος,
1395 2339 1635 2407 Ἐπειδὴ
1677 2339 1744 2392 δὲ

162 2433 499 2502 ὀμοούσιόν
544 2434 608 2487 τέ
656 2434 788 2487 ἐστι
819 2433 900 2499 τῷ
945 2433 1078 2499 Υἰῷ,
1112 2433 1288 2500 λέγει,
1340 2432 1437 2485 καὶ
1508 2433 1743 2499 πρόεισι

164 2524 519 2593 θεοπρεπῶς
535 2523 610 2577 δι’
639 2522 848 2590 αὐτοῦ,
863 2524 1073 2581 πᾶσαν
1096 2525 1285 2579 αὐτοῦ
1306 2526 1420 2591 τὴν
1441 2524 1533 2593 ἐφ’
1554 2524 1744 2578 ἅπασι

166 2617 551 2685 τελεωτάτην
584 2619 729 2687 ἕχον
744 2617 1050 2687 ἐνέργειαν
1079 2634 1142 2670 τε
1186 2617 1285 2671 καὶ
1324 2617 1581 2691 δύναμιν
1606 2630 1621 2647 ⁶
1647 2615 1746 2669 διὰ

164 2707 358 2765 τοῦτό
400 2727 593 2779 φησιν
641 2711 730 2764 ὅτι
768 2729 787 2763 ι
832 2713 933 2764 Ἐκ
956 2706 1062 2766 τοῦ
1084 2706 1229 2781 ἐμοῦ
1255 2711 1515 2780 λήψεται
1540 2728 1553 2741 ο
1594 2729 1614 2763 s
1654 2710 1747 2763 καὶ

166 2802 492 2870 προϐαίνων
527 2806 724 2871 μικρὸν
762 2798 916 2865 αὖθίς
948 2820 1083 2873 φησι
1116 2802 1356 2870 ’Προτύν
1390 2802 1502 2873 τὰρ
1527 2800 1605 2855 δι’
1632 2803 1740 2853 αὺ-

168 2891 284 2949 τοῦ
315 2892 609 2964 φυσικῶς,
642 2895 723 2961 ὡς
758 2894 914 2948 ἴδιον
940 2895 1125 2950 αὑτοῦ
1160 2896 1306 2963 μετὰ
1353 2894 1618 2957 πάντων,
1661 2887 1747 2946 ὧν

167 2989 299 3055 ἔχει
332 2986 938 3056 τε.ὶείως,λαμ6ἁνειν
969 2987 1206 3056 λέγεται
1235 2987 1307 3042 τὰ
1326 2988 1532 3041 αὑτοῦ.
1562 2987 1629 3039 Tl
1656 2986 1747 3051 6e;

1846 1894 2138 1949 addiscere.
2172 1892 2292 1946 Non
2322 1894 2501 1962 itaque
2542 1891 2623 1944 uti
2670 1907 2762 1960 ego
2793 1889 2974 1957 futura
2999 1885 3273 1956 prwdicet,
3304 1881 3411 1935 nisi

1842 2003 2057 2056 prorsus
2088 1988 2141 2038 in
2179 2001 2257 2038 me
2285 1985 2580 2049 exsisteret,
2605 1992 2654 2035 et
2686 1998 2776 2050 per
2807 1996 2885 2033 me
2924 1978 3322 2049 progrederetur
3343 1972 3410 2027 ".

1843 2079 2062 2134 Necnon
2113 2087 2165 2132 et
2230 2078 2381 2141 illud,
2431 2074 2533 2130 Ille
2555 2075 2876 2146 gloriﬁcabit
2920 2074 2962 2136 ',
2998 2072 3296 2139 explanans
3327 2067 3414 2120 in-

1845 2174 1997 2243 quit:
2018 2172 2147 2227 Cum
2170 2187 2286 2225 vero
2306 2170 2539 2239 ejusdem
2554 2169 2793 2222 essentia:
2813 2182 2928 2219 cum
2952 2163 3091 2218 Filio
3108 2164 3201 2227 sit,
3221 2171 3271 2214 et
3293 2175 3417 2229 pro-

1842 2263 2149 2333 grediatur,
2207 2261 2284 2313 uti
2330 2261 2542 2314 addecet
2573 2260 2776 2324 Deum,
2823 2272 2915 2326 per
2963 2258 3164 2324 ipsum,
3209 2265 3414 2305 omnem

1844 2372 1997 2410 suam
2030 2356 2082 2407 in
2109 2354 2348 2407 omnibus
2374 2344 2812 2421 perfectissimam
2846 2350 3203 2418 operationem
3234 2354 3281 2397 et
3310 2344 3417 2395 vir-

1847 2460 2009 2502 tutem
2052 2447 2345 2517 possidens,
2400 2454 2673 2515 propterea
2725 2445 2875 2508 dicit,
2938 2441 3061 2495 «De
3102 2457 3214 2496 meo
3273 2440 3419 2494 ιιτεὶ-

1844 2540 2007 2608 piel'.
2051 2556 2068 2588 ι
2110 2536 2171 2590 Et
2203 2536 2391 2605 paucis
2430 2536 2658 2589 annexis
2683 2576 2698 2599 ,
2749 2532 3099 2603 Progrediens
3137 2534 3276 2586 enim
3326 2547 3417 2600 per

1846 2632 2015 2699 ipsum
2045 2628 2385 2692 naturaliter,
2423 2637 2480 2680 ut
2523 2627 2769 2696 proprius
2799 2626 2967 2694 ipsius
2999 2641 3117 2677 cum
3152 2625 3415 2686 omnibus,

1845 2739 1962 2792 quia
2011 2722 2263 2788 possidet,
2316 2718 2562 2787 perfecte,
2621 2717 2820 2769 dicitur
2871 2715 3056 2769 habere
3110 2731 3227 2785 qua:
3267 2715 3416 2768 illius

1848 2823 1989 2866 sunt.
2025 2809 2119 2863 Vis
2152 2807 2339 2878 plura?
2376 2808 2585 2861 Dictum
2636 2806 2765 2859 illud
2800 2843 2816 2868 ,
2877 2805 3213 2872 Qua'cunqae
3264 2805 3419 2858 habet

1848 2898 2021 2957 Pater'
2061 2918 2171 2953 mea
2232 2908 2375 2958 sunt,
2420 2896 2697 2963 explicans
2776 2897 3065 2949 enuntiat:
3133 2893 3420 2963 Propterea

1849 2995 1960 3049 dixi
1993 2994 2152 3056 vobis,
2183 2992 2320 3060 quod
2351 2990 2413 3043 de
2455 3004 2565 3042 meo
2595 2988 2809 3054 accipit,
2849 2996 2897 3040 et
2935 2987 3267 3040 annuntitbit
3309 3002 3407 3039 vo-

167 3078 267 3127 καὶ
313 3075 412 3146 τὴν
458 3075 661 3129 Πάντα
726 3076 842 3130 ὅσα
908 3078 1032 3146 ἕχει
1083 3079 1115 3131 ὁ
1176 3079 1380 3145 Πατὴρ
1443 3075 1554 3145 ἐμά
1614 3078 1741 3129 ἐστι

1855 3086 1932 3139 bis
1951 3086 1992 3144 ⁸,
2029 3082 2255 3150 Spiritus
2312 3096 2513 3148 nempe,
2562 3080 2649 3147 qui
2696 3094 2787 3148 per
2855 3079 3046 3145 ipsum,
3094 3088 3141 3157 et
3197 3079 3249 3130 in
3306 3079 3419 3145 ipso

173 3170 345 3238 ῥῆσιν
410 3170 726 3239 σαφηνίξων
789 3172 1165 3240 μυσταγωγεῖ·
1223 3170 1326 3223 Διὰ
1357 3170 1530 3223 τοῦτο
1570 3164 1745 3223 εἷπον

1850 3187 1948 3232 est.
2011 3176 2132 3230 Haec
2180 3177 2358 3243 itaque
2414 3189 2477 3227 ex
2521 3187 2674 3226 sacra
2730 3172 2781 3223 in
2835 3170 3092 3225 Joannem
3144 3172 3419 3240 erattgeli-

166 3263 323 3330 ἡμῖν
351 3260 440 3315 ὅτι
491 3262 560 3314 ἐκ
599 3262 704 3315 τοῦ
724 3261 873 3331 ἐμοῦ
911 3263 1222 3330 λαμϐάνει,
1274 3262 1369 3315 καὶ
1427 3260 1752 3330 ἀναγγελεῖ

1855 3278 1994 3322 stam
2028 3266 2386 3336 Exposxtione
2443 3263 2709 3333 sapientis
2740 3262 2928 3333 Cyrilli
2962 3265 3218 3332 decerpta
3269 3270 3416 3325 sunt,

166 3353 339 3421 ὑμῖν,
371 3354 433 3404 τὸ
472 3353 713 3422 Πνεῦμα
757 3352 1037 3419 δηλονότι
1058 3356 1119 3406 τὸ
1143 3352 1423 3406 διἀὺτοῦ
1447 3369 1509 3405 τε
1544 3354 1643 3405 καὶ
1679 3352 1749 3404 ἐν

165 3443 360 3509 αὐτῷ.
393 3443 578 3497 Ταῦτα
611 3447 707 3514 μὲν
740 3441 833 3498 οὖν
880 3445 985 3498 ἀπὸ
1017 3445 1114 3513 τῆς
1147 3444 1288 3497 κατὰ
1352 3447 1441 3495 τὸν
1508 3444 1751 3510 Εὑαγγε-

165 3536 373 3604 λιστὴν
437 3535 893 3606 Ἰωάννην-ἱερᾶς
930 3532 1259 3605 ’ἑρμηνείας
1325 3535 1592 3604 Κυριλλου
1652 3533 1745 3586 τοῦ

169 3626 345 3696 σοφοῦ
406 3627 802 3698 συνελέγησαν,
872 3626 960 3691 ὃς,
1019 3627 1196 3697 ἐαυτῷ
1269 3626 1548 3696 πανταχοῦ
1608 3626 1750 3695 σύμ-

173 3734 363 3785 φωνος
390 3718 486 3781 ὢν,
521 3719 578 3770 ἐν
610 3718 707 3788 μὲν
740 3718 819 3789 τῷ
851 3719 1089 3789 δευτέρῳ
1140 3719 1248 3771 τῶν
1307 3719 1439 3787 πρὸς
1497 3717 1752 3786 Ἑρμείαν

169 3814 350 3868 αὐτοῦ
398 3813 571 3881 λόγων
598 3814 770 3868 ταῦτα
815 3813 1169 3885 διαλαμϐάνει
1200 3815 1379 3884 ῥητῶς
1405 3829 1419 3843 ο
1459 3813 1659 3881 "Artor-
1686 3811 1754 3864 δὲ

173 3909 431 3978 Πνεῦμα
460 3911 779 3980 προσερεῖς
819 3910 886 3962 τὸ
927 3910 995 3963 ἐκ
1045 3908 1194 3963 Θεοῦ
1240 3908 1471 3976 Πατρὸς
1520 3907 1592 3961 δι’
1615 3910 1657 3959 Υ
1657 3906 1750 3960 ἰοῦ

171 4003 591 4069 προχεόμενον
619 4003 912 4072 φυσικῶς,
931 4003 1028 4056 καὶ
1054 4001 1318 4070 καθάπερ
1343 4004 1411 4055 ἐν
1444 4003 1609 4066 τύπῳ
1641 4000 1752 4069 τῆς

170 4096 245 4147 ἐκ
274 4092 392 4144 τῶν
417 4095 728 4162 στομάτων
751 4093 1047 4162 διαπνοῆς
1064 4093 1345 4161 τὴνίδέαν
1360 4092 1503 4161 ἡμῖν
1520 4095 1752 4159 ὑποση-

173 4183 419 4251 μαίνων
443 4182 722 4250 ὕπαρξιν.
763 4184 849 4237 Ἐν
881 4184 936 4236 δὲ
964 4185 1076 4245 τοῖς
1102 4183 1235 4252 πρὸς
1272 4182 1584 4244 Παλλάδιον,
1609 4180 1752 4251 ἅπερ

172 4275 278 4326 καὶ
302 4274 443 4326 αὐτὰ
468 4275 607 4326 κατὰ
627 4274 817 4327 πεῦσίν
839 4277 943 4326 εἰσι
978 4276 1071 4327 καὶ
1092 4275 1403 4343 ἀπόκρισιν,
1433 4270 1585 4334 αὖθις
1608 4270 1749 4324 οὕτω

173 4369 442 4432 διέξεισιν
480 4366 735 4434 Τρεπτὸν
764 4365 832 4418 δὲ
852 4366 921 4417 οὔ
950 4382 1003 4418 τι
1031 4382 1147 4417 που
1169 4365 1234 4417 τὸ
1263 4360 1504 4432 Πνεῦμα
1524 4364 1655 4416 ἐστι
1674 4376 1689 4392 ⁶
1716 4363 1752 4432 ἢ

1855 3360 1948 3430 qui
1993 3362 2045 3412 in
2078 3359 2330 3411 omnibus
2359 3356 2683 3425 sibimetipsi
2721 3371 2951 3409 concors
2983 3356 3035 3408 in
3083 3354 3324 3409 secundo
3350 3354 3420 3407 ad

1857 3454 2130 3507 llertniam
2199 3452 2338 3503 libro
2396 3450 2509 3502 haec
2571 3449 2844 3517 ipsissitna
2901 3447 3063 3500 Verba
3123 3446 3415 3499 continet:

1859 3542 2110 3596 Sanctum
2141 3555 2296 3609 porro
2324 3537 2581 3603 Spiritum
2610 3537 2809 3589 dixeris
2834 3538 2924 3604 qui
2959 3550 3022 3587 ex
3049 3535 3156 3588 Deo
3177 3544 3224 3588 et
3260 3534 3420 3587 Patre

1852 3650 1943 3702 per
1983 3631 2181 3685 Filium
2228 3632 2537 3701 e/funditur,
2584 3641 2632 3684 et
2679 3642 2735 3683 ut
2782 3632 3013 3698 exemplo
3041 3631 3095 3682 id
3143 3622 3418 3696 explicem,

1856 3725 2219 3794 respirationis
2262 3740 2417 3777 suam
2465 3722 2609 3776 nobis
2648 3723 3008 3774 exsistentiant
3055 3706 3315 3772 indicatis.
3361 3719 3417 3771 lu

1855 3818 2011 3872 libris
2041 3819 2206 3871 etiam
2243 3817 2310 3869 ad
2347 3816 2667 3879 Palladium,
2698 3822 3000 3868 secundum
3032 3814 3418 3881 interrogatio-

1855 3926 1978 3964 nem
2005 3917 2058 3961 et
2094 3908 2509 3978 respousiOnem
2544 3908 2888 3961 ceucinnatis
2917 3908 2971 3959 in
3011 3907 3158 3958 hunc
3189 3904 3412 3958 modum

1853 4001 2104 4056 edisserit
2136 4017 2150 4053 :
2182 3999 2450 4054 Mutabtlis
2485 4015 2598 4053 vero
2640 3998 2786 4052 nullo
2836 3998 2987 4051 modo
3033 3997 3264 4066 Spiritus
3293 4005 3367 4047 est
3400 4010 3422 4050 ς

1818 4091 2043 4157 'quodsi
2086 4091 2366 4143 mutationi
2411 4091 2664 4143 obnoxius
2706 4099 2806 4155 est,
2854 4090 2921 4141 ad
2975 4091 3144 4156 ipsum
3188 4087 3420 4140 divinam

1860 4192 2108 4235 naturam
2156 4184 2471 4251 vituperatio
2511 4189 2759 4241 recurret,
2790 4183 2835 4232 si
2878 4190 2951 4233 est
2995 4179 3092 4231 Dei
3135 4189 3182 4231 et
3218 4176 3420 4238 Patris.

1859 4286 2112 4344 praeterea
2146 4283 2195 4328 et
2226 4273 2346 4326 Filii
2378 4275 2727 4327 essentialiter
2760 4287 2824 4324 ea:
2857 4271 3132 4336 ambobus,
3165 4285 3229 4323 ea:
3258 4269 3423 4323 Patre

1862 4367 2058 4420 scilicet
2092 4382 2185 4435 per
2213 4363 2413 4417 Filium
2443 4365 2641 4433 e/fusus
2680 4363 2931 4434 Spiritus.

173 4459 352 4528 εἴπερ
391 4459 453 4511 τὸ
487 4448 804 4527 τρέπεσθαι
839 4457 1029 4520 νοσεῖ,
1074 4457 1168 4509 ἐπ’
1233 4454 1428 4523 αὐτὴν
1479 4458 1513 4509 ὁ
1550 4455 1752 4525 μῶμος
1791 4458 1907 4523 τὴν
1959 4456 2126 4511 θείαν
2194 4456 2616 4525 ἀναδραμεῖται
2658 4459 2868 4526 φύσιν,
2925 4457 3092 4522 εἴπερ
3139 4454 3269 4508 ἐστὶ
3316 4450 3425 4507 τοῦ

177 4551 334 4606 θεοῦ
351 4551 448 4604 καὶ
474 4551 725 4618 Πατρός,
750 4549 997 4617 καὶμὴν
1026 4549 1128 4603 τοῦ
1160 4549 1319 4612 Υἱοῦ,
1347 4547 1412 4600 τὸ
1462 4547 1766 4615 οὐσιωδῶς
1802 4550 1871 4612 ἐξ
1911 4549 2157 4619 ἀμφοῖν,
2197 4548 2391 4619 ἤγουν
2435 4550 2506 4605 ἐκ
2587 4551 2817 4617 Πατρὸς
2853 4549 2929 4602 δι’
2996 4548 3133 4603 Υἰοῦ
3179 4550 3427 4617 προχεό-

170 4659 371 4712 μενον
399 4644 517 4693 Πνε
527 4641 661 4709 ῦμα.

254 4739 355 4798 ις’.
417 4732 483 4785 Τί
538 4734 675 4803 πρὸς
728 4736 826 4802 τὴν
882 4734 953 4798 ἐξ
1000 4734 1224 4803 ἀμφοῖν
1269 4736 1451 4804 φωνὴν
1483 4733 1575 4787 τοῦ
1610 4732 1753 4786 Θείου
1790 4740 1833 4795 D

175 4826 379 4877 τούτου
417 4823 631 4892 Πατρδς
657 4823 862 4876 εἴποιεν
898 4825 961 4878 ἂν
991 4826 1038 4877 οἱ
1069 4825 1169 4895 τὴν
1195 4824 1269 4877 δι’
1296 4819 1431 4880 Υιοῦ
1464 4828 1601 4896 μήτε
1632 4842 1758 4877 συν-

176 4919 321 4980 όλως
382 4917 834 4986 παραδεχόμενοι,
909 4920 1001 4970 καὶ
1043 4918 1265 4986 προσέτι
1321 4917 1526 4987 σφόδρα
1587 4917 1751 4970 κακί-

178 5009 372 5073 ζοντες
395 5022 410 5072 ;
451 5008 509 5060 '0
530 5008 631 5077 μὲν
655 5008 763 5077 γὰρ
794 5007 851 5073 ὲξ
872 5009 1072 5075 ἀμφοῖν
1103 5003 1242 5060 εἶναι
1270 5007 1418 5075 λέγει
1445 5008 1507 5060 τὸ
1534 5006 1755 5078 Πνεῦμα

176 5103 243 5154 τὸ
313 5100 493 5167 ἆγιον,
560 5101 653 5151 καὶ
705 5099 803 5168 τὴν
858 5100 1155 5170 ἑρμηνείαν
1205 5099 1401 5170 ἁθρόον
1454 5101 1752 5169 ἐπήγαγεν,

177 5195 378 5263 ἤγουν
399 5193 464 5244 ἐκ
486 5191 721 5257 Πατρός
748 5190 827 5243 δι’
860 5190 1022 5255 Υἰοῦ,
1057 5189 1123 5242 δι’
1145 5190 1213 5260 ἢν
1282 5189 1575 5261 ἑρμηνείαν
1634 5190 1753 5243 οὐδὲ

177 5288 279 5357 τὴν
314 5284 382 5337 ἐκ
414 5284 546 5336 κάπὶ
569 5282 661 5335 τοῦ
695 5282 827 5335 Υἱοῦ
877 5282 1134 5351 πρόθεσιν
1162 5280 1544 5346 ἀποϐάλλεται,
1577 5281 1755 5344 καλῶς

179 5375 380 5440 ποιῶν,
419 5375 629 5443 καὶτῆς
692 5374 886 5427 ἑαυτοῦ
932 5373 1305 5442 μεγαλοφιιῖας
1337 5371 1577 5435 ἐπαξίως
1624 5390 1758 5424 παν-

177 5471 458 5523 τάπασιν·
505 5468 738 5537 ἐπείπερ
767 5467 878 5520 οἶδε
906 5468 983 5537 μὴ
1026 5466 1434 5536 λυμαινομένην
1493 5466 1758 5537 μηδαμῶς

180 5562 280 5630 τὴν
323 5559 629 5621 εὐσέϐειαν,
667 5558 1017 5628 ὄτανδηλαδὴ
1048 5556 1227 5615 καθὼ;
1263 5556 1422 5620 αὐτὸς
1448 5555 1756 5626 ἐξηγήσατο

257 5722 278 5749 ³
304 5718 459 5774 .1;›;ιιι.
499 5737 586 5776 xv.
612 5718 699 5771 ‘26.

1946 4737 2033 4792 16.
2075 4737 2212 4804 Quid
2258 4737 2323 4790 ad
2362 4736 2530 4790 ιίἰι·ἰιιὶ
2574 4736 2804 4804 hujusce
2849 4733 3028 4788 Patris
3069 4749 3133 4786 ea:
3176 4734 3426 4787 ambobus

1860 4844 2049 4884 vocem
2100 4828 2530 4895 respondebunt,
2562 4830 2652 4896 qui
2702 4828 2848 4880 illam
2894 4842 2989 4895 per
3028 4823 3231 4877 Filium
3278 4825 3427 4881 nullo

1858 4927 2023 4989 pacto
2070 4918 2386 4981 admittunt,
2430 4918 2680 4986 quininto
2728 4916 3076 4968 vehementer
3130 4913 3429 4966 criminan-

1859 5008 1991 5063 tur?
2022 5006 2121 5061 Hic
2151 5008 2295 5062 enim
2340 5022 2406 5060 ex
2458 5007 2725 5060 ainbobus
2758 5020 2881 5060 esse
2922 5006 3118 5059 asserit
3164 5001 3426 5073 Spiritum

1863 5110 2131 5165 sanctum,
2166 5099 2436 5168 simulque
2470 5100 2864 5168 expOsitionem
2917 5097 3211 5163 connectit,
3250 5111 3429 5165 nempe

1862 5209 1925 5246 ex
1952 5191 2116 5246 Patre
2137 5208 2228 5261 per
2253 5189 2479 5254 Filium,
2510 5208 2615 5260 qua
2651 5206 2750 5245 nec
2794 5190 3233 5260 praepositionem
3282 5203 3346 5241 etc
3374 5188 3429 5241 in

1866 5281 2004 5334 Filio
2032 5284 2298 5351 repudiat,
2335 5285 2537 5353 optime
2572 5298 2725 5345 sane,
2762 5296 3095 5351 prorsusquc
3128 5294 3222 5349 pro
3249 5279 3428 5348 digni-

1870 5381 1979 5425 tate
2012 5390 2123 5427 suae
2154 5374 2569 5444 magnificentiae
2608 5375 2842 5440 locutus,
2879 5388 3004 5427 cum
3047 5372 3179 5426 satis
3210 5371 3428 5434 caueat,

1869 5466 2020 5518 nullo
2081 5466 2241 5519 modo
2289 5466 2541 5534 pietatem
2592 5465 2738 5527 lardi,
2792 5465 3012 5533 quando
3060 5476 3255 5531 nempe
3307 5474 3429 5514 eam

1867 5556 2306 5625 praepositionem
2344 5558 2421 5611 uti
2465 5557 2556 5612 ille
2594 5557 2982 5627 interpretatus
3027 5566 3128 5623 est,
3156 5551 3428 5625 quispiam

812 5721 855 5752 ⁸’
881 5715 1040 5771 Joan.
1080 5732 1190 5780 nt,
1223 5715 1308 5771 i3.
1386 5715 1560 5771 ‘ibid.
1604 5716 1688 5772 14.

1850 5731 1966 5771 Dan.
1997 5731 2109 5774 xw.
2153 5714 2234 5769 15.
2310 5715 2487 5770 “ibid.
2532 5716 2614 5769 15'.
