3932 6568
184 347 320 412 ιοδι

1030 349 1127 409 DE
1167 344 1682 417 PROCESSIONE
1723 344 1784 403 S.
1826 343 2191 403 SPIlilTUS
2226 342 2446 403 ORAT.
2490 342 2539 405 ῐ.

3305 338 3445 403 1062

178 465 278 517 καί
320 480 453 530 φασι
496 462 662 532 μηδὲν
713 462 1000 532 τυγχάνειν
1052 464 1150 515 σὺν
1198 465 1265 532 τῇ
1314 459 1587 532 παρούσῃ,
1626 457 1760 529 μηδὲ

1882 472 2031 511 nunc
2089 458 2269 527 palam
2317 457 2615 526 explodunt
2650 472 2665 509 :
2698 464 3063 523 asseruntque
3116 470 3291 525 neque
3337 466 3449 524 1am

172 555 282 618 τὰς
318 554 425 606 τῶν
454 556 967 623 ἀναγεγραμμένων
997 555 1248 623 χρήσεων
1284 552 1503 613 πλείους
1538 553 1673 621 πρὺς
1701 554 1761 604 τὸ

176 647 553 717 προκείμενον
573 662 588 677 ο
616 647 697 699 ὅτι
728 646 801 717 μὴ
835 646 894 699 τὺ
914 642 1067 699 εἶναι
1104 645 1354 710 ταύταις,
1386 645 1419 715 ἦ
1466 645 1528 697 τὸ
1572 646 1760 711 ὑπάρ-

175 757 314 808 χειν
339 740 519 810 ῥητῶς
547 739 895 809 πρύσκειται.
921 740 998 809 Τῇ
1038 739 1142 808 μὲν
1168 740 1276 807 γὰρ
1305 740 1365 791 τὸ
1396 738 1754 806 πεφηνέναι,

171 833 301 893 ταῖς
339 830 395 883 δὲ
444 832 508 882 τὸ
555 830 908 898 ἐκλάμπειν,
939 832 1158 901 ἑτέραις
1191 831 1252 884 τὸ
1303 829 1654 898 προχεῖσθαί
1700 845 1759 881 τε

173 921 272 973 καὶ
310 922 645 990 ἐκκεῖσθαι.
675 925 798 985 ταῖς
858 925 977 992 μετ’
1028 923 1201 983 αὐτὰς
1241 924 1300 975 τδ
1330 923 1664 990 προΐεσθαι.
1691 922 1759 989 τῇ

170 1012 230 1064 δὲ
288 1014 353 1065 τὸ
399 1014 813 1081 προέρχεσθαι,
861 1017 958 1069 καὶ
1007 1014 1186 1087 ταύτῃ
1239 1016 1300 1067 τὸ
1350 1013 1760 1084 ἐκπέμπεσθαι

171 1107 333 1173 παρά
355 1104 466 1156 τῶν
494 1106 665 1173 ἁγίων
702 1107 1129 1176 ἀπονενέμηται.
1160 1106 1375 1160 Τούτων
1405 1107 1452 1160 δ’
1476 1106 1628 1160 οὐδὲν
1660 1106 1759 1176 τὴν

173 1195 418 1265 ὓπαρξιν
470 1196 728 1267 σημαίνει
771 1198 867 1251 τοῦ
908 1198 1260 1267 Πνεύματος.
1307 1198 1538 1250 ἕκαστον
1590 1197 1647 1250 δὲ
1701 1199 1758 1251 τὸ

169 1286 359 1356 τούτῳ
408 1288 744 1357 κατάλληλον
765 1303 779 1317 ⁸
824 1289 885 1340 τὸ
920 1288 1256 1356 πεφηνέναι
1299 1288 1396 1356 τὴν
1430 1288 1596 1339 αὑτοῦ
1622 1288 1759 1357 πρὸς

174 1380 330 1447 ἡμᾶς
362 1377 626 1448 ἔκφανσιν
647 1396 663 1411 ·
708 1380 770 1433 τὸ
802 1379 1139 1447 ἐκλάμπειν
1183 1380 1285 1449 τὴν
1325 1381 1405 1440 είς
1434 1379 1525 1431 τὸν
1552 1379 1758 1448 κόσμον

172 1472 432 1543 ἀρρήτου
460 1470 652 1525 τούτου
678 1473 1056 1541 ι,ςωταύγειαν⁸
1102 1471 1166 1524 τὸ
1190 1469 1546 1539 προχεῖσθαί
1574 1489 1633 1523 τε
1664 1472 1756 1524 καὶ

172 1566 495 1634 ἐκκεῖσθαι
526 1565 626 1635 τὴν
661 1564 769 1619 τῶν
796 1565 1158 1635 χαρισμάτων
1201 1561 1369 1616 αὐτοῦ
1428 1566 1539 1625 τοῖς
1586 1563 1758 1629 ἀξίοις

172 1657 448 1728 διανομήν
468 1673 483 1687 ο
520 1659 580 1711 τὸ
618 1643 953 1726 προΐεσθαι,
994 1659 1129 1728 πρὸς
1154 1657 1210 1710 δὲ
1238 1660 1331 1711 καὶ
1362 1654 1758 1723 προέρρεεσθαι

1870 548 2150 602 laudatum
2217 548 2596 602 testimonium
2661 562 2836 630 neque
2904 546 3167 613 majorem
3238 557 3448 616 partem

1869 655 2087 703 eorum,
2123 656 2245 710 quae
2284 655 2450 710 supra
2491 640 2657 694 allata
2688 649 2834 703 sunt,
2877 641 3174 709 quidquam
3205 638 3272 693 ad
3318 654 3449 708 pro-

1869 734 2105 800 positum
2158 733 2397 786 facere;
2424 732 2568 801 quod
2620 731 2672 784 in
2727 731 2833 785 illis
2883 748 3057 800 neque
3089 748 3221 791 esse,
3272 744 3449 797 neque

1863 825 2115 878 exsistere
2148 823 2468 875 nmninatim
2517 821 2848 890 proferatur,
2881 821 2973 873 uni
3008 821 3277 889 siquidem
3315 821 3447 874 illud

1864 931 2144 985 apparere.
2201 915 2323 968 aliis
2351 914 2598 977 elucere,
2650 913 2772 967 aliis
2830 913 3077 983 profundi
3116 922 3168 966 et
3222 911 3445 980 effundi,

1868 1008 2150 1062 nonnullis
2195 1007 2470 1073 provenire
2510 1014 2564 1059 et
2613 1003 2881 1075 progredi,
2921 1013 2975 1058 et
3016 1014 3290 1073 postremo
3324 1005 3448 1057 huic
3512 1042 3519 1051 ,

1858 1100 2029 1154 emitti
2061 1116 2091 1153 a
2120 1100 2325 1155 sanctis
2352 1098 2659 1167 appositum
2695 1109 2799 1152 est.
2830 1094 3033 1150 Horum
3066 1111 3194 1149 vero
3231 1096 3441 1151 nullum

1870 1190 2110 1260 Spiritus
2133 1189 2535 1256 cxsistenliam,
2567 1190 2661 1244 sed
2687 1187 3147 1259 unumquodque,
3175 1186 3319 1255 quod
3342 1184 3446 1239 sibi

1864 1282 2151 1349 respondet
2208 1289 2265 1335 et
2308 1295 2613 1350 congruum
2646 1288 2750 1344 est,
2787 1280 3057 1351 signiﬁcat
3105 1297 3120 1333 :
3170 1295 3446 1349 apparere,

1865 1371 2012 1426 illius
2041 1371 2108 1425 ad
2144 1386 2242 1424 nos
2275 1370 2702 1450 apparitignem;
2736 1370 2960 1437 elucere,
2993 1371 3141 1426 illius
3184 1371 3236 1425 in
3274 1379 3447 1424 terra-

1862 1477 1985 1515 rum
2044 1461 2231 1516 orbem
2294 1462 2714 1517 inenarrabilem
2772 1463 3269 1518 illuminationcm:
3321 1476 3447 1529 pro.

1865 1555 2018 1623 [undi
2044 1564 2099 1608 et
2128 1555 2353 1624 effundi,
2388 1555 2660 1610 donorum
2698 1555 2846 1609 illius
2876 1569 3001 1624 erga
3036 1555 3227 1623 dignos
3255 1554 3447 1607 distri-

1868 1647 2140 1701 butionem
2169 1666 2184 1712 ;
2233 1650 2298 1701 ad
2340 1649 2475 1710 haec,
2502 1648 2791 1718 provenire,
2821 1655 2875 1702 et
2901 1647 3167 1717 progredi,
3206 1646 3446 1700 divinum

171 1749 274 1817 τὴν
313 1750 373 1801 ἐν
406 1751 538 1819 ήμίν
571 1748 737 1802 αὐτοῦ
793 1749 944 1803 θείαν
992 1748 1316 1802 ὲπέλευσιν·
1360 1749 1418 1800 τὸ
1451 1745 1756 1816 δὲ·ἐκπέμ-

1873 1737 2020 1793 illius
2068 1739 2120 1792 in
2158 1755 2258 1794 nus
2288 1741 2625 1807 adventum;
2659 1740 2830 1794 emitti
2870 1739 3088 1794 tandem
3138 1738 3284 1792 illius
3328 1752 3447 1803 apo.

172 1843 405 1894 πεσθαι
443 1841 541 1911 τὴν
591 1840 783 1894 τούτου
842 1844 958 1905 τοῖς
1004 1842 1276 1911 μαθηταῖς
1326 1839 1761 1907 ἑπαγγελθεῐσαν

174 1929 341 1997 παρά
377 1929 471 1981 τοῦ
526 1927 784 1999 Σωτῆρος
835 1930 1139 2001 ἀποστολήν
1165 1946 1179 1960 ·
1210 1929 1246 1983 ἂ
1282 1930 1460 1983 πάντα
1510 1930 1598 1982 διά
1666 1929 1759 1984 τοῦ

182 2018 317 2071 Υἰοῦ
375 2019 706 2088 γεγενῆσθαι
754 2024 1107 2089 πιστεύομεν,
1168 2022 1395 2090 μηδενὸς
1448 2023 1628 2074 αὐτῶν
1664 2025 1761 2091 τὴν

176 2107 270 2160 τοῦ
339 2109 661 2179 Πνεύματος
710 2111 1070 2181 σημαίνοντος
1119 2110 1375 2182 ὕπαρξιν,
1431 2114 1539 2164 Καὶ
1584 2111 1761 2164 ταῦτα

178 2195 283 2264 μὲν
343 2188 511 2260 οὗτοι,
549 2198 686 2268 μήτε
738 2198 867 2270 περὶ
912 2193 987 2253 ὧν
1013 2199 1370 2254 διατείνονται
1404 2202 1465 2253 τὸ
1500 2203 1760 2270 παράπαν

178 2286 576 2352 γινώσκοντες,
617 2289 709 2341 καὶ
755 2291 853 2349 τὰς
896 2290 1100 2360 μεταξὺ
1134 2292 1227 2344 τοῦ
1263 2309 1322 2345 τε
1368 2293 1607 2361 μεγάλου
1660 2293 1763 2346 Ba-

179 2378 413 2442 σιλείου,
441 2381 536 2432 καὶ
579 2381 674 2433 τοῦ
721 2381 867 2433 θείου
918 2384 1130 2453 Πατρὸς
1177 2385 1499 2438 Ἀθανασίου
1548 2388 1760 2457 ῥήσεις.

179 2471 235 2523 ὲν
277 2466 372 2534 αἷς
401 2472 463 2524 τὸ
487 2468 640 2526 εἶναι
683 2473 1004 2544 πρόσκειται
1053 2476 1377 2548 κακούργως
1429 2479 1759 2547 ἀποκρύψας

181 2578 368 2630 μενοι.
399 2564 535 2633 Περὶ
565 2566 672 2635 γάρ
702 2566 796 2635 τῆς
837 2564 1062 2639 πρώτης
1113 2568 1362 2637 οὐδαμῶς
1408 2569 1765 2637 διαφέρεσθαι

178 2653 305 2707 δέδν
356 2656 529 2725 ἡμᾶς,
556 2655 632 2721 ὡς
668 2657 939 2711 ἀπολύτου
988 2660 1266 2728 κειμένης,
1309 2661 1403 2711 καὶ
1444 2659 1565 2730 δίχα
1621 2664 1765 2724 τινὸς

179 2746 325 2811 ὅλως
354 2750 623 2819 ῥήματος,
651 2754 699 2803 εξ
748 2753 842 2805 καὶ
889 2751 1119 2821 δυνάμει
1150 2755 1253 2805 κάν
1295 2752 1463 2826 ταύτῃ
1492 2756 1553 2807 τὸ
1582 2755 1769 2822 ὑπάρ-

190 2855 338 2906 χειν
369 2841 486 2893 ἐστὶ
516 2843 660 2895 κατά
686 2842 815 2904 τοὺς
848 2847 977 2913 περὶ
1013 2842 1191 2896 ταῦτα
1208 2844 1417 2907 δεινοὺς
1451 2847 1768 2913 ἀναγκαίως

181 2930 500 3001 νοούμενον.
534 2934 726 3002 Ὅμως
759 2927 904 2987 οὗτοι
937 2935 1034 3003 μὲν
1083 2935 1172 2988 διά
1202 2936 1309 2988 τῶν
1356 2938 1614 2990 τοιούτων
1669 2938 1767 3009 τὴν

179 3020 401 3073 οἰκείαν
473 3020 703 3093 γνώμην
767 3023 1157 3093 παρέστησαν·
1214 3021 1328 3089 ἐγὼ
1362 3023 1417 3075 δὲ
1469 3026 1582 3086 τοῖς
1646 3023 1765 3077 δια-

1862 1831 2020 1885 stolis
2042 1845 2071 1885 a
2100 1830 2386 1886 Salvatore
2410 1832 2735 1898 promissam
2766 1832 3105 1895 missionem,
3125 1844 3246 1899 quae
3262 1828 3446 1883 omnia

1862 1939 1958 1991 per
2019 1922 2214 1977 Filium
2277 1933 2486 1993 patrata
2533 1938 2655 1978 esse
2690 1924 2986 1986 credimus,
3049 1938 3173 1976 eum
3231 1922 3442 1976 nullum

1866 2014 2064 2067 horum
2115 2012 2358 2083 Spiritus
2414 2014 2791 2069 exsistentiam
2825 2023 2993 2067 notat.
3029 2012 3094 2067 Et
3140 2012 3192 2066 hi
3220 2012 3444 2082 quidem

1866 2104 2000 2165 haec.
2034 2122 2248 2171 eorum,
2272 2106 2341 2161 de
2370 2107 2570 2175 quibus
2600 2105 2958 2171 contendunt,
2984 2120 3213 2176 prorsus
3237 2104 3441 2176 ignari,

1863 2204 1921 2251 et
1981 2197 2140 2251 dictis
2187 2199 2330 2251 inter
2387 2213 2450 2252 ea
2481 2198 2661 2268 magni
2712 2197 2990 2253 Basiliiiet
3049 2198 3219 2252 divini
3265 2197 3444 2255 Patris

1865 2288 2149 2342 Athanasii
2205 2289 2452 2359 digestis,
2483 2290 2536 2343 in
2573 2290 2775 2358 quibus
2826 2305 2936 2344 esse
2986 2290 3308 2359 adjunctum
3339 2300 3443 2352 est.

1867 2379 2137 2434 malitiose
2172 2380 2388 2434 silentio
2415 2381 2712 2448 involutisz:
2749 2396 2985 2451 namque
3014 2382 3082 2436 de
3111 2383 3290 2451 primo
3311 2382 3444 2436 nulli

1865 2472 2092 2526 dubium
2144 2488 2264 2526 esse
2311 2471 2493 2537 debet,
2538 2474 2668 2529 licet
2714 2474 2964 2529 absolute
3023 2475 3296 2542 prolatum
3351 2475 3443 2539 sit,

1867 2573 1926 2619 et
1980 2566 2188 2633 absque
2229 2564 2338 2617 ullo
2377 2579 2606 2634 prorsus
2661 2568 2865 2631 verbo,
2917 2566 3117 2621 virtute
3170 2568 3444 2637 siquidem

1868 2656 2092 2710 verbum
2124 2657 2375 2710 exsistere
2426 2658 2691 2720 continet,
2741 2657 2917 2727 utqui
2968 2659 3022 2711 in
3074 2658 3240 2712 rebus
3288 2658 3442 2714 hisce

1867 2749 2089 2803 exerciti
2125 2757 2274 2813 sunt,
2322 2757 2376 2803 et
2420 2750 2763 2818 perspicaces
2809 2750 3137 2820 intelligunt.
3163 2751 3227 2805 Et
3256 2752 3308 2805 hi
3345 2767 3443 2822 per

1869 2839 2068 2894 similia
2113 2840 2394 2908 propriam
2461 2843 2785 2895 sententiam
2844 2857 3165 2910 expressere
3202 2859 3216 2896 :
3250 2857 3437 2897 verum

1869 2933 2102 3000 egojam
2157 2932 2359 2995 allatis,
2412 2939 2467 2985 et
2499 2947 2623 3001 qua:
2655 2933 2745 2986 illa
2776 2934 3206 3001 subsequuntur,
3250 2949 3443 3004 super-

1877 3020 2098 3087 addatn,
2126 3035 2320 3089 nempe
2346 3036 2639 3091 erumpere,
2672 3025 2951 3089 seaturire,
2977 3033 3031 3078 et
3058 3025 3104 3079 si
3132 3026 3260 3095 quid
3290 3026 3439 3080 aliud

180 3111 444 3182 ληφθεῖσι
470 3113 807 3184 προστίθημι
856 3115 951 3167 καὶ
975 3114 1142 3167 τᾶλλα
1164 3116 1232 3167 τά
1264 3113 1473 3178 τούτοις
1496 3115 1759 3185 ἑπόμενα,

1867 3112 2043 3165 simile
2098 3112 2298 3181 ubique
2360 3113 2416 3167 in
2485 3112 2688 3168 divinis
2748 3114 3049 3183 Scripturis
3103 3127 3323 3185 accepta
3372 3117 3441 3173 de

176 3207 244 3260 τὸ
284 3205 639 3266 ἀναϐλύζειν
682 3205 906 3277 δηλαδὴ,
928 3206 989 3258 τὸ
1014 3204 1315 3274 πηγάζειν,
1359 3210 1452 3261 καί
1487 3207 1541 3260 εῐ
1572 3209 1626 3261 τί
1661 3226 1766 3280 περ

178 3298 379 3365 ἕτερον
420 3297 630 3364 ὅμοιον,
691 3294 836 3366 ἅπερ
901 3296 1177 3365 πανταχοῦ
1223 3300 1320 3365 τῆς
1355 3296 1502 3361 θείας
1544 3300 1767 3370 Γραφῆς

181 3387 282 3441 ἐπὶ
316 3386 409 3440 τοῦ
441 3389 752 3456 Πνεύματος
778 3387 1093 3458 εὑρίσκεται
1128 3390 1520 3459 λαμϐανόμενα
1543 3407 1556 3421 ·
1591 3392 1765 3446 ταῦτα

179 3481 367 3534 πάντα
404 3481 501 3549 τὴν
527 3479 693 3534 αὑτοῦ
720 3479 919 3550 δηλοῦν
949 3480 1123 3547 λέγων
1150 3479 1382 3551 ὓπαρξιν
1409 3498 1423 3512 ο
1468 3482 1563 3536 καὶ
1602 3483 1763 3537 τοῦτο

177 3573 536 3643 δειχθήσεται
567 3574 711 3626 κατά
746 3574 810 3626 τὸ
844 3571 1128 3635 παντελῶς
1170 3573 1562 3643 ἀναμφίὸολον,
1600 3577 1659 3641 ἐξ
1688 3572 1762 3633 ὦν

180 3667 378 3735 συχνοὶ
405 3665 515 3718 τῶν
545 3666 737 3733 ἁγίων.
769 3666 910 3718 κάπὶ
964 3664 1056 3734 τῆς
1104 3667 1169 3718 ὲκ
1223 3666 1436 3736 Πατρδς
1469 3668 1761 3739 ὑπάρξεως

176 3756 281 3812 τοῦ
317 3756 451 3810 Υίοῦ
482 3757 581 3819 τάς
609 3756 869 3820 τοιαύτας
902 3756 1087 3826 φωνὰς
1134 3758 1563 3828 παρειλήφασιν,
1596 3755 1671 3814 ῶν
1702 3764 1760 3816 ai

181 3847 381 3917 ῥήσεις
416 3845 612 3915 μικρὸν
661 3845 885 3915 ὕστερον
947 3843 1135 3897 ἐνθάδε
1191 3848 1759 3919 καταστρωθήσονται.

179 3940 307 3993 Νῦν
338 3940 398 3992 δὲ
425 3940 565 4002 τέως
602 3940 697 3991 καὶ
732 3938 1400 4007 τῶν,ἀναγεγραμμένων
1434 3943 1491 3992 ἐν
1522 3943 1621 4014 μιᾷ
1656 3959 1760 3997 τινι

182 4032 439 4101 χρήσεων
477 4030 537 4081 τὸ
566 4028 804 4082 τοιοῦτον
837 4029 1031 4097 ὁρᾶται
1057 4032 1169 4090 τοῖς
1200 4030 1258 4080 οὐ
1293 4032 1584 4100 παρέργως
1619 4036 1755 4085 diva-

183 4121 662 4191 γινώσκουσιν.“Τὸ
688 4116 799 4190 γὰρ
814 4119 1142 4187 ἐκλάμπειν
1158 4120 1186 4171 δ
1214 4118 1433 4190 Νύσσης
1463 4115 1762 4192 Γρηγὸριος

186 4214 460 4284 πρότερον
507 4216 599 4266 ἐπὶ
646 4211 742 4264 τοῦ
793 4211 942 4275 Υἱοῦ,
974 4214 1065 4262 καὶ
1099 4212 1221 4264 τότε
1261 4212 1488 4273 δεόντως
1522 4216 1617 4265 ἐπὶ
1663 4213 1759 4266 τοῦ

98 4296 105 4301 ’
186 4305 514 4374 Πνεύματος
572 4304 836 4365 τέθεικεν,
880 4304 967 4354 ἵνα
1036 4304 1219 4385 πᾶσαν
1272 4301 1579 4370 ἀντιλογίας
1622 4306 1760 4357 ἀπο-

183 4399 382 4470 κλείσῃ
406 4399 516 4457 τοί;
545 4396 783 4465 φιλέρισι
812 4394 1109 4464 πρόφασιν.
1136 4394 1209 4446 Οὐ
1245 4396 1352 4463 γὰρ
1384 4394 1448 4462 δὴ
1496 4396 1632 4447 κάπὶ
1663 4394 1757 4447 τοῦ

1872 3203 2074 3272 Spiritu
2142 3206 2521 3273 reperiuntur;
2596 3214 2847 3261 astruens
2911 3208 2998 3261 illa
3052 3209 3233 3263 omnia
3294 3211 3440 3264 illius

1869 3298 2237 3350 cxsistentiam
2262 3307 2560 3352 cormotare
2590 3316 2604 3353 :
2635 3309 2690 3353 et
2713 3299 2816 3353 hoc
2843 3300 2914 3353 ita
2941 3315 3064 3354 esse
3093 3303 3302 3370 absque
3327 3303 3442 3355 ullo

1867 3387 2037 3442 dubio
2064 3390 2563 3455 demonstrabitur,
2615 3406 2739 3446 cum
2785 3394 3031 3461 plerique
3078 3394 3247 3446 sancti
3279 3395 3443 3448 hasce

1870 3492 2030 3531 voces
2073 3480 2140 3532 de
2176 3477 2299 3532 Filii
2351 3494 2416 3533 ex
2469 3479 2629 3534 Patre
2680 3482 3003 3536 exsistentia
3031 3486 3439 3552 usurpaverint,

1866 3582 2099 3636 quorum
2130 3570 2270 3622 dicta
2318 3570 2481 3636 paulo
2534 3579 2657 3640 post
2690 3572 2792 3626 hac
2839 3575 3027 3627 eadem
3071 3574 3319 3628 oratione
3346 3578 3443 3629 de-

1866 3658 2196 3711 scribentur.
2231 3656 2430 3713 Verum
2457 3664 2602 3714 nunc
2636 3660 2850 3715 interim
2889 3662 2943 3714 in
2981 3678 3088 3717 uno
3117 3679 3186 3718 ex
3206 3664 3318 3731 jam
3344 3666 3443 3717 ai!-

1864 3750 2046 3805 ductis
2079 3752 2411 3806 testimoniis
2439 3754 2645 3807 clarum
2685 3762 2908 3823 apparet
2938 3754 3071 3813 illis.
3102 3757 3194 3825 qui
3237 3758 3438 3813 similia

1865 3857 1973 3894 non
2009 3851 2210 3896 temere
2224 3854 2273 3897 et
2313 3844 2656 3915 indiligenter
2683 3857 2927 3902 versant.
2955 3847 3174 3903 Elueere
3204 3865 3440 3921 namque

1865 3928 2143 4001 Nysseuus
2168 3933 2466 4004 Gregorius
2509 3937 2663 4004 prius
2697 3937 2765 3991 de
2798 3936 2962 4002 Filio,
2994 3949 3109 3993 tum
3158 3941 3438 4011 deinceps,

1864 4026 1943 4078 uti
1978 4040 2076 4093 par
2105 4035 2250 4094 erat,
2279 4032 2345 4082 de
2379 4027 2582 4096 Spiritu
2632 4032 2835 4099 posuit,
2866 4041 2924 4085 ut
2962 4046 3181 4086 omnem
3218 4044 3441 4087 contra-

1862 4116 2119 4171 dit:tionis
2160 4133 2349 4172 ansam
2390 4123 2751 4176 contentiusis
2784 4125 3037 4191 eriperet.
3076 4122 3264 4195 Neque
3292 4128 3438 4181 enim

1864 4206 1917 4258 in
1950 4203 2090 4258 Filio
2115 4204 2376 4277 frigidum
2408 4224 2597 4263 eorum
2624 4211 2915 4265 consilium
2940 4212 3116 4267 locum
3138 4214 3248 4266 ullo
3279 4219 3442 4268 modo

1864 4298 2065 4354 habere
2095 4300 2163 4353 ab
2216 4302 2386 4369 aequis
2434 4301 2730 4354 lectoribus
2781 4305 3137 4371 reputabitur.
3173 4303 3440 4360 Praeterea

1862 4388 2131 4457 siquidem
2164 4390 2363 4454 dicere,
2393 4399 2447 4443 et
2478 4392 2759 4459 profundi,
2786 4402 2840 4446 et
2872 4396 3044 4446 emitti
3072 4409 3194 4447 cum
3227 4395 3437 4449 adnexa

186 4492 324 4545 Υίοῦ
372 4490 434 4543 τὸ
487 4489 696 4559 ψυχρὸν
722 4488 904 4542 αὐτῶν
943 4490 1119 4540 ὲκεῑνο
1164 4486 1342 4554 νόημα
1384 4484 1569 4556 χώραν
1612 4485 1756 4550 ἕξειν

1867 4480 1963 4533 sibi
1993 4481 2251 4534 nonnulla
2284 4481 2593 4550 prazl'erant,
2630 4484 2733 4536 hoc
2774 4485 2995 4553 quidem
3040 4495 3254 4549 teterne,
3302 4486 3436 4541 illud

185 4582 374 4645 ποσῶς
424 4581 812 4650 νομισθήσεται
868 4581 979 4640 τοῖς
1039 4578 1149 4630 τῶν
1202 4578 1487 4647 ἀκροατῶν
1530 4576 1761 4646 ἐπιγνώ-

192 4688 374 4742 μοσιν.
421 4669 651 4738 Ἀφίημι
689 4669 796 4737 γὰρ
817 4667 1022 4733 λέγειν,
1068 4667 1149 4719 ὅτι
1176 4668 1269 4718 καὶ
1299 4666 1358 4719 τὸ
1382 4666 1757 4735 προχεῖσθαι.

188 4766 288 4817 καὶ
341 4764 404 4814 τὸ
466 4763 877 4829 ἐκπέμπεσθαι
940 4758 1310 4829 προσκείμενα
1368 4776 1490 4811 τινα
1550 4760 1762 4824 τούτοης

189 4857 409 4924 ἔχοντα.
443 4851 602 4905 τοῦτο
626 4852 724 4921 μὲν
751 4852 811 4903 τὸ
839 4849 1064 4916 ἀϊδίως,
1104 4852 1281 4919 ὲκεξνο
1308 4849 1363 4901 δὲ
1401 4851 1461 4902 τὸ
1488 4849 1764 4918 φυσικῶς

193 4947 291 5000 καὶ
342 4942 651 5009 οὺσιωδῶς
712 4944 810 5004 τάς
879 4942 1139 5011 ῥηθείσας
1196 4940 1403 5003 ἐννοίας
1450 4941 1653 4993 τούτοιν
1700 4943 1760 4996 οὐ

190 5034 618 5104 παραδέχονται.
660 5032 782 5095 ῐῐῶς
826 5029 932 5100 γὰρ
984 5030 1045 5082 τὸ
1095 5029 1323 5099 Πνεῦμα
1367 5032 1615 5099 φυσικῶς
1668 5036 1761 5087 καὶ

187 5128 467 5189 οὐσιωδῶς
497 5125 866 5195 προχεόμενσν
891 5123 985 5175 ἐπὶ
1020 5122 1130 5175 τῶν
1158 5125 1512 5193 χαρισμάτων
1548 5125 1757 5195 ληφθή-

1867 4588 1996 4627 vero
2035 4572 2376 4639 naturaliter,
2410 4584 2461 4627 et
2488 4576 2858 4643 essentialiter,
2904 4577 3079 4631 dic:as
3121 4577 3441 4631 earumdem

1866 4666 2223 4737 cogitationes
2261 4681 2367 4719 non
2399 4667 2704 4721 admittere.
2738 4666 2855 4732 Qua
2886 4670 3030 4722 enim
3069 4668 3280 4723 ratione
3313 4669 3438 4739 Spi-

1870 4762 2008 4812 ritus
2040 4758 2357 4813 naturaliter
2387 4768 2443 4812 et
2486 4758 2848 4814 essentialiter
2900 4758 3126 4823 effusus,
3173 4762 3241 4815 de
3280 4762 3442 4817 donis

1872 4851 2208 4921 accipietur?
2242 4850 2305 4904 Et
2343 4851 2620 4921 quomodo
2668 4861 2872 4906 aeterne
2916 4855 3153 4908 emissus
3186 4852 3256 4907 de
3305 4854 3439 4909 mis-

1868 4944 2023 4998 sione
2079 4943 2451 5014 intelligetur?
2484 4942 2591 4997 Sed
2648 4944 2763 4997 haec
2802 4944 3024 5013 quidem
3076 4945 3130 4999 iu
3182 4944 3438 5011 transitu,

1867 5052 1988 5105 quae
2019 5036 2086 5090 de
2115 5035 2439 5090 adversariis
2470 5039 2641 5090 multo
2689 5036 2902 5091 roboris
2946 5037 3234 5092 intervallo
3263 5040 3436 5093 victo-

1868 5129 2001 5183 riam
2036 5128 2174 5183 ferre
2210 5138 2485 5198 poterunt.

190 5234 387 5282 σεται;
420 5218 539 5280 Πῶς
586 5216 642 5268 δὲ
677 5216 770 5268 καὶ
814 5214 999 5277 ἀϊδίως
1042 5214 1462 5284 ἐκπεμπόμενον
1511 5217 1605 5268 ἐπὶ
1659 5219 1757 5285 τῆς
1796 5218 2099 5290 ἀποστολῆς
2166 5220 2536 5291 νοηθήσεται;
2579 5222 2725 5294 Πλὴν
2789 5222 2961 5275 ταῦτα
3017 5222 3118 5291 μὲν
3161 5226 3302 5275 κατὰ
3348 5224 3425 5275 πά

190 5312 369 5382 ροδον,
396 5306 497 5360 κᾶν
520 5308 568 5359 εί
604 5304 710 5357 τῶν
748 5304 1088 5358 ὑπεναντίων
1130 5305 1225 5357 καὶ
1249 5306 1390 5359 οὕτω
1413 5310 1587 5378 κρατῇ
1619 5311 1760 5362 κατὰ
1800 5311 2002 5382 πολλὴν
2032 5313 2353 5383 περιουσίαν
2382 5316 2691 5383 δυνάμεως.

262 5402 350 5456 ιον,
389 5400 529 5466 Ἤδη
576 5398 634 5450 δὲ
683 5398 774 5449 καὶ
808 5397 907 5459 τὰς
945 5396 1051 5449 τῶν
1092 5397 1264 5463 ἁγίων
1308 5398 1438 5467 περὶ
1480 5400 1587 5451 τῶν
1624 5419 1754 5471 προ·

187 5500 489 5570 λεχθέντων
522 5494 761 5549 ἐκθεῖναι
799 5494 985 5563 ῥήσεις
1017 5493 1118 5543 οὐκ
1149 5493 1401 5564 ἄκαιρον.
1439 5495 1497 5546 '0
1525 5498 1626 5565 μὲν
1650 5499 1759 5567 γὰρ

188 5589 531 5660 ἁκρὰδαντος
568 5584 761 5647 στῦλος
816 5585 915 5652 τῆς
977 5582 1307 5645 Ἐκκλησίας
1364 5585 1681 5648 Ἀθανάσιος
1731 5590 1759 5641 ὁ

189 5684 389 5754 μέγας,
435 5673 497 5732 οὗ
532 5678 757 5731 πλεῖστα
801 5679 870 5730 τὰ
917 5677 1056 5744 ὑπὲρ
1100 5677 1208 5730 τῶν
1247 5677 1424 5747 ὀρθῶν
1472 5677 1761 5748 δογμάτων

199 5772 582 5835 παλαίσματα,
618 5768 717 5837 τῆς
760 5768 1040 5833 εὐσεϐείας
1084 5771 1111 5821 ὁ
1154 5772 1401 5837 γενναῖος
1454 5772 1761 5842 ἀγωνιστὴς

1938 5406 2027 5458 l9.
2067 5408 2170 5461 Sed
2202 5408 2313 5477 jam
2348 5420 2662 5463 sanctorum
2711 5410 2776 5463 tle
2810 5409 3078 5478 praedictis
3125 5408 3432 5462 testimonia

1867 5512 2140 5566 apponere
2198 5515 2307 5553 non
2372 5502 2796 5569 illOppuI'lttttum
2862 5499 3044 5554 fuerit.
3103 5497 3429 5554 Inconcussa

1866 5591 2010 5644 enim
2037 5590 2294 5646 Ecclesia!
2332 5593 2587 5647 columna
2622 5606 2848 5659 magnus
2878 5591 3230 5652 Athanasius,
3270 5592 3431 5657 cujus

1867 5698 1964 5751 pro
2024 5686 2186 5739 rectis
2213 5685 2560 5754 dogmatibus
2602 5686 2857 5753 pleraque
2923 5693 3213 5735 narrantur
3255 5695 3431 5736 certa-

1872 5774 2037 5841 tnina,
2070 5793 2367 5849 generosus
2416 5778 2632 5847 pietatis
2691 5775 2894 5830 athleta
2942 5787 2995 5830 et
3041 5784 3431 5845 propugnator,
