3974 6570
523 361 659 428 1079

1551 363 1977 427 CONSTANTI
1987 364 2069 426 NI
2111 364 2456 429 MELITEN
2469 364 2662 428 [0'er

3613 364 3734 431 1080

519 482 833 536 universum
859 481 1060 540 divina
1083 485 1273 558 synodi
1294 485 1770 556 complementum,
1795 485 1850 542 in
1889 484 2067 557 Spiritl

2198 483 2297 556 λὴν
2333 487 2682 559 ἐνεχάραξεν.
2727 485 3054 557 Ἐπειδήπερ
3085 485 3283 539 ἐκείνοι
3326 483 3533 553 ταύτην
3563 486 3733 540 ἀτιεθέ⁸

518 583 712 628 sancto
745 577 1089 644 postmodum
1119 576 1312 632 Nicaeae
1333 590 1743 649 congregatum.
1777 577 1876 633 His
1892 579 2091 634 etenim

2197 573 2356 641 ξαντό
2384 595 2466 643 τε,
2509 580 2603 631 καὶ
2636 578 2857 640 πολλοῖς
2901 577 3203 648 ἐγκωμίοις
3254 575 3734 641 ἀντεπιστείλαντες

516 667 862 723 audientibus
889 669 978 723 illa
1031 670 1260 740 epistola
1298 671 1553 740 perlecta,
1606 685 1728 725 cum
1792 671 1846 726 in
1881 671 2067 740 integri

2194 669 2447 740 ἔστεψαν.
2491 671 2726 740 Προσέτι
2759 672 2816 725 δέ
2845 672 2939 723 καὶ⁵
2971 671 3032 724 τὸ
3056 673 3155 741 τῆς
3185 669 3339 732 θείας
3374 669 3587 722 συνόδου
3618 671 3734 740 πλήν

518 758 624 812 illis
643 774 765 814 esse
797 761 912 816 visa
952 772 1138 818 essent
1169 765 1376 826 omnia,
1418 779 1526 818 una
1555 778 1746 819 omnes
1799 763 2088 828 sententia,

2195 778 2356 832 ρωμα
2388 765 2495 816 πᾶν
2522 764 2582 816 τὸ
2609 763 2999 834 συναθροισθὲν
3035 766 3094 816 ἐν
3132 763 3275 832 ἀγίῳ
3325 761 3606 830 Πνεύματι
3659 780 3734 830 με·

517 850 788 914 plausere,
813 860 867 905 et
895 862 1041 907 recte
1073 869 1194 908 eam
1248 855 1504 909 dictatam
1559 870 1698 919 esse,
1725 864 1777 908 et
1807 855 1872 908 ad
1905 853 2067 908 Eccle

2194 853 2460 924 θύστερον
2484 857 2624 908 κατά
2661 854 2923 908 Νίκαιαν.
2956 855 3050 916 El;
3073 853 3183 922 γάρ
3212 853 3454 922 ἐπήκοον
3493 854 3584 904 καὶ
3630 855 3733 906 τούο

519 939 614 993 size
640 941 836 1008 placita
871 944 1251 1006 decernentes.
1317 948 1538 1016 proprio
1605 946 1818 1015 prolato
1867 946 2088 1000 decreto

517 1029 930 1095 subsignarunt.
961 1031 1119 1088 Nulla
1147 1035 1330 1105 itaque
1360 1035 1686 1104 relinquitur
1707 1051 1838 1092 ansa
1873 1051 1940 1090 ne
1969 1051 2087 1090 om-

517 1137 632 1185 nes,
682 1123 978 1178 dummodo
1010 1126 1198 1189 velint,
1228 1141 1294 1180 ex
1322 1126 1522 1180 divinis
1553 1127 1714 1180 dictis
1738 1127 1848 1194 jam
1886 1141 2087 1195 propo-

510 1215 631 1269 sitis
669 1217 952 1271 veritatem
1013 1228 1332 1290 agnoscant,
1398 1228 1450 1274 et
1502 1218 1830 1272 deifcrorum
1887 1220 2081 1274 horum

511 1306 733 1362 Patrum
768 1311 1012 1380 vestigiis
1034 1311 1370 1375 insistentes,
1403 1312 1471 1365 ad
1501 1327 1620 1366 eam
1663 1321 1912 1381 prompte
1953 1326 2086 1366 con-

511 1412 734 1455 currant
768 1419 780 1454 :
811 1418 1048 1472 namque
1072 1404 1301 1458 addecet
1331 1418 1446 1468 eos,
1505 1404 1600 1473 qui
1651 1413 1796 1458 metu
1837 1405 2082 1459 detinen-

511 1504 618 1556 tur,
647 1494 875 1564 idqune
913 1497 979 1549 ad
1029 1497 1299 1551 dictorum
1377 1497 1813 1566 acceptationem
1870 1497 2084 1552 claudi-

509 1595 660 1649 cant,
717 1588 1167 1645 contentionibus
1194 1591 1422 1660 posthac
1473 1591 1719 1655 omissis,
1765 1600 1976 1646 tantum
2029 1602 2085 1648 et

509 1678 742 1732 similem
776 1679 996 1736 Patrum
1038 1684 1344 1753 catalogum
1375 1685 1509 1738 citra
1539 1685 1932 1740 dubitationem
1959 1700 2082 1740 om-

509 1783 630 1821 nem
663 1780 953 1840 seqnentes
983 1773 1089 1827 illis
1118 1775 1388 1844 propriam
1441 1775 1672 1830 salutem
1713 1776 2078 1840 committere,

505 1872 737 1923 quorum
769 1862 1068 1916 secundum
1097 1864 1460 1931 cognitionem
1525 1865 1770 1920 veritatis
1805 1865 2074 1930 doctrina,

504 1957 559 2001 et
582 1952 822 2005 melioris
878 1954 1198 2023 dijudicatio
1228 1965 1313 2012 est
1348 1973 1480 2013 :eos
1531 1973 1681 2022 vero,
1731 1959 1823 2028 qui
1857 1967 2077 2028 propter

505 2042 907 2110 improbitatem
986 2063 1108 2102 sese
1136 2059 1436 2118 opponunt,
1475 2057 1733 2119 tanquant
1767 2051 1860 2121 qui
1887 2067 2073 2120 pacem

503 2147 626 2185 cum
671 2135 824 2188 nobis
853 2136 1037 2189 initam
1086 2139 1680 2204 declinant,all‘cctiltus
1723 2142 2072 2211 posthabitis,

503 2236 641 2286 quos
675 2223 743 2277 ad
810 2226 954 2281 [tunc
989 2229 1132 2283 diem
1198 2229 1475 2297 foverunt,
1541 2234 1732 2287 Itornm
1757 2244 2071 2288 sanctorum

502 2315 850 2370 divinissimo
883 2323 1052 2374 choro
1075 2335 1270 2376 manus
1297 2323 1448 2387 dare,
1483 2339 1673 2378 eorum
1712 2325 2071 2379 offensionem

501 2408 785 2471 reveritus,
816 2426 1047 2479 quorum
1083 2424 1137 2467 et
1171 2413 1478 2470 facinorum
1543 2417 1788 2482 claritas,
1841 2426 1895 2471 ct
1952 2433 2073 2485 quae

501 2501 623 2556 inde
675 2511 861 2557 secuta
917 2513 998 2557 est
1053 2505 1281 2582 gloriam
1361 2517 1616 2577 perpetne
1683 2509 2068 2562 itnmanentem

497 2595 784 2649 continens
833 2596 1073 2664 dignitas
1121 2609 1200 2652 est
1259 2599 1312 2652 in
1378 2600 1736 2654 admiratione
1784 2617 1797 2654 :
1841 2611 2071 2668 utroque.

500 2697 629 2735 vero
655 2686 840 2739 vitatis
866 2689 1065 2749 noxiis,
1117 2688 1358 2757 proficua
1399 2691 1676 2758 amplecti,
1705 2699 1758 2743 et
1792 2691 1900 2745 Deo
1942 2707 2066 2744 cum

497 2774 696 2828 tutiore
726 2787 875 2845 parte
904 2779 1233 2849 melioreque
1261 2781 1536 2834 a.lh:erere
1558 2820 1572 2835 .

565 3057 656 3111 25.
701 3057 780 3113 Ita
825 3067 924 3124 cst,
969 3060 1243 3130 inquiunt,
1279 3063 1372 3118 sed
1409 3065 1566 3118 valde
1602 3076 1816 3120 nostros
1846 3070 2065 3125 animos

2189 962 2296 997 των
2327 948 2427 1016 τῆς
2457 944 2713 1013 τοιαύτης
2740 943 3184 1014 ἀναγνωσθείσης
3219 943 3535 1011 ἐπιστολῆς,
3560 946 3732 1009 πάντες

2189 1033 2512 1103 ἀρεσθέντες
2545 1033 2741 1098 κοινῶς
2768 1033 2942 1106 ταύτῃ
2981 1034 3288 1095 συνέθεντο,
3319 1033 3414 1084 καὶ
3447 1033 3628 1092 καλῶς
3654 1034 3730 1082 αὑ-

2185 1124 2284 1197 τὴν
2314 1125 2455 1195 ἔχειν
2496 1125 2950 1196 ἀποφηνάμενοι,
2989 1124 3058 1178 δι’
3106 1126 3314 1187 οἰκείας
3351 1123 3575 1193 γνώμης
3623 1124 3730 1174 ἐπε-

2191 1219 2505 1286 σφράγισεν
2561 1219 2812 1281 ἕκαστος.
2877 1217 3118 1287 οὐδεμία
3156 1218 3340 1270 τοίνυν
3397 1214 3729 1268 ἀπολείπεται

2186 1307 2457 1375 πρόφασις
2473 1308 2600 1369 τοὺς
2623 1307 2857 1369 πάντας,
2876 1305 2939 1358 ἂν
2953 1307 3208 1371 ἐθέλοιεν,
3231 1309 3288 1374 ἐξ
3308 1301 3384 1359 ὦν
3406 1304 3728 1374 παρεθέμεθα

2185 1399 2349 1452 θείων
2373 1399 2555 1470 ῥητῶν
2588 1399 2686 1470 τὴν
2707 1399 2970 1468 ἀλήθειαν
2997 1400 3222 1467 γνῶναι,
3256 1400 3352 1453 καὶ
3380 1397 3726 1468 προσδραμεῖν

2185 1491 2416 1560 ἑτοίμως
2446 1493 2613 1562 ἑαυτῇ
2651 1490 2764 1544 τῶν
2788 1491 3067 1562 θεοφόρων
3111 1491 3319 1544 τούτων
3372 1489 3582 1560 ἀνδρῶν
3627 1490 3725 1541 κατ’

2185 1582 2329 1654 ίχνια
2359 1583 2665 1653 βαίνοντας.
2692 1583 2890 1652 Χρεὼν
2938 1587 3048 1653 γάρ
3086 1586 3203 1637 ἐστι
3263 1586 3392 1648 τοὺς
3425 1585 3526 1654 μὲν
3578 1583 3724 1654 δειλίᾳ

2183 1676 2602 1746 κατεχομένους,
2633 1677 2728 1728 καὶ
2777 1675 2865 1728 διά
2893 1675 3054 1729 τοῦτο
3109 1676 3248 1744 πρὸς
3284 1677 3389 1746 τὴν
3441 1674 3726 1746 παραδοχὴν

2181 1768 2292 1820 τῶν
2325 1767 2636 1837 λεγομένων
2667 1768 3020 1832 ὀκλάζοντας,
3063 1768 3158 1821 τοῦ
3203 1769 3578 1838 γνωσιμαχείν
3611 1769 3725 1837 ἀφεο

2189 1861 2384 1932 μένους
2423 1861 2650 1931 ἀπάρτι,
2677 1860 2919 1931 τοσούτῳ
2952 1860 3045 1914 καὶ
3065 1860 3296 1930 τοιούτῳ
3321 1861 3610 1931 καταλόγῳ
3637 1861 3725 1914 Ila-

2183 1955 2241 2009 τέ
2251 1973 2357 2025 ρων
2375 1954 2667 2026 ἐπιτρέψαι
2688 1955 2788 2026 τὴν
2809 1956 3018 2010 οἰκείαν
3029 1945 3319 2026 σωτηρίαν
3339 1955 3722 2019 ἀνενδοιάστως,

2181 2050 2396 2114 τούτοις
2421 2048 2929 2118 ἀκολουθήσαντας,
2961 2044 3092 2118 ὦνὴ
3129 2048 3251 2100 κατ’
3295 2046 3596 2115 ἐπίγνωσιν
3643 2048 3721 2116 τῆς

2181 2141 2442 2212 ἀληθείας
2461 2139 2810 2203 διδασκαλία,
2841 2138 2937 2192 καὶ
2959 2138 3054 2192 τοῦ
3081 2139 3352 2208 βελτίονος
3374 2141 3408 2209 ἠ
3444 2139 3688 2210 διάκρισις
3704 2153 3717 2168 ⁸

2181 2235 2307 2298 τοὺς
2337 2233 2394 2288 δέ
2425 2233 2517 2287 διά
2568 2233 2771 2286 κακίαν
2821 2231 3281 2300 ἀνθισταμένους,
3340 2230 3418 2292 ὡς
3480 2229 3575 2299 τὴν
3622 2230 3717 2299 μεθ’

2178 2329 2339 2397 ἡμῶν
2367 2329 2596 2398 εἰρήνην
2631 2325 3008 2389 ἐκκλίναντας,
3052 2324 3115 2376 τὸ
3155 2323 3329 2386 πάθος
3376 2324 3716 2393 ἀποϐαλλομέο

2179 2439 2304 2484 νους
2329 2423 2388 2483 ἐς
2407 2419 2569 2490 δεῦρο
2588 2419 2666 2489 τῷ
2694 2419 2803 2471 τῶν
2821 2419 2991 2487 ἁγίων
3009 2419 3214 2470 τούτων
3243 2417 3461 2480 ὑπεῖξαι
3489 2417 3715 2485 θειοτάτφ

2179 2512 2345 2583 χορῷ,
2371 2511 2706 2580 πτοηθέντας
2735 2511 2796 2563 τὸ
2817 2510 3183 2581 προσκρούειν
3211 2510 3418 2572 αὐτοῖς,
3435 2501 3511 2561 ὧν
3533 2510 3563 2577 η
3601 2507 3713 2575 λαμ·

2178 2605 2385 2674 πρότης
2415 2603 2523 2657 τῶν
2554 2603 2756 2672 ἔργων,
2795 2603 2891 2655 καὶ
2924 2602 2984 2654 τὸ
3015 2601 3266 2654 ἐντεῦθεν
3295 2600 3536 2669 ἀξίωμα,
3565 2601 3619 2652 τὸ
3645 2599 3710 2652 δό-

2181 2698 2278 2762 ξαν
2311 2697 2435 2766 ἐχον
2473 2695 2550 2766 μὴ
2581 2695 3036 2764 μεταπίπτουσαν
3057 2710 3070 2725 ο
3107 2693 3410 2762 ἑκατέρους
3437 2692 3513 2754 δὲ,
3542 2690 3708 2758 φυγόν-

2175 2806 2272 2851 τας
2302 2788 2362 2841 τδ
2397 2787 2660 2855 βλάπτον,
2695 2786 2755 2840 τὸ
2783 2784 3099 2840 λυσιτελοῦν
3143 2783 3594 2848 ἀνταλλάξασθαι,
3635 2783 3712 2834 καὶ

2175 2880 2293 2949 Θεῷ
2321 2878 2582 2948 γενέσθαι
2607 2878 2708 2948 τῆς
2735 2877 3159 2948 ἀσφαλεστάτης
3195 2877 3396 2947 μοίρας
3425 2877 3521 2928 καὶ
3555 2873 3710 2944 κρείτ.

2173 2989 2343 3036 τονος.

2244 3073 2341 3120 κε’.
2379 3065 2504 3129 Ναὶ,
2539 3066 2722 3132 φασὶν,
2762 3064 2898 3118 ἀλλά
2945 3065 3199 3136 ταράττει
3233 3063 3440 3131 σφόδρα
3469 3063 3563 3125 τὰς
3593 3063 3709 3130 ἠμε-

501 3150 690 3204 turhat
744 3168 838 3222 per
873 3153 1068 3208 Filium
1103 3155 1284 3209 dicere
1327 3172 1450 3211 esse
1494 3158 1755 3227 Spiritum
1791 3173 2063 3226 sam-tum,

2172 3158 2333 3227 τέρας
2382 3158 2562 3227 ψυχὰς
2617 3156 2679 3208 τὸ
2724 3155 2948 3211 δι’Υίοῦ
3004 3157 3181 3224 λέγειν
3231 3153 3372 3208 εἶναι
3430 3153 3487 3206 τὸ
3521 3153 3708 3220 Πνεῦμα

501 3260 567 3296 ne
601 3245 724 3312 quis
777 3245 900 3299 inde
937 3246 1277 3316 itnperfectio
1313 3248 1457 3303 Patri
1505 3251 1771 3306 inferatur
1809 3254 1859 3306 in
1893 3255 2063 3323 Spiri-

499 3340 588 3386 tus
619 3333 955 3390 exsistentia.
989 3335 1053 3392 Et
1082 3337 1355 3392 undenam
1383 3339 1434 3392 id
1467 3341 1620 3395 vobis
1657 3343 1878 3405 accidit,
1913 3356 1967 3397 ut
1993 3347 2058 3398 ad

498 3439 596 3479 eos
651 3440 914 3482 conversa
963 3430 1212 3483 oratione
1266 3432 1750 3501 interrogationem
1806 3436 2060 3504 dirigant,

495 3534 528 3570 o
561 3519 826 3588 sapientia
853 3521 1063 3587 eximii,
1099 3521 1328 3588 ideoque
1354 3515 1704 3592 Evangelinm
1732 3527 2063 3580 exhaurien-

491 3621 594 3676 tes,
627 3613 861 3667 similem
905 3614 1358 3670 absurdissimam
1411 3617 1745 3685 impietatem
1778 3621 2063 3687 concipere

493 3704 546 3754 in
601 3703 708 3756 illis
759 3704 966 3768 rebus,
1018 3705 1072 3759 in
1125 3706 1326 3775 quibus
1367 3708 1657 3776 prmlncida
1705 3708 2058 3764 ecclesiastici

496 3794 822 3846 firmamenti
861 3795 1068 3850 lumina
1111 3812 1218 3849 non
1249 3798 1457 3866 absque
1498 3798 1688 3852 eodem
1724 3796 1924 3866 Spiritu
1967 3801 2060 3854 de-

491 3887 821 3939 creverunt?
853 3885 896 3940 Ο
934 3889 1076 3942 male
1121 3903 1310 3942 sanant
1347 3890 1616 3943 mentem!
1653 3888 1744 3957 qui
1785 3890 1966 3946 scelus
2005 3891 2059 3945 in

494 3981 580 4034 bis
610 3994 732 4034 esse
767 3989 1104 4048 reputantes,
1157 3980 1360 4034 dictam
1412 3981 1807 4049 blasphemiam
1851 3991 2062 4036 eructa-

491 4070 617 4125 stis.
649 4070 933 4135 Attamen,
969 4082 1028 4124 ut
1061 4087 1157 4131 eos
1182 4071 1250 4126 ab
1274 4072 1376 4128 huc
1403 4073 1628 4126 crimine
1659 4083 1713 4127 et
1747 4075 2057 4142 opprobrio,

491 4163 572 4216 uti
627 4177 725 4231 par
783 4171 901 4224 est,
969 4162 1303 4228 liberemus,
1384 4179 1493 4218 non
1551 4165 2057 4234 imperfectionem,

487 4275 522 4308 υ
562 4256 686 4319 viri,
721 4255 771 4309 id
819 4255 872 4309 in
918 4254 1077 4309 Patre
1129 4264 1314 4321 notat;
1355 4258 1817 4326 quemadmodum
1864 4276 1964 4315 nec
2007 4261 2058 4314 in

483 4348 649 4403 rebus
693 4348 910 4411 creatis,
958 4346 1103 4416 quod
1153 4347 1258 4402 illa:
1303 4363 1402 4418 per
1445 4347 1644 4404 Filium
1697 4349 1854 4405 facta:
1906 4360 2056 4413 sunt,

487 4441 610 4495 licet
659 4439 710 4494 in
768 4440 852 4495 Itis
899 4440 1004 4494 alia
1072 4441 1212 4496 ratio
1261 4441 1357 4504 sit,
1405 4441 1507 4494 alia
1551 4442 1604 4495 in
1657 4442 1785 4507 illis,
1831 4453 1890 4496 ιιι
1929 4459 2057 4513 pro-

2163 3251 2225 3304 τὸ
2274 3251 2450 3316 ἅγιον,
2508 3247 2582 3319 μή
2640 3248 2772 3301 ποτέ
2826 3265 2911 3311 τις
2969 3247 3216 3302 ἐντεῦθεν
3268 3246 3486 3300 ἀτέλεια
3535 3247 3706 3316 προσά-

2163 3359 2348 3396 πτοιτο
2400 3341 2480 3410 τῷ
2512 3342 2686 3410 Πατρὶ
2724 3341 2865 3394 κατά
2908 3340 3008 3412 τὴν
3062 3340 3157 3393 τοῦ
3194 3339 3508 3408 Πνιύματος
3562 3337 3707 3405 ῦπαρ.

2163 3433 2266 3500 Ειν.
2307 3433 2416 3484 Καὶ
2467 3431 2628 3485 πόθεν
2675 3432 2808 3501 ἡμῖν
2838 3431 2993 3484 τοῦτο
3017 3432 3261 3500 γέγονεν,
3309 3432 3420 3494 ἵνα,
3459 3431 3587 3499 πρὸς
3631 3429 3709 3480 αύ-

2161 3527 2285 3586 τοὺς
2338 3523 2490 3576 ἔνθεν
2551 3523 2845 3581 ἀποτείνας
2895 3523 2987 3576 τὸν
3049 3522 3227 3588 λόγον,
3256 3523 3569 3592 ποιήσωμαι
3618 3518 3702 3584 τὴν

2164 3613 2454 3685 ἐρώτησιν,
2485 3609 2531 3668 ὦ
2560 3615 2806 3684 περιττοὶ
2831 3614 2930 3682 τὴν
2970 3615 3186 3684 σοφίαν,
3244 3614 3338 3665 καὶ
3371 3611 3639 3672 κενοῦντες
3659 3613 3708 3660 ἐκ

2161 3706 2354 3760 τούτου
2389 3707 2452 3760 τὸ
2492 3706 2846 3774 Εὑαγγέλιον,
2877 3707 2936 3759 τὸ
2987 3707 3304 3774 λογίσασθαι
3335 3705 3535 3776 δηλαδὴ
3560 3705 3711 3757 τοιαύ·

2163 3815 2266 3867 την
2293 3799 2657 3867 ἀτοπωτάτην
2694 3797 3033 3862 δυσσέϐειαν,
3074 3799 3133 3850 ἐν
3165 3792 3246 3856 οἷς
3291 3799 3340 3850 oi
3375 3797 3611 3866 λαμπροὶ
3636 3797 3710 3848 τοῦ

2166 3889 2266 3958 τῆς
2304 3889 2628 3961 Ἐκκλησίας
2656 3889 3036 3960 στερεὼματος
3071 3889 3365 3958 φωστῆρες
3392 3890 3564 3941 εἰπεῖν
3596 3890 3711 3955 μετὰ

2160 3981 2253 4034 τοῦ
2272 3980 2411 4034 Πνεύ
2419 3998 2585 4051 ματος
2608 3980 2849 4050 ἔφθασαν
2870 3979 3010 4050 ;Τῆς
3029 3983 3324 4042 κακονοίας
3345 3982 3357 4033 l
3379 3982 3462 4033 ὅτι
3482 3997 3580 4050 περ
3598 3981 3708 4039 ὅλως

2159 4073 2396 4142 ἀνομίαν
2427 4074 2486 4125 ἐν
2512 4074 2720 4134 τούτοις
2751 4071 3108 4135 ύπολαῦόντες
3143 4071 3242 4143 τὴν
3285 4071 3580 4142 εἰρημένην
3605 4071 3709 4122 oua-

2161 4169 2372 4239 φημίαν
2427 4169 2751 4239 ἡρεύξασθε.
2808 4167 2954 4238 Πλὴν
2995 4167 3072 4231 ὡς
3109 4166 3176 4222 ἂν
3220 4166 3315 4220 τοῦ
3349 4168 3606 4238 παρόντος
3638 4168 3711 4232 ἐγ.

2160 4267 2460 4331 κλήματος,
2491 4259 2702 4313 καὶτοῦ
2733 4259 2924 4330 μώμου
2949 4259 3178 4322 δεόντως
3208 4258 3270 4323 ἐξ
3305 4260 3488 4312 αὐτῶν
3516 4260 3712 4312 ἐκείνω)

2161 4355 2357 4417 αὐτοὺς
2386 4352 2781 4422 ἀπαλλάξωμεν
2806 4367 2824 4386 ο
2857 4352 2957 4404 οὑκ
2986 4350 3261 4416 ἀτέλειαν,
3321 4344 3368 4403 ὦ
3394 4346 3560 4417 οὗτοι,
3578 4350 3714 4404 τοῦτο

2162 4447 2461 4514 κατηγορεί
2486 4443 2581 4496 τοῦ
2604 4443 2834 4516 Πατρὸς,
2858 4441 2938 4494 ὥσ
2948 4459 3046 4512 περ
3072 4441 3195 4495 οὐδὲ
3219 4442 3310 4494 ἐπὶ
3333 4441 3442 4494 τῶν
3481 4443 3544 4512 δη
3551 4458 3714 4512 μιουρο

483 4533 709 4586 cedente
755 4532 1002 4586 oratione
1037 4533 1575 4600 demonstrabimus;
1621 4535 1752 4603 quin
1805 4534 2057 4590 virtutem

2172 4536 2449 4606 γημάτων,
2480 4536 2564 4588 ὅτι
2593 4532 2766 4587 ταῦτα
2816 4532 3073 4601 γεγόνασι
3110 4531 3178 4584 δι’
3230 4531 3386 4598 Υίοῦ,
3428 4532 3529 4586 κάν
3578 4531 3715 4591 ἀλλος

482 4625 685 4682 vivam.
734 4634 787 4678 et
819 4623 872 4677 in
911 4624 1186 4694 Itypostasi
1237 4625 1624 4679 subsistentem
1657 4623 1853 4679 Filium
1904 4641 2056 4680 com-

487 4727 831 4780 monstrant,
894 4717 1177 4783 magisque
1237 4732 1458 4772 causam
1537 4733 1604 4772 ex
1669 4717 1825 4772 Patre
1881 4719 2059 4772 decla-

491 4817 611 4862 rant
640 4824 653 4859 :
683 4809 846 4876 idque
873 4819 1060 4874 aperte
1086 4808 1154 4861 de
1183 4810 1346 4862 rebus
1379 4809 1537 4863 factis
1587 4826 1815 4878 magnus
1841 4811 2061 4866 docebit

486 4901 720 4954 Basilius
754 4917 767 4952 :
807 4900 939 4953 dicit
967 4903 1111 4953 enim
1148 4902 1200 4954 in
1235 4911 1427 4956 octavo
1459 4903 1639 4971 capite
1669 4903 1735 4954 ad
1771 4904 2057 4972 Amphilo-

484 4994 664 5047 eltinnt
701 5010 714 5045 :
750 4989 877 5044 Ideo
933 4992 1065 5046 dicit
1116 4993 1374 5047 Dominus
1424 5011 1442 5046 :
1491 5013 1508 5044 ι
1550 4993 1744 5047 Omnia
1802 5011 1916 5048 mea
1966 5005 2058 5047 tua

485 5094 605 5139 sunt
630 5085 696 5147 ¹⁵,
729 5103 746 5135 ι
783 5095 1035 5154 tanquam
1065 5085 1134 5136 ad
1162 5086 1333 5153 ipsum
1364 5088 1510 5156 origo
1543 5088 1876 5139 conditarum
1920 5088 2056 5155 refe-

483 5181 643 5232 renda
675 5179 767 5244 sit,
801 5184 851 5231 et
899 5185 991 5230 tua
1024 5193 1162 5240 mea,
1203 5177 1344 5245 quod
1379 5177 1478 5246 ipsi
1529 5193 1559 5228 a
1599 5177 1760 5230 Patre
1795 5178 2054 5230 condendi

481 5273 775 5324 auctoritas
814 5270 1068 5338 provenit.
1105 5269 1342 5335 Quorum
1391 5271 1528 5322 enim
1558 5271 1778 5338 arquati:
1829 5279 1905 5322 est
1956 5285 2048 5334 po-

483 5366 691 5427 tentia,
753 5361 942 5414 Icarum
993 5361 1218 5430 (aqualis
1264 5371 1338 5413 est
1391 5371 1438 5413 et
1498 5363 1752 5428 operatio.
1811 5359 2051 5413 Christus

481 5455 740 5523 siquidem
794 5452 888 5506 Dei
944 5449 1110 5504 rirtus
1151 5460 1249 5516 est,
1305 5463 1350 5503 et
1404 5450 1499 5502 Dei
1539 5451 1827 5518 sapientia,
1876 5459 1925 5502 et
1979 5451 2054 5502 sic

483 5548 662 5599 ontnia
702 5562 794 5615 per
827 5547 1002 5608 ipsum
1035 5545 1182 5614 facta
1229 5552 1372 5596 sunt.
1432 5543 1501 5596 Et
1541 5543 1732 5612 paucis
1776 5543 2052 5597 annexis:

489 5641 702 5692 Patrem
749 5654 839 5706 per
873 5637 1068 5690 Filium
1117 5653 1319 5702 creare,
1363 5652 1524 5704 neque
1556 5636 1914 5702 imperfectam
1953 5633 2057 5686 Pa-

558 5801 596 5831 ³⁵
623 5798 777 5853 Jontt.
815 5814 939 5858 xvn.
973 5798 1054 5852 10.

2165 4622 2325 4689 οὗτος
2355 4627 2384 4678 ὀ
2431 4626 2604 4692 λόγος,
2654 4625 2906 4687 κάκεῖνος
2960 4624 3170 4692 ἕτερος,
3224 4623 3300 4685 ὡς
3337 4625 3614 4691 προϊόντες
3659 4636 3714 4672 τι

2168 4719 2295 4786 περὶ
2351 4715 2556 4767 τούτων
2607 4714 3094 4782 διευκρινήσομεν·
3160 4713 3393 4782 δύναμιν
3446 4713 3504 4764 δέ
3559 4711 3715 4776 ζῶσαν

2165 4810 2262 4861 καὶ
2283 4806 2648 4859 ἐνυπόστατον
2680 4804 2929 4857 δείκνυσι
2957 4803 3046 4857 τὸν
3093 4803 3242 4863 Υίὸν,
3292 4804 3388 4856 καὶ
3416 4805 3518 4872 τὴν
3559 4802 3715 4856 αἰτίαν

2168 4900 2367 4968 μᾶλλον
2401 4897 2691 4966 ἀναφαίνει
2729 4897 2829 4966 τὴν
2859 4897 2921 4947 ἐκ
2963 4895 3198 4965 Πατρός·
3257 4898 3354 4948 καὶ
3410 4895 3568 4948 τοῦτο
3600 4893 3716 4946 διδά-

2166 4993 2245 5056 ξει
2270 4990 2483 5061 τρανῶς
2534 4991 2625 5041 ἐπὶ
2667 4987 2776 5039 τῶν
2809 4988 2986 5058 ἔργων
3012 4988 3040 5038 6
3080 4989 3257 5056 μέγας
3300 4979 3594 5048 Βασίλεὶος.
3627 4987 3710 5037 Λε-

2165 5097 2249 5144 γει
2273 5083 2382 5150 γὰρ
2406 5081 2464 5132 ἐν
2491 5078 2568 5146 τῷ
2616 5077 2787 5148 ὀγδόῳ
2818 5077 2928 5129 τῶν
2975 5077 3113 5146 πρὸς
3178 5076 3526 5145 Ἀμφιλὸχιον
3561 5092 3708 5141 κεφα-

2160 5171 2359 5227 λαίωνξ
2395 5168 2498 5223 Διά
2525 5170 2704 5222 τοῦτό
2743 5183 2939 5236 φησιν
2969 5169 3002 5219 ό
3036 5168 3251 5234 Κύριος
3285 5169 3438 5234 πρὸς
3480 5169 3580 5220 τὸν
3613 5168 3707 5218 Ha-

2159 5263 2358 5329 τέρα,ζι
2397 5264 2469 5315 'l'dt
2483 5263 2594 5330 ἐμὰ
2610 5260 2808 5313 πάντα
2829 5259 2912 5312 σά
2929 5260 3122 5324 ἐστιν,
3148 5279 3167 5311 ι
3186 5261 3265 5324 ὡς
3287 5261 3378 5312 ἐπ’
3407 5261 3589 5314 αὑτὸν
3615 5257 3705 5322 τῆς

2160 5354 2348 5423 ἀρχῆς
2396 5353 2514 5408 τῶν
2555 5351 3086 5422 δημιουργημάτων
3147 5355 3540 5421 ἀναγομένης,
3568 5372 3584 5402 ι
3615 5354 3695 5403 καὶ

2163 5446 2231 5498 τὰ
2253 5444 2337 5498 σὰ
2363 5445 2497 5513 ἐμὰ,
2529 5465 2546 5496 ι
2573 5445 2652 5508 ὠς
2677 5443 2910 5498 ἐκεῖθεν
2935 5443 3096 5510 αὐτῷ
3123 5443 3229 5510 τῆς
3267 5447 3463 5510 αἰτίας
3493 5445 3588 5496 τοῦ
3611 5443 3698 5506 δη-

2161 5537 2466 5608 μιουργεῖν
2521 5539 2927 5606 καθηκούσης.
2960 5531 3076 5592 Ὃν
3120 5537 3189 5590 δὲ
3235 5539 3274 5604 ἡ
3328 5534 3692 5605 acia-amcam.

2165 5635 2269 5701 ἴση
2303 5635 2537 5699 πάντως
2571 5639 2664 5688 καὶ
2711 5635 2750 5701 ή
2795 5634 3083 5702 ἐνέργεια.
3133 5635 3383 5700 Χριστὸς
3419 5632 3522 5702 γὰρ
3571 5626 3691 5682 Θεοῦ
