3974 6566
215 408 366 476 1081
1074 408 1175 472 DE
1212 404 1736 484 PROCESSIONE
1776 407 1801 468 ε

1906 402 2236 466 iPIRITUS
2273 400 2497 467 ORAT.
2544 404 2595 467 Ι,
3350 400 3484 464 ῙΟΞΞ

204 522 500 593 δύναμις,
536 520 636 577 καὶ
691 523 841 579 Θεοῦ
872 524 1080 595 σοφία,
1131 525 1230 579 καὶ
1288 525 1444 579 οὕτω
1493 523 1690 579 πάντα
1736 523 1801 577 δι’

1914 522 2012 574 tris
2044 520 2365 575 creationem
2391 526 2794 577 commonstrat.
2849 533 3010 590 neque
3044 514 3176 571 Filii
3224 518 3479 572 imbellem

201 614 411 668 αὐτοῦ
458 614 717 684 ἐγένετο.
751 615 861 669 Καὶ
914 615 1053 685 μετά
1106 628 1249 669 τινα·
1295 614 1366 668 Τό
1398 614 1495 670 διὰ
1524 614 1630 668 τοῦ
1666 614 1801 669 Υἱοῦ

1914 613 2268 682 operationem
2313 620 2585 681 connotat,
2613 611 2702 664 sed
2729 611 3014 665 voluntatis
3060 610 3479 679 conjunctionem

203 701 608 775 δημιουργεῖν
635 704 745 758 τὸν
774 705 1005 767 Πατέρα
1051 704 1190 759 οὔτε
1216 703 1404 771 ἁτελῆ
1437 705 1544 759 τοῦ
1572 704 1801 771 Πατρός

1910 706 2180 775 exprimit.
2213 704 2392 770 Quare
2420 705 2584 757 dictio
2611 719 2710 775 per
2741 704 2939 758 Filium
2996 703 3272 769 primaria:
3305 717 3495 757 causam

202 792 342 861 τὴν
389 794 784 866 δημιουργίαν
836 797 1231 864 συνίστησιν,
1265 798 1405 853 οὔτε
1438 799 1660 852 ἄτονον
1695 797 1800 851 τοῦ

1908 799 2291 869 confessionem
2333 796 2509 863 habet,
2541 813 2645 850 non
2688 796 2741 849 in
2769 795 2975 865 defectu
3005 809 3184 848 causa
3215 792 3476 847 conditri-

208 884 366 940 Υιοῦ
396 887 743 955 παραδηλοῖ
780 887 896 955 τὴν
943 888 1270 957 ἐνέργειαν,
1325 890 1488 944 ἀλλὰ
1540 891 1605 942 τὸ
1647 889 1801 956 ἡνω-

1906 893 1980 944 cis
2017 890 2330 943 assumitur.

196 979 405 1046 μένον
451 980 562 1035 τοῦ
610 982 949 1050 θελήματος
994 984 1386 1051 παρίστησιν.
1435 983 1619 1036 Ὥστε
1689 983 1730 1049 ἡ
1761 982 1835 1035 δι’
1870 981 2006 1036 Υἱοῦ
2043 982 2214 1052 φωνὴ
2283 981 2394 1047 τῆς
2446 982 2967 1052 προκαταρκτικῆς
3021 982 3214 1047 αἰτίας
3265 982 3480 1045 ὁμολο-

197 1069 355 1138 γίαν
383 1070 531 1138 ἔχει,
563 1074 675 1126 οὐκ
706 1074 805 1128 ἐπὶ
841 1077 1167 1145 κατηγορίᾳ
1199 1076 1306 1129 τοῦ
1338 1075 1654 1143 ποιητικοῦ
1701 1058 1894 1129 αἰτίου
1921 1076 2468 1145 παραπαμόἁνεται.

280 1159 405 1226 σις’.
436 1163 582 1233 Πρὸς
628 1164 807 1221 ταῦτά
840 1183 1006 1237 φησιν
1059 1167 1405 1238 ὑφαρπάζων
1456 1167 1547 1221 τὸν
1584 1168 1742 1237 λόγον
1769 1169 1797 1221 ὀ

196 1252 355 1321 πρὸς
385 1254 709 1327 ἀντίρρησιν
742 1258 1056 1330 πρόχειρος*
1089 1259 1198 1314 Καὶ
1228 1260 1351 1314 τίνα
1388 1260 1487 1333 τὴν
1510 1262 1797 1314 κοινωνίαν

198 1340 328 1412 ἔχει
358 1344 499 1414 πρὸς
547 1346 649 1417 τὴν
699 1346 878 1401 κτίσιν
912 1348 973 1401 τὸ
1013 1348 1235 1419 Πνεῦμα
1261 1349 1321 1403 th
1361 1352 1538 1419 ἅγιον,
1564 1350 1645 1403 ὅτι
1672 1349 1800 1402 ταύ-

197 1446 318 1503 την
379 1432 519 1498 δλως
564 1436 623 1488 ιν
670 1439 784 1500 τοῖς
818 1439 949 1509 περὶ
1008 1439 1200 1493 τούτου
1238 1440 1418 1508 λόγοις
1465 1440 1795 1512 παρέλαϐες,

204 1524 323 1594 τὴν
354 1524 427 1580 δι’
458 1527 592 1581 Υίοῦ
638 1532 825 1601 φωνὴν
874 1535 1274 1604 προσαρμόσας
1306 1534 1531 1605 ἀμφοῖν,
1574 1534 1670 1587 καὶ
1697 1536 1799 1602 τὴν

201 1614 472 1671 ιντεῦθεν
493 1619 588 1671 ἐπὶ
617 1619 714 1674 τοῦ
767 1621 985 1693 [ἰατρὸς
1040 1622 1498 1695 ῦποπτευομένην
1547 1624 1798 1679 ἀτέλειαν

202 1706 471 1778 μηδόλως
501 1706 646 1767 εἶναι
705 1714 825 1767 κατ’
858 1713 973 1768 ίσον
1023 1716 1481 1787 ἁποφηνάμενος;
1546 1715 1687 1786 Ἐγὼ
1741 1717 1798 1770 δὲ

1977 1168 2068 1223 26.
2112 1169 2190 1223 Ad
2222 1170 2335 1223 δείδιε
2387 1167 2550 1222 infert
2594 1183 2902 1223 sermonem
2949 1165 3240 1235 arripiens,
3276 1166 3368 1232 qui
3412 1163 3478 1215 ad

1903 1260 2391 1316 contradicendum
2461 1271 2742 1331 promptus
2806 1260 3176 1330 proclivisque
3236 1264 3320 1311 est
3362 1272 3377 1308 :
3416 1255 3479 1307 Ιέι

1902 1369 2068 1424 quam
2120 1351 2562 1409 communionem
2637 1353 2689 1404 in
2750 1351 2915 1406 rebus
2975 1353 3175 1403 creatis
3241 1347 3478 1416 Spiritus

1901 1457 2125 1510 sanctus
2169 1445 2350 1506 habet.
2401 1444 2546 1513 quod
2595 1458 2717 1498 eam
2754 1456 2983 1513 prorsus
3026 1442 3079 1494 in
3130 1438 3476 1500 sermonibus

1902 1537 1971 1592 de
2012 1538 2114 1591 hac
2156 1552 2215 1589 re
2258 1535 2462 1589 habitis
2495 1534 2866 1603 assumpsisti,
2902 1532 3198 1586 dictionem
3248 1547 3342 1600 per
3376 1528 3479 1581 Fi-

1902 1625 2036 1679 lium
2068 1626 2317 1694 utrisque
2356 1624 2650 1696 adaptatis,
2686 1632 2883 1692 etquae
2932 1622 3056 1675 inde
3101 1623 3153 1674 in
3208 1622 3482 1689 suspicim-

1905 1734 2030 1774 nem
2062 1726 2287 1773 venerat
2323 1718 2691 1786 itnperl’ectto,
2721 1717 2785 1769 de
2813 1714 2974 1769 Patre
3002 1714 3304 1769 decernens
3331 1713 3483 1765 nullo

207 1803 509 1857 κοινωνίαν
539 1806 640 1876 μὲν
663 1806 922 1877 οὐδεμίαν
948 1807 1319 1873 οὐδοπωσοῦν,
1341 1808 1459 1863 ἀλλ’
1488 1808 1610 1864 οὐδὲ
1643 1808 1801 1878 λόγον

1909 1810 2073 1865 modo
2123 1809 2419 1865 subsistere
2439 1810 2465 1863 ‘l
2494 1808 2607 1878 Ego
2637 1822 2800 1878 porro
2849 1807 3058 1861 nullam
3108 1821 3232 1858 cum
3265 1804 3481 1872 penitus

208 1889 416 1963 lupov
473 1891 623 1964 ἔχειν
660 1875 803 1967 πρὸς
852 1897 952 1967 τὴν
1004 1898 1186 1954 κτίσιν
1217 1900 1364 1970 φημὶ
1396 1901 1458 1954 τὸ
1490 1875 1801 1969 Πνεῦμα-ιδ

1906 1902 2349 1957 communionem
2400 1900 2626 1962 habere.
2677 1913 2857 1966 neque
2918 1897 3187 1952 rationem
3238 1896 3477 1964 aliquam

209 1982 405 2054 ἅγιον,
467 1986 609 2059 πλὴν
667 1988 838 2059 ὅνπερ
892 1988 1121 2062 ποιητὴς
1157 1992 1295 2061 πρὸς
1359 1993 1667 2063 ποιήματα,
1709 1995 1802 2045 καὶ

199 2075 491 2149 δεσπότης
529 2079 625 2132 καὶ
680 2079 870 2149 κύριος
916 2082 1058 2151 πρὸς
1104 2083 1268 2136 δοῦλα
1324 2084 1421 2137 καὶ
1473 2084 1796 2154 ὑποχείρια*

199 2169 313 2222 καὶ
341 2170 496 2235 ὅστις
536 2172 611 2244 μὴ
643 2172 803 2225 τοῦτο
844 2175 1060 2245 φρονῶν
1101 2175 1484 2245 καθομολογεῖ,
1514 2176 1589 2247 μὴ
1619 2178 1716 2230 ibat
1740 2178 1801 2229 τὸ

204 2260 489 2331 παράπαν
555 2263 834 2334 ἑωσφόρον
893 2265 1282 2333 ἀνατέλλοντα,
1345 2266 1489 2320 καθά
1538 2283 1702 2337 φησιν
1764 2269 1797 2336 ή

204 2351 435 2424 Γραφή.
472 2354 585 2408 Καὶ
615 2356 745 2425 περὶ
778 2355 878 2427 μὲν
906 2356 1111 2410 τούτων
1142 2356 1316 2421 οὕτως
1348 2358 1473 2429 ἔχω,
1536 2362 1631 2412 καὶ
1692 2359 1800 2423 ἔξω

201 2445 265 2499 δὲ
308 2447 548 2509 πάντως,
580 2446 684 2511 ἓως
715 2447 782 2502 ἂν
819 2450 954 2520 πνοή
1006 2466 1090 2513 τις
1143 2452 1202 2504 ὲν
1250 2453 1370 2514 ταῖς
1431 2453 1592 2520 ἐμαῖς
1658 2454 1801 2523 ῥισὶν

203 2537 604 2607 ὑπολείπηται.
639 2538 748 2610 Τὴν
774 2538 832 2592 δὲ.
864 2539 937 2593 δι’
970 2541 1105 2595 Υιοῦ
1147 2541 1331 2613 φωνὴν
1360 2543 1634 2613 εὑρίσκων
1662 2545 1798 2615 πρὸς

205 2630 330 2684 τῶν
358 2630 531 2701 ἁγίων
564 2632 822 2700 Πατέρων
844 2615 1266 2711 λαμϐανομένην
1298 2635 1391 2687 ἐπί
1410 2652 1470 2688 τε
1499 2634 1594 2689 τοῦ
1626 2632 1797 2690 Πνεύ-

211 2738 398 2791 ματος
428 2725 522 2777 καὶ
554 2723 658 2787 τῆς
687 2725 941 2787 κτίσεως,
987 2725 1050 2779 οὐ
1108 2726 1399 2797 διαγράφω
1440 2726 1623 2798 λέγειν
1655 2730 1802 2782 ὰπα-

206 2814 543 2884 ναινόμενος
579 2814 788 2886 ταύτην
831 2817 924 2869 ἐπὶ
953 2817 1049 2869 τοῦ
1101 2818 1441 2889 Πνεῦματος,
1486 2822 1609 2875 ἐπεὶ
1646 2823 1799 2875 τόνδε

209 2908 318 2962 τὸν
363 2908 567 2980 τρόπον
603 2908 698 2961 καὶ
746 2908 811 2962 τὸ
857 2905 1001 2963 εῖναι
1033 2910 1094 2964 τὸ
1142 2911 1390 2983 Πνεῦμα,
1417 2912 1508 2966 τὸν
1534 2913 1644 2984 γὰρ
1673 2914 1801 2967 Υίὸν

207 2998 430 3069 ἀφίημι
451 2998 569 3065 νῦν,
601 3001 664 3054 οὐ
706 3002 1146 3073 συγχωρήσομεν
1188 3005 1253 3057 ὲκ
1282 3002 1442 3057 Θεοῦ.
1507 3006 1664 3058 Διότι
1698 3007 1797 3059 καὶ

1904 1994 1962 2049 in
2009 2007 2194 2048 rerum
2242 1994 2527 2049 creatione
2578 1990 2841 2060 Spiritum
2889 1998 3164 2050 sanctum,
3222 1990 3332 2049 aio,
3375 1987 3478 2039 nisi

1902 2099 2021 2137 eam
2056 2100 2218 2153 quam
2260 2082 2436 2138 laetor
2476 2083 2530 2137 in
2566 2087 2729 2137 rebus
2771 2080 2929 2135 factis
2964 2083 3227 2150 possidet,
3270 2092 3324 2133 et
3378 2080 3479 2131 do-

1905 2178 2087 2230 minus
2120 2176 2175 2229 in
2212 2191 2401 2231 servos
2434 2184 2490 2230 et
2524 2175 2799 2239 subditos,
2827 2184 2884 2227 et
2908 2174 3001 2244 qui
3033 2188 3140 2225 non
3170 2174 3246 2225 ita
3280 2183 3471 2226 tenens

1903 2269 2277 2336 conﬁtebitur,
2307 2284 2374 2321 ne
2400 2270 2583 2323 videat
2612 2269 2701 2322 ille
2734 2281 2976 2335 unquam
3013 2265 3302 2319 ducentem
3330 2263 3476 2318 diem

1904 2363 2219 2424 luciferum.
2258 2373 2319 2416 ut
2348 2361 2527 2431 inquit
2560 2361 2868 2430 Scriptura.
2897 2358 2962 2413 Et
2993 2359 3061 2413 de
3093 2358 3179 2411 his
3207 2359 3322 2411 lucc
3359 2373 3479 2408 mea

1903 2455 2171 2510 sententia
2208 2460 2314 2518 est,
2363 2454 2575 2522 eritque
2612 2462 2899 2522 perpetuo.
2928 2452 3104 2505 donec
3147 2450 3200 2503 in
3252 2448 3481 2503 naribus

1904 2548 2041 2600 meis
2055 2546 2284 2615 spiritus
2313 2546 2561 2614 reliquus
2594 2552 2699 2598 est.
2728 2544 2865 2597 Cum
2901 2559 3029 2596 vero
3060 2546 3177 2611 ipse
3208 2541 3473 2608 reperiam

1903 2655 1995 2707 per
2045 2635 2246 2691 Filium
2300 2652 2489 2692 vocem
2532 2652 2561 2689 a
2617 2635 2825 2690 sanctis
2878 2634 3133 2688 Patriltus
3174 2633 3381 2687 assumi
3424 2640 3480 2686 et

1904 2734 1970 2784 de
2008 2729 2240 2800 Spiritu,
2285 2738 2338 2785 et
2371 2729 2440 2783 de
2471 2729 2769 2790 creatione,
2823 2741 2932 2780 non
2970 2725 3220 2793 improbo
3255 2739 3375 2779 eam
3408 2723 3476 2777 de

1910 2823 2120 2893 Spiritu
2156 2836 2426 2883 asserere,
2458 2835 2582 2874 cum
2636 2821 2736 2874 hac
2776 2819 2987 2872 ratione
3024 2816 3291 2887 Spiritum
3328 2830 3475 2873 esse.

1907 2930 2031 2969 nam
2058 2912 2260 2968 Filium
2292 2912 2386 2968 Dei
2428 2913 2482 2966 in
2513 2911 2767 2982 praesenti
2802 2918 3085 2981 prietereo,
3121 2924 3228 2963 non
3279 2922 3475 2961 conce-

1904 3010 2095 3061 demus
2124 3020 2190 3059 ex
2226 3005 2353 3059 Deo.
2402 3002 2584 3069 Quare
2613 3005 2789 3056 onmia
2817 3002 3177 3056 exsistentiant
3199 3000 3387 3053 habere
3415 3013 3479 3051 ea:

208 3091 295 3145 τὰ
353 3091 554 3146 πάντα
612 3093 729 3162 τὴν
780 3093 1045 3161 ὕπαρξιν
1090 3094 1259 3165 ἔχειν
1309 3098 1674 3165 πιστεύομεν
1728 3100 1797 3152 ἐκ

1910 3096 2017 3151 Deo
2067 3096 2349 3150 credimus.
2376 3094 2733 3149 Nihilominus
2776 3095 2960 3148 statim
2987 3109 3051 3147 ea
3083 3094 3224 3146 inter
3249 3108 3361 3146 sese
3391 3094 3474 3143 di-

211 3182 397 3237 Θεοῦ.
442 3183 618 3251 Πλὴν
680 3184 782 3238 ἵνα
837 3186 939 3240 καί
993 3186 1296 3255 παρευθὺς
1348 3188 1449 3241 ἀπ’
1512 3190 1797 3260 ἀλλήλων

1907 3189 2257 3257 stinguemus.
2298 3185 2421 3241 Non
2451 3188 2547 3252 sic,
2593 3204 2623 3241 ο
2660 3189 2759 3241 viri
2788 3188 2993 3254 optimi,
3040 3186 3216 3239 omnia
3250 3184 3476 3236 dicimus

208 3274 378 3329 αὐτὰ
405 3273 857 3347 διαστείλωμεν,
894 3279 1009 3348 οὐχ
1034 3279 1242 3346 οὕτως,
1289 3276 1337 3335 ὦ
1360 3281 1696 3351 βέλτιστοι,
1728 3287 1801 3340 τὰ

1906 3299 1969 3338 ea:
2010 3282 2120 3337 Deo
2171 3283 2619 3353 quemadmodum
2656 3294 2704 3335 et
2739 3280 3016 3348 Spiritum.
3064 3280 3168 3334 llic
3215 3280 3353 3332 enim
3401 3289 3477 3332 est

208 3365 422 3420 πάντα
466 3367 666 3452 φαμὲν
708 3369 777 3423 ἐκ
813 3369 964 3423 Θεοῦ
992 3371 1260 3439 καθάπερ
1300 3372 1401 3428 καὶ
1426 3374 1494 3428 τὸ
1534 3376 1797 3446 Πνεῦμα.

1906 3374 2226 3439 naturaliter
2272 3375 2331 3427 in
2364 3390 2422 3427 eo
2476 3374 2751 3436 exsistens,
2800 3382 2850 3425 et
2905 3372 3258 3426 essentialiter
3314 3370 3479 3423 inlue-

216 3459 298 3515 Τὸ
320 3458 442 3526 μὲν
492 3460 603 3530 γάρ
631 3462 764 3516 ἐστι
794 3463 1069 3532 φυσικῶς
1099 3464 1446 3536 ἐνυπάρχον
1476 3469 1657 3535 αὐτῷ.
1698 3472 1797 3525 καὶ

1906 3484 2044 3527 rens,
2074 3474 2132 3518 ut
2158 3468 2232 3520 ita
2260 3465 2524 3527 dicamus,
2549 3475 2598 3518 et
2628 3465 2851 3518 indivise
2876 3464 2941 3516 ab
2971 3466 3086 3534 ipso
3119 3463 3387 3530 prodiens,
3423 3474 3476 3516 et

208 3550 530 3619 οὐσιωδῶς
566 3553 935 3623 ἐμπεφυκὸς,
987 3554 1067 3608 ἵν’
1124 3556 1313 3622 οὕτως
1363 3557 1644 3628 εἴπωμεν,
1701 3560 1801 3615 και

208 3644 557 3713 ἀμερίστως
588 3646 658 3710 ἐξ
682 3644 872 3701 αὑτοῦ
901 3648 1134 3715 προϊὸν,
1163 3648 1238 3703 τὰ
1263 3650 1333 3702 δὲ
1360 3649 1473 3719 τῆς
1497 3652 1801 3721 ἐνεργείας

209 3737 370 3807 ἔργα
397 3737 498 3791 και
525 3736 848 3807 ποιήματα,
889 3739 1022 3811 φησι
1071 3756 1175 3793 που
1223 3741 1335 3795 τῶν
1382 3744 1577 3797 ἑαυτοῦ
1629 3762 1800 3814 κεφα-

211 3830 396 3883 λαίων
439 3829 534 3884 τοῦ
594 3831 848 3904 δευτέρου
910 3832 1019 3886 τῶν
1066 3834 1371 3906 Θησαυρῶν
1425 3838 1554 3908 περὶ
1580 3838 1678 3909 τῆς
1707 3839 1800 3893 τοῦ

213 3922 542 3993 Πνεῦματος
592 3924 883 3997 ὑπάρξεως
927 3927 1195 3996 θεολογῶν
1257 3928 1286 3980 ό
1351 3928 1801 3999 θαυμασιώτατος

213 4011 512 4084 Κύριλλος.
555 4014 829 4080 Ὡσαύτως
859 4018 1151 4089 τοιγαροῦν
1197 4018 1435 4074 ἐνταῦθα
1487 4020 1646 4090 κάγὼ
1699 4024 1800 4092 τὴν

210 4102 290 4157 δι’
351 4102 485 4157 Υἱοῦ
516 4106 704 4177 φωνὴν
760 4107 854 4161 ἐπί
900 4124 962 4161 τε
1012 4103 1119 4162 τοθ
1165 4109 1484 4181 Πνεύματος
1541 4114 1636 4166 καὶ
1690 4114 1800 4167 τῶν

214 4194 543 4266 κτισμάτων
590 4197 1010 4269 ἀποδεχόμενος,
1041 4199 1381 4270 κατάλληλον
1441 4201 1658 4273 ἑκάστῳ
1691 4219 1800 4256 πα-

216 4288 455 4361 ρέχομαι
513 4289 613 4362 τὴν
662 4291 923 4356 διάνοιαν,
984 4292 1047 4346 τὸ
1099 4295 1200 4363 μὲν
1251 4292 1482 4364 Πνεῦμα
1531 4291 1602 4348 δι’
1668 4294 1801 4349 Υίοῦ

211 4382 402 4450 λόγων
424 4382 699 4454 ὑπάρχειν
727 4384 973 4456 φυσικῶς
1018 4385 1117 4440 καὶ
1143 4386 1447 4449 οὐσιωδῶς,
1502 4387 1627 4441 επεὶ
1665 4387 1803 4458 μηδὲ

212 4474 465 4530 νοεῖσθαι
493 4475 652 4531 τοῦτο
681 4477 929 4547 πέφυκεν
958 4478 1116 4543 ἐκτὸς
1142 4478 1239 4531 τοῦ
1274 4479 1640 4548 Μονογενοῦς·
1699 4481 1801 4551 τὴν

209 4566 276 4618 δὲ
333 4566 517 4618 κτίσιν
569 4564 715 4620 εἶναι
770 4566 839 4621 δι’
897 4567 1050 4632 Υίοῦ,
1107 4569 1246 4640 μηδὶ
1296 4570 1407 4639 γὰρ
1475 4572 1649 4641 χωρὶς
1700 4549 1796 4625 τοῦ
1831 4549 1876 4606 θ

211 4657 401 4726 Λόγου
438 4656 646 4729 ταύτην
673 4658 796 4723 ἐξὸν
826 4660 1088 4729 συστῆναι
1133 4678 1288 4726 ποτε,
1348 4663 1651 4733 ποιητικῶς
1710 4665 1806 4717 καὶ

214 4749 637 4820 δημιουργικῶς
685 4751 829 4805 κατὰ
859 4751 962 4823 τὴν
993 4752 1108 4816 τῶν
1151 4752 1414 4818 Πατὲρων
1444 4754 1595 4807 θείαν
1627 4756 1807 4825 παρὰ-

212 4842 392 4907 δοσιν,
449 4843 571 4913 ἥτις
623 4842 719 4898 καὶ
766 4844 880 4907 τοῖς
915 4845 1085 4897 πᾶσιν
1131 4845 1215 4908 είς
1241 4844 1429 4916 κοινὴν
1468 4847 1704 4918 κατέστη
1746 4846 1807 4899 τὸ

218 4930 338 4985 ἀπὸ
360 4931 516 5004 τοῦδε
563 4936 662 4987 καὶ
717 4933 1126 5005 ἀναμφίλεκτον
1177 4935 1410 4990 ἔννοιαν.
1445 4934 1573 4989 Ὅτι
1623 4937 1681 4989 δι
1716 4937 1806 4991 διὰ

226 5022 359 5077 Υἰοῦ
403 5024 464 5078 τό
492 5042 552 5077 τε
593 5025 824 5096 Πνεῦμα
883 5027 943 5080 τὸ
1002 5028 1180 5094 ἅγιον,
1215 5028 1311 5081 καὶ
1364 5029 1397 5098 ἡ
1436 5029 1616 5092 κτίσις
1662 5030 1802 5102 ἐστὶ,

222 5117 527 5188 Γρηγόριος
554 5118 582 5170 ὁ
614 5117 893 5187 Νῦσσηςιὸ
929 5119 1095 5183 πολὺς
1122 5122 1180 5171 ἰν
1231 5122 1346 5184 τοῖς
1374 5119 1538 5184 θείοις
1569 5120 1805 5191 δόγμασι

222 5213 323 5262 καὶ
355 5209 725 5280 περίϐλεπτος
766 5211 955 5278 σαφῶς
1003 5210 1356 5280 διετράνωσε,
1414 5212 1510 5265 καὶ
1544 5210 1645 5281 τὴν
1693 5212 1807 5264 δια-

223 5302 401 5373 φορὰν
451 5300 777 5371 διαπρύσιον
836 5300 1161 5372 ἀνεκήρυξε.
1243 5304 1384 5373 Φησὶ
1444 5303 1555 5374 γὰρ
1615 5304 1674 5354 ἐν
1726 5303 1805 5373 τῷ

225 5392 434 5465 πρώτῳ
494 5395 604 5448 τῶν
667 5395 806 5466 πρὸς
873 5395 1140 5465 Εὐνόμιον
1184 5396 1615 5467 ’Λπιρῤητικῶν
1647 5412 1664 5428 ο
1732 5398 1801 5450 Τὸ

223 5485 473 5557 Πνεῦμα
517 5486 597 5553 τῷ
629 5487 814 5556 Harp!
851 5488 1002 5542 κατὰ
1032 5488 1098 5542 τὸ
1154 5489 1444 5544 ἇκτιστον
1497 5494 1802 5545 συναπτό-

219 5595 433 5648 μενον,
481 5580 670 5634 πάλιν
723 5579 827 5635 ἀπ’
885 5581 1074 5635 αὐτοῦ
1124 5579 1206 5647 τῷ
1251 5584 1338 5651 μὴ
1379 5584 1583 5651 Πατὴρ
1627 5580 1801 5648 εἶναι,

224 5671 496 5739 καθάπερ
523 5672 780 5739 ἐκεῖνος,
812 5672 1235 5743 διαχωρίζεται.
1267 5674 1383 5741 Τῆς
1419 5677 1489 5728 δὲ
1527 5675 1677 5742 πρὸς
1702 5675 1806 5729 τὸν

224 5764 365 5817 Υίὸν
407 5766 559 5820 κατὰ
606 5767 672 5820 τὸ
717 5766 1006 5820 ἇκτιστον
1053 5769 1395 5837 συναφείας
1441 5769 1546 5823 καὶ
1600 5769 1670 5821 ἐν
1722 5766 1803 5833 τῷ

225 5858 344 5927 τὴν
372 5859 570 5915 αἰτίαν
598 5859 708 5929 τῆς
741 5863 885 5931 ὑπαί
907 5861 1056 5929 ξεως
1092 5862 1158 5916 ἐκ
1189 5864 1294 5918 τοῦ
1327 5863 1475 5919 Θεοῦ
1503 5862 1621 5918 τῶν
1642 5863 1805 5919 ὅλων

1901 3560 2014 3613 lurc
2038 3570 2161 3613 sunt
2199 3558 2424 3611 actionis
2464 3574 2623 3625 opera
2669 3567 2718 3610 et
2777 3556 3013 3625 factura,
3049 3555 3246 3610 scribit
3278 3554 3331 3608 in
3366 3570 3478 3607 uno

1903 3654 2141 3721 capitum
2181 3651 2405 3706 secundi
2448 3649 2884 3712 Tltesaurorum,
2922 3650 2990 3703 de
3034 3648 3271 3717 Spiritus
3326 3649 3475 3700 exsi-

1904 3746 2106 3802 Stentia
2146 3745 2471 3809 decernens,
2521 3759 2683 3812 quam
2728 3743 2967 3797 maxime
3001 3740 3339 3796 admirabilis
3373 3740 3479 3811 Cy-

1905 3838 2085 3891 rillus.
2133 3833 2258 3890 Pari
2296 3835 2462 3889 modo
2510 3834 2697 3902 itaque
2739 3832 2830 3887 hic
2884 3847 2985 3901 ego
3016 3845 3236 3901 quoque
3287 3846 3476 3885 vocem

1902 3943 1996 3993 per
2025 3926 2229 3982 Filium
2274 3927 2340 3981 de
2380 3926 2586 3995 Spiritu
2620 3922 2873 3980 etrebus
2927 3926 3128 3978 creatis
3159 3938 3478 3984 assumens.

1904 4029 2299 4089 congruentem
2338 4020 2555 4089 utrique
2598 4018 2922 4078 sententiam
2952 4015 3186 4085 applico.
3214 4016 3474 4081 Spiritum

1902 4127 2000 4182 per
2046 4109 2243 4164 Filium
2298 4124 2553 4165 asserens
2608 4109 2932 4163 naturaliter
2991 4116 3047 4162 et
3113 4106 3480 4161 cssentiatiter

1901 4202 2185 4268 exsistere,
2215 4217 2336 4257 cum
2368 4216 2466 4254 nec
2495 4201 2710 4270 concipi
2749 4201 2900 4256 illum
2945 4200 3026 4254 las
3058 4199 3128 4253 sit
3160 4209 3312 4252 extra
3346 4198 3478 4253 Uni-

1903 4294 2148 4363 genitum
2181 4309 2197 4347 :
2225 4301 2512 4348 creaturas
2559 4307 2691 4347 vero
2728 4307 2855 4348 esse
2894 4307 2988 4361 per
3031 4289 3254 4352 Filium,
3303 4304 3480 4359 neque

1902 4390 2050 4444 enim
2099 4386 2308 4458 absque
2347 4386 2528 4443 Verbo
2554 4387 2801 4442 construi
2842 4398 3083 4453 unquam
3128 4384 3475 4454 potuissent;

1905 4481 2001 4538 sed
2049 4480 2216 4536 modo
2260 4479 2580 4543 creationis,
2622 4488 2678 4534 et
2720 4478 3059 4547 reliquorum
3110 4476 3477 4546 Opiﬁeiorum,

1906 4578 2208 4633 secundum
2239 4576 2478 4633 divinam
2513 4573 2735 4629 Patrum
2774 4574 3148 4637 traditionem,
3178 4586 3301 4642 quae
3335 4584 3481 4624 nunc

1906 4669 2069 4723 etiam
2095 4669 2343 4723 omnium
2378 4667 2690 4723 communis
2737 4675 2792 4720 et
2831 4664 3171 4745 indubitatus
3202 4671 3287 4719 est
3322 4663 3481 4718 intel-

1906 4760 2104 4816 lectus.
2158 4760 2262 4816 Sed
2331 4775 2429 4831 per
2463 4758 2659 4813 Filium
2708 4766 2764 4813 et
2810 4757 3074 4827 Spiritum
3107 4764 3381 4817 sanctum,
3423 4766 3481 4810 et

1906 4863 2219 4906 creaturam
2258 4866 2383 4907 esse
2424 4849 2722 4916 Gregorius
2756 4847 3037 4919 Nyssenus
3087 4849 3140 4902 in
3198 4849 3481 4905 tradendis

1908 4945 2086 4999 sacris
2116 4942 2464 5014 dogmatibus
2498 4941 2720 4997 divinus
2746 4951 2916 5010 atque
2943 4941 3278 5010 conspicuus
3303 4940 3479 5007 palam

1905 5035 2224 5101 declaravit,
2259 5042 2315 5088 et
2351 5033 2649 5088 discrimen
2694 5033 3016 5088 clarissimis
3059 5032 3244 5087 verbis
3286 5032 3479 5086 edixit.

1907 5128 2100 5182 Tradit
2126 5128 2272 5182 enim
2321 5128 2374 5181 in
2407 5128 2585 5196 primo
2620 5127 2884 5181 adversus
2938 5125 3268 5179 Eunomium
3294 5124 3482 5178 Antiro

1910 5220 2120 5276 rhetico
2153 5237 2168 5275 :
2198 5219 2433 5289 Spiritus
2486 5218 2639 5272 Patri
2694 5218 2981 5272 secundum
3026 5218 3165 5283 quod
3220 5216 3481 5269 increatus

1907 5323 2009 5377 est,
2043 5311 2401 5382 conjungitur,
2438 5326 2726 5381 rursusque
2759 5309 2823 5363 ab
2859 5325 2939 5373 eo,
2971 5309 3110 5379 quod
3141 5309 3480 5377 quemadmo-

1907 5409 2033 5457 dum
2080 5404 2173 5458 ille
2216 5402 2379 5457 Pater
2406 5420 2511 5456 non
2546 5412 2647 5468 est,
2692 5412 2974 5466 separatur
3004 5418 3022 5456 ε
3057 5400 3402 5469 conjungitur
3429 5410 3479 5452 et

1908 5493 2052 5549 Filio
2084 5472 2385 5549 secundum,
2403 5495 2541 5565 quod
2573 5495 2839 5548 increatus
2872 5505 2971 5555 est,
2998 5502 3046 5547 et
3078 5497 3218 5563 quod
3258 5507 3477 5545 τααεαιηι

1904 5588 2227 5641 exsistentia'
2256 5601 2321 5642 ea:
2350 5591 2584 5639 omnium
2610 5586 2716 5640 Deo
2747 5586 2960 5650 habeat,
2994 5602 3281 5655 rursusque
3304 5586 3477 5654 sejun-

1905 5674 2048 5748 gitur
2091 5696 2240 5748 propr
2256 5680 2433 5743 ietate,
2477 5680 2616 5748 quod
2650 5696 2752 5732 non
2794 5689 3043 5749 tanquam
3076 5680 3374 5747 unigenitus
3414 5695 3477 5731 ea:

1909 5772 2072 5825 Patre
2100 5772 2357 5839 subsistit,
2383 5772 2594 5842 etquod
2626 5788 2717 5842 per
2763 5772 2934 5841 ipsum
2968 5769 3169 5825 Filium
3200 5775 3470 5841 apparuit.

1909 5865 2211 5938 Rursusque
2237 5884 2353 5923 cum
2394 5875 2641 5921 creatura
2680 5883 2771 5936 per
2803 5864 3001 5922 Filium
3034 5866 3371 5935 substitisset,
3411 5884 3473 5922 ne
