3974 6568
239 408 382 475 1089

1090 413 1186 474 DE
1230 412 1751 476 PROCESSIONE
1791 416 1854 475 S.
1900 415 2264 479 SPlRlTUS
2307 418 2528 481 ORAT.
2577 420 2627 483 ῐ.

3355 424 3496 488 109)

230 539 325 585 νος
365 521 567 591 ὁμοίως
620 522 776 592 κάγὼ
824 524 883 579 τδ
927 526 1250 598 ὑπόδειγμα,
1302 532 1363 582 τὸ
1396 529 1646 585 ἐντεῦθεν
1698 543 1828 585 ava-

1936 542 2046 599 tur,
2072 536 2268 600 edico,
2318 536 2807 605 Quemadmodum,
2871 538 3084 602 dicens.
3142 555 3210 595 ex
3258 541 3375 597 sole
3404 557 3501 612 per

231 614 499 683 κηρύττω
523 615 906 685 δεικνύμενον⁹
950 617 1164 691 Ὠσπερ
1208 619 1337 688 γὰρ,
1376 620 1573 690 λέγων,
1615 623 1680 676 ἐκ
1721 623 1818 676 τοῦ

235 707 397 776 ἡλίου
438 707 524 761 διὰ
551 708 652 776 τῆς
681 710 900 771 ἀκτῖνος
950 712 1236 766 ἀνατέλλει
1265 714 1327 768 τὸ
1367 715 1502 783 φῶς,
1534 714 1678 769 οὕτω
1724 717 1821 769 καὶ
1852 766 1855 767 ,

233 800 301 852 τὸ
332 799 561 869 Πνεῦμα
613 800 675 853 τὸ
718 801 898 868 -ἆγιον
967 804 1218 875 πρόεισιν
1267 808 1332 860 ὲκ
1362 806 1459 860 τοῦ
1491 808 1704 878 Πατρδς
1732 808 1820 863 διὰ

232 889 334 943 τοῦ
370 890 522 944 Υίοῦ.
567 893 674 946 Καὶ
712 892 886 946 ταῦτα
928 895 1029 962 μὲν
1060 896 1088 949 ό
1124 895 1390 967 οεηγόρος
1447 891 1628 963 οὗτος,
1663 900 1692 952 δ
1720 900 1820 968 τῆς

227 982 492 1052 ἀληθείας
517 984 728 1056 μύστης
757 1002 815 1038 τε
848 986 943 1038 καὶ
972 989 1355 1058 μυσταγωγὸς.
1398 988 1458 1055 ἐξ
1506 990 1706 1054 ἄλλων,
1744 991 1821 1055 ὡς

238 1078 412 1139 αὐτὸς
481 1078 754 1149 ἐδήλωσε,
820 1079 890 1133 τὰ
950 1080 1080 1147 περὶ
1141 1080 1351 1136 τούτων
1409 1082 1816 1155 διαδεξάμενος.

232 1170 464 1244 Ἐτεροι
495 1172 554 1226 δὲ
592 1172 701 1225 τῶν
732 1172 905 1240 ἁγίων
950 1173 1213 1243 Πατέρων
1275 1175 1397 1245 ,πῦρ
1429 1174 1687 1248 εἰρήκασι
1717 1180 1817 1234 καί

226 1264 436 1334 φλόγα
462 1263 561 1318 καὶ
588 1262 734 1335 φῶς·
762 1266 810 1318 οἱ
838 1265 894 1319 δὶ
946 1262 1138 1332 ῥίζαν,
1174 1265 1406 1322 κλάδον
1433 1285 1498 1324 τε
1525 1270 1624 1324 καὶ
1678 1289 1821 1341 καρ-

227 1356 380 1419 πὸν,
399 1352 475 1409 ὧν
490 1352 570 1418 εἷς
585 1358 703 1408 ἐστι
730 1356 824 1410 καὶ
848 1356 1114 1427 Κύριλλος
1128 1360 1156 1412 ὁ
1174 1359 1472 1425 θειότατος,
1494 1362 1589 1417 καὶ
1608 1364 1821 1427 τούτοις

228 1446 338 1515 τὴν
368 1447 526 1517 ἇῦλον
551 1448 738 1500 οὐσίαν
765 1448 982 1515 ἐκείνην
1018 1448 1313 1517 ἐσήμανεν.
1369 1450 1457 1513 Ὠς
1484 1450 1689 1516 τοίνυν,
1732 1453 1819 1507 ῐνα

235 1538 320 1609 μὴ
366 1538 578 1610 μακρὸν
637 1539 987 1608 ἀποτείναιμι
1020 1539 1199 1609 λόγον,
1255 1541 1345 1594 διὰ
1373 1542 1472 1613 τῆς
1520 1545 1719 1614 φλογὸς
1755 1547 1820 1599 ὲκ

226 1630 331 1685 τοῦ
368 1632 539 1702 πυρὸς
568 1630 840 1700 ἐκλάμπει
872 1632 933 1685 τὸ
956 1631 1093 1703 φῶς,
1143 1636 1238 1687 καὶ
1270 1636 1298 1689 6
1328 1637 1541 1707 καρπὸς
1601 1639 1666 1692 ἐκ
1717 1639 1819 1709 τῆς

230 1724 398 1795 ῥίζης
432 1725 519 1777 διὰ
543 1723 640 1778 τοῦ
670 1724 866 1779 κλάδον
890 1726 1278 1794 προϐάλλεται·
1316 1729 1410 1782 τὸν
1429 1729 1592 1784 αὐτὸν
1620 1734 1818 1804 τρόπον

230 1815 300 1868 ὲκ
327 1815 425 1868 τοῦ
457 1815 671 1884 Πατρὸς
703 1815 1047 1885 ἐκπέμπεται
1085 1817 1175 1871 διὰ
1209 1817 1304 1872 τοῦ
1338 1818 1469 1873 Υίοῦ
1505 1819 1567 1874 τὸ
1594 1822 1818 1890 Πνεῦμα

227 1908 298 1960 τὸ
328 1908 505 1976 ἅγιον.
536 1907 677 1976 Πρὸς
704 1908 918 1971 τούτοις
948 1910 997 1963 οἱ
1039 1909 1262 1975 πλείους
1297 1910 1484 1981 σχεδὸν
1523 1915 1684 1983 χεῖρα
1719 1915 1817 1984 μὲν

226 1998 329 2051 τὸν
362 1998 489 2052 Υίὸν
516 1996 658 2053 κατὰ
683 1996 767 2061 τὸ,
786 1996 934 2066 Οὐχὶ
963 1998 1002 2065 ἡ
1031 2000 1161 2068 χείρ
1196 2018 1312 2068 μου
1342 2000 1594 2069 ἐποίησε
1632 2004 1820 2058 ταῦτα

229 2089 455 2155 πάντα,
502 2091 620 2143 .xai
674 2087 828 2155 αὕτη
868 2091 907 2158 ἡ
950 2090 1282 2158 ἀλλοίωσις
1331 2093 1445 2160 τῆς
1475 2094 1681 2161 δεξιᾶς
1711 2096 1818 2150 τοῦ

249 2180 549 2249 Ὑψίστου
574 2197 593 2245 ;
621 2179 712 2234 διὰ
740 2181 838 2249 τὴν
862 2163 927 2234 ἔκ
952 2180 1053 2251 τῆς
1097 2182 1463 2252 παλαιότητος
1514 2187 1609 2239 τοῦ
1644 2188 1818 2258 φυρά-

240 2289 417 2341 ματος
456 2272 823 2336 ἁνακαίνισιν,
865 2273 961 2327 καὶ
1005 2273 1090 2326 ὅτι
1129 2291 1237 2346 περ
1265 2275 1422 2329 οὐδὲν
1455 2278 1818 2349 ἐπαρίστερον

223 2362 312 2432 τῷ
342 2360 484 2431 Θεῷ,
515 2359 777 2414 δάκτυλον
809 2361 866 2415 δὲ
894 2361 960 2414 τὸ
989 2363 1217 2433 Πνεῦμα
1257 2365 1319 2417 τὸ
1370 2364 1527 2433 ᾶγιον
1576 2370 1818 2421 κατωνό-

230 2471 444 2524 μασαν,
496 2456 563 2506 ἐκ
627 2453 727 2522 τῆς
769 2453 1137 2525 εὐαγῇλικῆς
1191 2455 1409 2521 πυξίδος
1467 2459 1567 2528 τὴν
1615 2461 1812 2530 κλῆσιν

226 2532 442 2615 ταύτην
470 2544 618 2614 αὐτῷ
671 2546 1184 2616 προσαρμόσαντες.
1226 2547 1435 2601 Ἐκεϊπ
1482 2549 1579 2600 καὶ
1627 2549 1738 2617 γάρ
1790 2551 1817 2601 ὁ

228 2638 428 2709 Σωτὴρ
476 2637 639 2709 ἡμῶν
686 2639 1065 2708 ἀναγράφεται
1130 2639 1212 2707 πῆ
1264 2640 1363 2710 μὲν
1419 2639 1702 2694 ὲκὸἀλλειν
1758 2640 1817 2693 ἐν

233 2729 521 2799 Πνεῦματι
554 2727 692 2781 Θεοῦ
754 2729 1129 2798 φθεγξάμενος
1170 2729 1240 2783 τὰ
1299 2730 1580 2800 δαιμόνια,
1649 2730 1729 2800 πῆ
1762 2731 1819 2784 δὲ

226 2822 399 2876 πάλιν
422 2822 480 2873 ἓν
503 2819 750 2890 δακτύλῳ
783 2818 939 2886 Θεοῦ,
974 2819 1235 2874 δάκτυλον
1267 2819 1403 2873 Θεοῦ
1436 2822 1819 2892 προσαγορεῦ-

234 2931 338 2978 σας
364 2915 427 2967 τὸ
460 2912 684 2984 Πνεῦμα
708 2912 768 2965 τὸ
791 2911 968 2980 ἅγιον.
1002 2912 1114 2966 Καὶ
1144 2909 1303 2964 τοῦτο
1347 2910 1711 2981 διετράνωσεν
1761 2922 1816 2967 :v

225 3011 299 3078 τῇ
330 3006 503 3076 βίϐλῳ
531 3005 637 3057 τῶν
658 3004 961 3073 Θησαυρών
996 3005 1024 3056 ὁ
1046 3001 1507 3069 Θεολογικώτατος
1528 3004 1815 3075 nepam,

221 3097 403 3158 οὕτως
422 3095 612 3148 εἰπών·
634 3095 787 3159 Φησί
803 3108 921 3146 που
939 3092 1511 3160 ΧριστὸςἸουδαίοις
1531 3092 1817 3162 προσδιασ

1927 626 2141 680 radium
2170 626 2355 681 lumen
2407 628 2677 693 exoritur,
2707 630 2788 683 sic
2818 637 2873 684 et
2905 627 3145 698 Spiritus
3172 640 3398 687 sanctus
3432 647 3500 687 ex

1924 717 2085 772 Patre
2134 734 2229 785 per
2296 718 2499 773 Filium
2551 720 2822 790 provenit.
2851 720 2917 777 Et
2969 722 3087 779 inec
3128 724 3503 795 divinil0quus

1924 812 2027 867 iste
2065 812 2314 867 veritatis
2370 821 2545 883 mysta
2572 822 2626 868 et
2655 823 3004 885 mystagogus
3032 829 3099 870 ex
3121 815 3264 882 aliis,
3290 826 3350 872 ut
3382 817 3502 887 ipse

1923 902 2204 968 indicavit,
2236 914 2480 974 accepta.
2532 904 2640 959 Alii
2669 920 2838 975 porro
2874 907 3051 962 sancti
3088 906 3280 965 Patres
3312 910 3487 979 ignem

1923 992 2204 1060 dixerunt,
2262 1006 2310 1048 et
2331 996 2629 1064 flammam,
2659 1007 2707 1051 et
2750 998 2925 1051 lumen
2952 1013 2971 1051 :
3009 998 3102 1053 alii
3134 1000 3385 1067 radicem,
3415 1016 3503 1054 ra-

1921 1102 2066 1138 mum
2110 1096 2161 1140 et
2199 1091 2457 1156 tractum,
2507 1088 2650 1143 inter
2686 1104 2826 1158 quos
2876 1099 2960 1145 est
2991 1090 3370 1162 divinissimus
3397 1092 3504 1163 Cy-

1923 1178 2104 1245 rillus,
2142 1186 2200 1233 et
2246 1178 2367 1234 istis
2400 1180 2820 1237 immateriatam
2858 1182 3008 1237 illam
3038 1185 3336 1239 essentiam
3390 1185 3486 1241 de-

1922 1276 2204 1321 notarunt.
2237 1267 2709 1335 Quemadmodum
2765 1268 2948 1339 igitur,
2992 1285 3061 1324 ne
3119 1271 3334 1342 longius
3374 1287 3501 1341 pro-

1922 1357 2119 1413 ducam
2154 1360 2460 1413 orationem
2492 1374 2587 1429 per
2617 1358 2892 1415 ﬂammam
2926 1377 2993 1416 ex
3020 1360 3145 1429 igne
3175 1363 3359 1418 lumen
3385 1364 3500 1418 elu-

1921 1459 2029 1512 cet.
2062 1459 2117 1505 et
2147 1450 2366 1505 fructus
2425 1467 2490 1506 es
2529 1452 2714 1507 radice
2749 1467 2845 1522 per
2891 1468 3100 1508 ramum
3154 1456 3497 1522 producitur,

1922 1542 2041 1612 pari
2083 1542 2246 1598 modo
2285 1558 2352 1597 es
2392 1540 2555 1597 Patre
2599 1558 2701 1612 per
2739 1540 2939 1598 Filium
2997 1542 3238 1614 Spiritus
3272 1557 3500 1601 sanctus

1921 1634 2212 1689 emittitur.
2256 1633 2460 1690 Prater
2500 1635 2601 1689 hos
2637 1616 2749 1691 iure
2791 1634 2966 1704 major
2988 1649 3179 1690 eorum
3207 1651 3335 1705 pars
3380 1653 3495 1691 ma-

1923 1742 2080 1791 num,
2127 1725 2319 1781 Filium
2359 1765 2374 1789 .
2415 1741 2539 1781 cum
2605 1728 2881 1782 scribatur
2923 1743 2937 1781 :
2974 1725 3170 1781 Manus
3224 1737 3315 1781 tua
3379 1729 3497 1799 fecit

1921 1819 2032 1874 haec
2058 1821 2260 1887 omnia,
2291 1830 2339 1873 et
2377 1818 2487 1874 hac
2532 1819 2836 1873 immutatio
2877 1820 3107 1874 dextera
3138 1817 3372 1884 Exi-eisi,
3429 1823 3499 1875 ob

1926 1927 2123 1966 massa:
2176 1926 2243 1966 ex
2279 1919 2550 1966 vetustate
2596 1910 3029 1975 renovationem,
3084 1919 3138 1964 et
3167 1911 3312 1980 quod
3362 1911 3498 1965 nihil

1920 2014 2003 2059 est
2028 2005 2314 2060 sinistrum
2363 2005 2418 2057 in
2477 2003 2612 2066 Deo,
2656 2004 2884 2073 digitum
2917 2019 3047 2057 vero
3077 2001 3340 2071 Spiritum
3374 2018 3502 2058 san-
3551 2006 3555 2009 ’

1920 2108 2071 2149 etum
2115 2088 2527 2164 nuncuparunt,
2589 2108 2657 2149 ex
2688 2092 3002 2164 evangelica
3045 2093 3235 2148 tabula
3301 2108 3498 2148 nomen

1920 2185 2009 2238 illi
2049 2185 2396 2255 adaptantes.
2481 2182 2557 2238 lbi
2598 2184 2798 2238 etenim
2868 2182 3118 2238 Salvator
3155 2195 3340 2238 noster
3397 2185 3497 2238 de-

1920 2278 2200 2343 scribitur,
2262 2290 2413 2331 nunt:
2453 2275 2509 2327 in
2549 2274 2756 2343 Spiritu
2795 2274 2886 2329 Dei
2916 2274 3105 2330 dicens
3139 2274 3328 2343 ejicere
3387 2275 3497 2328 da:-

1921 2371 2123 2434 monia,
2172 2384 2321 2424 nunc
2373 2371 2430 2421 in
2472 2367 2570 2422 Dei
2602 2369 2793 2438 digito,
2824 2368 3053 2437 digitum
3080 2366 3176 2421 Dei
3235 2365 3497 2435 Spiritutn

1921 2469 2171 2514 sanctum
2218 2461 2521 2529 appellans.
2558 2459 2622 2514 Et.
2644 2459 2753 2515 hoc
2783 2468 3031 2528 patenter
3062 2460 3199 2513 satis
3269 2459 3322 2512 in
3356 2458 3495 2513 libro

1926 2554 2337 2607 'fliesaumrnm
2387 2553 2444 2607 in
2473 2552 2637 2608 rebus
2670 2551 2992 2622 tbeologicis
3019 2551 3358 2619 exponendis
3379 2552 3499 2606 exi-

1922 2643 2066 2698 lltills
2088 2642 2328 2714 Cyrillus
2358 2644 2637 2711 expressis
2664 2642 2752 2697 bis
2804 2642 2986 2696 verbis
3018 2658 3032 2695 :
3059 2643 3149 2696 Ait
3171 2642 3399 2711 quodam
3443 2644 3500 2695 in

1922 2733 2039 2788 loco
2069 2733 2315 2789 Christus
2355 2734 2574 2788 Judazos
2616 2732 2889 2803 alloquens
2920 2745 2940 2783 :
2976 2751 2995 2784 ι
3031 2732 3094 2788 Si
3124 2733 3174 2785 in
3206 2716 3498 2802 digito'Dei

1920 2825 2076 2892 ejicio
2111 2826 2397 2887 dwmonia,
2425 2824 2589 2894 igitur
2624 2824 2758 2877 venit
2793 2824 2861 2876 ad
2897 2839 2984 2878 nos
3013 2839 3229 2894 regnum
3268 2823 3363 2877 Dei
3393 2823 3491 2895 ".s

1923 2915 1991 2968 Et
2021 2916 2247 2985 digitum
2300 2917 2385 2969 hic
2438 2925 2588 2970 vocat
2641 2914 2900 2985 Spiritum
2953 2925 3218 2979 sanctum,
3268 2913 3497 2983 quodam

1921 3009 2078 3062 modo
2116 3023 2184 3062 ea:
2229 3009 2415 3062 divina
2442 3009 2670 3062 essentia
2712 3016 3045 3061 emanantem
3090 3016 3139 3060 et
3180 3007 3501 3060 naturaliter

1920 3101 1984 3154 ab
2021 3100 2116 3154 illo
2163 3115 2472 3170 appensum,
2521 3098 2961 3170 quemadmodum
2989 3109 3037 3151 et
3075 3098 3272 3169 digitus
3311 3114 3375 3152 ea:
3403 3099 3497 3152 Ιιοο

228 3192 580 3259 λεγόμενος
614 3204 633 3238 ι
658 3187 699 3238 E
708 3188 727 3238 ι
754 3183 822 3238 δὲ
850 3185 920 3238 ἐν
940 3183 1216 3249 δακτύλῳ
1239 3185 1384 3240 Θεοῦ
1407 3186 1523 3256 ἐγὼ
1543 3188 1817 3242 ἐκϐάλλω

1924 3195 2080 3249 minis
2105 3210 2304 3260 manu;
2335 3182 2610 3247 brachium
2637 3192 2824 3249 etenim
2854 3203 2899 3244 et
2937 3182 3206 3245 dexteram
3238 3189 3335 3244 Dei
3361 3189 3498 3242 divi-

222 3282 303 3337 τὰ
317 3281 614 3349 δαιμόνια,
634 3278 747 3346 ἄρα
768 3277 1037 3346 ἔφθασεν
1050 3275 1143 3345 ἐφ’
1168 3275 1324 3346 ὑμᾶς
1339 3276 1377 3344 ἠ
1395 3279 1685 3342 ,Βασιλεία
1713 3279 1818 3333 τοῦ

1923 3303 2006 3340 ita:
2046 3288 2341 3355 Scriptum
2393 3282 2596 3338 Filium
2645 3283 2935 3353 appellant,
2986 3284 3064 3335 uti
3109 3297 3228 3335 cum
3257 3282 3493 3336 dicitur:
3537 3292 3552 3315 ι

226 3375 402 3433 Θεοῦ.
445 3391 466 3425 ι
492 3370 598 3428 Kal
635 3370 938 3427 δάκτυλον
964 3369 1177 3425 ἐνθάδε
1199 3372 1350 3438 φησι
1378 3372 1446 3425 τὸ
1476 3370 1719 3441 Πνεῦμα
1751 3373 1816 3426 τὸ

231 3468 431 3537 ἄτιον,
462 3465 688 3532 τρόπον
721 3461 857 3515 τινὰ
882 3460 992 3528 τῆς
1017 3462 1181 3527 θείας
1212 3462 1430 3527 οὐσίας
1454 3461 1815 3531 ἐκπεφυκὸς,

228 3562 337 3619 καί
375 3555 643 3628 φυσικῶς
677 3552 870 3621 αὐτῆς
899 3553 1361 3622 ἐκκρεμάμενον,
1411 3552 1613 3622 ὥσπερ
1654 3556 1755 3609 καὶ
1784 3559 1817 3610 ό

219 3652 532 3715 δάκτυλος
550 3647 619 3700 ἐκ
636 3644 744 3715 τῆς
757 3646 1140 3714 ἀνθρωπίνης
1158 3645 1374 3713 χειρός.
1395 3644 1694 3715 Βραχίονα
1699 3648 1817 3717 μὲν

225 3744 345 3816 γὰρ
367 3743 462 3797 καὶ
480 3740 688 3805 δεξιὰν
705 3737 855 3794 Θεοῦ
879 3739 987 3793 τὸν
1015 3737 1577 3794 Υιὸνὰποκαλοῦσιν
1592 3741 1651 3793 al
1668 3740 1815 3795 θεῖαι

223 3836 467 3908 Γραφαι
495 3837 645 3890 κατὰ
677 3835 765 3900 τὸ,
803 3852 824 3887 ι
876 3832 1158 3887 Ἕσωσεν
1199 3831 1388 3886 αὐτὸν
1419 3832 1458 3901 ἠ
1491 3832 1662 3899 δεξιὰ
1707 3836 1815 3890 αὑ-

226 3932 366 3999 τοῦ,
394 3932 494 3987 καί
519 3933 554 3987 d
578 3928 856 3998 ,ϐραχίων
893 3929 927 3981 ό
962 3925 1135 3995 ἅγιος
1160 3925 1369 3980 αὑτοῦ.
1408 3943 1428 3977 ι
1466 3928 1576 3981 Καὶ
1605 3927 1812 3982 πάλινο

231 4047 253 4080 ι
285 4026 487 4093 Κύριε,
536 4022 781 4091 ὑψηλός
829 4035 948 4073 σου
984 4021 1019 4071 ό
1043 4018 1341 4087 βραχίων,
1373 4019 1474 4074 καί
1512 4022 1627 4076 οὐκ
1651 4021 1810 4091 ᾔδεις

218 4134 375 4174 σανα
400 4118 649 4187 γνόντες
679 4112 749 4166 δὲ
765 4110 1319 4179 μισχυνθήσονται.
1366 4130 1385 4162 s
1426 4112 1656 4181 Ὠσπερ
1698 4110 1814 4169 οὖν

220 4213 257 4264 ὸ
282 4206 561 4276 βραχίων
596 4201 873 4273 φυσικῶς
900 4201 1266 4271 ἐνήρμοσται
1294 4199 1372 4267 τῷ
1394 4202 1517 4267 ὅλῳ
1553 4203 1805 4273 σώματι,

220 4300 425 4355 πάντα
475 4295 758 4366 ἐνεργῶν,
815 4296 1047 4365 ὅσαπερ
1099 4295 1175 4351 ἂν
1230 4296 1380 4369 δόξῃ
1419 4296 1494 4366 τῇ
1550 4297 1809 4367 διανοίᾳ,

218 4392 534 4461 καταχρίει
559 4389 628 4444 δὲ
663 4387 968 4456 συνήθως,
1008 4387 1092 4453 τῷ
1119 4387 1400 4456 δακτύλῳ
1437 4392 1609 4458 πρὸς
1631 4390 1811 4445 τοῦτο

219 4478 617 4551 κεχρημένος*
653 4478 809 4533 οὕτω
847 4478 959 4531 τὸν
988 4479 1109 4547 μὲν
1142 4477 1251 4532 τοῦ
1301 4478 1453 4533 Θεοῦ
1498 4481 1695 4549 Λόγον
1735 4481 1805 4545 ἐξ

1926 3397 1943 3429 ι
1994 3377 2232 3431 Salvarit
2264 3393 2382 3429 eum
2412 3377 2625 3429 dextera
2647 3374 2817 3436 illius,
2860 3383 2908 3427 et
2941 3366 3213 3426 brachium
3253 3381 3494 3425 sanctam

1917 3471 2031 3537 ejus
2064 3469 2161 3521 ".s
2198 3466 2413 3521 Necnon
2444 3481 2463 3518 :
2494 3485 2512 3518 ι
2543 3465 2779 3529 Domine,
2835 3465 3099 3520 excelsum
3162 3473 3310 3516 tuum
3370 3462 3494 3515 bra-

1918 3564 2113 3626 chium,
2142 3571 2191 3615 et
2232 3577 2336 3614 non
2383 3567 2748 3629 cognoverunt,
2784 3573 2902 3610 cum
2938 3559 3269 3625 cognoverint
3304 3570 3495 3608 revere-

1916 3656 2166 3709 bantur.»
2194 3651 2340 3707 Sicut
2362 3653 2537 3719 itaque
2563 3649 2833 3703 brachium
2865 3652 3186 3702 naturaliter
3202 3649 3494 3717 adaptatur

1915 3758 2022 3800 toto
2056 3747 2285 3815 corpori,
2334 3758 2556 3812 operam
2582 3757 2900 3812 quacunque
2929 3737 3237 3810 cogitationi
3277 3740 3491 3808 placue-

1918 3841 2025 3893 rint
2051 3880 2067 3903 ,
2104 3838 2312 3907 inungit
2342 3850 2463 3891 uero
2490 3851 2585 3905 pro
2611 3850 2754 3888 more
2774 3833 2942 3902 digito
2976 3832 3044 3885 ad
3083 3833 3177 3885 hoc
3212 3842 3383 3896 utens,
3413 3832 3495 3885 ita

1913 3932 2011 3987 Dei
2045 3930 2272 3985 Verbum
2287 3946 2354 3984 ea:
2381 3945 2441 3985 eo
2470 3936 2521 3983 et
2551 3928 2606 3980 in
2629 3943 2688 3981 eo
2722 3926 3045 3980 naturaliter
3076 3927 3412 3993 adoptatum,
3435 3941 3491 3986 ιιι

1915 4028 1992 4076 ita
2021 4024 2220 4085 dicam,
2252 4031 2300 4075 et
2334 4020 2516 4075 intime
2560 4019 2820 4072 inluerens
2850 4016 3175 4084 concipimus
3206 4033 3223 4080 ;
3254 4016 3309 4068 in
3343 4012 3491 4068 Filio

1914 4133 2088 4170 autem
2130 4114 2452 4168 naturaliter
2482 4124 2529 4166 et
2559 4113 2919 4166 essentialiter
2946 4111 3306 4178 pertransicns
3334 4128 3364 4161 a
3386 4108 3491 4163 Pu-

1915 4219 1993 4262 tre
2026 4206 2284 4276 Spiritus,
2336 4221 2430 4274 per
2477 4220 2629 4274 quem
2663 4204 2840 4257 omnia
2874 4204 3130 4271 inungens
3150 4202 3490 4269 sancti/icui;

1913 4314 2015 4352 non
2047 4300 2210 4368 igitur
2234 4298 2490 4357 alienum,
2520 4311 2681 4365 neque
2705 4307 3017 4348 extraneum
3043 4294 3235 4345 divina:
3252 4294 3491 4346 essentia

1909 4400 1983 4444 est
2007 4388 2240 4457 Spiritus
2266 4398 2504 4451 sanctus,
2528 4388 2617 4440 sed
2662 4388 2715 4439 in
2740 4387 2853 4453 ipsa
2886 4397 2933 4437 et
2970 4399 3035 4438 ex
3066 4384 3179 4452 ipsa
3219 4384 3491 4436 naturali-

1912 4492 2010 4547 ter,
2035 4482 2192 4534 sicuti
2222 4492 2270 4535 et
2303 4480 2502 4548 digitus
2545 4478 2780 4546 corporis
2816 4480 2871 4531 in
2906 4492 3085 4536 manu,
3116 4476 3350 4544 ejusdem
3393 4491 3487 4529 ua~

218 4572 414 4628 αὐτοῦ
442 4573 541 4627 καί
573 4572 644 4625 ἐν
667 4569 830 4635 αὐτῷ
852 4568 1129 4640 φυσικῶς
1153 4572 1566 4641 ἡρμοσμένον,
1606 4574 1684 4627 ἵν’
1711 4573 1811 4628 οὔ-

1916 4584 2045 4627 turte
2077 4588 2193 4624 cum
2234 4588 2296 4624 ea
2327 4571 2606 4635 exsisteus,
2649 4584 2936 4638 rursusque
2963 4584 3151 4621 manus
3184 4567 3238 4619 in
3272 4581 3487 4635 corpore

218 4680 336 4727 τως
364 4661 531 4728 elata,
560 4661 659 4716 καὶ
710 4660 1098 4731 ἐμπεφυκότα
1124 4662 1498 4732 λογιζόμεθα,
1527 4664 1599 4719 ἐν
1636 4663 1704 4718 δὲ
1732 4665 1813 4732 τῷ

218 4752 337 4819 Υίῷ
374 4752 649 4823 φυσικῶς
674 4768 739 4806 τε
778 4753 881 4807 καί
927 4752 1233 4820 οὑσιωδῶς
1273 4753 1445 4822 διῆκε
1492 4756 1653 4826 παρὰ
1692 4759 1810 4812 Πα-

217 4848 366 4918 τρὸς
391 4849 457 4904 τὸ
480 4848 744 4917 Πνεῦμα,
790 4846 865 4901 δι’
904 4843 977 4903 οὗ
1013 4848 1086 4902 τὰ
1120 4847 1318 4903 πάντα
1352 4851 1537 4917 χρίων
1553 4849 1803 4919 ἁγιάζει·

218 4939 451 4997 οὐκοῦν
478 4942 592 4994 οὐκ
621 4939 964 5009 ἀλλότριον,
1021 4937 1165 4993 οὐδὲ
1209 4939 1670 5010 ἀπεξενωμένον
1695 4940 1808 5010 τῆς

221 5034 392 5095 θείας
410 5032 628 5098 οὐσίας
654 5033 930 5102 φρίνεται
978 5029 1047 5086 τὸ
1072 5030 1315 5101 Πνεῦμα
1341 5033 1407 5086 τὸ
1439 5032 1632 5101 ἅγιον,
1668 5033 1805 5089 ἀλλ’

219 5126 294 5191 ἐξ
318 5124 509 5194 αὐτῆς
539 5126 638 5181 καὶ
664 5125 736 5179 ἐν
762 5123 918 5193 αὐτῇ
947 5124 1240 5194 φυσικῶς,
1283 5124 1489 5195 ὥσπερ
1528 5123 1644 5182 οὖν
1701 5127 1800 5182 καὶ

217 5220 256 5272 ὁ
296 5215 403 5271 τοῦ
427 5216 701 5286 σώματος
750 5215 1051 5281 δάκτυλος
1089 5215 1160 5269 ἐν
1197 5213 1272 5284 τῇ
1303 5217 1480 5287 χειρί,
1528 5216 1804 5288 όμοφυής

215 5307 306 5361 ὢν
333 5307 512 5376 αὐτῇ,
536 5308 637 5363 καί
684 5308 722 5375 ἡ
773 5308 904 5378 χεὶρ
937 5302 1054 5364 οὖν
1091 5308 1278 5363 πάλιν
1323 5309 1393 5363 ἐν
1426 5306 1506 5376 τῷ
1549 5310 1799 5377 σώματι,

217 5402 338 5470 οὐχ
371 5402 749 5470 ἐτεροούσιος
777 5403 929 5471 πρὸς
955 5400 1101 5455 αὐτὸ
1129 5402 1541 5470 τυγχάνουσα.
1607 5400 1799 5456 Ταῦτα

219 5496 364 5549 κατὰ
387 5500 487 5565 τὴν
520 5496 627 5547 τῶν
643 5494 948 5565 Θησαυρῶν
964 5494 1145 5548 δέλτον
1164 5496 1193 5547 ὁ
1214 5494 1662 5564 Θαυμασιώτατος
1687 5492 1797 5549 Κύ-

220 5586 428 5657 ριλλος·
466 5585 701 5657 ἀλλαχοῦ
729 5587 787 5639 δὲ
802 5574 1015 5657 ’ταύτης
1043 5603 1201 5649 ουτος
1229 5585 1393 5649 αὐτὸς
1424 5586 1533 5639 τὸν
1563 5567 1795 5654 Πατέρα

210 5678 334 5749 μὲν
352 5677 560 5747 ῥόδον.
592 5678 776 5743 ἄνθος
799 5676 866 5731 δὲ
892 5677 1000 5732 τὸν
1038 5679 1197 5743 Υίὸν,
1233 5679 1331 5731 καὶ
1374 5677 1439 5731 τὸ
1467 5678 1707 5746 Πνεῦμα
1730 5677 1795 5733 τὸ

290 5857 335 5887 ’⁸
369 5855 557 5910 Matth.
601 5874 700 5922 xu,
732 5857 822 5911 ‘28.
904 5858 946 5889 "
979 5856 1121 5911 Psal.
1158 5873 1324 5925 xerit,
1358 5856 1404 5911 Ι.

1914 4677 2019 4716 non
2070 4665 2287 4716 dit'erste
2317 4662 2381 4714 ab
2442 4678 2501 4715 eo
2538 4672 2765 4714 naturae.
2819 4658 2946 4714 llaec
2995 4660 3048 4712 in
3084 4658 3487 4729 Tltcsaut'orum

1911 4754 2070 4810 libris
2108 4757 2342 4809 iuaxitne
2373 4752 2709 4807 admirabilis
2734 4751 3007 4823 Cyrillus;
3046 4759 3101 4805 et
3124 4750 3232 4804 alio
3266 4765 3483 4804 eorum-

1911 4847 2034 4903 dem
2067 4846 2188 4901 loco
2219 4846 2307 4901 hic
2339 4846 2509 4910 idem,
2550 4844 2773 4899 Patrem
2819 4859 3019 4910 rosam,
3054 4840 3256 4896 Filium
3278 4844 3476 4913 ﬂorem,

1908 4934 2174 5008 Spiritum
2216 4934 2462 4992 sanctum
2491 4939 2705 4990 odorem
2731 4937 3087 5005 nuncupavit.
3117 4934 3471 5001 Quemadmo-

1908 5034 2038 5087 dum
2068 5032 2253 5099 itaque
2282 5030 2488 5099 digitus
2509 5028 2774 5096 dependet
2801 5042 2831 5081 a
2857 5040 3087 5096 corpore
3118 5040 3214 5095 per
3240 5031 3485 5089 manum,

1880 5178 1887 5183 .
1913 5139 1980 5181 ex
2013 5140 2142 5180 rosa
2176 5138 2306 5178 vero
2339 5138 2433 5192 per
2458 5120 2645 5176 liorem
2675 5120 2810 5176 odor
2838 5119 3074 5188 amatur,
3127 5120 3201 5174 ita
3232 5130 3286 5174 et
3313 5120 3482 5189 Spiri-

1912 5226 1999 5273 tus
2038 5226 2261 5272 sanctus
2284 5230 2353 5269 ex
2380 5212 2538 5268 Patre
2561 5228 2656 5283 per
2688 5212 3036 5283 Unigenitum
3063 5211 3323 5281 procedit.
3352 5212 3483 5277 Qua:

1906 5323 2073 5378 porro
2096 5323 2128 5362 a
2157 5307 2356 5362 divinis
2384 5306 2643 5360 Patribus
2690 5305 2852 5361 veluti
2884 5306 2940 5360 in
2971 5306 3273 5372 exemplum
3310 5301 3482 5356 addu-

1901 5411 2124 5465 cuntur,
2162 5400 2277 5453 inec
2322 5409 2375 5453 et
2416 5398 2613 5454 similia
2648 5409 2798 5460 sunt,
2839 5397 2963 5452 licet
2991 5397 3273 5451 minimam
3305 5395 3391 5448 illa
3424 5402 3479 5449 et

1900 5496 2057 5549 valde
2104 5492 2351 5558 humilia,
2385 5494 2615 5548 multum
2675 5507 2705 5546 a
2735 5491 2994 5560 dignitate
3017 5504 3219 5553 rerum,
3276 5487 3479 5558 quibus

1901 5582 2297 5648 assimilantur,
2331 5583 2587 5637 deliniant
2643 5598 2659 5637 :
2714 5580 2900 5638 Omnia
2926 5585 3085 5648 cnim,
3114 5578 3418 5635 eodemmet
3447 5591 3478 5631 a

1902 5675 2109 5749 Spiritu
2137 5686 2286 5732 motu
2308 5675 2513 5747 Cyrillo
2536 5685 2690 5743 teste,
2726 5673 2858 5729 Deus
2876 5670 3230 5742 exsuperabit.
