3974 6610
240 444 355 517 4M7

1058 441 1155 503 us
1197 433 1717 501 PROCESSIONE
1757 405 1821 499 s.
1866 435 2224 531 serenus
2261 434 2488 496 ORAT.
2532 435 2579 497 ι.

3319 429 3457 496 1οϋ8

232 576 389 643 trior,
425 557 503 628 οῖς
530 562 689 634 ὑμεῖς
737 558 817 625 ὡς
861 559 1078 631 ὁδηγοῖς
1113 558 1399 623 εὐσεϐείας
1426 554 1814 627 ἀκολουθοῦν-4

1899 555 2150 611 cordibus
2200 555 2318 611 suis
2366 554 2508 609 latas
2565 549 2983 608 circumferunt.
3036 548 3146 606 Nos
3185 560 3365 605 autem
3392 568 3459 607 ex

226 675 332 729 τες,
378 659 493 723 ταῖς
549 653 733 711 αὐτῶν
777 652 1149 715 διδασκαλίαις
1178 653 1272 706 καὶ
1324 654 1437 714 τοῖς
1472 650 1651 718 λόγοις
1683 650 1782 718 ὲμι

239 753 476 825 μένομεν.
498 746 562 800 Ol
586 745 647 798 δὲ
672 743 769 797 νῦν
790 741 1031 810 θεολόγοι
1052 741 1221 795 πόθεν
1235 740 1333 794 ούκ
1352 733 1470 793 οἶδα
1496 736 1782 808 μαθόντες,

235 847 431 905 πάντως
459 838 565 893 ἀπὸ
610 836 820 899 κοιλίας
854 835 1036 889 αὐτῶν
1086 834 1265 903 μάτην
1298 830 1456 902 ἡμῶν
1503 827 1783 898 καταψεύ-

234 940 412 994 δονται.
440 931 580 985 κατὰ
613 928 882 1000 γραμμὴν
905 926 1125 980 εὐθεῖαν
1157 924 1486 986 πλάττοντες
1539 920 1781 974 νοεῖσθαι

234 1027 419 1095 ταύτην
449 1024 603 1093 ἡμῖν.
635 1021 699 1074 Οἳ
730 1020 824 1073 καὶ
853 1018 1016 1089 δῆθεν
1043 1020 1157 1080 τοῖς
1178 1015 1474 1085 ἡμετέροις
1506 1009 1782 1066 ἐναντιού-

240 1134 395 1190 μενοι,
444 1114 772 1184 διαγράφειν
834 1112 1039 1181 ἑτέρως
1104 1107 1402 1178 πειρῶνται
1452 1104 1553 1175 τὴν
1587 1102 1787 1174 ἁπερε-

235 1224 459 1284 γραπτον
479 1224 493 1237 ο
526 1206 621 1260 καί
651 1221 784 1273 φασι
812 1204 954 1257 κατὰ
978 1202 1166 1272 σχῆμα
1186 1200 1442 1268 δεύτερον
1466 1197 1611 1268 ἔχειν
1643 1194 1782 1250 ταύο

237 1319 329 1372 την
357 1303 387 1370 ἢ
422 1300 561 1353 κατὰ
593 1297 882 1367 τρίγωνον.
925 1295 1112 1347 Ἀλλοι
1148 1292 1205 1347 δὲ
1234 1292 1329 1346 καὶ
1358 1290 1593 1350 κύκλους
1635 1288 1787 1352 τινὰς

238 1393 637 1465 παρεισάγουσι,
667 1388 970 1460 συρφετούς
996 1404 1148 1451 τινας
1178 1385 1381 1448 πάντες
1411 1381 1629 1437 ἐννοιῶν
1652 1382 1787 1433 cirro-

238 1487 501 1547 πτύοντες,
523 1483 614 1546 οὒς
644 1484 760 1545 ταῖς
793 1481 1039 1549 καρδίαις
1072 1478 1253 1533 αὐτῶν
1280 1475 1666 1548 ἐπισυρόμενοι
1689 1489 1787 1526 πε-

239 1578 553 1647 ριφέρουσιν.
596 1576 790 1647 Ἡμεῖς
814 1574 870 1629 δὲ
902 1573 1071 1645 μηδὲν
1104 1572 1241 1626 ἴδιον
1265 1571 1448 1637 λέγειν
1482 1566 1789 1639 τολμῶντες

234 1672 360 1723 κατὰ
384 1669 476 1740 τὴν
510 1668 766 1735 θεολόγον
806 1670 1012 1736 φωνὴν,
1061 1663 1426 1735 Ἀμέριστος,
1485 1662 1686 1733 φαμὲν,
1720 1660 1791 1714 ἐν

228 1763 533 1834 ιιεριστοῖς,
562 1766 615 1817 εὶ
648 1761 745 1816 δεῖ
774 1764 1089 1830 συντόμως
1117 1757 1329 1820 εἰπεῖν,
1360 1757 1398 1825 ἡ
1427 1756 1658 1829 θεόζης,
1690 1753 1790 1808 καὶ

232 1851 347 1910 οῖον
374 1857 439 1909 ἐν
479 1856 683 1924 ﬁdlem
735 1852 934 1921 τρισὶν
979 1849 1291 1920 ἐχομένοις
1334 1847 1632 1916 ἀλλήλων
1683 1844 1793 1916 μία

230 1948 324 2001 τοῦ
342 1947 533 2017 φωτὸς
564 1947 922 2016 σύγκρασις,
957 1944 1220 2010 ἀπείρων
1248 1957 1312 1995 τε
1340 1939 1518 2010 τριῶν
1543 1938 1790 2007 ἄπειρος

1893 649 2129 721 propriis
2155 648 2292 704 nihil
2316 647 2562 719 proferre
2602 646 2868 702 audentes
2926 645 3229 700 secundum
3281 640 3464 699 Theo-

1890 743 1999 813 logi
2058 758 2274 807 vocem,
2336 741 2600 806 Indiuisa,
2642 739 2898 802 dicimus,
2931 739 2985 793 in
3036 738 3189 791 rebus
3242 736 3462 799 diuisis,

1890 834 1937 887 si
1964 832 2105 886 breui
2135 846 2371 886 sermone
2412 831 2727 885 absolvenda
2767 846 2846 884 res
2870 838 2970 893 est,
3005 827 3211 894 Deitas,
3237 839 3285 883 et
3312 828 3465 900 quasi

1892 924 1948 978 in
1973 924 2139 977 tribus
2183 924 2382 978 solibus
2430 932 2612 979 mutuo
2671 922 3057 977 adhwrentibus
3098 939 3205 977 una
3250 922 3466 977 luminis

1890 1017 2092 1080 mistio,
2144 1027 2194 1071 et
2251 1017 2588 1087 inﬁnitarum
2637 1017 2797 1071 trium
2842 1017 3054 1086 inﬁnita
3105 1018 3328 1072 conlusio
3375 1032 3469 1086 per

1887 1107 2064 1161 omnia
2099 1117 2147 1162 et
2179 1123 2338 1177 super
2365 1108 2548 1162 omnia
2586 1124 2703 1163 uere
2731 1109 3053 1177 perueniens.
3096 1106 3469 1163 Nihilominus

1888 1200 2051 1256 etiam
2093 1200 2197 1255 hoc
2249 1200 2435 1266 modo,
2473 1209 2535 1255 ut
2577 1200 2755 1256 sancti
2787 1200 3153 1265 tradiderunt,
3199 1201 3470 1270 principio

1887 1293 2040 1349 dives
2066 1301 2172 1356 est,
2201 1301 2255 1346 et
2284 1292 2526 1347 medium
2556 1292 2747 1362 jactat,
2779 1301 2834 1347 et
2875 1293 3022 1362 quod
3052 1293 3178 1348 inde
3223 1294 3470 1364 sequitur

1889 1399 1997 1439 non
2032 1382 2260 1454 respuit,
2280 1384 2461 1437 omnia
2486 1383 2646 1437 modo
2672 1382 2879 1438 divino.
2909 1381 3043 1439 Post
3061 1382 3304 1439 Verbum
3340 1401 3469 1440 vero

1890 1475 2153 1547 Spiritum
2173 1482 2420 1530 sanctum
2444 1474 2694 1548 intelligi,
2718 1475 2869 1531 testis
2884 1486 2965 1531 est
2988 1490 3216 1547 magnus
3238 1475 3471 1531 Basilius

1892 1567 2141 1624 oratione
2164 1567 2216 1622 in
2242 1567 2464 1622 fratrem
2494 1565 2796 1638 Nysseuum
2821 1566 3144 1635 Gregorium
3170 1583 3184 1620 :
3214 1557 3480 1636 Spiritus,

1892 1665 2105 1734 inquit,"
2123 1660 2267 1719 hanc
2294 1664 2558 1718 notionem
2589 1672 2641 1717 et
2694 1663 3039 1733 cognoscibile
3086 1665 3294 1734 signant
3329 1663 3471 1732 ejus,

1892 1769 2009 1825 qua:
2052 1753 2339 1808 secundum
2381 1754 2709 1824 Itypostasim
2759 1762 2861 1818 est,
2915 1754 3252 1822 proprietatis
3297 1753 3471 1809 habet.

1894 1864 1997 1918 quo
2033 1856 2149 1917 post
2180 1844 2405 1912 Filium,
2431 1855 2478 1901 et
2508 1863 2628 1900 cum
2664 1844 2808 1900 Filio
2844 1846 3003 1901 simul
3035 1857 3083 1901 et
3125 1847 3236 1916 ipse
3265 1863 3318 1901 se
3344 1846 3473 1917 facit

1897 1939 2207 1992 internosci.

230 2038 483 2107 συμφυΐα
504 2035 820 2106 πανταχοῦ
846 2034 945 2090 καὶ
970 2036 1121 2104 ὑπὲρ
1150 2035 1215 2088 τὸ
1237 2033 1362 2088 πᾶν
1390 2031 1469 2099 τῷ
1533 2031 1660 2086 ὄντι
1727 2031 2050 2101 διήκουσα.
2090 2031 2238 2103 Πλὴν
2307 2032 2404 2086 καὶ
2476 2030 2620 2086 οὕτω
2679 2030 2985 2085 πλουτοῦσα
3042 2030 3183 2087 κατὰ
3232 2030 3332 2103 τὴν
3365 2030 3474 2083 τῶν

230 2134 384 2202 ἁγίων
435 2131 737 2200 παράδοσιν
790 2127 889 2200 τὴν
959 2128 1154 2199 ἀρχὴν,
1214 2127 1277 2181 τό
1340 2143 1401 2180 τε
1466 2125 1628 2195 μέσον
1699 2123 1961 2196 αύχοῦσα,
2014 2123 2108 2176 καὶ
2174 2122 2237 2176 τὸ
2277 2123 2422 2194 μετὰ
2490 2123 2650 2177 τοῦτο
2710 2123 3003 2194 δεχομένη,
3036 2123 3107 2176 τὰ
3135 2123 3311 2176 πάντα
3355 2123 3471 2176 θεο-

231 2223 459 2293 πρεπῶς.
490 2220 604 2276 Τοῦ
633 2221 691 2275 δὲ
729 2221 871 2292 μετὰ
898 2218 991 2273 τὸν
1017 2219 1177 2287 λόγον
1204 2217 1265 2270 τὸ
1296 2215 1522 2287 Πνεῦμα
1546 2213 1785 2269 νοεῖσθαι
1824 2215 1887 2267 τὸ
1920 2213 2076 2282 ἅγιον
2141 2212 2351 2282 μάρτυς
2384 2215 2411 2266 δ
2479 2213 2652 2283 μέγας
2702 2212 3005 2275 Βασίλειος.
3036 2211 3096 2273 ὃς
3127 2214 3184 2266 ὲν
3213 2212 3292 2283 τῷ
3336 2213 3470 2282 πρὸς

229 2319 310 2372 τὸν
344 2317 544 2370 οἰκεῖον
588 2314 818 2384 ἀδελφὺν
848 2314 1151 2386 Γρηγόριον
1203 2313 1296 2365 τὸν
1348 2310 1572 2381 Νύσσης
1602 2311 1769 2382 λόγῳ,
1817 2310 1887 2363 Τὸ
1955 2308 2219 2379 Πνεῦμα,
2265 2308 2419 2379 φησὶ,
2467 2309 2532 2362 τὸ
2566 2307 2963 2377 γνωριστικὸν
3010 2306 3121 2376 τῆς
3153 2307 3304 2362 κατὰ
3360 2310 3477 2376 τὴν

226 2412 559 2466 ὑπόστασιν
590 2404 884 2473 ἰδιότητος
908 2405 1163 2476 σημεῖον
1189 2405 1316 2474 ἔχει
1359 2403 1427 2458 τὸ
1475 2403 1627 2474 μετά
1676 2402 1784 2456 τὸν
1820 2401 1958 2455 Υιὸν
1986 2401 2085 2457 καὶ
2119 2401 2242 2457 σὺν
2270 2401 2433 2468 αὐτῷ
2461 2399 2869 2472 γνωρίζεσθαι.

292 2501 389 2573 λβ’.
421 2502 646 2554 Τούτων
691 2499 868 2565 οὕτως
919 2501 1155 2572 ἐχόντων
1202 2501 1303 2554 οὐκ
1332 2500 1514 2569 ἀγνοῶ
1544 2516 1607 2568 γε
1646 2498 1787 2568 τάχα

1964 2497 2055 2554 '52.
2101 2498 2225 2554 Haec
2276 2498 2351 2552 ita
2396 2513 2458 2554 se
2511 2498 2736 2564 habent,
2784 2507 2838 2554 et
2866 2513 2968 2571 ego
3013 2514 3136 2570 quae
3199 2501 3474 2571 praeditus

234 2594 321 2649 usi
358 2595 427 2648 τὰ
470 2593 738 2646 δοκοῦντα
767 2594 880 2657 τοῖς
933 2592 1027 2646 νῦν
1078 2591 1291 2664 ῥηθεῖσι
1346 2590 1787 2667 προσίστασθαιο

231 2686 405 2756 διόπερ
436 2682 628 2739 ἐνθάδε
656 2686 884 2739 κάκεῖνα
939 2685 1163 2755 προθεὶς
1212 2684 1315 2754 τὴν
1364 2682 1792 2737 ἀνακύπτουσαν

234 2777 290 2844 ἐξ
323 2778 499 2832 αὐτῶν
558 2776 891 2845 ἀμφιϐολίαν
943 2776 1019 2839 ὡς
1067 2769 1181 2829 οἷόν
1236 2792 1296 2828 τε
1325 2773 1576 2828 διαλῦσαι
1605 2772 1795 2843 πειρά-

233 2886 410 2939 σομαι,
443 2871 547 2941 τῆς
579 2867 841 2938 ἀληθείας
894 2866 1038 2920 κατὰ
1068 2866 1299 2938 δύναμιν
1355 2865 1793 2935 ἁντιποιησάμει-

232 2978 331 3024 νος.
365 2959 422 3014 Ὅ
451 2960 555 3033 μὲν
589 2960 700 3030 γὰρ
729 2961 785 3012 ὲν
816 2960 993 3028 ἁγίοις
1033 2959 1221 3031 Πατὴρ
1274 2956 1433 3029 ἡμῶν
1476 2956 1795 3019 Ἀθανάσιος

233 3054 286 3106 ὲν
330 3054 495 3124 ὀγδόῳ
534 3053 642 3106 τῶν
672 3054 1009 3124 πεντήκοντα
1037 3051 1374 3121 κεφαλαίων,
1404 3044 1479 3104 ὧν
1506 3053 1606 3119 τὴν
1635 3048 1794 3102 ἔκθε-

233 3162 309 3198 σιν
336 3148 398 3200 ὲκ
431 3146 757 3218 μαρτυριῶν
812 3145 1115 3216 ἐποιήσατο
1144 3143 1456 3215 γραφικῶν,
1514 3141 1609 3196 ἐπὶ
1661 3142 1795 3195 πᾶσι

228 3240 293 3292 τὰ
321 3239 456 3292 αὐτὰ
504 3241 794 3308 προσεῖναι
851 3236 929 3306 τῷ
985 3237 1161 3306 Πατρὶ
1212 3236 1306 3289 καὶ
1343 3234 1420 3306 τῷ
1452 3233 1592 3305 ἁγίῳ
1625 3233 1795 3287 Πνεύο

231 3346 352 3398 ματι
383 3329 769 3401 παραστῆσαι,
801 3329 901 3382 καὶ
935 3327 1029 3381 τοῦ
1066 3327 1386 3398 Πνεύματος
1423 3327 1485 3380 τὸ
1519 3326 1795 3396 καθῆσθαι

226 3421 507 3489 tandem,
538 3422 730 3494 ὥσπερ
761 3420 975 3476 καὶτοῦ
1005 3421 1221 3492 Πατρδς
1251 3422 1345 3474 καὶ
1379 3419 1472 3472 τοῦ
1510 3417 1666 3483 Υἱοῦ,
1720 3419 1796 3489 μὴ

235 3515 387 3581 μόνον
414 3516 469 3570 ὁὶ
497 3516 638 3570 ἀλλὰ
673 3516 767 3569 καὶ
790 3515 853 3568 τὸ
885 3513 1288 3584 συγκαθῆσθαι,
1317 3514 1441 3568 τάδε
1489 3513 1623 3584 πρὸς
1670 3512 1798 3575 ἔπος

232 3606 605 3677 διαλαμϐάνων
626 3608 761 3679 φησι
783 3624 799 3641 ⁶
844 3607 953 3663 Τοῦ
996 3607 1226 3675 Πατρός
1257 3606 1363 3662 τοῦ
1393 3606 1442 3661 Κ
1452 3610 1618 3675 vplov
1650 3605 1799 3673 πρὸς

231 3698 329 3753 τὸν
342 3702 629 3770 Ἰωάννην
648 3701 955 3772 λέγοντος,
972 3700 1100 3769 Ἐφ’
1124 3699 1196 3754 δν
1220 3699 1295 3754 ἂν
1309 3699 1460 3767 ἴδοις
1477 3699 1544 3753 τὸ
1560 3699 1799 3767 Πνεῦμα

230 3793 585 3848 καταϐαῖνον
613 3792 711 3847 καὶ
734 3793 924 3864 μένον
951 3793 1022 3847 ἐν
1053 3792 1235 3860 αὐτῷ,
1274 3796 1305 3848 ό
1341 3794 1567 3861 Κύριος
1592 3789 1762 3847 εἶπεν
1782 3807 1796 3823 ⁸

232 3887 294 3939 El
321 3884 386 3939 δὲ
414 3890 447 3941 ό
481 3889 687 3954 Πατὴρ
800 3887 870 3941 ἐν
899 3885 1030 3957 ἐμοὶ
1067 3887 1273 3959 μένων
1302 3860 1484 3954 αῠτδς
1534 3887 1691 3943 ποιεῖ
1729 3888 1801 3942 τὰ
1828 3860 1871 3919 c

226 3978 385 4049 ἔργα.
414 3981 566 4034 Εἰπὲ
594 3976 708 4036 οὖν
754 3980 905 4035 κατὰ
961 3982 1068 4048 τὰς
1114 3982 1469 4052 μαρτυρίας,
1508 3982 1540 4035 ό
1599 3979 1802 4049 Πατὴρ

232 4069 327 4122 καὶ
359 4073 425 4124 τὸ
449 4071 697 4141 Πνεῦμα
720 4072 1019 4142 μένουσιν
1044 4072 1115 4125 ἐν
1148 4072 1226 4138 τῷ
1260 4070 1369 4137 Υιῷ
1401 4070 1439 4141 ἢ
1471 4070 1579 4135 οὕ;
1620 4069 1800 4138 Φησὶ,

231 4160 559 4220 Μένουσιν.
597 4166 667 4218 Ei
699 4159 817 4219 οὖν
841 4164 911 4218 ὲν
938 4161 1019 4229 τῷ
1051 4163 1180 4228 Υιῷ,
1210 4163 1507 4232 μένουσιν
1537 4165 1569 4216 ό
1601 4161 1803 4231 Πατὴρ

231 4255 324 4307 καὶ
357 4257 426 4309 τὸ
470 4256 739 4324 Πνεῦμα,
790 4257 899 4311 τοῦ
966 4257 1105 4310 Υιοῦ
1141 4256 1530 4319 καθίσαντος,
1566 4254 1801 4323 ἀνάγκη

228 4342 393 4399 πᾶσα
421 4346 849 4417 συγκαθῆσθαι
893 4345 1053 4411 αὐτῷ
1083 4346 1181 4402 καὶ
1225 4345 1366 4410 τοὺς
1405 4345 1702 4414 μένοντας
1733 4345 1805 4400 ἐν

231 4437 403 4504 αὐτῷ.
441 4440 560 4494 Καὶ
604 4440 719 4510 μετ’
749 4440 907 4509 ὀλίγα
930 4457 945 4470 ’
981 4437 1069 4505 Τῷ
1095 4438 1212 4509 μὲν
1242 4438 1353 4504 Υἱῷ
1381 4437 1561 4506 ἴσμεν
1590 4438 1804 4507 ἀφωρι-

230 4534 460 4601 σμένην
478 4533 717 4586 διάιταν
734 4533 801 4586 ἐκ
832 4530 1047 4596 δεξιῶν
1065 4530 1169 4585 τοῦ
1199 4529 1445 4597 Πατρὲς,
1471 4528 1671 4595 ὥσπερ
1692 4525 1806 4586 οὖν

233 4623 378 4690 πρὸς
411 4626 521 4679 τόν
570 4623 790 4679 ἑαυτοῦ
838 4624 976 4677 Υιὸν
1019 4617 1171 4684 εἷπε,
1204 4640 1223 4673 ι
1254 4621 1453 4676 Κάθου
1482 4619 1550 4673 ἐκ
1593 4618 1806 4684 δεξιῶν

233 4732 366 4783 pov'
391 4734 410 4769 ι
429 4717 498 4772 ἐκ
535 4716 605 4771 δὲ
626 4717 733 4772 τοῦ
755 4717 999 4771 καθίσαι
1019 4719 1086 4769 ἐκ
1107 4712 1323 4777 δεξιῶν
1350 4713 1455 4767 τὸν
1480 4713 1613 4768 Υιὸν
1635 4713 1808 4768 ἔστιν

230 4807 548 4877 ἐπινοῆσαι
580 4808 611 4862 ὃ
643 4806 770 4861 κατ’
799 4806 1132 4875 ἐπιτροπὴν
1160 4802 1292 4860 εἷπε
1333 4805 1427 4861 καὶ
1473 4805 1552 4871 τῷ
1586 4805 1806 4863 ἑαυιοῦ

230 4901 555 4972 [Iret-part,
577 4900 777 4956 Κάθου
799 4899 870 4965 ἐξ
890 4900 1212 4969 εὐωνύμων
1229 4917 1349 4970 μου
1368 4915 1382 4930 ·
1402 4898 1508 4954 τοῦ
1541 4898 1609 4952 δὲ
1628 4902 1807 4968 καθη-

227 4991 412 5060 μένου
433 4995 473 5063 ἡ
498 4994 870 5063 προσηγορία
887 4990 1217 5061 ἀξιώματός
1229 4990 1360 5045 ἐστι
1374 4990 1668 5061 σημασία.
1696 4990 1807 5046 Καὶ

229 5084 405 5141 ταῦτα
438 5088 541 5157 μὲν
568 5086 598 5139 ὁ
630 5086 909 5149 θειότατος
949 5084 1267 5148 Ἀθανὰσιος
1295 5086 1355 5139 ιν
1390 5078 1469 5147 οἷς
1505 5085 1572 5139 ἐκ
1615 5084 1807 5150 δεξιῶν

1896 2591 2181 2648 adversari
2232 2592 2490 2647 videntur
2538 2592 2701 2663 plane
2746 2608 3022 2664 cognosco
3077 2613 3092 2650 :
3142 2607 3473 2668 quaprOpter

1895 2684 2005 2740 illis
2055 2685 2145 2741 hic
2174 2686 2393 2757 positis,
2433 2702 2553 2757 qure
2597 2704 2662 2743 ex
2700 2689 2836 2758 ipsis
2893 2689 3057 2745 dubia
3108 2690 3381 2756 oriuntur,
3417 2702 3475 2748 ut

1891 2778 2040 2834 vires
2092 2778 2425 2844 concedunt,
2471 2780 2773 2837 dissolvere
2832 2782 3101 2847 conabor,
3127 2784 3385 2850 veritati,
3416 2796 3476 2841 ut

1896 2869 2013 2926 ticri
2055 2879 2252 2942 potest,
2310 2870 2558 2928 innixus.
2610 2873 2847 2929 Sanctus
2899 2873 3043 2928 enim
3076 2874 3237 2930 Pater
3287 2886 3475 2934 noster

1893 2962 2233 3018 Athanasius
2265 2963 2318 3019 in
2370 2972 2565 3019 octavo
2604 2965 3002 3035 quinquaginta
3039 2965 3304 3037 capitum,
3334 2984 3477 3039 quo-

1897 3068 2017 3109 rum
2070 3055 2468 3125 expositionem
2520 3071 2587 3111 ex
2629 3057 2837 3127 scripto
2878 3057 3098 3115 traditis
3143 3060 3481 3118 testimoniis

1898 3161 2186 3218 aggressus
2223 3156 2329 3211 est,
2366 3148 2422 3202 in
2473 3148 2730 3203 omnibus
2762 3149 2953 3204 eadem
3006 3150 3185 3207 inesse
3225 3151 3372 3207 Patri
3423 3164 3478 3209 et

1896 3238 2039 3295 Filio
2068 3248 2122 3296 et
2151 3240 2379 3312 Spiritui
2422 3253 2615 3297 sancto
2647 3242 2879 3312 probare
2912 3242 3126 3309 volens,
3154 3254 3207 3299 et
3235 3243 3475 3315 Spiritus

1898 3333 2199 3389 sessionem
2247 3348 2393 3402 esse,
2421 3335 2889 3404 quemadmodum
2942 3346 2996 3391 et
3046 3336 3222 3392 Patris
3252 3348 3305 3392 et
3353 3336 3475 3392 Filii

1900 3424 2300 3489 demonstrans,
2326 3440 2427 3480 nec
2454 3426 2633 3481 solum
2654 3425 2728 3490 id,
2751 3427 2846 3480 sed
2871 3429 3034 3481 etiam
3061 3428 3223 3481 simul
3262 3430 3474 3493 sedero,

1901 3518 2017 3572 hzec
2041 3517 2107 3572 ad
2140 3518 2368 3572 verbum
2400 3517 2581 3587 inquit
2618 3536 2634 3573 :
2673 3516 2834 3573 Patre
2871 3502 3083 3574 Domini
3114 3523 3181 3573 ad
3210 3519 3474 3575 Joannem

1901 3610 2139 3663 dicente:
2171 3608 2337 3676 Super
2367 3625 2518 3680 quem
2550 3611 2742 3664 videris
2777 3610 3034 3681 Spiritum
3055 3613 3473 3679 descendentem,

1900 3711 1951 3757 et
1979 3710 2272 3756 manentem
2301 3704 2355 3756 in
2383 3702 2499 3769 illo,
2528 3701 2781 3758 Dominus
2815 3704 2951 3758 dixit
2976 3722 2994 3759 :
3018 3704 3076 3760 Si
3106 3703 3270 3761 Pater
3298 3707 3389 3779 qui
3421 3711 3472 3761 in

1902 3807 1984 3845 me
2020 3800 2217 3855 manet,
2269 3792 2377 3862 ipse
2417 3792 2545 3863 facit
2594 3808 2775 3859 opera.
2819 3793 3120 3849 Secundum
3160 3797 3338 3867 itaque
3366 3798 3476 3851 hac

1905 3885 2204 3940 testimonia
2233 3886 2413 3951 dicito,
2450 3884 2612 3940 Pater
2638 3895 2685 3959 et
2717 3885 2947 3954 Spiritus
2973 3899 3183 3943 manent
3217 3890 3272 3943 in
3306 3887 3477 3952 Filio.

1904 3976 1983 4032 vel
2000 3993 2103 4031 non
2120 3962 2267 4045 Ε’Ᾰὶι,
2282 3977 2519 4034 Manent.
2543 3976 2602 4035 Si
2622 3981 2802 4050 itaque
2829 3983 2883 4034 in
2908 3979 3050 4035 Filio
3078 3992 3286 4036 manent
3319 3981 3480 4036 Pater

1903 4078 1952 4122 et
1982 4067 2235 4139 Spiritus,
2284 4087 2403 4125 cum
2430 4072 2618 4126 sederit
2652 4072 2822 4128 Filius
2869 4075 3163 4129 necessario
3216 4084 3263 4128 et
3292 4074 3373 4128 illi
3405 4075 3480 4129 si-

1904 4161 2019 4215 mul
2054 4161 2328 4228 sedebant,
2389 4165 2479 4233 qui
2513 4177 2724 4219 manent
2764 4167 2817 4220 in
2847 4183 2927 4220 eo.
2981 4168 3049 4222 Et
3090 4176 3213 4238 post
3256 4184 3423 4238 pauca
3461 4187 3474 4223 :

1904 4252 2037 4308 Filio
2061 4256 2254 4308 scimus
2287 4257 2654 4326 praescriptum
2707 4274 2815 4315 esse
2856 4258 3025 4313 locum
3081 4277 3109 4311 ο
3135 4260 3334 4314 dextris
3368 4259 3479 4314 Pa-

1906 4349 2026 4403 tris.
2054 4348 2507 4414 Quemadmodum
2557 4350 2696 4404 enim
2730 4350 2799 4404 ad
2845 4367 2999 4404 suum
3047 4350 3253 4405 Filium
3294 4353 3431 4406 dixit
3458 4372 3476 4408 .-

1913 4461 1932 4493 ι
1969 4443 2105 4499 Sede
2136 4461 2167 4498 a
2192 4444 2393 4499 dextris
2432 4448 2557 4500 meis
2576 4436 2642 4498 ’⁸.
2696 4465 2714 4499 ι
2748 4444 2881 4500 Cum
2912 4462 3028 4501 vero
3058 4448 3251 4502 sederit
3297 4467 3328 4503 a
3354 4450 3482 4504 dex-

1911 4536 2006 4588 tris
2044 4534 2240 4600 Filius,
2275 4537 2436 4590 datur
2460 4538 2602 4592 nobis
2633 4538 2879 4609 intelligi,
2912 4539 3251 4595 mandantem
3271 4543 3474 4599 dixisse

1905 4639 1955 4684 et
1977 4645 2075 4684 suo
2095 4629 2323 4696 Spiritui
2345 4647 2364 4685 :
2383 4630 2518 4685 Sede
2549 4648 2580 4685 a
2601 4632 2834 4687 sinistris
2863 4634 2991 4688 meis
3010 4650 3028 4687 :
3051 4633 3277 4690 sedentis
3303 4645 3479 4691 autem

1907 4721 2193 4791 appellatio
2227 4722 2510 4794 dignitatis
2541 4735 2617 4777 est
2668 4724 2898 4794 signum.
2950 4723 3013 4778 Et
3040 4725 3159 4780 haec:
3200 4728 3481 4785 divinissi-
3578 4764 3590 4769 μ

1908 4827 2030 4867 mus
2059 4812 2389 4868 Athanasius
2412 4810 2536 4868 cuin
2564 4824 2789 4879 asserat,
2808 4812 3006 4870 Filium
3025 4831 3055 4871 a
3078 4815 3286 4875 dextris
3303 4818 3482 4875 Patris

1909 4906 2140 4973 sedisse,
2163 4913 2219 4961 et
2261 4905 2411 4961 sedis
2448 4920 2477 4961 a
2515 4905 2755 4963 sinistris
2783 4918 3004 4979 promer
3041 4908 3304 4981 Spiritum
3331 4929 3483 4971 men-

1910 4998 2109 5053 tionem
2145 4998 2390 5063 indueat,
2442 4999 2660 5055 videtur
2687 5000 3089 5070 quodammodo
3112 5003 3327 5062 Patrem
3362 5022 3481 5062 me-

1907 5088 2058 5143 dium
2088 5089 2227 5143 inter
2258 5086 2453 5143 Filium
2483 5098 2539 5145 et
2572 5090 2835 5161 Spiritum
2875 5104 3122 5149 sanctum
3155 5094 3479 5152 decrevisse.

232 5180 506 5252 καθῆσθαι
555 5180 651 5234 τοῦ
702 5179 920 5251 Πατρδς
954 5179 1047 5234 τὸν
1088 5179 1217 5233 Υἱὸν
1271 5177 1533 5251 εἰρηκὼς,
1563 5180 1660 5233 καὶ⁵
1706 5178 1806 5249 τῆς

1910 5180 1979 5235 Ει
2006 5180 2096 5248 qui
2132 5180 2186 5234 in
2218 5180 2492 5252 theologia
2516 5183 2815 5251 prazcelluit
2838 5182 3129 5255 Gregorius
3159 5186 3405 5243 oratione
3430 5188 3482 5240 in

231 5275 291 5340 ἐξ
316 5274 623 5346 εὐωνύμων
651 5273 708 5326 δὲ
739 5273 1011 5346 καθέδρας
1050 5271 1141 5326 διὰ
1194 5271 1255 5325 τὸ
1286 5272 1512 5343 Πνεῦμα
1543 5271 1805 5343 μνησθεὶς

230 5364 480 5419 ὁπωσοῦν
505 5366 652 5418 ἔοικε
680 5364 772 5419 τὸν
800 5364 1018 5435 Πατέρα
1058 5363 1224 5434 μέσον
1258 5357 1396 5416 εἶναι
1428 5361 1633 5416 τούτων
1661 5362 1803 5418 απο-

235 5458 575 5528 φηνάμενος.
617 5457 680 5511 '0
708 5456 756 5509 δ’
789 5458 846 5511 ὲν
876 5455 1131 5528 θεολογίᾳ
1155 5454 1472 5526 διαλάμψας
1502 5454 1807 5526 Γρηγόριος

234 5549 291 5601 ὲν
316 5550 417 5619 μὲν
442 5548 527 5621 τῷ
554 5551 697 5622 λόγῳ
725 5550 803 5621 τῷ
833 5550 913 5615 εἰς
946 5549 1046 5620 τὴν
1079 5548 1188 5603 τῶν
1225 5553 1302 5617 ρν¹
1325 5549 1640 5603 ἐπισκόπων
1664 5563 1809 5620 παρ-

232 5640 425 5721 ουσίαν
470 5642 700 5698 τοιαῦτα
761 5643 902 5697 κατὰ
957 5642 1108 5714 ῥῆμα
1165 5640 1443 5707 διέξεισινο
1498 5641 1691 5709 Δφύσις
1739 5640 1809 5696 δὲ

234 5732 356 5800 τοῖς
404 5733 570 5803 τρισὶ
609 5734 747 5800 μία*
794 5733 1008 5799 ἔνωσις
1047 5733 1117 5787 δὲ
1148 5735 1181 5786 d
1228 5731 1454 5800 Πατὴρ,
1484 5731 1555 5797 ἐξ
1607 5728 1678 5789 οὗ
1709 5733 1809 5787 καὶ

305 5889 355 5922 ⁸⁸
376 5887 532 5946 Psal.
558 5901 671 5953 eis,
704 5889 753 5944 ι.
1739 5906 1811 5955 ευ.
1882 5898 1887 5904 -

559 5984 833 6045 ΡΑτιιοι..
875 5984 988 6045 Gn.
1029 5980 1234 6044 CXLI.

1914 5271 2415 5344 iSOepiscoporum
2449 5274 2742 5331 adventum
2769 5277 3043 5348 ipsissima
3076 5278 3243 5335 verba
3281 5281 3479 5335 habet:
3580 5265 3585 5270 ’

1918 5363 2133 5420 Natura
2153 5376 2329 5421 autem
2348 5366 2515 5422 tribus
2537 5384 2680 5424 una:
2701 5370 2827 5424 unio
2852 5387 2975 5426 uero
3005 5369 3192 5437 Pater,
3209 5386 3274 5426 ex
3306 5386 3409 5444 quo
3431 5381 3481 5425 et

1912 5454 1984 5508 ad
2037 5471 2191 5526 quem
2251 5456 2572 5526 referuntur,
2629 5474 2745 5530 qua
2796 5459 3203 5532 subsequuntur.
3248 5459 3484 5517 Medium

1911 5556 1967 5603 et
1996 5550 2112 5620 ipse
2165 5547 2381 5605 Patrem
2446 5551 2662 5608 videtur
2723 5553 3127 5619 quodammodo
3193 5554 3483 5611 collocare.

1912 5638 2113 5695 Eorum
2142 5642 2288 5696 enim
2334 5658 2455 5714 quae
2500 5644 2762 5699 uniuutur
2794 5645 3028 5700 medium
3060 5653 3143 5702 est
3167 5646 3313 5717 quad
3345 5647 3489 5711 unit,‘

1912 5742 1967 5789 et
1998 5732 2148 5790 uuio.
2185 5734 2252 5789 Et
2280 5734 2335 5792 in
2362 5735 2716 5793 antirrhetico
2755 5736 2824 5792 de
2877 5735 3084 5808 Spiritu
3119 5747 3330 5805 sancto,
3361 5738 3485 5811 Spi-

2997 5986 3073 6049 35
