3974 6570
558 384 693 448 ιοον

1570 389 1712 450 CON
1719 385 2042 449 STANTIN
2051 386 2075 446 1
2120 385 2463 447 MELITEN
2472 385 2665 446 101'}!

3638 390 3756 462 ιιι.)

557 497 722 551 ritum
765 494 1001 550 medium
1032 493 1171 549 inter
1200 493 1415 555 Patrem
1446 503 1500 550 et
1520 495 1716 552 Filium
1755 498 1935 568 palam
2002 511 2124 567 pro-

2234 496 2380 563 πρὸς
2404 495 2479 552 ὃν
2528 496 2811 566 ἀνάγεται
2843 496 2915 551 τὰ
2951 496 3122 567 έξῆς.
3148 499 3329 554 Μέσον
3380 501 3475 557 καὶ
3500 495 3641 571 οὖτος
3686 525 3759 565 τον

559 587 849 644 nuntiavit.
884 585 973 642 Sic
1016 588 1159 642 enim
1211 587 1452 660 loquitur
1487 607 1500 644 :
1534 588 1762 661 Spiritus
1796 600 2009 646 sanctus
2041 588 2131 661 qui

559 698 590 735 o
615 679 769 733 Patre
784 681 1037 750 procedit,
1052 678 1140 752 qui
1158 683 1235 735 uti
1253 672 1371 736 inde
1384 684 1638 752 procedit,
1658 699 1759 738 non
1779 684 2129 754 estkreatiira,

559 776 638 830 uti
663 790 777 828 vero
805 774 1064 842 ingenitus
1101 783 1197 838 est,
1236 790 1338 829 non
1371 786 1445 830 est
1486 774 1704 840 Filius;
1738 778 1814 829 uti
1867 792 1983 829 vero
2029 791 2131 830 non

557 868 721 937 geniti
760 867 1020 937 genitique
1052 868 1273 928 medius,
1300 866 1439 922 Deus
1461 880 1561 923 est.
1612 868 1715 922 Sed
1761 878 1818 923 ut
1853 868 2130 938 proposita

560 957 724 1011 dubia
757 958 962 1009 solvere
980 957 1287 1026 aggrediar,
1316 973 1343 1010 a
1365 972 1642 1027 posuemo
1671 958 1773 1013 hoc
1796 960 1861 1012 ad
1894 958 2130 1029 primum

560 1050 781 1102 inverso
806 1049 999 1102 ordine
1029 1049 1346 1118 progrediar
1379 1065 1391 1101 :
1427 1050 1506 1104 sic
1531 1050 1675 1105 enim
1712 1052 1889 1106 oratio
1914 1050 2129 1107 facilius

561 1142 865 1211 meliusque
902 1142 1175 1210 procedet.
1219 1140 1335 1195 Non
1397 1143 1567 1212 ipsam
1602 1143 1837 1214 Spiritus
1873 1144 2131 1214 hyposta-

559 1233 663 1286 sim
707 1248 863 1286 mens
897 1233 1123 1302 vigilans
1151 1233 1493 1307 [Gregorius]
1526 1237 1663 1289 inter
1703 1233 1914 1289 Patrem
1950 1244 2003 1291 et
2042 1235 2131 1290 Fi-

558 1328 691 1380 lium
755 1326 992 1380 mediam
1032 1327 1373 1395 existimans,
1435 1328 1530 1382 sed
1566 1331 1956 1399 opponentium
1985 1329 2127 1383 divi-

560 1418 794 1481 sionem,
836 1433 958 1486 quae
989 1426 1130 1485 erat,
1166 1419 1212 1474 si
1244 1418 1385 1474 Deus
1419 1418 1655 1490 Spiritus
1688 1429 1790 1485 est,
1814 1431 1908 1476 aut
1935 1429 2018 1476 est
2045 1420 2132 1475 iu-

556 1511 770 1579 genitus
795 1518 888 1563 aut
941 1510 1177 1579 genitus,
1235 1510 1328 1580 qui
1362 1512 1496 1567 nihil
1533 1513 1671 1568 inter
1727 1512 1851 1568 illos
1892 1512 2129 1566 medium

556 1615 678 1654 esse
712 1600 1132 1669 suspicabantur
1194 1599 1486 1667 refellens,
1541 1601 1742 1657 similia
1802 1602 2013 1658 scribit.
2063 1603 2132 1658 Et

560 1690 783 1759 hujusce
808 1691 881 1744 rei
920 1692 1183 1761 interpres
1207 1694 1656 1749 accuratissimus
1681 1710 1785 1749 non
1805 1695 1945 1751 alius
1967 1710 2130 1765 quam

558 1782 645 1835 hic
685 1783 798 1852 ipse
831 1781 1014 1846 fuerit,
1053 1783 1145 1851 qui
1194 1780 1500 1852 anticipans
1557 1784 1932 1839 adversarium
1965 1785 2132 1840 inter-

2236 589 2457 661 Πατέρα
2482 589 2633 643 δοκεῖ
2657 607 2775 654 πως
2806 592 3003 647 εἰπεῖν.
3031 591 3210 647 Μέσον
3236 593 3343 662 γὰρ
3372 592 3481 647 τῶν
3501 594 3755 665 ἡνωμένων

2232 678 2293 732 τὸ
2331 681 2484 734 ἑνοῦν
2533 682 2630 736 καὶ
2682 684 2715 753 ἠ
2769 682 2987 747 ένωσις.
3033 682 3120 736 Ἐν
3166 682 3222 737 δὲ
3251 681 3328 753 τῷ
3371 686 3500 756 περὶ
3523 686 3611 739 τοῦ
3632 689 3759 757 ἁγίου

2235 772 2558 843 Πνεύματος
2617 774 2994 846 ἀντιρῤητικῷ
3050 776 3109 831 τὸ
3179 777 3407 847 Πνεῦμα
3482 781 3634 847 μέσον
3689 786 3761 838 τοῦ

2235 867 2451 936 Πατρδς
2473 869 2565 921 καὶ
2613 868 2708 921 τοῦ
2750 868 2880 922 Υίοῦ
2929 868 3229 940 διαρρήδην
3270 870 3585 939 ἐφθέγξατο.
3628 876 3760 941 Λέγει

2233 960 2343 1027 γὰρ
2374 960 2577 1013 οὒτωσί
2604 976 2617 991 °
2683 961 2753 1016 Τὸ
2805 959 3049 1029 Πνεῦμα
3098 961 3164 1015 τὸ
3207 962 3401 1032 ἅγιον,
3435 961 3467 1015 ὃ
3494 962 3639 1031 παρὰ
3680 968 3761 1021 τοῦ

2232 1048 2466 1116 Πατρός
2498 1050 2909 1119 ἐκπορεύεται,
2939 1051 2970 1103 ὃ
3007 1053 3273 1105 καθόσον
3311 1050 3429 1120 μέν
3458 1052 3671 1106 ἐκεῖθεν
3692 1055 3763 1108 έκ-

2234 1140 2549 1210 πορευτὸν,
2585 1146 2657 1197 οὑ
2702 1145 2946 1213 κτίσμα,
2987 1146 3253 1199 καθόσον
3282 1144 3350 1198 δὲ
3385 1146 3456 1199 οὺ
3497 1147 3759 1215 γεννητὸν,

2232 1239 2346 1305 οὐχ
2378 1239 2508 1302 Υἱός
2528 1255 2541 1269 ·
2570 1239 2836 1292 καθόσον
2885 1239 2954 1292 δὲ
3006 1239 3341 1309 ἀγεννήτου
3373 1240 3472 1293 καί
3519 1241 3762 1309 γεννητοῦ

2226 1327 2422 1398 μέσον
2458 1331 2623 1395 Θεός.
2686 1330 2829 1383 Ἀλλ’
2866 1330 2933 1385 ἵν’
2969 1330 3224 1384 ἐντιῦῡεν
3272 1330 3365 1384 τοῦ
3414 1331 3562 1383 λιξειν
3585 1333 3646 1387 τὰ
3676 1333 3759 1385 τῶν

2234 1420 2611 1488 προτεθέντων
2634 1423 3013 1493 ἀπορημάτων
3041 1422 3376 1493 ἀρξάμενος,
3409 1424 3629 1493 ἔσχατον
3653 1426 3762 1477 πάν-

2232 1527 2341 1564 των
2364 1513 2456 1566 ἐπὶ
2491 1512 2552 1565 τὺ
2586 1514 2799 1584 πρῶτον
2853 1516 3180 1585 καταντήσω
3206 1515 3418 1568 τούτων
3453 1515 3571 1569 κατ’
3600 1516 3763 1570 ἀνατο-

2232 1603 2423 1674 δισμόν
2441 1621 2456 1637 ο
2486 1603 2628 1659 οὕτω
2655 1607 2724 1674 γά
2735 1623 2765 1677 ρ
2793 1607 2819 1659 6
2848 1606 3006 1675 λόγος
3038 1605 3299 1675 βαδιεῖται
3330 1605 3568 1675 μάλιστα
3600 1608 3762 1679 ῥᾳδίως

2235 1695 2328 1750 καὶ
2363 1696 2619 1768 βέλτιον⁶
2673 1701 2774 1753 οὐκ
2805 1699 2979 1769 αὐτὴν
3008 1697 3104 1752 τοῦ
3156 1698 3483 1767 Πνεῦματος
3526 1700 3617 1771 τὴν
3665 1700 3762 1753 ὑπέρ

2239 1806 2435 1845 στασιν
2477 1791 2505 1844 6
2562 1792 2841 1862 γρήγορος
2882 1790 3004 1855 νοῦς
3063 1791 3230 1862 μέσον
3269 1792 3491 1862 Πατρὸς
3534 1793 3619 1844 καὶ
3662 1791 3763 1844 Υἱοῦ

558 1876 770 1944 rogavit
814 1891 827 1927 :
881 1874 978 1928 Ubi
1000 1877 1137 1929 enim
1170 1875 1453 1929 coilocabis
1501 1876 1641 1946 quod
1664 1877 1920 1945 procedit,
1971 1878 2131 1934 dicito

2234 1882 2479 1950 δοξάζων
2511 1884 2671 1937 τοῦτό
2711 1900 2867 1954 φησι.
2903 1883 3015 1955 Τὴν
3061 1884 3117 1936 δὲ
3151 1885 3260 1937 τῶν
3294 1883 3764 1955 ἀντιδιατιθεμένων

561 1969 712 2033 mihi,
744 1968 972 2021 medium
998 1968 1051 2021 in
1083 1978 1171 2020 tua
1200 1968 1453 2022 divisione
1472 1971 1753 2024 exortum?
1777 1966 1892 2024 Hoc
1929 1977 2034 2034 est.
2070 1979 2129 2026 tu

561 2045 779 2131 quidem
817 2070 961 2112 tuam
1011 2058 1332 2114 divisionem
1377 2060 1447 2114 ita
1488 2075 1545 2115 se
1582 2060 1781 2115 habere
1816 2061 2128 2132 suspicatus

556 2170 640 2215 es.
674 2152 830 2220 quasi
868 2151 955 2203 itlzi
994 2150 1179 2204 omnia
1231 2151 1678 2220 comprehendat,
1736 2160 1790 2207 et
1820 2153 1955 2209 nihil
1986 2154 2132 2225 quod

557 2262 668 2300 non
727 2244 780 2298 in
832 2259 893 2297 ea
930 2245 1001 2298 sit
1037 2243 1381 2313 relinquatur
1419 2262 1432 2299 :
1466 2255 1520 2299 at
1567 2246 1621 2299 in
1649 2246 1793 2302 illius
1847 2248 2028 2302 medio
2064 2261 2132 2303 ex

557 2337 844 2410 negatione
892 2345 1262 2392 extremorum
1300 2336 1605 2407 procedens
1658 2339 1934 2410 apparuit,
1983 2338 2130 2410 quod

538 2444 668 2484 .non
741 2436 827 2484 est
887 2443 1064 2498 neque
1128 2428 1451 2498 ingenitum,
1511 2444 1689 2499 neque
1748 2432 2017 2502 genitum.
2062 2431 2132 2488 Et

560 2525 660 2577 iac
685 2522 895 2576 ratione
928 2520 1163 2576 medium
1195 2521 1337 2576 dixit
1367 2520 1630 2592 Spiritum
1669 2532 1948 2589 sanctum,
2003 2539 2128 2580 cum

527 2627 668 2684 -pra:
712 2613 791 2668 his
822 2612 1061 2684 ingenito
1086 2627 1283 2683 nempe
1330 2623 1495 2682 atque
1525 2614 1707 2683 genito
1756 2614 1905 2670 aliud
1962 2624 2128 2682 esset,

561 2719 756 2774 nempe
782 2704 1107 2775 procedens,
1142 2703 1287 2775 quod
1314 2712 1682 2761 extremorum
1716 2706 2028 2773 divisionis,
2072 2714 2132 2762 ut

556 2798 758 2853 dictum
808 2806 913 2861 est,
964 2797 1252 2868 negatione
1318 2797 1556 2853 medium
1613 2799 1883 2856 exsistens
1940 2807 2131 2857 contra

557 2906 839 2961 opponens
894 2891 1131 2961 maligne
1206 2890 1574 2961 supprimens,
1632 2908 1698 2949 ex
1767 2892 1975 2948 duobus
2025 2893 2132 2951 illis

559 2998 725 3036 unum
759 2981 1082 3036 adnectebat
1124 2983 1439 3037 necessario
1468 2982 1716 3053 Spiritui,
1777 2983 1946 3041 Deum
1978 2983 2129 3040 illum

536 3089 701 3139 esse,
732 3074 875 3144 quod
916 3082 1167 3129 neutrum
1196 3073 1414 3129 illorum
1467 3078 1586 3130 sine
1630 3076 2002 3131 controversia
2037 3092 2131 3132 ex-

532 3169 801 3232 sisteret,
853 3167 1111 3222 dirimere
1144 3166 1285 3221 forte
1332 3169 1707 3235 contendens;
1742 3168 1982 3225 medium
2017 3185 2122 3225 au-

559 3275 668 3320 tem
703 3264 991 3320 divisionis
1045 3264 1487 3320 adversariorum
1538 3272 1908 3320 extremorum
1969 3280 2133 3337 nega-

558 3360 728 3425 tione,
759 3369 816 3413 ut
848 3360 962 3428 jam
1010 3356 1275 3421 diximus,
1326 3356 1400 3411 uti
1443 3356 1771 3427 procedens,
1832 3356 2130 3413 secundum

534 3450 775 3507 ‘Domiui
824 3466 1012 3507 vocem
1075 3451 1347 3522 apparuit.
1415 3448 1526 3505 lioc
1562 3450 1702 3505 idem
1748 3450 1865 3521 ipse
1904 3463 2134 3520 magnus

538 3543 718 3599 ‘Pater
798 3545 1068 3601 similibus
1161 3542 1524 3600 divisionibus
1604 3543 1835 3599 validior
1910 3542 2129 3614 inquit,

542 3636 634 3692 ’ita
703 3650 805 3707 ego
868 3638 936 3692 de
996 3637 1101 3693 hoc
1156 3637 1334 3693 sentio
1388 3646 1441 3693 et
1505 3636 1651 3693 hunc
1708 3636 1967 3709 praesenti
2034 3652 2133 3691 au-

555 3729 793 3785 ctoritati
857 3728 1189 3784 intellectum
1249 3728 1504 3784 exhibeo.
1550 3729 1619 3783 At
1644 3730 1880 3784 medium
1912 3728 2129 3785 Patrem

556 3823 773 3876 videtur
825 3822 1037 3886 dicere,
1114 3836 1239 3877 cum
1302 3837 1496 3877 rursus
1565 3822 1641 3877 ait
1690 3840 1703 3876 :
1750 3820 1887 3878 Unio
1956 3833 2132 3879 autem

546 3915 722 3970 .‘Pater
758 3925 857 3977 est,
892 3929 956 3968 ex
981 3929 1082 3984 quo
1108 3921 1156 3968 et
1184 3914 1251 3967 ad
1281 3930 1429 3985 quem
1459 3915 1777 3983 referuntur,
1804 3933 1921 3989 qua'
1945 3918 2128 3972 subse-

555 4015 812 4076 quuntur.
845 4003 1086 4058 Primum
1152 4005 1372 4074 quidem
1417 4008 1658 4060 nondum
1688 4009 1862 4075 capio,
1893 4023 2129 4078 quanam

558 4099 767 4151 ratione
796 4104 941 4149 tanta
973 4095 1173 4152 virtute
1207 4097 1469 4167 praeditus
1509 4097 1590 4152 vir
1628 4098 1954 4167 sibimetipsi
1995 4114 2130 4155 con-

559 4188 744 4252 traria,
776 4197 831 4243 et
859 4187 1020 4259 plane
1047 4190 1417 4255 adversantia,
1452 4202 1597 4244 nunc
1618 4188 1834 4259 quidem
1868 4190 2128 4259 Spiritum

560 4295 705 4336 nunc
736 4277 957 4334 Patrem
989 4278 1232 4332 medium
1266 4288 1537 4343 statuens,
1574 4278 1641 4332 ab
1675 4281 1845 4349 aequis
1880 4280 2129 4350 cegnito-

558 4373 710 4427 ribus
763 4385 1008 4427 asserere
1050 4370 1413 4440 reputabitur.
1463 4368 1651 4440 Neque
1698 4372 1844 4424 enim
1898 4379 2131 4440 utraque

557 4480 684 4519 veta
715 4480 833 4518 esse
862 4472 1139 4533 poterunt,
1174 4463 1250 4517 uti
1289 4461 1536 4517 nonnulli
1565 4461 1708 4517 forte
1735 4462 2126 4535 epinabnutur.

2232 1975 2519 2046 διαίρεσιν,
2553 1974 2674 2047 τὴν,
2711 1977 2757 2030 si
2812 1976 2947 2040 Θεὸς
2985 1978 3045 2030 τὸ
3105 1977 3358 2046 Πνεῦμα,
3411 1977 3691 2045 λέγουσαν,
3737 1977 3762 2047 ἢ

2233 2064 2555 2135 ἀγέννητον,
2595 2066 2627 2138 ἦ
2665 2068 2958 2135 γεννητὸν,
2998 2066 3096 2121 ἀτε
3150 2067 3339 2137 μηδὲν,
3389 2066 3468 2131 ὡς
3498 2065 3764 2137 ἔμπροσθεν

2233 2160 2475 2230 εἰρήκει,
2530 2158 2700 2229 μέσον
2748 2154 2890 2213 εἶναι
2927 2158 3138 2213 τούτων
3178 2158 3665 2230 ὑπολαμδάνουσαν
3690 2163 3757 2213 tx-

2234 2252 2590 2323 τρεπόμενος,
2613 2251 2708 2305 τοῦ
2741 2251 2797 2305 δὲ
2825 2253 3045 2315 πάντως
3073 2251 3351 2324 ἐξηγητὴς
3417 2251 3764 2323 ἀκριϐέστατος

2235 2344 2335 2397 οὐκ
2365 2342 2547 2407 ἄλλος,
2581 2342 2702 2397 ἀλλ’
2734 2338 2888 2408 οὗτος
2941 2343 3128 2408 αὐτὸς,
3170 2342 3228 2407 ὃς
3264 2343 3364 2396 καὶ
3399 2341 3674 2414 προλαϐὼν
3695 2344 3762 2399 τὶν

2237 2437 2557 2490 ὑπεναντίον
2582 2436 2821 2507 ἐπήρετο
2840 2451 2855 2467 ·
2890 2435 3012 2490 Ποῦ
3036 2435 3146 2504 γὰρ
3179 2434 3395 2504 θήσεις
3426 2434 3494 2489 τὸ
3521 2435 3761 2505 ἐκπορευ-

2236 2527 2360 2594 τόν,
2393 2528 2524 2584 εἰπέ
2547 2545 2669 2598 μοι,
2691 2527 2890 2597 μέσον
2914 2526 3229 2598 ἀναφανέν
3254 2526 3370 2595 τῆς
3422 2526 3545 2595 σῆς
3586 2527 3763 2595 διαιρέ-

2233 2634 2427 2686 σεως;
2475 2618 2758 2685 Τουτέστι,
2798 2619 2863 2672 σὺ
2913 2618 3012 2690 μὲν
3042 2614 3189 2672 οὕτω
3244 2617 3344 2689 τὴν
3391 2617 3493 2691 σὴν
3546 2618 3764 2690 διαίρεσιν

2233 2709 2381 2780 ἔχειν
2429 2709 2801 2777 ὑποπτεύσας,
2853 2710 2929 2774 ὡς
2965 2710 3227 2764 δύνασθαι
3272 2711 3561 2785 περιλαμδ
3578 2715 3692 2781 ξειν
3719 2712 3766 2767 τὸ

2234 2805 2364 2869 πᾶν,
2402 2804 2498 2858 καὶ
2522 2805 2693 2875 μηδὲν
2740 2804 3192 2878 παραλιμπάνειν
3230 2805 3444 2877 ταύτης
3481 2807 3651 2870 ἐκτὸς,
3688 2808 3763 2875 τῆς

2232 2894 2291 2949 δὲ
2320 2894 2484 2965 μέσον
2529 2895 2588 2961 ἐξ
2628 2894 2959 2963 ἀποφάσεως
2990 2895 3101 2947 τῶν
3128 2894 3318 2962 ἄκρων
3356 2893 3423 2947 τὺ
3473 2893 3763 2964 έκπορευτὺν

2233 2985 2634 3053 ἀναπέφανται,
2667 2984 2796 3058 μήτ’
2852 2987 3151 3055 ἀγέννητον
3194 2985 3472 3057 ὑπάρχον,
3526 2987 3650 3056 μήτε
3682 2985 3766 3055 μὴν

2233 3077 2515 3148 γεννητόν.
2570 3078 2728 3133 Κατά
2761 3077 2951 3133 τοῦτον
2988 3080 3077 3132 τὸν
3133 3078 3290 3147 λόγον
3350 3080 3525 3149 μέσον
3574 3074 3678 3131 eis:
3719 3077 3765 3128 τὸ

2237 3170 2464 3240 Πνεῦμα
2511 3170 2572 3223 τὸ
2615 3172 2793 3240 ἅγιον,
2849 3171 2922 3235 ὡς
2959 3171 3149 3243 ἕτερον
3206 3169 3268 3223 ὃν
3326 3169 3490 3241 παρὰ
3522 3170 3692 3234 ταῦτα,
3719 3169 3765 3222 τὸ

2236 3260 2530 3330 ἀγέννητον
2563 3259 2768 3330 δηλαδὴ
2789 3260 2888 3313 καί
2917 3260 2979 3313 τὸ
3029 3260 3308 3330 γεννητὸν,
3335 3261 3512 3330 ἤγουν
3542 3264 3762 3332 ἐκπορευ-

2234 3351 2348 3416 τδν,
2379 3351 2518 3422 ὅπερ
2565 3353 2631 3421 τῇ
2674 3351 2783 3406 τῶν
2810 3353 3022 3423 ἄκρων,
3052 3353 3129 3415 ὡς
3166 3354 3414 3424 εἴρηται,
3460 3355 3558 3424 τῆς
3586 3355 3757 3426 διαιρέ-

2237 3459 2378 3505 σεως
2412 3443 2691 3513 ἀποφάσει
2741 3443 2908 3515 μέσον
2953 3447 3225 3513 τυγχάνον
3278 3446 3307 3497 6
3350 3446 3644 3515 ἀντιλέγων
3689 3464 3762 3499 κα-

2235 3535 2490 3607 κούργως
2527 3534 2994 3606 ἀποκρυψάμενος
3045 3536 3154 3592 τῶν
3216 3538 3313 3592 δύο
3372 3541 3575 3612 ταύτης
3620 3540 3673 3593 τδ
3717 3539 3759 3591 έν

2235 3627 2574 3701 προσῆπτεν,
2605 3626 2668 3693 ἐξ
2699 3628 2951 3700 ἀνάγκης
2979 3629 3059 3702 τῷ
3093 3629 3377 3701 Πνεύματι
3432 3633 3520 3687 τὸν
3564 3632 3678 3686 Θεὸν
3701 3627 3759 3684 ιῖ-

2234 3738 2322 3776 vat
2357 3720 2514 3775 τοῦτο
2546 3718 2637 3775 διά
2660 3722 2721 3783 τὸ
2775 3721 3075 3794 μηδέτερον
3119 3722 3303 3776 αὐτῶν
3351 3723 3759 3795 ὁμολογουμένως
3825 3754 3829 3761 -

2235 3815 2524 3886 ὑπάρχειν,
2554 3815 2852 3886 ἀναιρῆσαι
2890 3815 3031 3885 τάχα
3056 3814 3410 3886 φιλονεικῶν.
3445 3817 3518 3871 Τὸ
3546 3816 3597 3869 δὲ
3626 3816 3757 3885 μέσον

2234 3909 2334 3978 τῆς
2374 3907 2485 3962 τῶν
2516 3908 2916 3978 ἀντικειμένων
2953 3907 3281 3979 διαιρέσεως
3331 3908 3464 3964 κατ’
3494 3908 3755 3976 ἀπόψασιν,

2236 3998 2492 4070 καθάπερ
2528 3999 2627 4052 καὶ
2653 3998 2927 4065 λέλεκται,
2958 3999 3068 4053 τῶν
3107 4000 3296 4074 ἄκρων
3335 4001 3671 4070 ἀπολειφθὶν,
3697 4001 3753 4062 ἀς

2233 4092 2586 4160 ὲκπορευτδν,
2615 4094 2757 4147 κατά
2779 4094 2878 4164 τὴν
2907 4093 3002 4147 τοῦ
3036 4094 3242 4165 Κυρίου
3273 4096 3483 4167 φωνὴν,
3514 4094 3633 4160 Θεὸς
3654 4097 3757 4148 ἀνσ-

2233 4184 2495 4255 πένρηνεν.
2552 4184 2722 4249 Αὐτὸς
2758 4186 2969 4247 ἐκεῖνος
3001 4185 3095 4238 καὶ
3151 4185 3312 4240 τοῦτό
3346 4204 3519 4258 φησιν
3552 4188 3580 4239 6
3621 4188 3759 4256 μέγας

2234 4275 2424 4348 Πατὴρ
2445 4275 2552 4329 τῶν
2582 4274 2846 4329 τοιούτων
2876 4274 3197 4346 διαιρέσεων
3227 4278 3594 4350 ἰσχυρότερος.
3613 4276 3761 4338 αῦτιυς

2233 4367 2341 4438 ἔχω
2373 4368 2501 4438 περὶ
2532 4365 2755 4433 τούτου,
2792 4366 2886 4421 καὶ
2915 4368 3185 4437 τοιαύτην
3214 4367 3414 4439 δίδωμι
3445 4368 3522 4437 τῷ
3574 4370 3759 4439 stag/Evn

2234 4458 2383 4530 ρητῷ
2414 4459 2513 4531 τὴν
2532 4458 2792 4513 διάνοιαν.
2828 4461 2961 4531 Περὶ
2988 4459 3045 4513 δὲ
3078 4458 3172 4513 τοῦ
3208 4461 3433 4533 Πατέρα
3458 4462 3603 4529 δόξαι
3628 4460 3757 4530 μέσον

558 4556 824 4610 Praeterea
877 4554 1111 4608 medium
1166 4568 1287 4608 esse
1339 4551 1601 4618 Patrem,
1656 4568 1889 4623 prorsus
1944 4554 2131 4624 nequit

2234 4552 2410 4604 εἰπεῖν
2442 4551 2500 4603 ὲν
2560 4545 2640 4614 οἷς
2679 4546 2835 4615 αὖθις
2869 4568 3070 4623 φησιν·
3106 4551 3369 4617 Ἔνωσις
3415 4553 3487 4607 δὲ
3539 4556 3571 4608 ὁ
3599 4551 3756 4618 Πατῖδο

557 4646 793 4709 admitti,
845 4659 968 4700 cum
1024 4645 1354 4715 principium
1405 4645 1651 4700 omnium
1708 4661 1977 4703 consensu
2036 4646 2131 4713 sit,

559 4742 689 4794 illud
726 4739 888 4795 etiam
928 4754 1044 4808 qua
1082 4738 1472 4809 subsequuntur
1504 4738 1751 4807 additum
1792 4739 1896 4795 hoc
1932 4739 2131 4795 intelli-

560 4848 685 4904 gere
724 4840 869 4887 vetat
899 4848 913 4886 :
947 4847 1069 4887 cum
1099 4846 1161 4886 ea
1192 4845 1312 4902 quae
1356 4839 1485 4886 sunt
1532 4830 1698 4886 alicui
1729 4846 1793 4885 ex
1841 4847 1950 4886 una
1982 4842 2035 4886 et
2066 4846 2132 4886 ex

561 4928 730 4981 altera
772 4933 949 4993 parte,
985 4938 1265 4992 nunquam
1304 4922 1405 4977 sibi
1443 4936 1663 4987 nomen,
1697 4938 1815 4993 quc:
1844 4930 2133 4992 sequuntur

562 5017 906 5080 adsciscent,
960 5014 1055 5067 sed
1099 5028 1222 5066 vere
1250 5028 1313 5067 ex
1349 5021 1577 5083 utraque
1620 5022 1771 5082 parte
1804 5024 2132 5084 :sequuntur

558 5112 703 5164 enim
753 5122 875 5178 qua:
915 5115 1040 5177 post
1082 5106 1258 5175 ipsum
1305 5105 1359 5160 in
1405 5106 1842 5162 consideratione
1891 5106 2134 5164 veniunt.

559 5203 713 5259 Licet
739 5202 831 5258 hic
859 5216 978 5273 qua:
1018 5209 1331 5271 sequuntur,
1371 5199 1542 5254 Filius
1586 5215 1781 5269 nempe
1811 5209 1863 5255 et
1898 5199 2137 5271 Spiritus

561 5306 802 5361 sanctus,
826 5303 951 5365 post
976 5289 1219 5360 Patrem,
1246 5302 1301 5350 et
1325 5307 1427 5346 una
1451 5307 1574 5347 cum
1611 5290 1793 5356 Patre,
1829 5302 1963 5358 tum,
1990 5292 2136 5363 quod

558 5404 623 5442 ex
664 5401 730 5443 eo
772 5385 993 5449 habent,
1043 5384 1188 5454 quod
1237 5383 1368 5450 sint,
1417 5390 1530 5436 tum
1574 5382 1718 5451 quod
1765 5390 1818 5435 et
1866 5381 1953 5436 illa
1997 5382 2134 5437 citra

563 5492 778 5551 tempus
811 5476 1117 5543 exsistant,
1166 5482 1221 5530 et
1254 5490 1379 5529 cum
1425 5474 1516 5529 illo
1562 5474 1771 5528 nullum
1806 5473 2133 5545 principium

529 5573 898 5646 possideant.
932 5569 1045 5625 Hoc
1095 5570 1278 5639 itaque
1310 5568 1413 5622 hac
1447 5566 1658 5621 ratione
1707 5567 1926 5623 sublato
1949 5607 1964 5634 ,
2005 5565 2136 5621 unio

562 5662 748 5735 magni
784 5656 1035 5732 Gregorii
1070 5658 1217 5713 dicto
1251 5656 1534 5713 vocabitur
1567 5657 1748 5722 Pater,
1790 5655 1947 5727 quod.
1976 5665 2135 5711 natu-

564 5755 755 5811 raliter
785 5767 856 5809 ex
885 5765 952 5806 eo
987 5748 1399 5821 progredientes
1432 5745 1606 5803 Filius
1645 5760 1699 5805 et
1733 5746 1979 5820 Spiritus
2010 5762 2136 5804 san-

564 5857 734 5915 ctas,
787 5842 994 5915 absque
1042 5840 1151 5896 ulla
1201 5838 1514 5910 egressione
1559 5837 1615 5893 in
1667 5838 1787 5911 ipso
1836 5839 2135 5897 secundum

2236 4641 2305 4706 ἐξ
2336 4637 2408 4697 οὗ
2432 4641 2529 4696 καί
2561 4641 2711 4710 πρὸς
2732 4640 2805 4695 ὃν
2823 4642 3106 4711 ἀνάγεται
3142 4647 3211 4696 τὰ
3258 4641 3409 4711 ἑξῆς
3428 4659 3443 4675 ο
3486 4646 3656 4716 πρῶτα
3683 4643 3755 4710 μὲν

2236 4735 2333 4805 οὐχ
2373 4733 2485 4806 ὁρῶ
2515 4735 2630 4799 πῶς
2685 4735 2908 4788 ἐναντία
2940 4734 3125 4805 λέγειν
3184 4737 3367 4807 ἑαυτῷ
3396 4740 3493 4790 καὶ
3520 4736 3754 4808 μαχόμενα

2236 4826 2391 4896 παρὰ
2431 4826 2545 4888 τοῖς
2587 4824 2902 4894 εὐγνώμοσι
2937 4823 3044 4877 τῶν
3088 4825 3303 4897 ἀνδρῶν
3345 4828 3375 4881 6
3416 4827 3656 4888 τοσοῦτος
3681 4826 3753 4893 τὴν

2234 4917 2439 4990 ἀρετὴν
2471 4916 2922 4986 πιστευθήσεται,
2975 4916 3070 4969 νῦν
3106 4916 3209 4987 μὲν
3237 4917 3298 4969 τὸ
3329 4918 3574 4988 Πνεῦμα,
3613 4915 3689 4969 νῦν
3713 4914 3751 4965 δὲ

2235 5007 2329 5060 τὸν
2373 5008 2598 5078 Πατέρα
2648 5006 2818 5077 μέσον
2861 5002 3002 5061 εἶναι
3048 5007 3257 5072 τιθείς*
3322 5011 3381 5064 ού
3436 5012 3542 5081 γὰρ
3584 5009 3749 5065 πάνωὲ

2243 5099 2420 5168 ἀληῢῆ
2457 5102 2544 5153 καὶ
2577 5100 2886 5170 ἀμφότερα,
2923 5096 3106 5161 καθὼς
3143 5099 3210 5153 ἄν
3242 5116 3387 5164 τινες
3418 5101 3573 5171 τυχὸν
3594 5098 3749 5152 {imis-

2244 5194 2426 5247 60tsv°
2486 5192 2683 5261 ἔπειτα
2734 5192 2794 5245 τὸ
2849 5191 3016 5262 μέσον
3084 5192 3376 5262 τυγχάνειν
3440 5200 3531 5246 τξν
3577 5190 3751 5257 Πατέρα

2238 5284 2518 5355 πανῖελῶς
2550 5283 2958 5355 ἀπαράδεκτον,
2998 5279 3058 5349 ὅς
3096 5283 3245 5355 ἀρχὴ
3274 5283 3426 5355 παρά
3462 5286 3617 5337 πᾶσιν
3648 5280 3733 5333 ἀνω

2237 5369 2576 5449 μολδγηται·
2622 5377 2720 5430 xuii.
2769 5377 2903 5431 αὐτὸ
2936 5376 2994 5429 δὲ
3038 5378 3097 5430 τὸ
3148 5377 3222 5430 τὰ
3271 5375 3418 5445 ἑξῆς
3452 5369 3746 5446 φάναιτοῦτι

2237 5474 2377 5524 νοεῖν
2408 5471 2510 5524 οὒκ
2537 5471 2764 5541 ἀφίησιν
2788 5484 2804 5501 '
2827 5472 2951 5524 ἐπεὶ
2981 5470 3049 5523 τὰ
3078 5470 3221 5533 τινος
3251 5469 3406 5524 ἔνθεν
3427 5469 3661 5523 κάκεῖθεν
3674 5462 3750 5516 οὐκ

2237 5564 2305 5618 ἂν
2337 5563 2398 5616 τδ
2434 5564 2700 5634 παράπαν
2753 5561 3007 5632 κληθεῖεν
3064 5560 3237 5630 ἑξῆς,
3289 5560 3423 5634 παρ’
3470 5555 3747 5627 ἐκάτερσδὲ

2237 5651 2358 5707 κατ’
2389 5651 2651 5725 ἀληθειαν
2669 5669 2684 5684 ’
2709 5652 2855 5720 ἑξῆς
2886 5652 2995 5725 γάρ
3016 5650 3227 5725 τιὰ-μετ’
3272 5652 3404 5706 αὐτὸ
3430 5650 3747 5723 θεωρούμεναο

2239 5745 2343 5799 κάν
2374 5720 2613 5799 ένταῦθα
2640 5744 2711 5799 τὰ
2740 5720 2909 5812 ἑξῆς,
2931 5720 3149 5815 ria-ouis
3194 5743 3326 5808 me
3355 5743 3448 5796 καὶ
3479 5720 3547 5795 τι
3566 5736 3745 5803 ονιομι

2238 5837 2297 5892 τὸ
2333 5836 2513 5907 ἅγιον,
2557 5838 2696 5909 μετά
2723 5837 2813 5891 τὸν
2845 5838 3068 5909 Πατέρα
3105 5837 3201 5893 καὶ
3239 5837 3380 5906 μετὰ
3434 5832 3525 5889 τοῦ
3554 5827 3746 5898 Πατρός.
