3974 6564
811 308 853 315 ..-

218 361 339 436 net

1047 368 1146 431 DE
1186 369 1707 437 PROGESSIONE
1746 373 1806 435 S.
1846 370 2200 436 SPIRlTUS
2238 369 2466 435 ORAT.
2508 369 2560 434 Ι.

3304 371 3444 441 1102

196 482 295 552 ,τὸν
318 481 417 551 μὶν
442 482 519 544 ῶς
549 478 608 546 ἐξ
637 477 807 535 αὐτοῦ
836 478 898 534 τὸ
921 475 1064 537 εἶναι
1099 481 1458 550 πλουτοῦντα,
1491 483 1554 538 τὸ
1584 484 1642 539 δὲ
1671 483 1762 539 διὰ

1870 482 2143 555 propriam
2169 481 2545 538 exsistenliam
2576 480 2895 547 immanem,
2926 479 3099 541 Filius
3132 483 3444 544 immediate

208 580 265 630 τδ
304 575 549 645 ἁχρόνως
569 574 863 643 ὑπάρχειν,
895 575 990 629 καὶ
1021 576 1193 628 ταῦτα
1222 575 1402 646 τούτῳ
1430 579 1764 649 συνάναρχα.

215 669 414 723 Τούτου
444 670 621 720 τοίνυν
650 664 821 729 οὕτως
862 668 1271 738 ἀναιρεθέντος,
1328 670 1523 733 ἐνωσις
1555 669 1622 725 ἂν
1668 672 1761 740 ρη·

208 763 318 831 θείη
352 760 493 813 κατὰ
518 762 608 812 τὸν
643 762 819 829 μέγαν
848 761 1151 832 Γρηγόριον
1183 762 1211 814 6
1244 762 1451 833 Πατὴρ,
1495 763 1579 816 ὅτι
1608 780 1768 832 φυσι-

209 854 310 915 κῶς
338 853 394 915 ἐξ
432 849 599 903 αὐτοῦ
632 854 916 918 προϊόντες
953 853 982 904 6
1020 853 1149 916 Υἱὸς
1198 853 1294 906 καὶ
1344 851 1405 905 τὸ
1442 852 1667 923 Πνεῦμα
1702 853 1764 907 τὸ

208 942 355 1010 ἅγιον
387 945 799 1014 ἀνεκφοιτήτιυς
831 947 1088 1013 μένουσιν
1124 947 1181 999 ὲν
1207 947 1358 1015 αὑτῴ
1392 947 1534 1002 κατὰ
1561 949 1661 1020 τὴν
1692 951 1767 1003 ol-

206 1036 349 1087 κείαν
404 1033 641 1103 ὓπαρξιν
687 1037 937 1100 ἕκαστον,
978 1039 1005 1090 6
1052 1039 1152 1106 μὲν
1207 1039 1431 1106 ἀμέσως
1480 1041 1656 1094 συνὼν
1686 1041 1765 1112 τῷ

204 1128 379 1196 οἰκείῳ
414 1129 718 1199 γεννήτορι,
749 1130 808 1181 τὸ
828 1129 887 1181 δὲ
918 1128 989 1182 δι’
1011 1130 1164 1194 Υίοῦ,
1198 1133 1382 1196 καθὼς
1407 1138 1436 1188 6
1457 1133 1615 1202 λόγος
1642 1136 1767 1188 πολ-

203 1218 418 1288 λνχόθεν
446 1219 671 1289 ὕστερον
705 1221 955 1290 δηλώσει,
989 1225 1067 1294 τῷ
1114 1226 1291 1294 Πατρὶ
1332 1227 1759 1296 συναπτόμενον.

204 1310 363 1363 Τοῖιτο
388 1311 671 1381 σημαίνων
701 1316 727 1367 6
757 1315 923 1375 πολὺς
949 1316 1049 1384 τὴν
1084 1317 1365 1383 θεολογίαν
1389 1304 1551 1380 οὗτος
1596 1320 1757 1388 ἀνὴρ,

207 1403 303 1454 κάν
337 1401 413 1471 τῷ
442 1406 570 1474 περὶ
593 1405 723 1458 Υῑοῦ
764 1407 965 1476 πρώτῳ
987 1409 1131 1477 λόγῳ
1162 1411 1279 1481 μεθ’
1311 1404 1387 1466 ὧν
1416 1407 1569 1466 εἶπεν
1585 1413 1761 1468 ἄλλων

204 1498 297 1566 τὴν
328 1500 625 1566 μοναρχίαν
679 1500 875 1568 ἄριστα
927 1503 1214 1568 συνιστῶν,
1245 1503 1344 1556 καὶ
1389 1505 1540 1571 πρὸς
1572 1505 1639 1560 τὸ
1692 1504 1763 1557 ἓν

205 1585 315 1641 τῶν
346 1589 412 1651 ἐξ
434 1589 621 1643 αὑτοῦ
647 1592 1004 1659 σύννευσις,
1035 1595 1247 1665 εἴρηκε.
1285 1595 1468 1649 Ταῦτα
1504 1598 1609 1650 κάν
1641 1597 1762 1651 τού-

203 1693 330 1738 τοις,
361 1670 436 1729 ῶν
468 1679 601 1740 ἴσως
627 1680 687 1732 οὑ
721 1681 924 1749 φαῦλος
964 1683 1077 1750 ἐγὼ
1111 1686 1361 1756 κριθείην
1388 1687 1541 1756 παρὰ
1566 1690 1675 1752 τοῖς
1699 1684 1758 1743 εὖ

205 1772 482 1839 φρονοῦσιν
518 1773 883 1844 ἑρμηνευτής.
924 1777 1035 1829 Καὶ
1078 1778 1210 1843 γοῦν
1268 1778 1560 1834 ὑπόλοιπόν
1612 1783 1761 1835 ἐστιν

1874 573 2098 645 proprio
2129 570 2362 643 genitori
2395 570 2703 638 adhaerens,
2739 566 2975 641 Spiritus
3008 587 3100 637 per
3127 570 3351 642 Filium,
3381 590 3443 633 ut

1873 666 2217 733 postmodum
2275 665 2448 719 oratio
2504 664 2690 720 multis
2748 666 3051 722 declarabit
3102 666 3249 725 Patri
3310 687 3443 727 con-

1870 756 2114 824 junctus.
2146 756 2261 811 lloc
2292 757 2541 813 indicans
2576 758 2629 811 in
2663 757 2822 811 rebus
2859 759 3180 828 tbeologiris
3209 764 3444 820 eximius

1876 846 1967 902 liic
1995 846 2153 902 Pater
2185 848 2430 903 oratione
2452 849 2627 918 prima
2656 849 2725 904 de
2752 848 2889 904 Filio
2923 866 3035 920 prae
3066 852 3188 909 aliis
3224 871 3443 912 monarc

1871 938 2051 992 chiam
2090 937 2408 1002 stabiliens,
2447 948 2496 991 et
2534 939 2603 991 ad
2630 954 2793 992 unum
2828 955 3041 1006 eorum,
3076 957 3193 1011 qua:
3231 959 3296 997 ea:
3326 945 3441 1006 ipso

1871 1042 2027 1093 sunt,
2073 1029 2353 1095 conjuncta
2391 1030 2701 1098 propensio,
2748 1030 2903 1085 dixit.
2961 1031 3024 1086 Et
3068 1033 3135 1087 de
3167 1036 3250 1090 liis
3285 1039 3439 1098 satis.

1872 1132 2105 1186 quorum
2138 1131 2238 1186 ego
2267 1116 2500 1172 fortasse
2529 1132 2636 1171 non
2662 1118 2839 1173 malus
2862 1133 2891 1173 a
2920 1120 3049 1174 viris
3080 1122 3440 1191 prudentibus

1868 1208 2149 1280 judicarer
2195 1209 2483 1279 interpres.
2528 1209 2815 1279 Reliquum
2857 1221 2940 1266 est
2970 1212 3156 1284 itaque
3186 1223 3240 1270 et
3278 1217 3440 1272 verba

1872 1304 2048 1372 magni
2084 1302 2269 1357 Patris
2301 1303 2586 1358 Athanasii
2619 1304 2933 1358 examinare
2958 1343 2972 1369 ,
3004 1315 3059 1360 et
3087 1307 3439 1364 addecentem

1869 1392 1999 1457 illis,
2029 1406 2089 1449 ut
2120 1395 2234 1448 ﬁeri
2270 1396 2490 1465 poterit,
2514 1396 2846 1451 solutionem
2884 1396 3097 1453 ali‘erre.
3127 1392 3438 1466 Symbolice

1871 1487 2068 1540 etenim
2102 1486 2293 1541 beatus
2324 1487 2414 1542 ille
2438 1504 2502 1541 ex
2541 1487 2703 1541 rebus
2731 1488 2986 1543 humanis
3016 1493 3346 1561 nostrisque.
3373 1496 3440 1549 de

1870 1577 1937 1632 iis
1975 1593 2097 1647 quae
2129 1593 2293 1646 supra
2324 1574 2428 1633 nos
2458 1588 2585 1633 sunt
2616 1579 2849 1646 locutus,
2880 1596 3004 1635 cum
3043 1585 3376 1641 ostendisset
3409 1601 3439 1639 a

1867 1669 2073 1723 dextris
2104 1668 2280 1724 Patris
2327 1668 2522 1724 Filium
2583 1669 2794 1738 sedere,
2836 1681 3123 1743 postquam
3168 1676 3435 1732 dixisset:

1872 1758 1939 1814 Ut
1959 1760 2119 1813 datur
2145 1760 2387 1830 intelligi,
2406 1752 2740 1815 manddntcm
2766 1762 2961 1816 dixisse
2985 1774 3034 1817 et
3060 1780 3156 1819 suo
3176 1764 3440 1835 Spiritui:

202 1863 398 1931 ἁπάρτι
438 1868 531 1916 καὶ
566 1866 633 1915 τὰ
666 1864 817 1934 παρὰ
846 1865 939 1918 τοῦ
983 1867 1232 1936 μεγάλου,
1277 1869 1489 1940 Πατρὸς
1538 1870 1762 1923 Ἀθανα-

1870 1853 2002 1907 Sede
2033 1871 2063 1906 a
2105 1854 2341 1906 sinistris
2391 1855 2556 1917 meis,
2606 1863 2894 1923 propterea
2937 1855 3096 1908 visus
3132 1858 3215 1911 est
3264 1867 3318 1912 et
3353 1858 3441 1912 hic

207 1955 313 2006 σίου
359 1956 581 2024 ῥήματα
622 1956 1048 2026 διασκέψασθαι,
1098 1960 1193 2013 καὶ
1231 1958 1330 2031 τὴν
1379 1962 1766 2031 προσήκουσαν

202 2047 423 2113 τούτοις,
496 2047 574 2110 ὡς
626 2051 769 2115 ἐνὸν,
820 2049 973 2103 λύσιν
1025 2054 1366 2119 ἐπενεγκεῖν.
1415 2053 1767 2124 Συμϐολικῶς

203 2144 304 2207 γὰρ
337 2140 365 2192 6
391 2141 667 2211 μακάριος
700 2142 765 2195 ὲκ
808 2143 918 2195 τῶν
957 2143 1082 2196 καθ’
1117 2147 1266 2215 ἡμᾶς
1307 2146 1609 2216 διαλεχθεὶς
1638 2149 1766 2218 περὶ

202 2228 303 2282 τῶν
336 2228 478 2299 ὑπὲρ
513 2233 685 2302 ἡμᾶς,
727 2234 820 2286 καὶ
850 2234 1033 2299 δείξας
1059 2238 1123 2288 ἐκ
1150 2236 1341 2302 δεξιῶν
1372 2239 1644 2308 καθῆσθαι
1669 2239 1764 2292 τοῦ

203 2322 408 2392 Πατρὸς
430 2325 526 2377 τὸν
554 2325 701 2387 Υίὸν,
722 2326 956 2396 ἐπείπερ
980 2327 1207 2397 ἔφησεν,
1241 2330 1339 2394 Ὠς
1362 2330 1533 2385 ἔστιν
1566 2333 1766 2386 extro-

201 2413 359 2484 ἧσαι,
414 2417 504 2470 ὅτι
558 2420 686 2472 κατ’
732 2420 1066 2488 ἐπιτροπὴν
1117 2418 1249 2477 εἷπε
1295 2425 1504 2489 καὶτῷ
1548 2426 1766 2481 ἑαυτοῦ

202 2512 514 2580 Ila-stipati,
555 2513 751 2568 Κάθου
776 2514 846 2578 ἐξ
876 2517 1200 2584 εὐωνύμων
1218 2535 1360 2587 μου,
1392 2518 1581 2572 τούτου
1605 2521 1764 2589 χάριν

202 2601 340 2667 ἔδοξε
380 2604 477 2656 καὶ
504 2599 659 2668 οὗτος
692 2606 783 2659 τὸν
816 2608 1042 2679 Πατέρα
1086 2609 1253 2679 μέσον
1290 2612 1459 2680 φάναι
1503 2612 1596 2666 τοῦ
1630 2612 1762 2667 Υἰοῦ

203 2694 292 2747 καὶ
320 2696 412 2748 τοῦ
445 2697 786 2764 Πνεῦματος.
810 2700 882 2753 Τὸ
910 2700 965 2754 δὲ
985 2701 1084 2769 τῆς
1116 2703 1303 2772 ὑγιοῦς
1337 2705 1547 2770 ἑννοίας
1571 2706 1763 2778 πόρρω

202 2788 570 2844 παντάπασιν.
611 2789 684 2842 T6
738 2790 849 2862 γὰρ
905 2792 966 2858 ἐξ
1024 2794 1322 2866 εὐωνύμων
1362 2797 1632 2867 καθῆσθαι
1703 2804 1765 2854 τὸ

205 2879 418 2953 Πνεῦμα
458 2882 523 2937 τὸ
569 2884 723 2955 ἅγιον
774 2889 869 2942 τοῦ
911 2882 1129 2959 [ἰατρὸς
1186 2891 1379 2958 ἐστιν,
1434 2894 1657 2964 εἴρηκεν
1735 2897 1764 2949 6

202 2973 405 3040 Μέγας,
434 2975 780 3044 ἐπινοῆσαι,
814 2981 914 3050 τὴν
947 2982 1116 3034 τινῶν
1166 2983 1410 3055 ἐκφήνας
1442 2986 1645 3041 ἄτοπον
1678 2987 1765 3041 ἔν-

202 3062 287 3119 θεν
314 3066 605 3136 ὑπόληψιν,
633 3070 694 3122 οὐ
718 3070 828 3141 μὴν
877 3071 975 3125 καὶ
1010 3076 1474 3142 συγκατατίθεται
1500 3093 1517 3110 ⁸
1556 3079 1761 3147 μᾶλλον

203 3154 299 3225 μὲν
339 3157 433 3211 οὖν
467 3158 529 3224 ἐξ
566 3152 641 3212 ὧν
678 3161 955 3232 ἐπιφέρει,
998 3166 1095 3219 καὶ
1135 3165 1333 3236 ψεῦδος
1381 3170 1587 3242 ταύτην
1627 3172 1763 3226 ἀπε-
1789 3203 1831 3260 C

200 3249 385 3318 λέγξας
409 3252 652 3321 τρανῶς,
685 3254 793 3308 ἀπὸ
808 3256 1060 3328 χρήσεως
1093 3260 1369 3331 γραφικῆς
1400 3262 1588 3331 σαφῶς
1615 3280 1762 3333 παρ-

205 3342 376 3413 ίστησι
437 3344 539 3417 τὴν
595 3345 876 3417 ἀλήθειαν.
934 3351 1155 3420 Προίὼν
1186 3353 1296 3422 γὰρ
1342 3353 1479 3424 πρὸς
1507 3356 1584 3425 τῷ
1618 3356 1762 3408 τέλει

199 3435 287 3487 τοῦ
333 3438 503 3492 αὑτοῦ
569 3440 868 3508 κεφαλαίου
919 3441 1095 3496 ταῦτα
1146 3444 1421 3510 διέξεισιν,
1483 3446 1559 3509 ὡς
1586 3452 1644 3502 ἐν
1683 3448 1762 3520 τῷ

200 3528 471 3595 ἑκατοστῷ
498 3532 709 3603 ἐννάτῳ
739 3533 956 3605 Ψαλμῷ
985 3552 1171 3606 φησιν.
1202 3555 1222 3589 ι
1265 3534 1452 3592 Εἶπεν
1484 3543 1519 3594 ό
1549 3542 1762 3610 Κύριος

198 3621 275 3688 τῷ
314 3626 509 3694 Κυρίῳ
532 3644 676 3695 μου,
699 3629 899 3693 Κάθου
934 3629 1004 3683 ἐκ
1042 3629 1265 3696 δεξιῶκ
1280 3651 1421 3701 μου,
1462 3654 1480 3687 ι
1514 3637 1614 3689 καί
1662 3654 1767 3691 κα-

198 3715 491 3770 θισάντων
514 3719 732 3782 αὐτῶν,
773 3722 938 3790 λέγει
986 3723 1024 3791 ἡ
1069 3725 1280 3793 Γραφὴ
1311 3727 1461 3795 πρὸς
1497 3728 1604 3782 τὸν
1627 3731 1761 3797 Χρι-

197 3811 370 3862 στόνσ
409 3828 428 3860 ι
464 3810 684 3879 Ὦμοσε
706 3814 941 3882 Κύριος,
973 3815 1069 3868 καί
1098 3819 1168 3871 οὐ
1186 3821 1762 3890 μεταμεληθήσεταν

200 3901 278 3955 Σὺ
314 3904 509 3971 ἱερεὺς
539 3908 627 3970 είς
647 3907 755 3960 τὸν
780 3905 966 3962 ιιίῶνα
998 3913 1148 3965 κατὰ
1202 3912 1318 3981 τὴν
1349 3915 1524 3981 τάξιν
1546 3922 1766 3989 Μελχι-

199 3993 395 4056 σεδὲκ,
428 3996 528 4048 καῖ
556 3996 771 4063 Κύριος
799 3997 867 4051 ἐκ
893 3997 1110 4062 δεξιῶν
1138 4016 1276 4058 σου.
1308 4022 1328 4057 ι
1358 4006 1530 4075 Δῆλον
1561 4008 1655 4063 οὖν
1682 4012 1763 4064 ὅτι

196 4089 255 4134 τὸ
283 4084 512 4154 Πνεῦμα
543 4086 608 4137 ἐκ
640 4086 834 4153 δεξιῶν
881 4089 1020 4143 ἐστι.
1074 4092 1186 4146 Καὶ
1223 4097 1279 4147 ἐν
1312 4096 1389 4165 τῷ
1422 4098 1660 4170 πέμπτῳ
1705 4103 1763 4157 δὲ

199 4174 301 4227 τῶν
327 4177 644 4245 κεφαλαίων
673 4178 735 4231 τὸ
766 4180 898 4233 αὐτὸ
927 4181 1021 4234 τοῦ
1050 4185 1294 4239 τοιούτου
1326 4174 1562 4261 Ψαλμοῦ
1597 4195 1760 4264 ῥητὸν

199 4267 561 4339 ἐξηγούμενος
588 4271 736 4339 λέγει
761 4287 776 4304 υ
815 4273 925 4327 Τοῦ
943 4270 1057 4329 οὖν
1087 4278 1223 4332 Υῖοῦ
1249 4283 1436 4335 πάλιν
1456 4284 1525 4338 ἐκ
1550 4285 1765 4350 δεξιῶν

201 4361 262 4412 τὸ
314 4362 578 4429 Πνεῦμα.
620 4362 693 4415 T6
718 4363 901 4417 τοίνυν
936 4367 999 4419 ἐκ
1045 4368 1241 4436 δεξιῶν
1285 4372 1380 4426 τοῦ
1420 4376 1764 4447 Μονογενοῦς

199 4440 332 4507 εἶναι
360 4453 421 4506 τὸ
451 4452 677 4525 Πνεῦμα
708 4456 768 4508 τὸ
800 4458 978 4526 ἆγιον,
1009 4460 1084 4525 ὡς
1117 4463 1371 4519 ἐντεῦθεν
1401 4469 1497 4522 καὶ
1524 4440 1760 4527 νοεῖσθαι

202 4544 362 4612 μέσον
388 4547 630 4616 μάλιστα
664 4549 754 4601 τὸν
780 4548 909 4603 Υἱὸν
952 4553 1044 4606 διὰ
1086 4556 1185 4624 τῆς
1220 4559 1351 4628 μιᾶς
1376 4561 1582 4634 ταύτης
1613 4566 1762 4632 ἀξιο-
1797 4558 1840 4612 Ῑ)

202 4638 387 4691 πίστου
414 4639 702 4710 Γραφικῆς
749 4644 1004 4712 χρήσεως
1079 4648 1183 4701 κάν
1230 4652 1345 4717 τοῖς
1376 4653 1499 4709 δυσὶ
1550 4658 1765 4725 τούτοις

201 4732 513 4798 κεφαλαίοις
543 4734 818 4799 ἀπέδειξε.
854 4737 926 4789 Τὸ
945 4736 992 4791 δ’
1020 4739 1091 4803 ἐξ
1113 4742 1437 4813 εὐωνύμων
1466 4749 1765 4820 καθῆσθαι

197 4823 352 4877 τοῦτο
411 4825 517 4880 τοῦ
547 4826 697 4881 Θεοῦ
731 4828 829 4882 καὶ
876 4833 1128 4899 Πατρός,
1171 4836 1309 4907 ὅπερ
1348 4840 1567 4906 ἀνάξιον
1595 4843 1767 4911 ὅντως

198 4922 287 4966 καὶ
312 4917 516 4985 λέγειν,
555 4919 637 4971 ὅτι
690 4921 827 4991 μηδὲ
868 4921 1057 4995 χώραν
1111 4925 1229 4995 ἔχει
1284 4932 1521 4997 συνόλως
1563 4938 1681 4991 ἐκεῖ
1703 4940 1765 4993 τὸ

198 5007 367 5074 λαιὸν,
402 5012 597 5076 ἐστιν,
625 5011 769 5082 εἷπε,
828 5018 929 5069 καί
967 5019 1162 5087 μόνον
1180 5021 1525 5093 ἐπινοῆσαι,
1560 5031 1622 5083 τὸ
1653 5033 1764 5088 τῶν

197 5100 407 5157 πολλῶν
481 5107 735 5161 ἐντεῦθεν
782 5109 965 5180 τάχα,
1004 5113 1301 5183 περίεργον
1360 5111 1761 5193 αίνιττόμενος.

210 5193 612 5265 ’Δπεκρούσατο
645 5201 701 5254 δὲ
735 5203 1089 5274 παρακατιὼν
1142 5206 1211 5261 δι’
1244 5204 1322 5264 ῶν

201 5300 400 5357 στηκεν
422 5307 439 5322 -
469 5291 608 5362 πλὴν
643 5296 693 5347 εί
734 5295 809 5365 μή
838 5312 943 5350 που
974 5301 1232 5367 περιττός
1265 5321 1350 5369 τις

199 5381 632 5453 ἀναμοχλεύσας,
656 5385 718 5440 τὸ
758 5390 824 5440 ὲκ
849 5389 1043 5454 δεξιῶν
1078 5392 1170 5445 τοῦ

202 5675 394 5725 σαντες
423 5662 774 5734 ἐδηλώσαμεν
803 5670 1030 5727 ἄνωθεν.
1286 5689 1288 5692 ’

267 5756 371 5826 λγ’.
404 5759 475 5813 T6
505 5760 562 5815 δὲ
617 5762 709 5817 τὸν
756 5764 883 5819 Υίδν
916 5767 1084 5837 μέσον
1127 5768 1396 5845 ὑπάρχειν
1429 5776 1526 5831 τοῦ
1557 5780 1769 5854 Πατρὸς

202 5848 303 5932 και
327 5849 421 5938 τοῦ
448 5854 786 5940 ⁹Πνεόματος
832 5857 918 5914 διὰ
950 5860 1163 5917 πολλῶν
1197 5864 1300 5937 ήδη
1331 5867 1601 5928 δέδεικται
1629 5890 1642 5905 ·
1677 5848 1776 5933 καὶ
1881 5896 1933 5935 tn

1385 5214 1788 5289 ὑπηγόρευσεν.

1877 1946 2113 2000 medium
2169 1945 2313 2000 inter
2351 1943 2545 1999 Filium
2589 1954 2643 1999 et
2698 1944 2959 2015 Spiritum
3008 1946 3217 2001 Patrem
3268 1950 3440 2004 collo-

1865 2051 2040 2091 casse.
2068 2036 2168 2091 Sed
2203 2036 2253 2089 id
2280 2050 2309 2089 a
2342 2050 2466 2090 vera
2490 2034 2845 2104 intelligentia
2873 2052 3034 2107 quam
3060 2038 3436 2109 longissimum

1865 2138 1975 2183 εει.
2026 2126 2274 2196 Namque
2321 2142 2350 2180 a
2397 2127 2636 2181 sinistris
2669 2127 2845 2183 Patris
2888 2126 3149 2197 Spiritum
3186 2142 3434 2186 sanciunt

1866 2220 2077 2284 sedere,
2104 2219 2267 2272 datur
2299 2219 2524 2288 intelligi
2559 2218 2788 2288 Magnus
2821 2219 2977 2285 dixit,
3022 2223 3436 2291 nonnullorum,

1865 2326 1986 2380 quae
2007 2311 2133 2365 inde
2156 2312 2460 2376 oriebatur,
2484 2311 2781 2365 absurdam
2806 2311 3122 2381 opinionem
3152 2329 3433 2384 promens,

1866 2405 1953 2458 cui
2003 2403 2119 2472 ipse
2165 2418 2449 2458 assensum
2487 2404 2717 2458 minime
2770 2413 3019 2473 praestat;
3072 2405 3186 2461 imo
3231 2423 3294 2462 ex
3329 2409 3436 2466 illis

1865 2511 1987 2563 quae
2014 2495 2312 2561 subnectit,
2344 2512 2462 2551 eam
2500 2495 2577 2550 uti
2609 2496 2892 2550 mendacio
2922 2497 3237 2566 implicitam
3270 2499 3439 2556 ναίεις

1869 2586 2011 2650 lens,
2048 2586 2228 2655 palam
2259 2587 2518 2657 clareque
2548 2584 2845 2656 Scriptura:
2874 2588 3203 2643 auctoritate
3237 2591 3438 2648 verita-

1867 2685 1972 2733 tem
2005 2679 2217 2748 aperit:
2242 2679 2546 2749 procedens
2574 2679 2842 2749 siquidem
2870 2681 2924 2734 in
2950 2681 3054 2735 line
3082 2681 3212 2736 dicti
3244 2686 3435 2750 capitis

1865 2769 2093 2838 digerit:
2133 2767 2224 2823 Uti
2253 2771 2307 2823 in
2341 2771 2621 2826 centesimo
2656 2786 2790 2824 nono
2825 2769 3043 2825 Psalmo
3070 2773 3187 2826 ait:
3226 2793 3244 2825 ι
3291 2774 3437 2829 Dixit

1864 2858 2127 2914 Dominus
2172 2860 2399 2915 Domino
2435 2878 2582 2916 meo:
2626 2859 2758 2916 Sede
2802 2878 2835 2917 α
2875 2862 3078 2918 dextris
3119 2866 3282 2930 meis,
3324 2886 3343 2920 ι
3385 2880 3436 2923 et

1864 2966 1980 3005 cum
2028 2952 2111 3005 illi
2164 2953 2456 3016 sedissent,
2506 2953 2636 3008 dicit
2690 2950 2972 3024 Scriptura
3028 2956 3098 3009 ad
3143 2956 3438 3017 Christum:

1870 3061 1891 3095 ι
1924 3042 2137 3097 Iuravit
2198 3042 2451 3099 Dominus
2473 3083 2490 3110 ,
2529 3054 2579 3098 et
2630 3061 2731 3099 non
2776 3046 3043 3115 panitebit
3076 3065 3191 3102 cum
3222 3066 3240 3103 :
3273 3050 3349 3105 Tu
3381 3070 3435 3106 es

1866 3132 2120 3187 Sacerdos
2144 3134 2199 3187 in
2229 3144 2479 3188 aternum
2503 3136 2789 3190 secundum
2816 3137 3051 3193 ordinem
3074 3139 3434 3209 Melcliisedec,

1864 3234 1913 3279 et
1943 3224 2197 3279 Dominus
2250 3243 2281 3279 a
2312 3227 2514 3281 dextris
2546 3230 2672 3283 tuis.
2703 3247 2722 3279 ι
2755 3229 3098 3287 Manifestum
3127 3234 3307 3306 itaque
3332 3247 3434 3302 est,

1869 3316 2128 3386 Spiritum
2175 3334 2206 3373 ιι
2249 3318 2459 3374 dextris
2486 3335 2631 3376 esse.
2664 3320 2728 3375 Et
2763 3322 2818 3376 in
2861 3325 3054 3394 quinto
3084 3327 3261 3397 capite
3290 3328 3432 3384 idem

1866 3408 2110 3477 ejusdem
2149 3409 2349 3465 Psalmi
2414 3411 2619 3466 dictum
2668 3413 2989 3483 explanans,
3029 3417 3251 3488 inquit:
3304 3418 3433 3473 Filii

1863 3502 2042 3571 itaque
2087 3518 2273 3558 rursus
2315 3520 2350 3557 a
2395 3505 2595 3558 dextris
2649 3502 2896 3573 Spiritus.
2945 3506 3114 3577 igitur
3159 3525 3190 3564 a
3231 3511 3434 3568 dextris

1872 3590 2142 3662 Unigeniti
2175 3592 2411 3663 Spiritus
2452 3603 2676 3651 sanctus
2706 3613 2828 3652 cum
2864 3598 2963 3666 sit,
2996 3598 3123 3655 inde
3151 3610 3205 3655 et
3241 3605 3431 3672 praeei-

1867 3697 1971 3752 pue
1998 3684 2235 3739 medium
2266 3686 2493 3757 intelligi
2525 3686 2746 3756 Filium,
2767 3704 2833 3744 ex
2862 3690 2963 3746 liae
2994 3692 3112 3747 sola
3142 3691 3434 3765 Scriptura:

1867 3773 2215 3841 auctoritate,
2246 3776 2302 3830 in
2336 3777 2422 3833 bis
2452 3778 2669 3834 duobus
2705 3781 2974 3851 capitibus
3006 3784 3433 3842 demonstratur.

1863 3864 1932 3919 At
1959 3865 2089 3921 illud
2124 3884 2157 3920 a
2192 3868 2424 3923 sinistris
2462 3869 2556 3925 Dei
2588 3879 2637 3925 ct
2672 3860 2851 3927 Patris
2881 3875 3078 3942 sedere,
3112 3879 3258 3947 quod
3289 3878 3437 3933 indi-

1864 3971 2026 4027 gnum
2074 3959 2320 4030 profecto
2351 3969 2468 4027 est,
2511 3964 2658 4034 quod
2701 3966 2785 4019 vel
2836 3969 3016 4022 verbis
3053 3970 3431 4040 exprimatur:

1865 4046 1939 4101 ibi
1984 4050 2129 4103 enim
2181 4049 2408 4106 sinistro
2437 4052 2590 4108 locus
2632 4055 2857 4110 omnino
2890 4058 3074 4113 nullus
3104 4071 3222 4115 est:
3252 4063 3434 4126 datur,

1868 4138 2078 4209 inquit,
2130 4140 2357 4211 facultas
2413 4155 2620 4200 tantum
2670 4147 2917 4218 intelligi,
2966 4149 3260 4206 multorum
3312 4154 3439 4209 inde

1866 4229 2101 4288 fortasse
2146 4235 2524 4291 curiositatem
2582 4239 2854 4303 innuens,
2902 4259 3063 4310 quam
3109 4247 3439 4312 procedente

1865 4325 2132 4391 oratione,
2163 4340 2228 4381 ex
2261 4328 2329 4383 iis
2361 4344 2483 4398 qua
2512 4334 2986 4399 pronuntiaverat,
3023 4336 3242 4391 retudit.
3277 4335 3439 4393 Utra-

1865 4429 1972 4484 que
2024 4416 2169 4470 enim
2214 4433 2336 4473 esse
2386 4419 2502 4473 ﬁeri
2557 4422 2782 4491 nequit;
2826 4423 2882 4477 ni
2933 4424 3203 4496 quispiam
3253 4427 3438 4485 intima

1868 4502 1969 4556 hac
1990 4503 2277 4571 prudentia
2309 4508 2647 4575 praecellens,
2674 4520 2727 4565 et
2752 4513 3053 4583 profundas
3078 4517 3439 4586 cogitationes

1869 4595 2236 4661 subtuovens,
2282 4614 2346 4653 ex
2384 4601 2590 4658 dextris
2622 4602 2898 4677 Unigeniti
2940 4623 3004 4663 ex
3040 4609 3280 4667 sinistris
3318 4627 3441 4669 esse

1868 4684 2048 4742 Patris
2077 4691 2484 4758 quodammodo
2511 4696 2674 4762 dicat,
2706 4698 2783 4753 sic
2819 4710 3046 4772 utraque
3070 4704 3438 4766 concordans.

1872 4788 1932 4832 ut
1966 4780 2068 4835 sibi
2110 4781 2347 4840 tidetur.
2391 4783 2497 4841 Sed
2532 4789 2636 4843 hoc
2677 4805 2854 4861 neque
2893 4809 2988 4847 ore
3019 4793 3263 4863 proferre
3297 4797 3441 4853 inte-

1871 4885 2027 4940 grum
2059 4869 2247 4939 fuerit,
2280 4885 2492 4932 tantum
2533 4878 2692 4936 abest
2724 4892 2780 4937 ut
2805 4883 2989 4938 animo
3017 4895 3286 4956 teneatur,
3317 4905 3440 4946 cum

1873 4974 2052 5031 neque
2106 4965 2402 5023 circulares
2462 4970 2676 5040 periodi
2731 4972 2804 5029 ibi
2866 4962 3235 5048 concipienda:
3292 4992 3439 5046 sunt,

1872 5053 2014 5121 quod
2063 5056 2393 5125 quibusdam
2437 5062 2772 5132 sapientibus
2822 5070 3133 5141 perplacet,
3180 5085 3237 5126 ut
3276 5088 3442 5142 supra

1872 5144 2320 5214 signiﬁcavimus.

1840 5231 2109 5309 Ἐκάτερα
2141 5242 2253 5314 γὰρ
2316 5245 2584 5321 ὑπάρχειν
2613 5251 2723 5306 τῶν
2792 5255 3069 5312 ἀδυνάτων
3101 5257 3159 5311 ἓν
3205 5276 3260 5312 τι
3288 5257 3453 5313 ttulit?

1390 5306 1466 5420 ti);
1493 5312 1564 5412 tt}
1627 5320 1804 5420 πολλα
1841 5327 1941 5420 τὴν
1999 5306 2535 5396 κατω-σῦνεσιίῶν
2603 5347 2698 5400 καὶ
3216 5306 3441 5407 ἐννοιῶν

1244 5395 1589 5494 μονογενοῦς
1622 5406 1683 5472 ἐξ
1742 5395 2044 5489 εὐωνόμων
2076 5421 2220 5481 εἷναί
2282 5444 2402 5494 πως

198 5472 368 5536 οὕτως
396 5479 683 5548 ἀμφότερα
705 5481 765 5533 τὸ
789 5481 987 5538 δοκεῖν.
1036 5486 1195 5540 Ἀλλὰ
1215 5490 1374 5544 τοῦτο
1400 5494 1501 5562 μὲν
1566 5499 1686 5553 οὐδὲ
1717 5505 1806 5559 διὰ
1848 5472 2120 5586 στόματος

198 5572 610 5683 φρονεῖνρβὲπεὶ
649 5575 785 5644 μηδὲ
813 5578 1104 5683 περιόδους
1135 5581 1401 5649 κυκλικὰς
1467 5587 1646 5644 ἐκεῖσε
1668 5594 1788 5651 δέον
1827 5572 1988 5673 νοεῖν,
2015 5609 2043 5662 ὃ
2079 5572 2142 5683 δῇ

2455 5432 2574 5502 ἐρεῖ
2617 5434 2714 5489 τοῦ
2792 5438 3030 5510 Πατρδς,
3084 5441 3443 5513 συμσιδάξων

2192 5524 2487 5595 προφέρειν
2520 5527 2706 5595 καλὸν,
2744 5531 2820 5601 μή
2856 5532 2938 5585 τοί
2984 5550 3048 5603 γε
3087 5536 3146 5591 τὸ
3177 5539 3444 5608 παράπαν

2148 5613 2215 5667 τά
2259 5632 2370 5669 τισι
2417 5617 2525 5671 τῶν
2553 5618 2648 5673 νῦν
2699 5621 2926 5693 ἀρέσκει
2978 5627 3176 5696 σοφῶν,
3199 5628 3273 5694 ὡς
3302 5629 3441 5701 φθά-
3490 5635 3493 5639 ’

1947 5791 2041 5847 55.
2105 5791 2304 5850 Verum
2356 5794 2553 5853 Filium
2610 5800 2752 5856 inter
2805 5802 3023 5863 Patrem
3073 5818 3129 5867 et
3181 5812 3446 5886 Spiritum

1938 5883 2119 5941 odium
2176 5901 2335 5955 esse,
2395 5890 2644 5961 pluribus
2694 5893 2805 5966 lam
2856 5883 3286 5967 demonstratum
3339 5921 3444 5973 est.
