3974 6598
255 564 381 630 "05

1079 563 1177 623 DE
1217 556 1740 624 PROCESSIONE’
1771 559 1838 626 3.
1875 558 2235 620 SPIRITUS
2272 556 2492 619 ORA'I‘.
2540 553 2590 618 I.

2648 482 2841 524 _
2950 478 3102 536 ,ραι-ν’

3345 548 3504 612 me
3540 618 3552 648 ι,

254 691 364 743 την
390 670 579 736 τάξιν,
605 669 697 739 ἐφ’
718 663 808 724 ὧν
830 668 960 724 ἐστι
988 669 1280 738 πρότερον
1308 669 1407 724 καὶ
1437 668 1722 738 δεύτερον
1742 669 1815 722 οὐ

1920 668 2219 723 substantia
2266 668 2606 721 eminentiam
2655 664 3035 721 demonstrari.“
3090 661 3200 717 Nos
3249 675 3368 742 tero
3408 676 3460 713 so
3502 660 3540 743 ιτ

253 764 397 820 κατὰ
433 762 549 830 τὴν
603 760 903 832 ἡμετέραν
953 761 1149 827 θέσιν,
1206 752 1345 817 ἀλλ’
1393 761 1463 815 ἐκ
1499 760 1612 830 τῆς
1659 758 1812 815 κατὰ

253 856 435 925 φύσιν
492 851 695 919 αὐτοῖς
742 852 1214 921 ἐνυπαρχούσης
1259 853 1667 920 ἁκολουθίαςς
1722 851 1814 908 Tl-

251 964 351 1012 νος
383 940 495 1001 οὖν
511 945 724 1000 ἕνεκεν
764 946 969 1001 ἀθετεῖ
990 947 1106 1013 τὴν
1136 946 1311 1012 τάξιν
1346 947 1445 1001 ἐπὶ
1478 946 1626 1002 Θεοῦ
1658 951 1811 1017 λαμ-

253 1035 567 1100 ὄάνεσθαι;
595 1035 863 1105 Ἡγεῒται,
885 1037 937 1091 ει
965 1038 1283 1104 ἐπιδείξειε
1303 1036 1591 1108 μηδαμῶς
1609 1039 1814 1104 ἄλλως

252 1132 313 1184 τὸ
368 1130 659 1196 πρότερον
729 1129 829 1184 ἐπὶ
886 1129 1038 1186 Θεοῦ
1102 1131 1394 1195 νοεῖσθαι,
1449 1132 1814 1199 λειπόμενον

248 1221 400 1284 ἕξειν
428 1221 560 1274 κατ’
584 1219 785 1287 αὐτὴν
808 1220 926 1287 τὴν
952 1223 1174 1276 οὐσίαν
1204 1221 1322 1289 τὴν
1349 1221 1659 1291 ὑπεροχὴν
1684 1222 1813 1275 ἐπι-

246 1310 614 1366 δείκνυσθαι.
653 1310 845 1377 Ἡμεῖς
870 1310 939 1363 δὲ
971 1310 1123 1365 κατὰ
1150 1312 1269 1382 μὲν
1292 1311 1408 1379 τὴν
1453 1310 1570 1366 τῶν
1607 1312 1813 1366 αἰτίων

249 1399 391 1467 πρὸς
420 1398 492 1452 τὰ
527 1399 597 1464 ἐξ
620 1396 822 1453 αὐτῶν
842 1399 1068 1469 σχέσιν
1104 1402 1501 1470 προτετάχθαι
1530 1403 1639 1457 τοῦ
1672 1401 1811 1457 Υιοῦ

251 1488 350 1542 τὸν
403 1488 634 1558 Πατέρα
673 1491 905 1559 φαμένο
941 1495 1094 1547 κατὰ
1131 1492 1201 1547 δὲ
1248 1494 1368 1562 τὴν
1403 1494 1517 1563 τῆς
1570 1497 1814 1564 φύσεως

250 1581 533 1650 διαφορὰν
597 1585 820 1651 οὐκέτι,
861 1584 1005 1639 οὐδὲ
1060 1588 1212 1643 κατὰ
1259 1587 1376 1657 τὴν
1431 1588 1539 1645 τοῦ
1590 1594 1812 1659 χρόνον

252 1674 567 1743 ὑπεροχήν.
602 1677 677 1729 Ἦ
710 1677 863 1731 οὕτω
890 1690 956 1749 re
989 1679 1090 1733 καὶ
1123 1680 1272 1735 αὐτὸ
1307 1682 1374 1735 τὸ
1401 1681 1631 1751 Πατέρα
1660 1678 1814 1737 εἶναι

250 1767 350 1820 τὸν
379 1768 531 1821 Θεὸν
558 1768 937 1841 ἁθετήσομεν
970 1773 1082 1840 τῆς
1110 1773 1264 1828 κατὰ
1306 1773 1424 1842 τὴν
1446 1762 1671 1830 οὐσίαν
1704 1777 1817 1833 άλ-

247 1861 620 1929 λοτριότητος
647 1862 763 1932 τὴν
777 1864 1054 1934 φυσικὴν
1084 1866 1427 1937 συνάφειαν
1452 1868 1812 1936 ἀθετούσης.

1913 756 2145 812 cundum
2171 768 2454 811 causarum
2485 755 2556 809 ad
2589 770 2672 819 ea,
2700 768 2818 825 qua:
2842 769 2908 809 ex
2942 753 3073 823 ipsis
3101 760 3244 815 sunt,
3272 740 3477 804 relatio-

1914 866 2027 904 nem
2071 850 2306 920 praeponi
2354 847 2501 903 Filio
2552 847 2766 903 Patrem
2809 848 3073 918 fatemur,
3118 854 3324 900 natura
3368 859 3479 897 vere

1914 942 2218 996 diversitate
2269 941 2413 995 nullo
2475 941 2669 1006 modo,
2730 955 2891 1010 neque
2943 937 3229 994 secundum
3289 948 3482 1006 tempus

1914 1034 2363 1104 exsuperantiam.
2398 1032 2486 1087 Sic
2513 1033 2651 1087 enim
2684 1040 2735 1085 et
2770 1031 2987 1085 Patrem
3017 1046 3127 1085 esse
3163 1028 3326 1083 Deum
3359 1028 3485 1096 reji-

1916 1141 2182 1189 ceremus,
2212 1142 2331 1179 cum
2364 1125 2661 1179 essentialis
2700 1124 2983 1177 diversitas
3024 1119 3323 1176 naturalem
3367 1134 3487 1171 con-

1905 1219 2236 1289 junctionem
2275 1226 2510 1287 respuat.
2565 1216 2630 1271 Et
2675 1216 2791 1271 haec
2826 1212 3139 1285 quidemin
3180 1211 3359 1282 primo
3390 1209 3485 1263 ad-

1914 1328 2107 1369 versus
2165 1311 2493 1367 Eunomium
2539 1311 2962 1379 antirrhetico,~
2996 1309 3050 1362 in
3111 1306 3274 1361 tertio
3324 1318 3483 1358 vero:

1915 1405 2048 1473 Quae
2069 1406 2204 1459 enim
2229 1405 2514 1460 necessitas
2542 1405 2713 1468 τηνεὶ
2740 1404 2997 1472 dignitate
3021 1410 3074 1455 ‘et
3103 1400 3283 1454 ordine
3308 1398 3482 1451 tertius

1911 1508 1990 1553 est
2037 1496 2304 1567 Spiritus,
2354 1498 2561 1551 tertium
2594 1506 2796 1565 quoque
2838 1508 2951 1549 esse
2992 1492 3230 1547 eumdem
3268 1493 3482 1545 naturai

1914 1590 2190 1660 Dignitate
2220 1592 2353 1645 enim
2384 1586 2671 1644 secundum
2696 1604 2803 1642 esse
2835 1603 2868 1641 a
2900 1585 3067 1648 Filio,
3091 1584 3256 1637 tradit
3280 1582 3506 1651 pietatis

1915 1686 2084 1748 ratio,
2119 1683 2211 1737 sed
2252 1694 2448 1737 natura
2476 1683 2632 1736 tertia
2664 1682 2774 1744 uti,
2814 1695 2974 1750 neque
2999 1695 3031 1732 a
3060 1676 3255 1730 sanctis
3280 1673 3485 1729 Litterit

1910 1777 2210 1838 edocemnr,
2249 1792 2412 1847 neque
2444 1790 2508 1831 ex
2534 1776 2638 1838 his,
2667 1789 2783 1844 qua
2813 1772 2961 1826 dicta
2986 1780 3131 1835 sunt,
3162 1777 3304 1823 recta
3333 1768 3485 1821 ducto

1910 1870 2126 1940 sequela
2154 1884 2433 1937 possumus
2456 1869 2845 1922 demonstrare.
2868 1862 3333 1931 Quemadmodum
3355 1861 3486 1914 enin?

248 1951 357 2005 Καὶ
384 1951 562 2006 ταῦτα
601 1954 705 2024 μὲν
765 1957 824 2010 ὲν
856 1957 939 2029 τῷ
968 1961 1172 2028 πρώτῳ
1210 1961 1325 2013 τῶν
1359 1960 1497 2031 πρὸς
1542 1960 1814 2033 Εὐνόμιον

1920 1962 2085 2018 Filius
2112 1962 2296 2017 ordine
2320 1960 2534 2029 quidem
2556 1959 2816 2014 secundus
2838 1965 2919 2011 est
2952 1973 2985 2009 a
3028 1953 3217 2017 Patre,
3243 1954 3488 2023 quoniam

246 2044 665 2115 ἁντιρῤητικῶν.
700 2045 791 2100 Ἐν
822 2048 934 2118 γὰρ
966 2049 1043 2120 τῷ
1068 2051 1242 2121 τρίτῳ
1272 2050 1383 2106 τῶν
1414 2052 1594 2107 αὐτῶν
1622 2055 1814 2127 ἀντιρ-

246 2136 500 2207 ρητικῶν,
543 2139 641 2204 τίς
672 2138 780 2208 γὰρ
815 2140 1072 2210 ἀνάγκη,
1121 2145 1309 2213 φησὶν,
1343 2146 1396 2199 εὶ
1426 2145 1506 2212 τῷ
1527 2145 1817 2215 ἀξιώματι

249 2230 338 2281 καὶ
378 2227 450 2296 τῇ
478 2229 648 2295 τάξει
699 2232 900 2300 τρίτον
930 2233 1189 2304 ὑπάρχει
1222 2237 1289 2290 τὸ
1321 2238 1586 2308 Πνεῦμα,
1617 2241 1817 2308 τρίτον

245 2317 395 2374 εἶναι
446 2324 599 2379 αὐτὸ
653 2325 749 2381 καὶ
786 2325 861 2395 τῇ
899 2329 1124 2395 seniost;
1192 2328 1496 2400 Ἀξιώματι
1543 2332 1663 2401 μὲν
1702 2332 1817 2401 τὰρ

246 2413 622 2483 δευτερεύειν
647 2418 755 2473 τοῦ
798 2418 937 2473 Υιοῦ
975 2420 1393 2488 παραδίδωσιν
1422 2426 1455 2476 δ
1493 2423 1606 2491 τῆς
1635 2426 1814 2478 εὐσεο

248 2505 402 2571 ὄε¹ας
433 2508 622 2575 λόγος
649 2524 663 2538 ·
702 2509 885 2577 φύσει
904 2508 976 2562 δὲ
1001 2511 1166 2579 τρίτῃ
1189 2510 1452 2581 χρῆσθαι
1475 2514 1618 2567 οὔτε
1656 2514 1818 2583 παρὰ

250 2595 364 2649 τῶν
394 2598 586 2666 ἁγίων
645 2599 1038 2671 δεδιδάτμεθα
1081 2604 1363 2672 Γραφῶν,
1410 2607 1550 2660 οὐτε
1585 2606 1656 2660 ἐκ
1699 2606 1819 2661 τῶν

248 2686 574 2755 εἰρημένων
595 2691 746 2744 κατὰ
777 2690 844 2744 τὸ
888 2692 1227 2748 ἀκόλουθον
1273 2695 1538 2750 δυνατὸν
1585 2701 1819 2751 συλλο-

250 2777 521 2844 γίζεσθαι.
568 2780 667 2849 Ὠς
704 2782 814 2853 γὰρ
839 2785 872 2839 ό
910 2785 1040 2851 Υἱὸς
1086 2784 1160 2853 τῇ
1190 2786 1355 2851 τάξει
1381 2787 1499 2855 μὲν
1541 2788 1821 2859 δεύτερος

250 2868 350 2921 τοῦ
378 2871 638 2937 Πατρός,
671 2870 761 2925 ὅτι
794 2873 898 2928 ἀπ’
950 2874 1212 2943 ἐκείνου,
1244 2876 1345 2930 καὶ
1387 2876 1697 2946 ἀξιώματι,
1730 2881 1819 2933 ὅτι

248 2959 395 3029 ἁρχὴ
417 2961 515 3015 καὶ
545 2965 708 3018 αἰτία
732 2964 801 3018 τὸ
828 2965 986 3020 εῖναι
1013 2965 1241 3037 Πατέρα
1259 2969 1471 3036 αὑτοῦ,
1494 2971 1592 3024 καὶ
1623 2972 1712 3026 ὅτι
1741 2972 1819 3028 δι’

247 3052 426 3107 αὺτοῦ
454 3055 488 3121 ἠ
524 3055 832 3122 πρόσοδος
852 3057 949 3112 καὶ
982 3061 1343 3129 προσαγωγὴ
1367 3062 1517 3131 πρὸς
1539 3063 1647 3118 τὸν
1672 3064 1823 3119 Θεὸν

247 3142 341 3196 καὶ
378 3145 634 3213 Πατέρα,
673 3149 856 3216 φύσει
896 3147 965 3202 δὲ
1014 3149 1217 3205 οὐκέτι
1265 3150 1573 3221 δεύτερος,
1599 3154 1750 3209 διότι
1780 3157 1820 3226 ἠ

248 3238 451 3302 θεότης
478 3238 552 3291 ἐν
601 3238 859 3307 ἐκατέρῳ
898 3242 1044 3312 μία·
1081 3244 1235 3297 οὕτω
1277 3245 1565 3313 δηλονότι
1606 3247 1708 3302 καὶ
1753 3248 1821 3301 τὸ

1915 2073 1982 2113 ex
2010 2057 2132 2123 illo,
2164 2066 2216 2111 et
2242 2056 2520 2124 dignitate.
2550 2052 2688 2123 quod
2714 2050 3032 2119 principium
3060 2060 3110 2102 et
3138 2063 3303 2101 causa
3335 2044 3489 2098 Pater

1913 2149 2065 2205 illius
2098 2156 2197 2214 est,
2241 2155 2290 2201 et
2320 2148 2458 2217 quod
2478 2161 2574 2215 per
2603 2146 2775 2214 ipsum
2802 2157 3043 2196 accessus
3072 2150 3122 2194 et
3151 2138 3403 2193 adductio
3426 2151 3488 2189 aa

1918 2239 2087 2294 Deum
2112 2248 2162 2293 et
2193 2239 2435 2310 Patrem,
2470 2246 2665 2291 natura
2707 2251 2826 2290 vero
2855 2232 3162 2302 neutiqu
3211 2229 3494 2287 secundus.

1915 2334 2054 2402 quod
2083 2331 2268 2385 Deitas
2298 2332 2351 2384 in
2384 2341 2604 2400 utroque
2629 2342 2734 2382 una
2761 2344 2784 2382 :
2811 2327 2890 2380 ita
2924 2324 3159 2380 videlicet
3182 2333 3231 2378 et
3265 2320 3491 2392 Spiritus

1916 2432 2135 2491 sanctus
2180 2424 2280 2478 etsi
2333 2421 2516 2477 ordine
2551 2419 2698 2474 Filio
2734 2419 2953 2487 inferior
2977 2426 3053 2472 est
3103 2425 3157 2470 et
3211 2414 3491 2485 dignitate.
3536 2455 3543 2465 .

1918 2532 2192 2587 nunquam
2242 2525 2415 2569 tamen
2461 2514 2560 2567 rite
2606 2512 2880 2575 dicemus,
2921 2510 3067 2580 sequi
3114 2523 3232 2562 eum
3275 2505 3491 2559 alterius

1918 2624 2033 2663 esse
2074 2616 2301 2662 natum.
2360 2605 2503 2662 Idem
2545 2603 2773 2675 epistola
2816 2603 2883 2657 ad
2924 2600 3209 2672 praprium
3262 2598 3490 2652 fratrem

1918 2699 2244 2767 Gregorium
2292 2697 2598 2770 Nysseaum
2646 2696 2763 2751 haec
2817 2693 3024 2749 habet:
3072 2692 3176 2760 Qui
3226 2688 3492 2759 Spiritum

1918 2788 2201 2851 intellexit,
2228 2789 2402 2857 ipsum
2428 2789 2487 2841 in
2508 2788 2680 2856 seipse
2703 2785 2994 2849 intellexit,
3023 2794 3070 2838 et
3099 2782 3300 2837 Filium
3322 2778 3487 2834 simul

1919 2897 1982 2935 ea
2000 2880 2347 2950 intelligentia
2372 2878 2672 2948 complexus
2695 2888 2794 2951 est,
2828 2878 2920 2947 qui
2954 2891 3073 2931 vero
3107 2874 3246 2928 hunc
3280 2888 3496 2939 accepe-

1921 2972 2024 3036 rit,
2056 2969 2259 3024 Filium
2292 2986 2324 3025 a
2358 2968 2518 3045 Patre
2548 2985 2650 3023 non
2690 2969 2871 3024 divisit
2893 3007 2910 3032 ,
2954 2967 3042 3020 sed
3063 2966 3224 3034 juxta
3263 2964 3497 3018 ordinent

1920 3062 2128 3134 quidem
2155 3078 2500 3132 personarum
2527 3061 3088 3132 consequenterJuata
3109 3076 3225 3114 vero
3253 3070 3498 3112 naturam

1922 3156 2246 3222 conjunctim
2291 3155 2455 3208 trium
2499 3168 2845 3223 personarum
2884 3152 3043 3221 ﬁdem
3077 3149 3266 3204 eadem
3297 3148 3500 3201 ratione

1922 3256 2365 3317 contemperatam
2410 3247 2463 3300 in
2514 3246 2689 3315 seipse
2735 3246 3016 3315 expressit.
3071 3241 3138 3299 Et
3182 3244 3237 3298 in
3286 3242 3500 3297 decimo

247 3328 483 3397 Πνεῦμα
507 3329 577 3383 τὸ
609 3330 801 3400 ἅγιον,
839 3335 891 3387 ει
918 3334 1020 3389 καὶ
1052 3337 1391 3404 ὑποϐέϐηκε
1412 3340 1519 3392 τὸν
1551 3339 1690 3393 Υιὸν
1741 3338 1817 3409 τῇ

1921 3341 2153 3410 septimo
2183 3338 2363 3408 capite
2402 3338 2469 3392 ad
2504 3337 2946 3408 Amphilochium
2981 3355 2996 3390 :
3044 3334 3500 3403 Quemadmodum

248 3418 408 3483 τάξει
436 3420 534 3473 καὶ
566 3419 645 3487 τῷ
674 3422 982 3503 ἀξιώματι,
1006 3427 1209 3481 οὐκέτι
1238 3427 1316 3482 ἂν
1344 3431 1588 3497 εἰκότως
1610 3431 1691 3497 ὡς
1714 3431 1820 3487 ἀλ-

247 3510 491 3579 λοτρίας
539 3512 824 3583 ὑπάρχον
868 3517 1134 3585 φύσεως,
1178 3508 1256 3573 ὈΔ
1285 3520 1448 3583 αὐτὸς
1483 3523 1541 3577 ἐν
1587 3526 1653 3595 τῇ
1685 3525 1821 3595 πρὸς

248 3603 336 3655 τὸν
364 3606 570 3658 οἰκεῖον
596 3606 828 3676 ἀδελφὸν
851 3607 1156 3679 Γρηγόριον
1184 3609 1278 3664 τὸν
1309 3612 1535 3685 Nucem;
1561 3613 1820 3687 ἐπιστολῇ

246 3695 368 3749 τάδε
422 3698 593 3766 φησιν
618 3714 633 3730 ·
678 3701 744 3753 '0
766 3698 837 3753 τὸ
874 3701 1119 3769 Πνεῦμα
1151 3702 1390 3770 νοήσας
1430 3706 1581 3760 αὐτό
1632 3723 1696 3762 τε
1727 3707 1820 3777 ἐφ’

246 3786 458 3842 ἑαυτοῦ
481 3790 730 3857 ἐνόησε,
749 3791 848 3845 καὶ
871 3791 980 3845 τὸν
1004 3793 1143 3846 Υὶὸν
1168 3792 1244 3862 τῇ
1279 3795 1516 3863 διανοίᾳ
1542 3812 1821 3867 συμπαρ-

245 3878 489 3945 εδέξατο
512 3898 526 3915 ’
565 3884 599 3934 ό
624 3879 693 3935 δὲ
730 3882 908 3937 τοῦτο
945 3882 1150 3938 λαϐὼν
1192 3885 1298 3940 τοῦ
1358 3886 1493 3940 Υιοῦ
1539 3886 1646 3941 τὸν
1703 3891 1819 3942 Παι

248 3973 381 4041 τέρα
410 3978 482 4030 οὐ
513 3976 935 4045 κατεμέρισεν,
967 3978 1108 4033 ἀλλ’
1134 3979 1481 4046 ἀκολούθως
1517 3981 1636 4050 μὲν
1661 3985 1819 4037 κατὰ

248 4069 357 4137 τὴν
384 4069 587 4135 τάξιν,
617 4068 1020 4139 συνημμένως
1059 4070 1128 4125 δὲ
1156 4072 1307 4126 κατὰ
1335 4072 1451 4140 τὴν
1486 4074 1677 4142 φύσιν
1703 4072 1821 4129 τῶν

248 4158 420 4228 τριῶν
476 4159 632 4213 κατὰ
685 4160 912 4214 ταυτὸν
960 4161 1462 4230 συγκεκραμένην
1510 4162 1579 4215 ἐν
1630 4161 1822 4231 ἐαυτῷ

247 4251 359 4317 τὴν
411 4252 630 4307 πίστιν
683 4250 1143 4308 ἀνετυπώσατο.
1206 4254 1316 4327 lia!
1364 4256 1425 4309 ἐν
1475 4255 1555 4327 τῷ
1608 4256 1822 4329 δεκάτῳ

250 4343 458 4413 ἑϐδόμῳ
490 4343 605 4397 τῶν
635 4344 770 4414 πρὸς
801 4344 1154 4415 Ἀμφιλόχιον
1180 4346 1495 4416 κεφαλαίων
1517 4363 1531 4378 ’
1580 4349 1671 4418 Ὡς
1702 4352 1823 4405 τοί-

246 4452 362 4491 νυν
413 4437 545 4506 ἔχει
599 4439 632 4491 ό
678 4438 808 4502 Υἱὸς
837 4438 989 4503 πρὸς
1043 4439 1153 4491 τὸν
1185 4437 1440 4508 Πατέρα,
1480 4440 1634 4494 οὕτω
1669 4443 1821 4509 πρὸς

248 4530 350 4581 τὸν
371 4531 509 4583 Υἰύν
535 4531 602 4583 τὸ
632 4530 877 4600 Πνεῦμα
906 4530 1061 4585 κατὰ
1087 4531 1202 4600 τὴν
1227 4532 1298 4586 ἐν
1331 4534 1410 4599 τῷ
1439 4534 1817 4607 βαπτίσματι

249 4620 751 4692 παραδεδομένην
806 4624 915 4679 τοῦ
946 4625 1136 4694 λόγου
1195 4626 1515 4691 σύνταξιν.
1557 4631 1628 4682 El
1657 4630 1726 4683 δὲ
1756 4630 1820 4684 τὸ

1922 3449 2045 3502 ergo
2075 3447 2128 3484 se
2158 3430 2309 3484 habet
2341 3427 2515 3484 Filius
2538 3429 2607 3483 ad
2638 3428 2974 3494 Patrem,ita
2999 3445 3052 3484 se
3078 3428 3230 3482 habet
3263 3426 3498 3493 Spiritus

1922 3524 1991 3577 ad
2040 3521 2245 3576 Filium
2292 3523 2581 3576 secundum
2632 3522 2890 3576 sermonis
2944 3520 3392 3575 constructionem
3446 3520 3501 3572 in

1924 3614 2189 3682 baptismo
2226 3615 2503 3670 traditam.
2558 3613 2712 3680 Quod
2738 3616 2787 3669 sl
2840 3614 3075 3684 Spiritus
3121 3614 3300 3668 eodem
3346 3624 3503 3683 atque

1923 3706 2091 3763 Filius
2133 3707 2322 3761 ordine
2345 3707 2671 3773 collocatur;
2722 3704 2893 3761 Filius
2926 3716 3100 3760 autent
3130 3705 3309 3759 eodem
3348 3714 3504 3769 atque

1923 3798 2090 3855 Pater
2107 3809 2158 3854 et
2189 3797 2439 3870 Spiritus.
2476 3809 2524 3855 et
2555 3798 2718 3854 Pater
2746 3801 3036 3854 duntaxat.
3067 3798 3272 3854 Horum
3302 3799 3502 3868 partim

1924 3891 2146 3963 quidem
2174 3892 2578 3958 contradicens,
2617 3891 2812 3962 partim
2853 3891 3056 3946 docens
3089 3904 3320 3961 magnus
3352 3887 3504 3945 Basi-

1922 3986 2029 4043 lius
2062 3983 2311 4039 veritatis
2359 3999 2558 4039 sonora
2591 3984 2720 4039 tuba
2766 3983 2948 4038 fassus
2986 3992 3093 4037 est.
3138 3981 3261 4037 Alio
3290 3997 3505 4051 quoque

1920 4079 2047 4135 loco
2091 4078 2159 4133 de
2197 4077 2389 4133 ordine
2433 4077 2760 4147 disputans,
2794 4075 2952 4131 illum
3001 4089 3110 4129 non
3160 4074 3506 4129 admittentes

1925 4169 2409 4226 vehementissime
2470 4177 2715 4223 accusat.
2776 4165 3027 4237 Namque
3081 4165 3148 4221 ad
3203 4165 3503 4221 canonicas

1921 4260 2151 4331 cpistola
2205 4260 2447 4317 scribit:
2498 4258 2732 4327 Spiritus
2797 4267 3014 4313 sanctus
3056 4257 3213 4312 Patri
3261 4269 3313 4313 et
3358 4254 3505 4313 Filio

1922 4363 2370 4419 connumeratur,
2410 4351 2548 4423 quod
2589 4367 2753 4420 supra
2795 4366 3001 4405 omnem
3042 4358 3343 4404 creaturam
3383 4364 3527 4413 COﬂ-_

1926 4445 2092 4507 sistit,
2128 4443 2302 4497 locum
2335 4458 2452 4499 vero
2482 4450 2726 4510 occupat,
2759 4440 3200 4510 quemadmodum
3230 4456 3322 4495 nos
3347 4440 3497 4495 docet

1922 4537 1978 4591 in
2025 4534 2310 4605 Evangelio
2355 4534 2632 4596 Dominus,
2665 4534 2841 4590 dicens
2876 4551 2895 4590 :
2941 4552 2959 4585 ι
2992 4533 3189 4588 Euntes
3224 4534 3493 4602 baptizata

1923 4630 1982 4684 in
2010 4629 2221 4684 nomine
2268 4624 2487 4693 Patris,
2532 4635 2579 4681 et
2615 4625 2738 4682 Filii
2784 4637 2833 4682 et
2879 4625 3111 4692 Spiritus
3166 4628 3335 4680 sancti
3370 4628 3440 4681 ".
3478 4645 3497 4678 ι

247 4713 490 4783 Πνεῦμα
517 4712 599 4779 τῷ
634 4713 746 4779 Υιῷ
790 4715 1215 4779 συντέτακται,
1255 4720 1287 4771 ό
1316 4716 1386 4771 δὲ
1438 4719 1570 4786 Υἱὸς
1597 4718 1676 4786 τῷ
1698 4724 1817 4775 Πα-

1924 4727 2030 4792 Qui
2058 4725 2399 4794 praeposuerit
2431 4723 2584 4778 illum
2623 4721 2789 4790 Filio,
2825 4724 2903 4778 vel
2940 4723 3100 4778 Patre
3135 4725 3332 4780 dixerit
3358 4723 3505 4777 anti-

248 4807 357 4873 τρὶ.
390 4808 487 4863 καὶ
525 4808 596 4863 τὸ
634 4808 879 4878 Πνεῦμα
929 4806 1010 4873 τῷ
1045 4809 1227 4877 Πατρὶ
1259 4810 1565 4879 δηλονότι.
1599 4812 1819 4869 Τούτων

247 4900 312 4955 τὰ
342 4900 442 4970 μὲν
484 4902 811 4971 ἀντιλέγων,
860 4903 932 4957 τὰ
969 4902 1027 4956 δὲ
1078 4905 1174 4957 καὶ
1220 4903 1490 4957 διδάσκων
1536 4904 1819 4970 Βασίλειος

249 4996 275 5048 ὁ
295 4997 488 5065 μέγας,
508 4998 543 5068 ή
566 4996 663 5067 τῆς
687 4996 948 5067 ἀληθείας
972 4995 1213 5068 εὔσημος
1236 4998 1472 5066 σάλπιγξ
1496 4998 1819 5068 ἐφθέγξατο.

251 5088 654 5158 Διαλαμσάνων
682 5087 738 5141 δὲ
772 5088 938 5142 πάλιν
971 5090 1100 5160 περὶ
1156 5089 1257 5158 τῆς
1314 5088 1523 5154 τάξεως
1553 5089 1814 5160 ἀλλαχοῦ,

252 5179 459 5250 βαρέως
506 5181 618 5235 τῶν
653 5180 1005 5236 ἀθετούντων
1057 5182 1230 5252 αὐτὴν
1279 5182 1679 5251 καταφέρεται.
1712 5182 1823 5235 Καὶ

249 5274 355 5344 γὰρ
392 5276 451 5329 ὲν
515 5275 616 5346 μὲν
648 5277 716 5346 τῇ
748 5275 890 5346 πρὸς
931 5276 1030 5339 τὰς
1087 5274 1381 5339 κανονικὰς
1426 5273 1718 5343 ἑπιστολῇ.
1754 5274 1824 5328 Τὸ

253 5366 497 5436 Πνεῦμα
536 5369 603 5422 τὸ
623 5367 825 5437 ἄτιον,
846 5369 1014 5438 λέγει,
1048 5368 1236 5438 Πατρὶ
1259 5369 1378 5437 μὲν
1411 5368 1512 5421 καὶ
1545 5366 1652 5433 Υιῷ
1674 5382 1827 5421 συν-

250 5459 601 5526 αριθμεῖται,
653 5460 807 5515 διότι
858 5461 958 5516 καὶ
1013 5461 1169 5530 ὑπὲρ
1208 5462 1327 5530 τὴν
1376 5461 1583 5515 κτίσιν
1613 5460 1823 5524 ξέστί·

251 5551 528 5607 τέτακται
552 5553 642 5619 δὲ,
663 5554 746 5619 ὡς
771 5556 842 5609 ἐν
868 5556 1218 5626 Eiram-edim
1245 5554 1640 5625 δεδιδάγμεθα
1663 5553 1826 5621 παρὰ

252 5644 356 5698 τοῦ
389 5644 617 5714 Κυρίου
647 5648 947 5714 εἰπόντος,
980 5665 1000 5700 ι
1044 5648 1449 5714 Πορευθέντες
1503 5643 1825 5711 ,βαπτίζετε

251 5740 335 5804 εις
366 5739 433 5792 τὸ
491 5739 683 5808 ὄνομα
730 5740 834 5795 τοῦ
861 5740 1096 5808 Πατρός
1124 5741 1223 5795 καὶ
1250 5739 1358 5795 τοῦ
1404 5738 1543 5794 Υιοῦ
1582 5738 1683 5793 καὶ
1718 5735 1825 5791 τοῦ

254 5829 424 5897 ἁγίου
456 5831 825 5901 Πνεύματος.
871 5852 891 5886 ι
938 5833 1002 5886 '0
1030 5831 1100 5886 os
1125 5832 1427 5902 προτιθεὶς
1453 5831 1560 5889 τοῦ
1598 5830 1757 5894 Υιοῦ,
1785 5828 1827 5903 ἦ

321 5987 366 6019 “
390 5986 584 6046 Matth.
626 6008 818 6057 sum,
862 5992 943 6047 l9.

1924 4816 2159 4887 quiorem
2204 4831 2335 4880 esse,
2371 4815 2568 4868 resistit
2598 4815 2698 4868 iste
2736 4813 2834 4868 ltei
2859 4814 3203 4877 ordinationi,
3229 4824 3278 4870 et
3312 4830 3343 4868 a
3372 4830 3507 4868 sane

1926 4906 2033 4975 ﬁde
2062 4906 2267 4961 alienus
2300 4906 2513 4960 aberrat
2537 4947 2553 4967 ,
2589 4905 2713 4960 dum
2746 4922 2851 4960 non
2885 4906 3200 4960 inviolatum
3240 4916 3506 4963 conservat

1929 5000 2085 5054 illum
2113 4998 2351 5053 ordinem
2381 4998 2808 5069 gloriﬁcationis,
2830 5015 2981 5070 quem
3011 4999 3207 5068 accepit
3231 5000 3504 5066 traditum,

1930 5091 2020 5146 sed
2051 5102 2106 5145 ut
2135 5091 2339 5156 placere
2365 5092 2530 5161 possit
2560 5091 2883 5152 hominibus.
2916 5091 3189 5145 verborum
3217 5091 3319 5145 sibi
3350 5093 3507 5145 adin-

1930 5184 2063 5238 cenit
2096 5184 2373 5237 novitates.
2395 5181 2461 5237 Et
2479 5181 2667 5251 paucis
2687 5181 2919 5238 additis:
2949 5180 3120 5253 Usque
3145 5185 3277 5236 adeo
3306 5182 3419 5237 haec
3441 5182 3506 5238 de

1930 5273 2116 5331 ordine
2148 5276 2418 5329 innovatio
2462 5275 2628 5345 ipsius
2672 5274 3026 5330 subsistentia
3048 5276 3505 5343 annihilationem,

1933 5380 1981 5423 et
2015 5368 2140 5431 fidei
2179 5368 2342 5424 totius
2370 5368 2770 5438 abnegationem
2811 5369 2987 5422 habet.
3028 5367 3203 5439 (Eque
3238 5384 3363 5440 ergo
3400 5371 3505 5423 im-

1925 5463 2071 5533 pium
2098 5470 2197 5527 est,
2224 5470 2274 5537 et
2319 5465 2391 5515 ad
2427 5473 2704 5517 creaturas
2739 5460 2999 5527 Spiritum
3037 5462 3310 5529 deducere,
3340 5470 3391 5517 ot
3411 5479 3507 5517 su-

1924 5554 2187 5624 periorem
2221 5551 2382 5608 Patre
2426 5563 2473 5608 et
2517 5552 2661 5608 Filio
2689 5562 2945 5618 statuere,
2984 5556 3093 5609 sive
3121 5556 3191 5609 sit
3216 5556 3504 5611 secundum

1928 5656 2165 5715 tempus,
2208 5645 2317 5701 sive
2364 5647 2566 5701 ratione
2613 5647 2818 5701 ordinis
2867 5648 3220 5716 superioritas
3271 5649 3387 5705 illa.
3441 5650 3529 5706 Et-

1928 5737 2155 5805 epistole
2186 5737 2256 5792 ad
2288 5736 2635 5794 Eustathium
2663 5741 2777 5793 haec
2808 5738 2971 5794 habet
2998 5755 3013 5794 :
3048 5737 3346 5811 Fugiondos
3366 5756 3500 5804 esse,

1928 5832 2017 5903 qui
2050 5829 2238 5885 seriem
2270 5828 2419 5888 nobis
2453 5847 2486 5883 a
2518 5827 2746 5888 Domino
2773 5827 3028 5889 traditam
3056 5831 3389 5896 invertentes,
3423 5838 3504 5890 uti
