3974 6566
235 487 368 554 1109

1070 487 1166 551 ns
1203 487 1716 553 PROCESSIONE
1757 491 1816 552 s.
1853 447 2208 553 SPIRlTUS
2246 489 2466 552 ousr.
2515 492 2561 550 ι.

3339 483 3390 546 i‘l
3410 485 3478 548 Μ

230 601 325 654 τοῦ
353 598 561 668 Πατρὶς
594 597 686 652 τδν
732 590 881 664 Tib"),
927 599 1166 656 ενταῦθα
1221 601 1276 655 δὲ
1307 603 1366 656 τὸ
1426 603 1657 673 Πνεῦμα
1693 603 1790 656 τοῦ

1917 600 2159 671 tSpiritu
2191 612 2310 665 tuo,
2338 614 2387 657 et
2414 621 2444 656 α
2473 604 2606 668 [acie
2646 611 2738 656 tua
2777 617 2874 672 quo
2927 599 3125 668 fuﬁum
3169 599 3264 650 “‘i
3303 617 3318 649 ι
3364 597 3468 652 Fa-
3537 607 3542 612 '

232 691 443 762 Πατρὸς
481 691 576 744 καὶ
611 689 705 744 τοῦ
746 690 874 744 Υίοῦ
933 693 1236 763 προτιθεὶς,
1290 694 1388 747 καὶ
1434 695 1702 766 τδνγΥἱὸν
1743 697 1799 749 δὲ

230 784 394 838 πάλιν
422 781 587 836 αὐτὸν
641 782 738 836 τοῦ
781 784 1016 854 Πατρός.
1059 785 1170 837 Καὶ
1219 785 1384 838 Δαυῒδ
1439 787 1467 837 6
1505 785 1798 858 θεοπάτωρ

230 876 328 928 καὶ
355 875 610 945 βασιλεύς
637 892 652 908 ο
690 893 710 926 ι
763 876 886 930 Ποῦ
917 877 1188 944 πορευθῶ
1209 877 1330 932 ἀπὸ
1379 878 1487 932 τοῦ
1533 881 1800 948 Πνεύμαο

1901 694 2012 748 cies
2041 705 2222 749 au'em
2258 695 2429 749 Patris
2460 693 2629 749 Filius
2655 703 2737 748 est
2765 710 2778 747 :
2819 712 2836 744 ι
2867 694 2972 758 Qui
3001 692 3137 746 enim
3165 692 3294 746 vidit
3321 709 3418 754 me,
3451 711 3469 743 ι

1904 782 2100 853 inquit,
2157 803 2176 836 ι
2213 787 2338 839 vidit
2383 797 2433 839 et
2471 785 2681 839 Patrem
2723 802 2891 838 meum
2928 785 2994 838 "’.
3033 805 3050 836 ι
3113 785 3266 850 Quod
3317 787 3476 853 paulo

1903 884 2024 944 post
2047 876 2220 930 oratio
2264 879 2464 932 clarius
2499 877 2914 932 demonstrabit.
2956 876 3080 930 H:ec
3116 893 3238 930 eum
3271 879 3346 931 ita
3381 877 3477 932 de-

230 969 333 1034 τός
357 983 498 1032 σου,
538 968 634 1021 καὶ
657 968 773 1022 ἀπὸ
797 967 905 1021 τοῦ
922 969 1250 1036 προσώπου
1268 987 1385 1026 σου
1402 972 1519 1025 ποῦ
1547 975 1746 1042 φύγω
1779 992 1797 1025 ι

1917 975 2047 1022 :reta
2082 968 2188 1022 sint
2223 969 2291 1022 ab
2320 969 2599 1031 omnibus,
2627 967 2898 1021 nudenam
2934 968 2986 1021 in
3021 967 3230 1030 ordine,
3261 969 3352 1037 qui
3385 980 3469 1021 est

233 1059 538 1130 Πρόσωττον
591 1059 648 1112 δὲ
703 1059 798 1113 τοῦ
834 1060 1047 1130 Πατρδς
1102 1062 1132 1114 6
1187 1062 1334 1127 Υἱός.
1379 1081 1399 1114 ι
1446 1062 1508 1116 '0
1533 1063 1803 1133 ἑωρακὼς

233 1150 345 1218 γὰρ
378 1148 506 1217 ἐμὲ,
544 1167 562 1199 ι
599 1149 786 1218 φησὶν,
825 1169 842 1200 ι
893 1149 1118 1217 ἑώρακε
1165 1153 1272 1204 τόν
1321 1153 1552 1223 Πατέρα
1593 1172 1735 1221 μου.
1778 1174 1796 1206 s

233 1241 310 1294 Τὸ
334 1241 392 1293 δὲ
423 1246 620 1310 μικρὸν
647 1241 872 1313 ὕστερον
904 1244 932 1296 6
965 1243 1120 1311 λόγος
1143 1245 1416 1309 ἀποδείξει
1451 1249 1802 1316 τρανότερον.

233 1331 456 1386 Τούτων
489 1332 634 1386 οὕτω
691 1336 803 1394 τοῖς
838 1335 971 1387 πᾶσι
1028 1337 1469 1406 γινωσκομένων,
1524 1338 1690 1392 πόθεν
1739 1339 1804 1391 ἂν

231 1420 348 1492 εἶχε
394 1425 493 1494 τὴν
546 1425 691 1478 κατά
737 1425 837 1496 τὴν
876 1428 1259 1498 ἀπαρίθμησιν
1315 1430 1470 1496 τάξιν
1503 1430 1804 1502 ἐναλλαγὴν

232 1514 342 1566 τῶν
374 1515 657 1584 ὀνομάτων
682 1517 952 1583 κακίζειν,
987 1518 1242 1573 ἀσέϐειάν
1267 1537 1325 1573 τε
1361 1520 1568 1591 ταύτην
1593 1523 1804 1576 ἀποκαο

229 1605 368 1670 λεῖν,
419 1607 516 1660 κα)⁵
565 1609 661 1675 τῆς
715 1607 1068 1681 ὑγιαινούσης
1119 1611 1353 1676 πίστεως
1397 1614 1747 1685 ἀλλοτρίωσιν
1778 1619 1806 1671 6

229 1699 331 1767 τὴν
359 1698 500 1751 κατά
526 1698 762 1769 Χριστὸν
793 1701 1044 1754 παιδείαν
1074 1702 1332 1756 ἐπέκεινα
1364 1705 1582 1758 πάντων
1619 1707 1800 1778 μαθηο

231 1788 473 1854 τευθεὶς,
539 1791 635 1844 καὶ
685 1791 892 1862 ταύτην
925 1793 1170 1864 ἀκριϐῶς
1222 1795 1552 1866 ὲξασκήσας,
1604 1799 1680 1863 ὡς
1711 1801 1808 1854 καὶ

233 1882 354 1946 τοῖς
381 1881 563 1945 ἀλλοις
590 1883 846 1951 γενέσθαι
879 1885 1224 1950 διδάσκαλος,
1257 1888 1284 1938 6
1327 1888 1492 1958 μηδὲν
1516 1889 1613 1958 τῆς
1641 1892 1806 1960 εὐαγ-

232 1973 466 2042 γελικῆς
496 1975 772 2038 πυκτίδος,
808 1977 902 2028 καὶ
937 1977 1046 2030 τῶν
1081 1979 1296 2032 σεπτῶν
1318 1981 1624 2036 ἐπιστολῶν
1651 1984 1805 2037 Παύ-

233 2063 334 2116 λου
375 2064 468 2117 τοῦ
502 2065 843 2137 θεοκήρυκος
867 2068 1018 2139 παρὰ
1051 2072 1229 2125 πάντα
1256 2072 1348 2126 τὸν
1381 2073 1497 2144 βίον
1536 2077 1801 2147 προτιμόο

233 2171 400 2224 τερον
453 2157 844 2227 ήγησάμενος;
873 2161 983 2214 τῶν
1013 2161 1069 2214 δὲ
1108 2164 1411 2218 Δαυῖδικῶν
1467 2167 1716 2236 Ψαλμῶν
1745 2167 1807 2222 τὸ

232 2244 404 2313 βάθος
438 2247 749 2317 ὲξιχνιάσας
789 2251 890 2304 οὐκ
936 2252 1166 2316 ἀπεικὸς
1217 2254 1292 2318 ὡς
1323 2259 1519 2326 ἄριστα
1573 2259 1806 2330 διερμη-

230 2339 424 2392 νεῦσαι
459 2339 553 2391 καὶ
586 2343 655 2393 τά
686 2341 821 2403 τέως
847 2342 1054 2398 τούτων
1083 2346 1343 2401 δοκοῦντα
1374 2350 1674 2419 δυσέφικτα
1695 2355 1806 2416 τοῖς

232 2432 474 2495 πολλοῖς.
520 2432 664 2499 Ἐγὼ
695 2434 796 2502 μὲν
824 2434 918 2488 οὖν
942 2436 1052 2489 οὔτ’
1077 2438 1144 2492 ἂν
1189 2439 1354 2510 φαίην
1385 2442 1536 2504 ποτὲ,
1569 2445 1662 2497 καὶ
1698 2444 1808 2498 τῶν

231 2522 508 2591 λεγόντων
540 2526 736 2588 οἵτινές
779 2530 887 2581 εἱσι
936 2532 1370 2602 παραφροσύνην
1409 2533 1806 2602 καταγινώσκω

232 2615 445 2684 πολλήν
473 2632 488 2648 ·
525 2617 651 2671 inet
677 2620 784 2671 τῶν
813 2620 906 2672 δύο
934 2621 1140 2675 τούτων
1173 2622 1234 2676 ἓν
1266 2625 1330 2693 γέ
1355 2643 1406 2678 τι
1428 2628 1647 2690 πάντως
1678 2646 1806 2682 συνο

234 2707 487 2773 ἀγουσιν,
553 2707 585 2778 ἢ
639 2709 702 2762 τὸ
735 2709 810 2780 μὴ
841 2714 963 2774 ταῖς
1016 2712 1190 2778 θείαις
1222 2719 1448 2780 ταύταις
1489 2718 1582 2770 τὸν
1635 2719 1810 2789 μέγαν

241 2801 666 2872 ἐντετυχηκέναι
693 2807 917 2870 φωναῖς,
946 2805 1082 2876 ὅπερ
1106 2807 1388 2874 ἀδύνατον,
1419 2812 1479 2863 οὐ
1501 2813 1608 2882 γὰρ
1626 2813 1690 2866 ἂν
1717 2814 1808 2868 τὸν

234 2909 296 2943 το
309 2893 495 2946 τοῦτον
523 2894 650 2963 περὶ
673 2895 770 2964 τὴν
795 2897 902 2950 τῶν
927 2899 1088 2969 ἱερῶν
1110 2900 1322 2969 Λογίων
1343 2901 1591 2968 ἐξέτασιν
1610 2907 1665 2958 ai
1685 2905 1809 2960 καθ’

234 2983 481 3054 ικάστην
519 2985 706 3054 σχεδὸν
735 2986 822 3040 ἐπ’
863 2987 1165 3059 ἐκκλησίας
1193 2992 1274 3056 είς
1322 2993 1508 3065 κοινὴν
1542 2998 1811 3069 ἀκρόασιν

235 3075 762 3145 ἀναγινωσκόμεναι
799 3080 992 3150 ῥήσεις
1037 3082 1307 3147 διέλαθον,
1339 3084 1372 3156 ἢ
1400 3086 1458 3139 τὸ
1490 3089 1633 3142 κατά
1663 3089 1808 3158 γνώο

239 3184 357 3254 μην
389 3168 489 3240 τὴν
535 3171 786 3223 ἐναντίαν
813 3173 1027 3234 τούτοις
1059 3173 1298 3244 βαδίζειν
1345 3177 1529 3234 αὐτόν.
1561 3181 1671 3234 Καὶ
1706 3182 1809 3236 ποῦ

1831 1937 1881 1997 Β

1909 1058 2207 1112 secundum
2267 1059 2734 1112 enumerationem
2761 1102 2774 1123 ,
2811 1058 3095 1111 nominum
3139 1057 3476 1112 immutatio-

1904 1161 2029 1201 nem
2084 1149 2394 1218 improbare
2447 1150 2643 1217 potuit,
2683 1148 3124 1218 impietatemquc
3176 1165 3293 1203 eam
3338 1166 3482 1204 nun-

1907 1253 2126 1308 cupare,
2164 1252 2216 1294 et
2247 1255 2393 1295 sana!
2432 1240 2552 1295 fidei
2613 1241 3014 1305 alienationem,
3046 1242 3136 1310 qui
3181 1242 3475 1297 secundum

1905 1331 2182 1386 Christum
2237 1332 2542 1385 doctrinam
2578 1348 2737 1401 supra
2771 1334 2907 1388 alios
2937 1334 3164 1387 edoctus
3199 1349 3316 1388 cam
3349 1335 3480 1387 adeo

1905 1421 2173 1491 exquisite
2220 1424 2486 1488 exercuit,
2523 1432 2579 1476 ut
2627 1422 2750 1476 aliis
2797 1425 2958 1476 etiam
2993 1423 3182 1478 ductor
3222 1427 3479 1486 evaserit,

1905 1523 1959 1568 et
1986 1514 2076 1583 qui
2125 1513 2269 1568 libro
2320 1513 2667 1584 Evangelico,
2712 1523 2764 1568 et
2823 1513 2972 1568 Pauli
3013 1516 3181 1568 divini
3219 1518 3484 1586 prateonis

1906 1605 2079 1660 sacris
2115 1603 2371 1674 Epistolis
2410 1621 2533 1660 cum
2591 1607 2816 1671 viveret,
2875 1605 3009 1659 nihil
3051 1607 3241 1661 habuit
3284 1607 3484 1674 pretio-

1907 1695 2047 1759 sius,
2095 1696 2484 1750 Davidicorum
2528 1711 2658 1751 vero
2705 1695 3042 1750 Psalmorum
3089 1695 3357 1766 profunda
3388 1714 3484 1752 ex-

1909 1790 2177 1858 piscatus,
2235 1804 2342 1843 non
2389 1789 2596 1858 abiecte
2629 1829 2644 1853 ,
2679 1791 3035 1843 sed-omnium
3097 1790 3320 1860 optime,
3366 1807 3486 1860 quae

1908 1894 2132 1938 eatenus
2159 1884 2344 1938 multis
2393 1893 2549 1952 captu
2584 1883 2819 1937 diilicilia
2879 1891 3056 1946 erant,
3099 1883 3484 1953 interpretatus

1909 1986 2013 2030 est.
2043 1975 2356 2045 Egoitaque
2384 1990 2665 2044 nunquam
2700 1975 2750 2028 id
2786 1983 3090 2030 asserentes
3115 1975 3349 2045 ingentis
3388 1977 3488 2030 de-

1911 2068 2126 2123 mentia:
2154 2067 2547 2132 insimularem,
2583 2083 2706 2122 cum
2743 2082 2809 2122 ex
2839 2067 3058 2122 duobus
3109 2067 3338 2122 alterum
3373 2083 3490 2120 oin-

1915 2160 2046 2214 nino
2104 2159 2388 2229 colligant;
2441 2169 2532 2213 aut
2576 2174 2828 2229 magnum
2877 2159 3021 2214 hunc
3065 2161 3240 2212 virum
3279 2162 3331 2214 in
3385 2159 3484 2214 bas

1912 2268 2072 2310 voces
2103 2268 2210 2308 non
2247 2253 2530 2320 incidisse,
2563 2254 2708 2323 quod
2745 2252 2858 2306 ﬁeri
2893 2253 3105 2321 nequit,
3140 2269 3314 2323 neque
3341 2255 3496 2306 enim.

1915 2346 2061 2401 hunc
2089 2345 2142 2398 in
2179 2344 2350 2400 sacris
2381 2340 2625 2413 Eloquiis
2652 2342 3029 2397 examinandis
3062 2343 3221 2396 talem
3252 2352 3465 2396 tantum

1913 2450 2036 2504 que,
2073 2449 2194 2504 qua:
2237 2433 2355 2489 fere
2387 2434 2620 2502 singulis
2649 2433 2843 2488 diebus
2877 2433 2930 2486 in
2973 2433 3206 2488 ecclesia
3253 2433 3308 2487 in
3338 2450 3490 2488 com-

1916 2541 2138 2582 munem
2171 2527 2417 2580 omnium
2445 2526 2778 2580 audientiam
2813 2526 3136 2594 legebantur
3167 2527 3450 2580 latuisse-nt
3471 2541 3487 2554 ·

1915 2631 2009 2674 aut
2031 2619 2311 2676 contraria
2353 2620 2676 2674 sentientem
2725 2620 2808 2672 via
2860 2627 3024 2689 atque
3065 2618 3143 2673 illi
3181 2621 3284 2673 alia
3317 2619 3491 2673 inam-

1916 2716 2122 2770 bulare.
2175 2714 2239 2768 Et
2273 2715 2545 2786 quomodo
2577 2715 2628 2769 id
2665 2713 2828 2770 fuerit
2875 2714 3197 2770 Christiana:
3223 2717 3492 2770 constitu-

1917 2804 2124 2860 tionis?
2172 2803 2307 2858 Nam
2339 2805 2536 2874 injuria
2562 2805 2640 2859 sic
2682 2804 2887 2875 prolata
2927 2820 3165 2876 quonam
3211 2806 3485 2875 procedat,

1915 2896 2172 2952 omnibus
2219 2897 2681 2952 considerandum
2727 2898 2996 2967 relinquo.
3030 2895 3136 2951 Sed
3180 2912 3276 2951 nec
3309 2906 3489 2950 mente

1915 2989 2129 3058 quidem
2159 2989 2467 3059 concipere,
2501 2997 2708 3044 tantum
2741 2989 2917 3053 abest,
2951 2997 3008 3042 ut
3038 2989 3198 3043 labiis
3236 2989 3483 3058 proﬁteri

1916 3081 2000 3136 fas
2023 3083 2114 3143 sit.
2147 3083 2295 3150 quod
2345 3083 2448 3136 hoc
2477 3081 2698 3152 quidem
2736 3080 3091 3151 impudentia:
3121 3095 3349 3138 summa:
3385 3091 3488 3146 est,

1917 3169 2045 3226 illud
2081 3171 2305 3226 convitii
2360 3169 2708 3242 infamiaeque
2768 3172 3012 3242 plenum.
3068 3170 3248 3238 Quare
3279 3173 3494 3228 divina-

235 3259 404 3312 τοῦτο
474 3260 866 3332 Χριστιανικῆς
925 3267 1350 3336 καταστάσεωςς
1411 3269 1493 3324 Τὰ
1544 3273 1655 3344 γὰρ
1712 3275 1811 3345 τῆς

1922 3279 2043 3317 rum
2072 3263 2266 3317 barum
2297 3278 2488 3318 vocum
2524 3263 2690 3333 probe
2714 3278 2934 3332 gnarus,
2965 3270 3020 3317 et
3053 3275 3240 3318 earum
3265 3272 3486 3320 senten-

236 3350 458 3420 ὓὸρεως
511 3350 686 3416 οὕτως
725 3352 853 3406 ἔνθα
899 3357 993 3408 καὶ
1046 3357 1332 3424 διαϐαίνει,
1394 3361 1636 3432 παρίημι
1687 3368 1816 3427 τοὺς

236 3442 455 3503 πάντας
495 3447 738 3499 σκοπεῖν.
802 3444 943 3499 ’Δλλ’
973 3447 1129 3501 οὐδὲν
1163 3449 1370 3503 τούτων
1401 3451 1522 3504 οὐδὲ
1565 3453 1816 3525 ἐννοῆσαι

236 3533 445 3604 χρεὼν,
479 3536 553 3606 μή
578 3537 665 3589 τοί
694 3555 758 3607 γε
802 3540 913 3592 τῶν
961 3540 1186 3611 χειλέων
1214 3547 1564 3612 προενεγκεῖν
1589 3563 1605 3578 ·
1641 3547 1722 3599 ὅτι
1755 3547 1816 3602 τὸ

239 3630 350 3696 μὲν
391 3627 779 3699 ἀναισχυντίας
827 3633 991 3701 γέμει
1028 3637 1252 3703 συχνῆς,
1293 3634 1356 3689 τδ
1401 3635 1457 3689 δὲ
1505 3637 1816 3709 δυσφημίας

238 3721 430 3789 πάσης
479 3721 787 3777 ἀνάπλεων.
839 3723 1002 3778 Ὥστε
1054 3725 1148 3778 καὶ
1200 3727 1311 3780 τῶν
1365 3729 1626 3783 τοιούτων
1656 3730 1816 3784 θείων

238 3811 443 3877 φωνῶν
503 3814 562 3867 ἐν
625 3813 830 3882 γνώσει
883 3817 1184 3888 τυγχάνων,
1249 3819 1443 3890 άκρως
1478 3836 1540 3873 τε
1606 3821 1817 3876 τούτων

235 3903 654 3973 ιπειλημμένος
687 3905 715 3957 6
755 3906 930 3976 μέγας
957 3906 1258 3974 Βασίλειος,
1285 3911 1381 3964 καὶ
1417 3911 1624 3972 ταύτας
1656 3914 1816 3986 στέρ⁹

235 4014 361 4062 γων
390 3997 636 4059 δεόντως.
670 3997 765 4051 ἅτε
797 3999 976 4060 καλῶς
998 3999 1249 4068 ἐχούσας,
1281 4004 1375 4056 καὶ
1407 4003 1812 4074 προσαποδεχόο

241 4104 433 4157 μενος,
469 4089 530 4142 ού
553 4089 652 4159 τὴν
680 4090 825 4143 κατά
848 4089 948 4160 τὴν
981 4092 1366 4162 ἀπαρίθμησιν
1394 4093 1501 4147 τῶν
1534 4094 1818 4164 ὀνομάτων

237 4180 568 4252 ιναλλαγὴν,
599 4181 698 4252 τὴν
723 4181 778 4235 δὲ
804 4181 925 4236 καθ’
953 4183 1188 4254 ὓπαρξιν
1212 4186 1458 4239 αἰτιᾶται
1487 4186 1690 4240 τούτων
1722 4203 1819 4258 μει

237 4275 488 4329 τάθεσιν.
527 4275 650 4329 Ὅτι
675 4276 731 4329 δὲ
762 4277 859 4330 καὶ
896 4277 958 4330 τὸ
1004 4278 1145 4330 κατά
1169 4278 1260 4331 τὸν
1307 4277 1570 4346 Θεολόγον
1611 4280 1820 4352 Γρηγό-

243 4383 368 4435 ριον
396 4366 639 4433 ἰσότιμον
675 4365 772 4418 τοῦ
797 4366 928 4420 1⁸ἱοῦ
958 4367 1054 4420 καὶ
1079 4366 1175 4420 τοῦ
1201 4366 1523 4438 Πνεύματος
1563 4367 1681 4422 οὔτι
1712 4386 1816 4423 που

237 4457 347 4526 τὴν
375 4455 610 4524 ὓπαρξιν
667 4457 929 4522 ὡσαύτως
985 4459 1130 4528 ἔχειν
1165 4459 1574 4527 καταναγκάζει
1603 4459 1812 4515 τούτων

238 4552 472 4620 ἀμφοῖν,
505 4550 579 4613 ὡς
619 4549 870 4604 ἐντεῦθεν
901 4551 1036 4620 μηδὲ
1067 4551 1220 4616 τάξιν
1256 4552 1377 4606 κατ’
1415 4553 1585 4624 αὐτὴν
1611 4555 1668 4607 ἐν
1697 4554 1820 4608 τού·-

1919 3357 2050 3410 tiam
2082 3357 2308 3426 pulchre
2347 3357 2548 3414 callens
2586 3371 2817 3428 magnus
2856 3355 3109 3421 Basilius,
3147 3371 3372 3426 easque,
3410 3361 3486 3412 uti

1917 3439 2028 3520 par.
2069 3457 2171 3515 est,
2199 3457 2456 3519 tanquam
2501 3448 2640 3504 bene
2685 3447 2918 3502 dictatas
2957 3447 3292 3518 amplectens
3339 3450 3490 3504 exci-

1919 3535 2207 3606 piensque,
2237 3552 2346 3590 non
2388 3536 2850 3602 immutationem,
2883 3553 3002 3606 quae
3037 3539 3321 3592 nominum
3353 3553 3492 3594 enu-

1919 3628 2239 3693 meratione,
2272 3628 2365 3682 sed
2399 3629 2697 3684 secundum
2727 3629 3100 3684 exsistentiam
3130 3629 3208 3696 lit,
3242 3639 3493 3702 transpo-

1918 3716 2172 3774 sitionem
2209 3720 2551 3777 criminatur.
2601 3719 2988 3777 Verumtamen
3021 3721 3492 3792 secunduqure-

1920 3812 2135 3881 gorium
2192 3810 2529 3884 'l‘bcologum
2593 3815 2857 3869 honorem
2933 3815 3197 3883 aqualem
3253 3813 3376 3869 Filii
3439 3826 3494 3870 et

1925 3903 2170 3976 Spiritus
2199 3913 2557 3976 utrorumque
2583 3906 2956 3961 exsistcntiam
2986 3921 3139 3978 teque
3173 3922 3232 3962 se
3265 3907 3488 3971 habere,

1921 4013 2026 4053 non
2064 4013 2280 4068 cogere,
2320 4007 2377 4052 ut
2409 3999 2534 4054 inde
2565 4013 2741 4070 neque
2765 4000 2900 4055 crdo
2923 4001 3133 4055 ratione
3159 3999 3304 4055 illius
3327 4002 3380 4054 in
3409 4001 3492 4054 his

1919 4090 2130 4160 penitus
2159 4091 2349 4144 nullus
2370 4091 2459 4155 sit,
2495 4105 2561 4145 ex
2595 4092 2922 4160 praelaudata
2955 4093 3128 4148 Patris
3162 4093 3493 4147 auctoritate

1920 4182 2174 4236 omnibus
2231 4181 2581 4237 manifestum
2633 4187 2925 4238 remanet:
2961 4182 3139 4239 Metuo
3187 4201 3248 4238 ne
3295 4185 3497 4254 princi-

1921 4273 2070 4343 pium
2099 4273 2410 4342 inferiorum
2448 4274 2763 4343 principium
2815 4275 3034 4343 faciam,
3083 4277 3166 4330 bis
3207 4275 3495 4330 manifeste

1921 4365 2176 4421 indicans
2223 4367 2434 4435 arqualc
2487 4382 2715 4436 prorsus
2769 4383 2892 4422 esse
2939 4369 3271 4438 principium
3327 4371 3506 4424 etiam

1927 4458 2056 4525 illis,
2076 4459 2168 4527 qui
2197 4473 2260 4512 es
2298 4458 2416 4528 ipso
2434 4467 2644 4524 sunt,et
2664 4460 2959 4530 principale
2977 4459 3044 4514 ab
3063 4459 3370 4530 aequalitate
3389 4477 3502 4516 non

1923 4547 2129 4612 dirimi,
2157 4563 2297 4617 quas,
2324 4557 2382 4603 ut
2406 4563 2527 4603 cum
2555 4551 2746 4604 eodem
2780 4551 2993 4619 loquar,
3025 4552 3290 4620 a’qualem
3325 4552 3504 4606 bono—

240 4660 362 4705 τοις
399 4643 538 4706 ὅλως
582 4642 758 4696 τελεῖν
815 4642 1065 4708 αὐτόθεν,
1103 4645 1167 4696 ὲκ
1213 4647 1312 4716 τῆς
1365 4645 1815 4718 προεκτεθείσης,

1927 4655 2040 4696 rem
2085 4649 2317 4704 naturae,
2347 4651 2399 4696 et
2453 4642 2736 4696 sentcntiae
2778 4643 3263 4711 conspirationem,
3295 4651 3353 4696 et
3382 4659 3498 4697 mo-

240 4737 416 4802 λέγω,
466 4735 738 4804 πατρικῆς
775 4735 982 4806 ταύτης
1037 4738 1311 4808 χρήσεως,
1365 4739 1674 4808 καταφανὲς
1705 4743 1818 4804 τοῖς

241 4827 500 4882 ὁπωσοῦν
529 4828 929 4892 ὲφιστάνουσιν.
963 4829 1210 4884 Δέδοικα
1245 4831 1376 4900 γὰρ,
1431 4832 1598 4900 φησὶν
1655 4835 1683 4884 6
1725 4833 1821 4901 μέ-

239 4937 375 4989 γας,
411 4921 528 4985 τὴν
588 4920 788 4988 ἀρχὴν
829 4919 916 4989 μὴ
945 4921 1286 4975 ἐλαττόνων
1339 4921 1538 4992 ἀρχὴν
1560 4922 1817 4988 ποιήσω,

241 5010 426 5080 δηλῶν
453 5011 516 5062 ὲκ
542 5009 737 5063 τούτου
780 5010 966 5078 σαφῶς
1004 5009 1080 5073 ὡς
1132 5009 1220 5079 ίση
1263 5012 1357 5064 καὶ
1387 5014 1420 5080 ἡ
1441 5010 1589 5082 ἀρχὴ
1618 5013 1732 5075 τοῖς
1760 5013 1818 5080 ἐξ

241 5103 420 5171 αὐτῆς
450 5103 665 5164 πάντως
697 5105 836 5168 ἐστὶ,
868 5103 963 5155 καὶ
1015 5105 1074 5156 τὸ
1115 5105 1346 5174 ἀρχικὸν
1375 5107 1474 5157 οὐκ
1505 5107 1817 5176 ἀναιρεῖται

241 5193 385 5266 πρὸς
415 5196 514 5265 τῆς
558 5197 823 5266 ἰσότητος,
864 5197 1007 5268 ἥτις,
1034 5196 1154 5250 κατ’
1188 5198 1352 5250 αὑτὸν
1376 5197 1588 5251 ’ἐκεῖνον
1617 5200 1815 5264 εἰπεῖν,

242 5286 543 5357 ὁμοτιμίαν
569 5287 808 5354 φύσεως,
841 5289 938 5342 καὶ
968 5287 1194 5358 γνώμης
1220 5287 1548 5357 σύμπνοιαν,
1573 5291 1669 5342 καὶ
1686 5307 1818 5344 ταυ-

245 5380 453 5448 τότητά
491 5380 763 5448 κινήσεως
803 5380 1070 5435 δείκνυσι.
1114 5379 1248 5448 Περὶ
1288 5379 1484 5432 τούτου
1528 5379 1694 5434 πάλιν
1755 5383 1814 5436 ὲν

242 5471 491 5540 δευτέρῳ
554 5471 663 5523 τῶν
729 5472 1034 5542 Εἰρηνικῶν
1093 5470 1424 5542 τρανότερον
1491 5475 1518 5526 6
1559 5472 1822 5542 θεηγόρος

243 5555 404 5625 οὗτος
447 5561 691 5629 διέξεισι,
727 5563 917 5632 Τριὰς,
961 5563 1155 5630 λέγων,
1191 5564 1270 5629 ὼς
1292 5563 1533 5632 ἀληθῶς
1563 5564 1602 5631 ἠ
1631 5565 1824 5634 Τριὰς,

243 5655 526 5724 ἀδελφοὶ,
570 5655 740 5723 Τριὰς
782 5657 851 5710 δὲ
903 5658 978 5710 οὐ
1015 5655 1375 5725 πραγμάτων
1416 5657 1649 5712 ἀνίσων
1677 5658 1829 5714 ἀπα-

241 5748 554 5816 ρίθμησις,
583 5747 721 5802 ἀλλ’
751 5749 901 5800 Ισων
939 5748 1040 5802 καὶ
1065 5750 1367 5816 ὁμοτίμων
1397 5749 1735 5818 σύλληψις,
1767 5751 1826 5816 ἐξ

242 5832 327 5892 ὧν
379 5841 476 5910 τὴν
525 5841 658 5908 πρὸς
687 5841 777 5892 τἰν
807 5839 1028 5908 Πατέρα
1085 5841 1419 5908 παρίστησιν
1457 5839 1681 5910 ἰσότητα
1731 5840 1824 5895 τοῦ

327 6001 371 6031 ¹⁴
399 6001 546 6058 i‘sal.
573 6017 832 6065 cunni,
863 6001 913 6057 7.
956 6001 1178 6056 "Joan.
1222 6016 1328 6066 MV,
1362 6001 1411 6053 9.

1925 4732 2090 4788 tionis
2120 4731 2560 4788 conformitatem
2588 4743 3004 4789 commonsn-at.
3065 4733 3140 4790 De
3171 4735 3273 4790 hoc
3303 4737 3506 4790 eodem-

1926 4827 2121 4880 itcrum
2151 4826 2204 4879 in
2257 4827 2493 4880 secunda
2533 4828 2780 4880 oratione
2825 4829 2891 4880 de
2934 4842 3066 4896 pace
3126 4827 3499 4898 diviniloquus

1932 4919 2036 4972 iste
2061 4918 2265 4973 clarius
2301 4919 2384 4973 bis
2428 4919 2608 4973 verbis
2658 4920 3006 4989 prosequitur
3038 4937 3052 4976 :
3109 4919 3346 4976 Trinitas
3385 4938 3499 4976 vere

1931 5007 2193 5073 Trinitas,
2244 5009 2460 5078 fratres,
2507 5009 2743 5065 Trinitas
2801 5028 2905 5065 non
2953 5013 3292 5082 iannalium
3324 5031 3504 5070 rerum~

1927 5100 2273 5164 enumeratio,
2305 5104 2397 5154 sed
2421 5101 2630 5168 parium
2662 5113 2708 5154 et
2750 5118 2814 5156 ex
2855 5119 3002 5171 «equo
3051 5105 3294 5158 honorem
3331 5106 3505 5168 possi-

1928 5194 2160 5248 dentium
2191 5194 2604 5263 comprehensio,
2637 5196 2838 5265 quibus
2868 5213 2995 5268 crga
3042 5197 3259 5254 Patrem
3295 5197 3416 5253 Filii
3447 5209 3501 5253 et

1931 5284 2164 5356 Spiritus
2202 5285 2488 5356 puritatem
2513 5286 2802 5342 conﬁrmat
2843 5307 2857 5344 :
2901 5289 2996 5344 sed
3038 5288 3508 5358 quemadmodum

1931 5379 2080 5434 hisce
2109 5389 2372 5449 paternus
2424 5383 2561 5433 ordo
2611 5395 2716 5434 non
2766 5380 2999 5448 laeditur,
3033 5398 3153 5436 cum
3190 5381 3293 5437 hac
3330 5383 3496 5438 etiam

1932 5472 2142 5528 ratione
2184 5471 2345 5528 Pater
2402 5474 2731 5544 principium
2813 5475 2906 5540 sit,
2952 5475 3032 5532 sic
3082 5485 3135 5530 ct
3187 5476 3239 5530 in
3284 5475 3422 5532 Filio
3449 5487 3503 5532 ct

1934 5564 2138 5634 Spiritu
2170 5565 2364 5620 horum
2418 5567 2700 5634 requalitas
2739 5567 3010 5630 ordinem,
3039 5567 3131 5636 qui
3160 5568 3213 5622 in
3255 5567 3364 5623 illis
3394 5577 3498 5630 est.

1934 5656 2156 5711 minime
2203 5656 2430 5714 dirimit.
2479 5657 2635 5713 Hunc
2685 5658 2868 5728 itaque
2907 5659 3160 5714 ordinem
3213 5659 3269 5714 in
3303 5657 3500 5714 Triadc

1935 5760 2261 5804 conservare
2323 5748 2557 5805 maxime
2611 5748 2982 5805 necessarium
3048 5758 3174 5814 est,
3228 5764 3390 5821 quem
3450 5759 3502 5802 et

1939 5856 2168 5911 magnus
2208 5839 2539 5896 Athanasius
2573 5839 2806 5910 perbelle
2831 5841 3032 5896 callens
3067 5843 3312 5899 oratione
3343 5843 3506 5898 tertia
