3974 6570
186 408 307 477 κει

1012 401 1110 464 DE
1147 398 1667 464 PBOCESSIONE
1703 400 1765 463 S.
1807 398 2165 463 SPIBITUS
2202 400 2426 464 ORAT.
2476 403 2529 465 Ι.

3286 400 3426 464 “22

183 527 270 583 καὶ
301 525 334 594 ἧ
364 519 515 586 τάξις
561 518 596 589 ἠ
646 514 1050 588 πολυύμνητος,
1100 517 1223 572 καθ’
1253 517 1322 588 ἢν
1363 518 1475 585 ἀπὸ
1503 515 1597 570 τοῦ
1635 517 1746 570 Πα-

1861 523 1997 571 runt.
2029 514 2095 570 Et
2125 517 2351 571 ubinam
2383 524 2608 586 paterna
2641 515 2900 589 dignitas,
2941 527 2996 573 et
3029 516 3165 573 ordo
3199 526 3276 574 tot
3294 500 3428 587 prae-

182 618 299 685 τρὸς
326 613 615 685 ἀρχόμενοι
648 609 790 663 κατὰ
830 608 893 661 τὸ
926 608 1074 671 εἰκὸς
1108 610 1198 664 ἐπὶ
1228 610 1322 663 τὸν
1374 609 1505 662 Tibv
1533 607 1747 680 χωροῦ-

186 724 294 778 μεν.
317 706 408 759 καὶ
431 702 604 766 οὕτως
632 703 725 755 ἐπὶ
752 704 815 754 rb
840 700 1064 770 Πνεῦμα
1091 700 1152 753 τὸ
1173 700 1329 768 ἅγιον
1352 700 1702 769 διαϐαίνομεν
1726 715 1741 766 ς

184 799 354 861 καθὼς
391 800 420 850 6
450 795 670 865 Νύσσης
696 794 993 864 Γρηγόριος
1031 796 1089 846 ὲν
1127 793 1208 863 τῷ
1241 796 1443 864 πρώτῳ
1468 794 1577 846 τῶν
1608 794 1744 863 πρὸς

184 892 434 959 Εὐνόμιον
475 887 918 958 Ἀντιρρητικὼν,
974 887 1070 939 Ἐκ
1102 886 1209 941 τοῦ
1250 887 1485 955 Πατρός
1508 885 1604 941 διὰ
1635 886 1744 941 τοῦ

192 983 319 1040 Υιοῦ
347 983 444 1035 ἐπὶ
480 984 544 1035 τὸ
575 981 818 1050 Πνεῦμα
854 980 1181 1050 χωροῦμεν,
1228 982 1413 1049 φησίν.
1457 981 1618 1034 Ἀλλὰ
1646 981 1745 1051 τὴν

188 1080 277 1149 μὲν
315 1077 448 1147 πρὸς
479 1075 635 1128 τοῦτο
679 1075 1032 1143 τελεωτέραν,
1066 1075 1159 1127 καὶ
1194 1074 1480 1144 κρείττονα
1510 1074 1664 1127 λύσιν
1689 1076 1745 1129 ἐν

183 1173 254 1240 τῷ
280 1168 510 1237 δευτέρῳ
533 1168 678 1236 λόγῳ
716 1165 1124 1235 ταμιευσόμεθα
1147 1165 1236 1218 διὰ
1268 1166 1328 1219 τὸ
1374 1166 1573 1235 μᾶλλον
1603 1184 1743 1238 χρη-

185 1258 419 1329 σιμεύειν
444 1262 622 1312 ἐκεῖσε
652 1258 855 1325 ταύτην
886 1258 1018 1327 ἡμῖν
1037 1272 1051 1287 ’
1082 1256 1176 1309 νῦν
1207 1256 1264 1309 δὲ
1290 1259 1541 1311 τοσοῦτον
1580 1259 1743 1325 μόνον

183 1350 366 1409 αὑτοὺς
393 1348 773 1418 ὶρωτήσομενο
810 1347 934 1410 Πῶς
964 1346 1057 1401 καὶ
1089 1346 1210 1398 τινα
1236 1347 1435 1416 τρόπον
1464 1346 1526 1399 τὺ
1551 1346 1746 1416 ὀμοού·

185 1457 291 1494 σιον
326 1440 405 1502 εἰς
458 1437 755 1506 ἀπολογίαν
801 1438 1006 1491 τούτων
1057 1438 1278 1491 πάντων
1329 1438 1743 1508 προϐάλλεσθες

185 1528 425 1595 Διότιπερ
479 1526 766 1595 ὁμοούσιον
816 1524 893 1596 τῷ
937 1526 1050 1598 Υἰῷ
1096 1525 1157 1579 τὺ
1191 1526 1413 1595 Πνεῦμα
1455 1527 1514 1579 τὸ
1566 1526 1745 1595 ἅγιον,

184 1618 265 1672 διὰ
292 1618 441 1672 τοῦτο
492 1620 559 1671 τὰ
593 1617 1029 1687 ὰπηριθμημὲνα
1079 1618 1277 1683 πάντα,
1332 1619 1423 1670 καὶ
1453 1618 1551 1680 τὰς
1602 1620 1747 1670 ἀνω-

184 1712 318 1781 τέρω
363 1712 569 1764 τούτων
633 1710 1023 1779 διαληφθεὲσας
1079 1709 1305 1778 κλήσεις
1366 1708 1510 1779 ἔχειν
1559 1709 1746 1776 λέγετε

186 1804 326 1874 παρὰ
358 1802 452 1857 τοῦ
482 1801 618 1856 Υἰοῦ
649 1805 744 1856 καὶ
772 1803 908 1870 πρὸς
937 1803 1028 1855 τὸν
1053 1803 1216 1869 Υίόν;
1250 1803 1360 1855 Καὶ
1393 1804 1441 1855 εξ
1465 1801 1525 1853 τὸ
1551 1801 1747 1872 ὁμοοῦ-

1854 606 2037 662 coniis
2064 608 2403 673 decantatus,
2459 624 2621 678 quem
2668 621 2961 679 sequentes
3010 625 3038 663 ο
3083 609 3244 666 Patre
3270 611 3428 668 initio

1852 697 2042 757 ducto,
2083 696 2158 749 iitl
2187 712 2284 766 par
2321 706 2424 760 est,
2471 697 2537 752 ad
2579 695 2776 751 Filium
2821 697 3047 767 gradum
3084 698 3340 763 facimus,
3374 706 3430 754 et

1854 789 1936 843 sic
1981 789 2139 858 plane
2192 789 2257 842 ad
2297 789 2559 859 Spiritum
2618 800 2866 845 sanctum
2925 792 3296 861 procedimus,
3348 791 3427 846 uti

1855 878 2136 950 Nysseuus
2189 879 2489 949 Gregorius
2543 882 2721 950 primo
2783 882 3048 937 adiersus
3104 884 3428 937 liuiioiiiium

1852 972 2214 1027 antiribetico
2241 990 2255 1026 :
2294 972 2377 1027 Ea:
2400 973 2559 1028 Patre
2591 991 2683 1045 per
2711 974 2903 1029 Filium
2928 976 2995 1028 ad
3025 972 3281 1044 Spiritum
3310 991 3433 1045 ρει-ο
3470 972 3480 995 ³

1853 1064 2227 1128 eem'mus,ait.
2267 1062 2370 1119 Sed
2395 1066 2780 1121 alisolutiorem
2807 1068 3181 1137 polimemque
3205 1069 3433 1135 hujusce

1854 1155 2180 1212 solutionem
2231 1158 2468 1218 secunda
2518 1160 2768 1213 oratione
2822 1160 3250 1222 reservaliimus,
3282 1160 3431 1229 quod

1854 1250 1929 1306 ibi
1966 1250 2124 1305 nobis
2154 1252 2324 1321 magis
2355 1251 2610 1319 prodesse
2642 1248 2944 1320 speramus.
2976 1249 3130 1306 Nunc
3166 1267 3293 1305 \‘et‘o
3320 1262 3435 1306 tan-

1855 1339 2027 1393 tillum
2060 1341 2129 1394 ab
2162 1341 2295 1405 ipsis
2335 1339 2652 1409 perquiram
2692 1356 2707 1393 :
2746 1338 3057 1406 Quomodo,
3112 1352 3167 1396 et
3199 1356 3305 1409 qua
3342 1356 3430 1396 ra-

1859 1436 2008 1489 tione
2031 1435 2279 1489 eamdem
2320 1448 2596 1501 naturam,
2638 1450 2761 1487 cum
2814 1436 2880 1490 de
2912 1435 2998 1490 liis
3057 1436 3313 1489 omnibus
3343 1451 3429 1489 re-

1854 1524 2156 1592 spondetis,
2205 1524 2545 1594 proponitis?
2593 1524 2731 1591 Quia
2798 1532 2883 1580 est
2932 1522 3181 1594 ejusdem
3226 1533 3436 1579 natura:

1859 1632 1984 1670 cum
2024 1613 2164 1670 Filio
2192 1618 2431 1684 Spiritus
2484 1627 2730 1679 sanctus,
2761 1627 3040 1686 propterea
3071 1626 3431 1669 aniiuiiieraita

1855 1710 2058 1768 omnia.
2091 1718 2144 1762 et
2165 1724 2327 1778 supra
2352 1707 2468 1779 jam
2514 1711 2756 1780 digestas
2782 1709 3175 1778 appellationes
3230 1708 3433 1761 habere

1856 1802 2037 1856 dicitis
2068 1817 2095 1854 a
2129 1800 2268 1855 Filio
2293 1811 2347 1857 et
2367 1814 2615 1872 respectu
2647 1800 2813 1856 Filii?
2847 1800 2911 1854 Et
2942 1802 2986 1856 si
3024 1801 3149 1870 quia
3184 1800 3429 1868 ejusdem

186 1911 290 1947 σιον
314 1896 487 1947 αἴτιον
514 1892 595 1964 τῷ
630 1891 907 1962 Πνεύματι
953 1891 1160 1945 τούτων
1193 1892 1457 1945 ἁπάντων
1488 1892 1628 1957 εστὶ,
1662 1891 1754 1944 καὶ

1861 1905 2070 1949 natura;
2100 1902 2204 1957 est,
2244 1903 2411 1948 causa
2450 1903 2554 1959 est,
2602 1895 2744 1963 quod
2779 1891 3015 1962 Spiritus
3045 1894 3190 1947 dieta
3248 1891 3434 1945 omnia

185 1986 276 2039 οὐκ
318 1986 452 2054 ἄλλη
496 2002 581 2048 τις
632 1987 816 2055 σχέσις
848 1984 1000 2054 παρὰ
1032 1983 1133 2054 τὴν
1177 1983 1594 2053 ὀμοουσιότητα,
1626 1981 1748 2036 καθ’

185 2076 246 2145 ήν
271 2075 611 2145 ᾠκειωμένον
658 2077 869 2141 πέφυκε
915 2072 990 2144 τῷ
1018 2073 1152 2144 Titii,
1194 2074 1291 2128 καὶ
1336 2073 1463 2143 ἑξῆς
1515 2075 1749 2143 μάλιστα

186 2165 256 2235 τῷ
276 2165 549 2236 ῐινεύματι
578 2165 656 2236 τῷ
691 2166 832 2235 ἁγίῳ
857 2165 916 2219 τὸ
946 2166 1228 2235 ὀμοούσιον
1254 2180 1270 2197 ·
1296 2166 1483 2236 ἐπειδή
1523 2183 1629 2234 περ
1658 2169 1751 2220 ἀν-

185 2260 452 2327 τιστρέφει
472 2258 534 2312 τὸ
550 2260 858 2328 ὀμοοὺσιον,
882 2259 974 2312 καὶ
995 2257 1185 2328 ὥσπερ
1200 2258 1484 2327 ὀμοούσιον
1505 2259 1565 2312 τὸ
1586 2258 1752 2312 Πνεῦ-

189 2367 259 2419 μα
282 2350 357 2420 τῷ
392 2349 529 2419 Υἱῴ,
555 2349 652 2402 καὶ
681 2350 708 2400 6
744 2349 862 2410 Tib;
890 2347 1176 2411 ὁμοοῦσιός
1209 2349 1324 2401 ἐστι
1348 2348 1423 2418 τῷ
1450 2348 1746 2418 Πνεῦματι,

184 2442 247 2495 τὰ
270 2442 735 2511 ἀναγεγραμμένα
771 2443 947 2494 πάντα
977 2440 1294 2510 ῥηθήσεται,
1332 2443 1423 2492 καὶ
1456 2440 1746 2494 ἀνάπαλιν.

190 2536 287 2589 Καὶ
316 2536 402 2588 ἵνα
430 2534 604 2589 ταῦτα
638 2534 758 2587 καθ’
783 2533 840 2586 ἓν
868 2532 1226 2587 ὲπαναλασὼν
1250 2532 1386 2603 πρὸς
1412 2534 1752 2601 σαφεστέραν

188 2626 453 2680 κάνταῦθα
492 2625 886 2697 παραθήσομαι
953 2625 1204 2695 δήλωσιν.
1255 2624 1433 2677 Εἱκὼν
1478 2623 1573 2677 τοῦ
1620 2623 1752 2677 Υἱοῦ

188 2719 244 2772 τὸ
272 2718 513 2789 Πνεῦμα,
542 2719 640 2772 καὶ
666 2720 696 2772 6
729 2717 857 2782 Tib;
894 2720 1058 2771 εἰκὼν
1088 2718 1154 2771 ἂν
1182 2717 1268 2789 εἴη
1292 2719 1383 2770 τοῦ
1412 2717 1750 2786 Πνεῦματος.

189 2812 376 2881 Μορφὴ
414 2814 474 2864 τὸ
520 2811 746 2881 Πνεῦμα
791 2810 884 2863 τοῦ
921 2810 1076 2874 Υἱοῦ,
1110 2811 1292 2882 μορφὴ
1326 2813 1419 2864 καὶ
1450 2813 1477 2863 ὁ
1505 2810 1632 2873 Υἱὸς
1659 2809 1752 2864 τοῦ

192 2902 493 2970 ﬂre-Spero;
570 2902 637 2957 ἂν
692 2902 926 2971 λέγοιτο.
991 2902 1290 2972 Πρόσωπον
1349 2902 1442 2955 τοῦ
1505 2902 1636 2955 Υἱοῦ
1694 2901 1755 2955 τὸ

192 2994 425 3065 Πνεῦμα,
453 2997 547 3050 uati
577 2996 606 3049 6
636 2995 762 3058 Tib;
794 2995 1178 3065 πρόσωπον“ἆν
1211 2996 1428 3049 καλοῖτο
1459 2996 1553 3048 τοῦ
1587 2994 1757 3051 Ilvati—

194 3102 368 3157 ματος.
406 3088 691 3156 Ἑνέργεια
720 3089 779 3141 τὸ
809 3089 1031 3158 Πνεῦμα
1058 3086 1154 3142 τοῦ
1204 3086 1356 3151 Υἱοῦ,
1387 3087 1635 3155 καθάπερ
1664 3088 1756 3140 καὶ

190 3177 468 3244 δέδεικται,
502 3179 625 3230 κατ’
654 3178 784 3232 αὐτὸ
817 3179 973 3231 τοῦτο
1006 3182 1098 3232 καὶ
1123 3181 1151 3233 6
1182 3179 1308 3241 Tib;
1342 3180 1591 3249 ἐνέργεια
1624 3179 1756 3230 πάν-

1850 1986 2155 2055 piissiileat,
2187 2000 2287 2039 nec
2320 1985 2426 2039 alia
2474 1987 2585 2038 ulla
2631 1986 2851 2048 relatio,
2882 1972 3082 2053 praeier
3116 1985 3257 2039 hanc
3284 1999 3436 2037 eain-

1851 2079 1971 2134 dem
2025 2087 2297 2142 naturam,
2335 2093 2439 2147 qua
2466 2079 2849 2147 appropriatiir
2873 2076 3030 2143 Filio,
3065 2087 3117 2131 et
3139 2092 3242 2157 qua
3267 2076 3437 2145 potis-

1855 2170 2056 2223 simum
2097 2169 2325 2240 Spiritui
2351 2180 2542 2225 sancto
2569 2170 2685 2224 haec
2709 2170 2895 2223 eadem
2922 2179 3116 2223 natura
3152 2168 3431 2233 convenit,

1852 2260 2300 2329 quandoquidem
2363 2246 2479 2315 haec
2530 2261 2720 2315 eadem
2796 2271 2991 2315 natura
3044 2273 3241 2316 contra
3308 2276 3435 2314 ver-

1853 2351 2005 2417 titur,
2042 2363 2094 2404 et
2124 2352 2203 2406 uti
2237 2351 2485 2420 ejusdem
2511 2360 2722 2407 naturae
2749 2361 2835 2407 est
2864 2351 3100 2421 Spiritus
3127 2369 3249 2407 cum
3271 2352 3433 2419 Filio,

1853 2443 1925 2497 ita
1956 2452 2011 2499 et
2045 2442 2214 2498 Filius
2247 2455 2331 2499 est
2352 2447 2598 2512 ejusdem
2626 2455 2838 2499 natura:
2865 2460 2989 2498 cum
3039 2446 3271 2515 Spiritu,
3299 2459 3429 2499 om-

1854 2537 1942 2589 nia
1983 2550 2149 2605 supra
2210 2538 2484 2605 descripta
2529 2538 2648 2591 vice
2695 2552 2852 2592 versa
2900 2538 3429 2606 pronuntiabuntur.

1854 2624 1984 2691 Qua!
2013 2628 2078 2680 ad
2106 2642 2272 2681 unum
2295 2627 2618 2695 recolligens
2643 2627 2708 2679 ad
2756 2629 2926 2697 magis
2960 2637 3233 2696 patentem
3273 2629 3436 2684 inti-l-

1855 2716 2061 2771 lectum
2098 2719 2183 2772 liic
2216 2732 2509 2785 apponam.
2561 2715 2744 2787 imago
2786 2718 2909 2772 Filii
2945 2717 3185 2789 Spiritus
3217 2729 3339 2784 est,
3380 2729 3437 2776 et

1855 2805 2027 2862 Filius
2074 2808 2255 2874 imago
2293 2809 2535 2878 Spiritus
2567 2809 2748 2863 fuerit.
2786 2807 2983 2864 Forma
3014 2820 3098 2865 est
3139 2810 3260 2866 Filii
3312 2811 3438 2883 Spi-

1856 2904 2015 2964 ritus,
2035 2902 2205 2955 forma
2228 2917 2447 2971 quoque
2472 2901 2706 2970 Spiritus
2724 2901 2895 2957 Filius
2919 2902 3212 2958 diceretur.
3246 2904 3435 2961 Facies

1858 2991 1978 3045 Filii
2031 2991 2290 3061 Spiritus,
2319 3001 2373 3047 et
2409 2990 2584 3048 Filius
2629 2992 2800 3049 facies
2846 2993 3083 3064 Spiritus
3121 3006 3434 3055 vocaretur.

1859 3084 2018 3137 Actio
2047 3083 2172 3138 Filii
2201 3084 2460 3156 Spiritus,
2498 3094 2556 3138 ut
2585 3094 2866 3140 ostensum
2898 3094 3002 3149 est,
3028 3087 3095 3139 ob
3115 3086 3255 3142 hanc
3284 3102 3438 3142 vam-

1861 3175 1981 3231 deiii
2013 3178 2279 3231 rationem
2328 3186 2380 3231 et
2414 3177 2591 3232 Filius
2626 3179 2801 3233 modis
2834 3179 3086 3231 omnibus
3138 3181 3281 3233 actio
3312 3178 3435 3248 Spi-

191 3284 289 3332 τως
315 3270 642 3342 ὀνομασθείη
673 3269 767 3322 τοῦ
798 3270 1135 3341 Πνεῦματος.
1179 3270 1363 3341 Ῥἦμα
1410 3270 1502 3323 τοῦ
1544 3269 1671 3322 Υἱοῦ
1700 3271 1758 3323 τὸ

1862 3268 2000 3321 ritus
2033 3277 2473 3336 nuncuparetur.
2534 3267 2767 3322 Verbum
2820 3269 2941 3323 Filii
2973 3269 3214 3339 Spiritus
3239 3282 3342 3338 est,
3379 3280 3435 3326 (ι

194 3363 437 3435 Πνεῦμα,
466 3364 619 3433 ῥῆμα
668 3364 762 3416 τοῦ
817 3363 1135 3432 Πνεῦματος
1180 3362 1246 3416 ἂν
1288 3363 1756 3434 προσαγορευθείη

192 3458 279 3509 καὶ
313 3459 342 3510 6
373 3457 524 3520 Υἱός.
559 3456 665 3509 Καὶ
696 3455 803 3528 μὴν
829 3456 959 3510 [διον
1008 3457 1102 3510 τοῦ
1136 3455 1266 3510 Υῐοῦ
1302 3458 1363 3510 τὸ
1390 3457 1632 3526 Πνεῦμα,
1666 3459 1759 3509 καὶ

190 3549 358 3613 6Tib;
405 3551 538 3613 ἴδιος
580 3552 646 3603 ἂν
677 3550 912 3620 ὑπάρχοι
953 3549 1047 3603 τοῦ
1084 3551 1421 3613 Πνεῦματος.
1462 3550 1606 3619 Πρὸς
1638 3549 1763 3601 τοῦ·

191 3656 297 3702 τοις
350 3641 570 3695 δίδωσιν
619 3643 648 3694 6
694 3641 818 3705 Tib;
867 3643 926 3695 τὸ
974 3640 1216 3711 Πνεῦμα,
1250 3642 1420 3712 διδοίη
1453 3641 1519 3695 ἂν
1578 3643 1673 3694 καὶ
1700 3641 1760 3694 τὸ

194 3731 408 3803 Πνεῦμα
454 3735 549 3787 τὸν
578 3732 724 3787 Υἱόν.
763 3734 1001 3802 Χορηγεῖ
1031 3733 1060 3785 6
1099 3733 1224 3795 Tib;
1274 3733 1334 3786 τὸ
1385 3732 1628 3803 Πνεῦμα,
1664 3733 1762 3787 καὶ

192 3820 249 3874 τὸ
284 3823 507 3894 Πνεῦμα
533 3823 628 3875 τὸν
663 3823 791 3875 Tibv
823 3824 1185 3893 χορηγήσειεν
1218 3822 1305 3877 ἄν.
1348 3822 1446 3876 Ἐκ
1494 3821 1589 3876 τοῦ
1627 3821 1759 3877 Υἱοῦ

193 3912 451 3982 λαμὸἁνει
471 3917 534 3969 τὸ
562 3915 811 3985 Πνεῦμα,
843 3914 1081 3984 λήψαιτο
1120 3916 1188 3970 ἂν
1218 3915 1311 3970 ml.
1346 3916 1376 3971 ὀ
1401 3917 1530 3979 Υἱὸς
1567 3918 1631 3969 ἐκ
1663 3916 1758 3970 τοῦ

198 4003 529 4075 Πνεῦματος.
564 4007 705 4060 Ὅσα
745 4006 858 4075 ἔχει
893 4007 953 4060 τὸ
994 4007 1219 4077 Πνεῦμα
1261 4008 1414 4077 παρὰ
1452 4007 1548 4061 τοῦ
1587 4008 1760 4076 Λόγου

195 4093 323 4165 ἔχει,
348 4101 440 4149 καὶ
471 4098 501 4150 ὁ
551 4095 676 4159 Tib;
722 4100 821 4151 ὅσα
856 4097 989 4168 ἔχει,
1037 4099 1192 4152 ταῦτ’
1222 4101 1288 4153 ἂν
1329 4099 1442 4169 ἔχοι
1486 4099 1636 4169 παρὰ
1666 4097 1761 4152 τοῦ

196 4187 527 4256 Πνεῦματος.
562 4190 659 4241 Διὰ
684 4194 779 4241 τοῦ
808 4189 1122 4258 Πνεῦματος
1144 4191 1172 4242 6
1202 4190 1331 4254 Tib;
1356 4194 1586 4260 ἐνεργεῖ,
1611 4192 1763 4262 ἐνερ-

194 4279 313 4348 γοίη
349 4278 415 4333 ἂν
444 4280 541 4333 καὶ
571 4280 634 4332 τὸ
664 4278 887 4350 Πνεῦμα
914 4280 1003 4333 διὰ
1030 4280 1124 4333 τοῦ
1174 4280 1323 4334 Υἱοῦ.
1366 4280 1710 4335 ’Δποστέλλει
1734 4283 1763 4336 6

195 4369 318 4434 Tib;
340 4352 400 4423 τὸ
424 4370 673 4440 Πνεῦμα,
708 4371 802 4424 καὶ
839 4371 1002 4434 αὐτὸς
1031 4371 1096 4424 ἂν
1126 4370 1458 4440 ἀποσταλείη
1487 4374 1637 4441 παρὰ
1666 4372 1761 4425 τοῦ

196 4458 530 4530 Πνεῦματος.
584 4458 808 4525 Δοξάζει
857 4462 917 4513 τὸ
947 4459 1170 4530 Πνεῦμα
1214 4460 1307 4514 τὸν
1359 4459 1507 4523 Tibv,
1549 4460 1762 4527 δοξάσοι

1860 3358 2091 3413 verbum
2125 3359 2365 3428 Spiritus
2420 3360 2788 3428 appellaretur
2831 3371 2883 3415 et
2921 3360 3113 3416 Filius.
3164 3362 3429 3417 Pra‘terea

1864 3451 2120 3519 praprius
2157 3460 2239 3504 est
2272 3449 2389 3504 Filii
2427 3449 2692 3520 Spiritus,
2733 3463 2787 3506 et
2816 3450 2984 3506 Filius
3010 3456 3261 3521 proprius
3286 3462 3435 3509 esset

1863 3541 2120 3610 Spiritus.
2145 3541 2224 3595 Ad
2257 3542 2392 3605 haec,
2415 3542 2633 3595 exhibet
2664 3533 2832 3595 Filius
2850 3541 3132 3611 Spiritum,
3153 3544 3441 3597 exhiberet

1861 3642 1913 3686 et
1943 3630 2138 3685 Filium
2160 3630 2419 3698 Spiritus,
2447 3633 2760 3700 suppeditat
2792 3633 2964 3687 Filius
2987 3630 3278 3701 Spiritum,
3301 3649 3434 3702 sup-

1860 3725 2125 3795 peditaret
2144 3735 2198 3779 et
2220 3722 2417 3777 Filium
2438 3724 2693 3791 Spiritus.
2710 3726 2784 3780 Ex
2807 3724 2944 3779 Filio
2960 3726 3149 3796 accipit
3178 3726 3437 3803 Spiritus,

1865 3818 2136 3885 acciperet
2165 3827 2219 3871 et
2239 3816 2408 3871 Filius
2431 3832 2461 3872 a
2486 3816 2714 3887 Spiritu.
2740 3817 3090 3889 Quaecunque
3122 3820 3285 3873 liabet
3307 3820 3434 3889 Spi-

1864 3910 2000 3963 ritus
2028 3924 2057 3963 α
2090 3908 2270 3963 Verbo
2296 3911 2476 3968 liabet,
2497 3917 2553 3963 et
2594 3909 2826 3964 Vi-rbuin
2869 3925 3209 3980 quascunque
3255 3913 3439 3978 liabet,

1866 3997 2090 4052 haberet
2113 3998 2388 4063 aSpiritu.
2431 3997 2537 4051 Per
2560 3998 2827 4069 Spiritum
2863 3998 3031 4056 Filius
3066 4013 3349 4071 operatur,
3386 4015 3442 4060 et

1864 4088 2101 4158 Spiritus
2127 4104 2218 4157 per
2234 4088 2433 4143 Filium
2459 4100 2801 4160 operaretur.
2856 4092 3015 4146 Mittit
3048 4093 3220 4149 Filius
3260 4096 3439 4164 Spiri-

1866 4189 2004 4241 tum,
2029 4189 2084 4233 et
2100 4180 2227 4252 ipse
2248 4197 2467 4250 quoque
2496 4196 2525 4234 a
2556 4181 2758 4250 Spiritu
2790 4183 3117 4241 mitteretur.
3151 4185 3438 4243 Gloriticat

1866 4272 2063 4327 Filium
2091 4274 2351 4341 Spiritus,
2389 4274 2725 4342 gloriﬁcaret
2753 4276 2914 4330 etiam
2950 4277 3209 4346 Spiritum
3236 4277 3432 4336 Filius.

1867 4364 1997 4431 Quae
2052 4366 2206 4419 audit
2271 4379 2303 4419 a
2344 4365 2480 4419 Filio
2516 4365 2783 4435 loquitur
2818 4368 3099 4436 Spiritus,
3158 4380 3211 4425 et
3269 4372 3439 4427 Filius

1867 4459 1996 4512 item
2066 4457 2321 4528 loquetur
2372 4473 2716 4528 quaecunque
2771 4459 3038 4515 audiverit
3104 4478 3133 4515 a
3205 4462 3437 4533 Spiritu.

198 4549 261 4603 ἂν
286 4552 380 4606 καὶ
410 4550 540 4616 Tib;
569 4551 631 4604 τὸ
673 4550 921 4620 Πνεῦμα.
962 4551 1177 4605 Ἐκεῖνα
1226 4549 1377 4603 λαλεί
1420 4551 1481 4604 τὸ
1518 4551 1760 4622 Πνεῦμα,

1872 4548 1926 4603 in
2000 4550 2224 4606 nomine
2276 4549 2396 4605 Filii
2453 4553 2683 4606 mittitur
2744 4567 2775 4606 a
2833 4550 2994 4608 Patre
3050 4551 3333 4624 Spiritus,
3389 4572 3445 4615 et

197 4642 291 4696 ὅσα
315 4643 505 4697 ἀκούει
557 4641 711 4712 παρά
733 4641 829 4695 τοῦ
858 4640 1013 4708 Υξοῦ,
1040 4643 1134 4695 καὶ
1159 4644 1188 4696 6
1219 4641 1347 4706 Tib;
1374 4644 1763 4714 ἐκεῖνα-λαλή-

198 4748 298 4799 σει,
325 4734 425 4788 ὅσα
474 4734 542 4789 ἂν
571 4734 796 4787 ἀκούσοι
842 4734 995 4805 παρὰ
1024 4732 1119 4787 τοῦ
1177 4734 1514 4805 Πνεῦματος.
1553 4736 1642 4788 Ἐν
1688 4734 1765 4804 τῷ

197 4824 413 4896 ὀνόματι
438 4825 539 4881 τοῦ
562 4825 693 4880 Υιοῦ
719 4826 998 4895 πέμπεται
1022 4825 1081 4878 τδ
1105 4826 1325 4896 Πνεῦμα
1353 4828 1504 4896 παρὰ
1530 4828 1762 4898 Πατρὸς,

197 4917 470 4990 πεμφθείη
511 4918 579 4974 ἂν
606 4918 701 4972 καὶ
735 4920 763 4972 6
792 4918 920 4980 Tib;
954 4919 1013 4971 ὲν
1054 4915 1134 4988 τῷ
1156 4918 1262 4986 ξτοῦ
1307 4918 1624 4989 Πνεῦματος
1652 4919 1768 4973 ὀνό-

202 5026 347 5078 ματι.
376 5008 649 5079 Τοιαύτην
678 5010 826 5074 τάξιν
845 5011 939 5063 καὶ
966 5008 1129 5079 φύσιν
1154 5012 1270 5080 εχει
1290 5010 1351 5064 τὸ
1376 5010 1601 5081 Πνεῦμα
1628 5014 1765 5084 πρὸς

201 5100 286 5155 τὸν
320 5100 472 5166 Tibv,
502 5100 623 5155 οἵαν
648 5103 676 5155 6
706 5100 833 5164 Tib;
876 5100 988 5172 ἔχει
1021 5101 1156 5170 πρὸς
1197 5100 1287 5155 τὸν
1320 5105 1556 5172 Πατέρα,
1584 5102 1772 5157 τοιαύ-

200 5209 293 5262 την
316 5195 380 5249 ἂν
406 5196 501 5248 καὶ
530 5196 559 5248 6
588 5193 716 5258 Tib;
744 5192 879 5264 πρὸς
904 5193 966 5246 τὸ
994 5192 1216 5263 Πνεῦμα
1244 5195 1336 5248 καὶ
1361 5195 1518 5261 τάξιν
1545 5196 1642 5248 καὶ
1670 5195 1774 5264 φῦ-

201 5300 305 5352 σιν,
326 5287 445 5340 οἷαν
479 5287 614 5340 αὐτὸ
651 5284 787 5355 πρὸς
811 5285 904 5338 τδν
943 5285 1180 5355 Πατέρα.
1226 5284 1540 5340 Κάντεῦθεν
1568 5286 1773 5358 σύγχυ-

1866 4639 2036 4696 Filiiis
2074 4643 2127 4696 in
2181 4643 2404 4697 nomine
2449 4642 2687 4712 Spiritus
2748 4647 3070 4702 mitteretur.
3134 4649 3287 4705 illum
3349 4668 3446 4707 or-

1874 4734 2058 4789 dinem
2117 4744 2173 4789 et
2236 4744 2487 4790 naturam
2550 4736 2716 4792 habet
2749 4736 2984 4808 Spiritus
3044 4757 3170 4813 erga
3219 4742 3442 4812 Filium,

1870 4842 2034 4895 quam
2069 4824 2242 4881 Filius
2274 4827 2437 4882 habet
2482 4842 2607 4899 erga
2640 4826 2853 4884 Patrem
2879 4872 2896 4898 ,
2949 4832 3094 4888 illam
3169 4836 3344 4906 ipsam
3389 4849 3445 4895 et

1871 4917 2044 4974 Filius
2086 4919 2312 4974 habebit
2344 4929 2594 4975 naturam
2623 4930 2679 4976 et
2708 4923 2956 4978 ordinem
2995 4940 3123 4996 erga
3150 4926 3441 5000 Spiritum,

1870 5027 2035 5082 quam
2071 5011 2161 5066 ille
2189 5011 2351 5065 habet
2376 5028 2501 5083 erga
2532 5013 2774 5071 Patrem.
2802 5013 2942 5071 Hinc
2970 5018 3221 5078 confusio
3243 5027 3437 5080 subse-

1868 5115 2066 5175 quetur
2097 5105 2151 5158 in
2180 5102 2401 5168 Triade,
2437 5118 2561 5176 qua:
2590 5106 2855 5177 Spiritqu
2888 5111 2943 5164 in
2979 5116 3230 5170 ordinem
3267 5118 3438 5189 cogit,

1869 5197 2003 5252 etin
2033 5196 2210 5251 oiliciu
2257 5205 2313 5250 et
2366 5197 2578 5253 ratione
2630 5201 2855 5256 retinet.
2921 5202 3076 5270 Quod
3111 5208 3239 5284 quis
3283 5226 3443 5281 aequo

1872 5290 2058 5345 animo
2097 5286 2284 5354 ferret,
2310 5289 2610 5346 dummodo
2648 5300 2812 5349 rectae
2847 5294 2972 5350 ﬁdei
3011 5298 3345 5355 addicatur?

202 5394 280 5445 ei;
317 5381 680 5455 ἀκολουθήσει
706 5384 773 5453 τῇ
817 5381 881 5434 τὸ
906 5380 1129 5450 Πνεῦμα
1165 5380 1244 5443 εις
1272 5379 1526 5446 εὐταξίαν
1555 5381 1763 5452 ἀγούσῃ
1802 5382 1993 5454 Τριάδι
2054 5384 2168 5446 καὶ,
2194 5384 2535 5457 συντηροῦσῃ
2599 5386 3079 5458 πρδς⁴εὐκοσμιαν
3115 5408 3174 5446 τε
3215 5396 3310 5447 καὶ
3346 5410 3448 5453 κα-

202 5474 475 5531 τάστασιν.
522 5477 588 5529 Ὃ
618 5476 701 5541 τις
736 5476 855 5529 ποτ’
880 5476 946 5530 ἂν
975 5476 1260 5545 ἀνάσχοιτο
1287 5476 1394 5528 τῶν
1423 5478 1764 5548 αἱρουμένων
1802 5478 2142 5550 ὀρθοδοξεῖνς

270 5567 365 5633 λς’,
407 5568 549 5637 Ἐγὼ
577 5568 620 5622 δ’
648 5571 861 5639 ἀκήκοα
882 5568 974 5623 καί
997 5586 1178 5633 τινων,
1205 5570 1233 5621 ὃ
1252 5586 1304 5621 τι
1334 5569 1400 5621 ἂν
1423 5569 1577 5638 τύχοι
1597 5570 1767 5639 φθεγ-

1943 5569 2034 5626 37.
2078 5564 2188 5641 Ego
2217 5588 2383 5643 porro
2415 5586 2444 5628 a
2481 5576 2757 5630 nonnullis
2798 5578 3004 5644 audivi,
3041 5580 3133 5655 qui
3172 5583 3447 5655 quidquid

204 5660 443 5727 γομένων
478 5662 673 5731 κομιδῆ
703 5660 1011 5730 προπετῶς,
1043 5660 1117 5723 ὡς
1154 5660 1305 5713 οὐδὲν
1332 5662 1530 5714 κωλύει
1558 5664 1649 5715 καὶ
1676 5664 1770 5715 τὸν

1875 5663 1928 5717 in
1981 5664 2207 5717 bucrain
2241 5668 2471 5728 venerit,
2504 5678 2704 5722 temere
2733 5672 3124 5740 obloquuiitur,
3157 5677 3292 5730 nihil
3340 5680 3443 5732 oli-

208 5750 327 5836 Υξδν
352 5754 526 5806 εἰπεῖν
554 5752 647 5805 τοῦ
676 5754 991 5824 Πνεῦματος
1024 5752 1173 5807 ἴδιον.
1214 5752 1328 5823 Ἐφ’
1356 5750 1437 5817 οἷς
1472 5753 1652 5807 ἔπεισί
1680 5772 1770 5825 μοι

1876 5765 2021 5811 stare
2044 5767 2095 5809 et
2122 5754 2318 5811 Filiiiiii
2348 5756 2582 5826 Spiritus
2626 5764 2908 5832 proprium
2951 5767 3133 5822 dicere
3166 5784 3181 5822 :
3219 5779 3272 5824 et
3300 5772 3448 5826 Subit

207 5838 519 5922 θαυμάζειν,
548 5844 663 5909 πῶς
704 5845 763 5898 οὐ
801 5845 1061 5915 τρέμουσι
1098 5844 1274 5913 λέγειν
1317 5845 1412 5915 ἀφ’
1466 5838 1704 5914 ἑαυτῶν,
1734 5845 1770 5903 ἃ.

1881 5863 1968 5904 ine
1995 5847 2309 5916 admiratio,
2344 5851 2619 5919 quomodo
2668 5868 2778 5909 non
2814 5856 3106 5925 trepidant,
3148 5875 3213 5915 ex
3250 5862 3447 5933 seipsis
