3882 6596
170 417 281 489 ιιιι

963 414 1058 475 DE
1099 407 1607 475 PROCESSIONE
1645 408 1706 468 S.
1750 406 2102 467 SPIlll'lUS
2142 406 2360 465 ORA'I’.
2408 404 2487 463 ll.

3234 396 3369 459 lli?

163 535 410 607 κρείττους
466 523 557 577 καὶ
622 524 1033 595 νουνεχέστεροι
1105 524 1392 578 πείθεσθαι
1458 520 1702 590 φιλοῦσιν

1818 532 1922 587 μιτῐξ
1965 530 2186 572 sensum
2231 526 2578 586 exsuperant,
2622 532 2743 571 cum
2786 530 2948 569 carne
2989 511 3373 581 imaginatione
3422 530 3423 533 ‘

162 625 396 695 ἀσμένους
426 618 480 670 ἐν
509 617 622 678 τοῖς
674 616 814 687 ὑπὲρ
848 617 1018 686 ἡμᾶς,
1050 614 1145 678 οὒς
1169 614 1264 667 καὶ
1311 614 1516 666 δίκαιον
1555 609 1696 678 γνώ-

168 734 258 792 μης
284 708 735 781 ύπερθαυμάζειν,
764 711 856 761 καὶ
891 708 1094 779 σφόδρα
1127 707 1351 768 τούτους
1382 704 1469 759 διὰ
1494 702 1697 765 παντὸς

166 800 509 873 ἀποδέχεσθαι.
560 802 705 869 Πρὸς
758 800 869 872 γάρ
895 817 977 853 τοι
1021 801 1147 862 τοὺς
1197 799 1412 862 ἄλλους,
1445 798 1559 850 ὅσοι
1597 795 1696 865 τὴν

165 899 271 969 περὶ
306 895 486 961 λόγους
531 893 780 946 παιδείαν
816 892 1035 947 πάντων
1071 890 1269 960 μικροῦ
1320 892 1573 959 προέχειν
1614 888 1699 941 δο-

164 988 383 1047 κοῦντες,
415 982 545 1051 πρὸς
593 981 672 1051 τῷ
708 982 935 1052 μηδενὸς
978 983 1111 1044 ὅλως
1147 980 1471 1051 φροντίζειν,
1521 980 1575 1033 εῐ
1615 977 1698 1040 τίς

165 1096 256 1133 που
281 1076 364 1129 καὶ
389 1073 564 1140 λέγειν
600 1075 656 1125 ὲν
689 1074 802 1135 τοῖς
832 1073 957 1142 περὶ
992 1074 1225 1135 πίστεως
1269 1072 1383 1140 ἔχει
1416 1088 1467 1123 τι
1502 1070 1697 1140 χρήσι-

167 1186 269 1239 μον,
291 1165 400 1219 οὐδὲ
426 1166 542 1226 ταῖς
569 1164 739 1233 ίεραῖς
770 1163 983 1228 ἀξιοῦσι
1011 1164 1303 1235 προσέχειν
1327 1163 1591 1233 Γραφαίς,
1625 1160 1702 1224 ώς

161 1261 238 1327 ἀφ’
263 1257 456 1311 ἐαντῶν
489 1255 646 1325 δῆθεν
681 1257 1071 1326 κατειληφότες
1106 1256 1167 1308 τὸ
1209 1254 1303 1307 τοῦ
1351 1255 1704 1323 κηρύγματος

163 1350 380 1419 ἀκριϐὲς,
416 1348 648 1416 ἁρμόσει
703 1348 764 1401 τὸ
817 1350 911 1401 τοῦ
959 1347 1288 1402 Ἀποστόλου
1350 1346 1561 1414 σαφῶς,
1620 1346 1704 1398 ὅτι

172 1435 627 1510 Ἑματαιώθησαν
665 1437 737 1491 ἐν
789 1437 919 1501 ταῖς
958 1436 1256 1500 διανοίαις
1304 1434 1524 1495 αὐτῶν,
1592 1433 1706 1502 φά-

162 1548 388 1596 σκοντες
438 1525 594 1583 εἶναι
641 1530 842 1599 σοφοὶ,
884 1528 1339 1598 ἐμωράνθησαν,
1386 1527 1472 1595 ἐφ’
1516 1518 1560 1593 ᾧ
1612 1524 1707 1579 καὶ

165 1625 241 1678 τὸν
272 1623 386 1675 νοῦν
419 1619 524 1673 ὑπὸ
572 1621 879 1687 κενοδοξίας
909 1620 971 1673 τὸ
1004 1621 1269 1691 παράπαν
1302 1617 1707 1686 τυφλώττοντες

165 1715 272 1776 τοὺς
294 1712 492 1765 ἑαυτῶν
541 1711 837 1782 λογισμοὺς
867 1713 965 1783 τῆς
996 1711 1104 1764 τῶν
1141 1711 1419 1782 θεηγόρων
1445 1708 1706 1778 Πατέρων

1812 623 2127 677 concepere.
2161 608 2279 669 llis,
2325 607 2485 678 paulo
2531 617 2652 662 ante
2683 604 3025 669 commorati,
3046 603 3157 658 imo
3183 617 3370 657 eorum

1809 697 2064 754 meliores
2098 700 2606 769 prndentioresque,
2628 682 2695 753 in
2728 699 2889 753 rebus
2935 713 3056 766 qua:
3081 710 3242 766 supra
3274 712 3372 749 nos

1802 800 1931 847 sunt
1976 792 2198 848 suaderi
2260 800 2464 856 amant,
2500 807 2636 860 quos
2675 801 2728 846 et
2762 791 2886 861 jure
2918 789 3219 845 merito'ob
3247 804 3373 844 sen-

1805 882 2025 938 tcntiam
2063 883 2298 939 maxime
2330 883 2633 949 laudamus,
2662 891 2717 937 et
2760 889 3023 954 perpetuo
3058 881 3375 951 recipimus.

1801 973 1938 1029 Aliis
1962 989 2112 1039 vero,
2160 976 2253 1044 qui
2285 975 2504 1030 dicendi
2547 986 2661 1031 arte
2709 983 2876 1046 atque
2903 973 3206 1029 eruditione
3248 973 3377 1026 reli-

1804 1082 1944 1133 quos
1977 1067 2113 1121 alios
2140 1081 2400 1137 superare
2432 1068 2534 1122 sibi
2590 1067 2866 1134 videntur,
2901 1084 3024 1124 cum
3057 1069 3191 1123 alias
3222 1083 3379 1123 men-

1806 1164 1911 1210 tem
1941 1170 2169 1223 prorsus
2198 1170 2302 1211 non
2334 1157 2623 1226 applicent,
2639 1157 2683 1213 si
2709 1158 2834 1229 quis
2854 1157 2920 1213 de
2951 1157 3052 1213 ﬁde
3075 1158 3375 1227 proﬁcuum

1805 1246 2008 1317 aliquid
2062 1263 2370 1318 propOnere
2425 1257 2618 1315 tentet,
2679 1264 2855 1320 neque
2893 1250 3026 1306 satis
3079 1249 3379 1318 Scriptnris

1806 1341 2048 1396 animum
2086 1339 2372 1396 advertere
2396 1342 2602 1406 volunt,
2635 1341 2791 1412 quasi
2819 1357 2887 1397 ex
2910 1357 3029 1398 sese
3053 1342 3376 1410 exquisitam

1807 1430 2210 1499 praedicationis
2271 1432 2537 1486 rationem
2584 1432 3104 1502 praeoccupaverint,
3158 1432 3380 1498 adapta-

1810 1521 1955 1576 bitur
1999 1536 2110 1577 non
2160 1522 2454 1592 incongrue
2511 1522 2641 1578 illud
2699 1522 2979 1592 Apostoli:
3042 1521 3378 1577 Evanucrunt

1808 1618 1863 1671 in
1885 1616 2292 1686 cogitationibus
2322 1617 2455 1682 suis,
2475 1633 2593 1671 cum
2614 1632 2667 1671 se
2686 1616 2954 1671 crederent
2968 1631 3074 1670 esse
3097 1615 3378 1681 sapienter.

1807 1708 1958 1764 stulti
2008 1710 2140 1780 facti
2199 1709 2419 1764 sunt“.
2484 1708 2623 1765 llinc
2651 1718 2707 1765 et
2758 1719 2991 1764 mentem
3053 1708 3123 1763 ob
3187 1722 3381 1773 vanam

159 1802 478 1864 διδασκαλίας
527 1802 935 1872 προκρίνουσιν.
984 1801 1184 1854 Ἐνίοτε
1231 1801 1286 1854 δὲ
1331 1800 1423 1854 καὶ
1455 1799 1710 1870 περιτρέ-

1818 1799 1896 1853 sui
1929 1798 2387 1854 existimationem
2418 1799 2576 1868 plane
2605 1798 2863 1853 obcaecati
2893 1796 3144 1869 proprias
3173 1796 3383 1866 cogita-

164 1913 269 1949 πειν
315 1893 603 1963 πειρῶνται
650 1894 787 1963 πρὸς
834 1893 895 1946 τὸ
922 1891 1112 1946 δοκοῦν
1142 1892 1325 1955 αὐτοῖς
1354 1891 1455 1962 τὴν
1508 1888 1703 1959 ἀκλινῆ

162 1989 251 2041 τῶν
275 1985 474 2056 ἀνδρῶν
504 1983 601 2035 τοῦ
635 1982 953 2052 Πνεύματος
972 1982 1204 2044 ἔννοιαν,
1233 1979 1552 2051 φιλονείκως
1576 1979 1708 2049 περὶ

160 2077 339 2144 ταύτης
370 2075 502 2144 πρὸς
535 2072 629 2137 οὓς
664 2072 730 2127 ἂν
754 2073 907 2143 τύχοι
930 2071 1325 2143 διαλεγόμενοι,
1350 2072 1444 2125 καὶ
1466 2071 1526 2124 οὐ
1553 2071 1730 2142 φρίτοι

159 2182 318 2220 τουσιν
350 2165 406 2217 ὲν
433 2163 492 2216 οὐ
538 2165 792 2227 παικτοῖς
820 2163 880 2216 τὸ
930 2163 994 2232 δὴ
1038 2164 1436 2234 θρυλλούμενον
1489 2162 1709 2227 παίζον-

159 2275 256 2324 τες,
289 2257 517 2327 μάλιστα
567 2255 625 2309 δὲ
662 2256 731 2311 τὰ
770 2255 890 2311 θεῖα
938 2256 1247 2310 διαϐάλλειν
1296 2254 1708 2320 σπουδάζοντες.

159 2353 253 2404 Καὶ
277 2348 508 2420 παρίημι
540 2348 718 2418 λέγειν
750 2350 876 2421 περὶ
906 2349 1012 2403 τῶν
1041 2349 1128 2404 διὰ
1166 2349 1357 2418 φθόνον
1404 2350 1501 2403 καὶ
1533 2351 1710 2421 μῖσος,

157 2443 245 2495 οὔκ
268 2441 436 2509 ὀλίγον
464 2440 577 2512 γὰρ
608 2443 722 2505 τοῖς
754 2440 951 2495 πάθεσι
983 2441 1196 2506 τούτοις
1237 2441 1540 2506 ἑαλωκότες
1578 2444 1712 2513 ἡμῖν

158 2533 471 2603 ἐπιφύονται,
510 2537 986 2606 παρατρεχόντων,
1035 2535 1069 2606 ἦ
1128 2536 1218 2589 καὶ
1265 2536 1714 2606 παραποιούντων

162 2625 321 2678 ἑκοντὶ
352 2622 450 2693 τὴν
484 2622 769 2695 ἀλήθειαν,
794 2622 876 2688 οἷς
907 2625 1126 2697 ἀπόχρη
1160 2626 1251 2680 καὶ
1280 2628 1443 2697 μόνον
1467 2630 1544 2692 είς
1564 2628 1716 2703 ἐξου-

159 2717 361 2769 όένωσιν
391 2717 449 2769 τὸ
478 2718 671 2781 κακοῖς
718 2716 813 2771 καὶ
853 2715 991 2773 εἶναι
1028 2718 1123 2774 καὶ
1154 2718 1518 2790 ὀνομάζεσθαι
1565 2720 1716 2791 παρὰ

158 2812 256 2873 τοίς
280 2809 473 2881 ἄριστα
500 2808 820 2880 διακρίνειν,
846 2812 939 2865 καὶ
962 2811 1275 2867 τελεώτατα
1306 2811 1431 2882 περὶ
1452 2811 1715 2866 τοιούτων

157 2902 521 2971 γινώσκουσιν.
560 2902 699 2956 Ἀλλ’
731 2905 926 2957 ἐκεῖνοι
957 2903 1054 2975 μὲν
1091 2903 1313 2967 τούτους
1339 2904 1433 2960 καὶ
1475 2905 1533 2959 τὸ
1576 2905 1717 2960 κατὰ

158 2993 265 3048 νοῦν
295 2994 607 3059 ἀναπολεῖν,
655 2993 760 3057 ἕως
794 2994 861 3049 ἂν
906 2994 1010 3048 ὑπὸ
1045 2993 1344 3065 βασκανίας
1392 2997 1528 3066 πρὸς
1571 2998 1718 3068 ἡμᾶς

158 3084 348 3157 ἐχθρῶς
379 3084 601 3155 ἔχοντες
648 3085 962 3157 ἀδιόρθωτοι
1019 3085 1278 3154 μένωσιν,
1326 3087 1620 3152 ἐπιϐλαϐές
1656 3106 1716 3142 τε

1816 1893 1988 1948 tiones
2046 1890 2508 1961 diviniloquorum
2567 1889 2796 1962 Patrum
2856 1890 3123 1947 doctrinis
3172 1903 3383 1958 praepo-

1810 1994 1965 2040 nunt.
2003 1985 2156 2055 Saepe
2183 1986 2346 2040 etiam
2382 1998 2610 2039 numero
2658 1984 2941 2038 immotam
2981 1983 3223 2038 virorum
3259 1980 3385 2050 Spi-

1809 2075 1948 2131 ritus
1971 2076 2292 2131 sententiam
2318 2084 2624 2145 pervertere
2642 2084 2926 2139 conantur,
2951 2074 3126 2130 utsibi
3146 2074 3386 2143 compla-
3434 2070 3445 2081 '

1810 2176 1917 2232 cet,
1951 2168 2291 2223 contentiose
2321 2167 2389 2224 de
2429 2182 2491 2222 ea
2538 2182 2662 2223 cum
2694 2167 2869 2223 obviis
2922 2166 3228 2236 quibusque
3268 2176 3384 2220 ser-

1814 2274 2031 2327 monem
2071 2259 2440 2325 conferentes,
2486 2273 2589 2315 nec
2633 2260 2881 2322 horrent,
2917 2259 2969 2313 in
2999 2257 3104 2313 illis
3133 2272 3164 2313 a
3187 2258 3384 2327 quibus

1811 2353 1973 2425 longe
2003 2359 2088 2408 est
2111 2352 2297 2423 jocus,
2353 2353 2500 2423 quod
2547 2353 2835 2423 proverbio
2870 2351 3064 2417 fertur,
3113 2352 3384 2416 ludentes,

1813 2455 1869 2502 et
1896 2447 2041 2517 quod
2070 2445 2313 2502 atrocius
2351 2453 2457 2513 est,
2505 2459 2724 2500 summo
2771 2446 2962 2501 studio
2985 2445 3170 2501 divina
3197 2443 3385 2501 crimi-

1816 2548 2040 2593 nantur.
2069 2536 2136 2591 Et
2177 2549 2441 2608 praetereo
2467 2539 2535 2595 de
2566 2537 2635 2592 iis
2685 2521 2887 2603 dicere,
2934 2538 3027 2607 qui
3059 2536 3185 2592 odio
3226 2549 3386 2607 atque

1817 2630 2135 2697 invidentia,
2176 2629 2260 2684 bis
2282 2630 2425 2686 enim
2454 2629 2740 2686 aﬁ‘ectibns
2768 2646 2875 2685 non
2916 2630 3203 2685 minimum
3238 2646 3387 2684 man-

1817 2720 2005 2791 cipati,
2031 2720 2088 2774 in
2121 2734 2222 2776 nos
2255 2729 2575 2789 assurgunt,
2616 2729 3067 2792 praetercurrunt,
3108 2728 3163 2774 et
3186 2721 3388 2773 verita-

1818 2822 1927 2868 tem
1979 2822 2173 2884 sponte
2219 2822 2554 2881 pervertunt,
2628 2813 2681 2866 in
2744 2827 2975 2882 quorum
3019 2820 3384 2881 contemptum

1816 2903 1951 2958 satis
1986 2903 2311 2975 abundeque
2337 2910 2443 2971 est,
2490 2905 2615 2958 dum
2668 2905 2899 2973 improhi
2954 2914 3009 2960 et
3048 2913 3385 2981 reputantur.

1817 3003 1870 3050 et
1901 3004 2286 3065 nuncupantur
2315 2994 2384 3051 ab
2411 2995 2632 3066 optimis
2670 3012 2849 3050 rerum
2875 2997 3067 3050 harum
3086 2996 3386 3066 judicibus,

1819 3097 1872 3141 et
1917 3086 2331 3158 perfectissimis
2362 3087 2760 3159 cognitoribus.
2797 3088 3181 3142 Verumtamen
3224 3090 3389 3142 hosce

159 3177 239 3229 καὶ
263 3178 622 3243 ἐπικίνδυνον,
658 3176 734 3249 μή
782 3193 916 3231 ποτε
943 3176 1038 3230 τοῦ
1077 3178 1173 3248 τῆς
1208 3178 1408 3242 κακίας
1450 3178 1531 3231 ίοῦ
1581 3180 1719 3251 πρὸς

1822 3178 1906 3234 vel
1946 3188 2123 3234 mente
2147 3178 2454 3249 concipere,
2491 3193 2775 3250 quousque
2835 3178 3080 3234 invident
3110 3178 3385 3242 obstricti,

156 3268 335 3332 αύτνὺς
386 3268 723 3336 ὑγιαίνοντες
786 3267 868 3321 ἔτι
929 3267 1023 3322 καὶ
1072 3269 1225 3322 αὐτοὶ
1289 3270 1710 3342 μεταλάϐωμεν.

154 3359 296 3413 Οὕτω
332 3360 429 3430 τῆς
463 3358 824 3413 θεοπνεύστου
882 3358 1307 3430 κατολιγωροῦσι
1358 3361 1601 3432 Γραφῆς,
1640 3360 1717 3425 ὡς

154 3451 179 3503 ὀ
209 3452 356 3521 λόγος
402 3452 618 3507 ἄνωθεν
658 3452 868 3521 φθάσας
903 3451 1005 3506 κᾶν
1055 3453 1331 3523 ἀμυδρῶς,
1382 3453 1519 3516 τέως
1552 3454 1597 3508 δ’
1622 3450 1717 3508 οὖν

156 3544 516 3615 παρεδήλωσε.
557 3544 634 3598 Δι’
668 3544 734 3615 ἢν
766 3545 949 3599 αἰτίαν
974 3544 1096 3597 οὐδὲ
1141 3545 1502 3615 προσϐλέπειν
1535 3547 1718 3609 αὐτοῖς

152 3633 398 3701 ὡσαύτως
441 3638 811 3709 διακειμένοις
844 3639 902 3691 τὺ
936 3637 1045 3692 ἀπὸ
1083 3637 1257 3705 τοῦδε,
1297 3638 1371 3708 μὴ
1413 3638 1497 3691 ὅτι
1526 3655 1718 3715 γεμε-

152 3726 407 3782 ταδιδόναι
432 3728 597 3797 λόγου
629 3727 813 3795 καλὸν,
840 3729 936 3784 ἅτε
973 3727 1049 3800 μὴ
1080 3729 1323 3797 κατόπιν,
1336 3728 1435 3800 τῆς
1464 3730 1572 3783 τῶν
1604 3732 1720 3785 θεο-

158 3819 325 3887 σόφων
373 3819 643 3892 Πατὲρων
696 3820 1087 3891 μυσταγωγίας
1120 3820 1179 3874 τὸ
1204 3820 1424 3875 σύνολον
1452 3822 1717 3891 βαίνουσι,

152 3914 261 3978 ταῖς
305 3913 544 3977 οἰκείαις
595 3913 652 3967 δὲ
700 3913 947 3983 γνώμαις
988 3913 1290 3984 στοιχοῦσιν
1340 3916 1627 3985 ἐριστικῶς
1663 3915 1722 3980 ἐξ

153 4008 392 4075 οἰήσεως.
431 4008 629 4079 Ἡμεῖς
686 4008 743 4061 δὲ
785 4009 949 4079 μηδὲν
1007 4008 1139 4062 ῐδιον
1191 4013 1407 4079 φρονεῖν
1454 4011 1487 4081 ἢ
1545 4012 1722 4081 λέγειν

154 4098 454 4165 τολμῶντες
505 4101 635 4171 περὶ
654 4098 812 4164 Θεοῦ,
847 4100 1093 4171 θρασέων
1138 4102 1246 4172 γὰρ
1289 4103 1588 4173 ἡγούμεθα,
1631 4106 1725 4158 καὶ

154 4191 210 4244 τὸ
238 4193 342 4246 πᾶν
372 4194 577 4257 εἰπεῖν,
613 4195 912 4262 ἀλογίστων
937 4193 1145 4263 ἀνδρῶν
1172 4194 1233 4248 τὸ
1270 4196 1596 4249 διανοεῖσθαι
1630 4199 1726 4249 καὶ

152 4282 321 4340 λαλεῖν
369 4287 467 4356 ἀφ’
505 4287 717 4340 ἑαυτῶν
749 4287 817 4340 τὰ
859 4285 951 4339 τοῦ
994 4285 1312 4356 Ηνεύματος
1352 4288 1519 4360 χωρὶς
1556 4288 1726 4342 Πνεύ-

155 4393 336 4447 ματος,
363 4380 467 4443 τας
492 4378 643 4450 ἱερὰς
670 4379 777 4433 τῶν
806 4380 976 4448 ἁγίων
1004 4381 1224 4450 γραφὰς
1267 4380 1386 4449 μετ’
1412 4380 1728 4450 ἐπιμελείας

152 4472 240 4523 καὶ
292 4473 541 4542 συνεχῶς
588 4472 1023 4543 ἀναπτύσσομεν,
1066 4474 1161 4526 καὶ
1216 4472 1418 4536 ταύτας
1465 4473 1542 4537 ὡς
1590 4473 1724 4526 Θεοῦ

1820 3281 1874 3326 et
1920 3271 2221 3327 nobiscum,
2247 3271 2565 3329 inimicitias
2597 3283 2846 3344 gerentes
2879 3272 3166 3327 incorrecti
3201 3287 3388 3343 perse-

1816 3373 2010 3417 verant
2041 3407 2055 3429 ,
2117 3378 2226 3418 non
2288 3364 2495 3435 absque
2548 3366 2791 3435 periculo
2825 3376 2877 3421 et
2908 3374 3151 3421 extremo
3195 3366 3389 3422 discri-

1817 3456 1964 3510 mine
2010 3463 2116 3520 est,
2152 3470 2219 3511 ne
2244 3471 2450 3512 veneno
2480 3457 2841 3527 improbitatis
2882 3472 2983 3513 nos
3028 3473 3245 3529 quoque
3295 3459 3385 3527 qui

1820 3548 1938 3602 sani
1980 3563 2194 3614 sumus,
2224 3547 2549 3603 inliciemur.
2611 3547 2701 3604 Sic
2748 3549 3006 3606 divinitus
3065 3550 3382 3619 inspiratam

1821 3640 2160 3709 Scripturam
2193 3640 2468 3708 despectui
2497 3639 2719 3706 habent,
2753 3651 2811 3695 ut
2841 3656 3006 3711 supra
3039 3650 3232 3705 oratio,
3266 3642 3390 3696 licet

1823 3733 2074 3795 tenuiter,
2093 3732 2277 3802 aliquo
2300 3742 2483 3787 tamen
2510 3734 2674 3788 modo
2695 3734 3044 3804 signiﬁcavit.
3068 3733 3391 3803 Propterea-

1821 3842 1928 3896 que
1950 3841 2043 3880 eos
2065 3825 2396 3893 inposterum
2419 3824 2498 3879 sic
2513 3825 2806 3894 dispositos
2829 3841 2935 3878 non
2969 3825 3192 3890 intueri,
3220 3829 3391 3880 multo

1824 3920 2006 3973 minus
2042 3917 2316 3986 colloquio
2356 3916 2590 3985 dignari,
2624 3917 2893 3987 optimum
2934 3916 3124 3981 fuerit,
3158 3933 3280 3971 cum
3316 3916 3390 3971 illi

1825 4027 1854 4067 a
1890 4010 2073 4064 divino
2103 4012 2328 4064 numine
2348 4010 2660 4065 edoctorum
2699 4011 2963 4082 vestigiis,
2994 4026 3171 4082 neque
3198 4011 3393 4065 divinae.

1824 4105 2082 4159 doctrinm
2119 4107 2397 4176 insistant,
2444 4103 2537 4157 sed
2570 4106 2809 4174 propriis
2866 4105 3215 4174 opinionibus
3255 4120 3389 4157 vana

1826 4194 1910 4248 sui
1949 4196 2381 4251 exsistimatione
2419 4196 2759 4251 contentiose
2787 4194 3068 4248 incedunt.
3113 4193 3223 4248 Nos
3264 4208 3393 4248 vero

1827 4287 1894 4343 de
1928 4284 2036 4343 Deo
2069 4288 2276 4358 aliquid
2311 4289 2595 4359 proprium
2633 4302 2806 4356 neque
2841 4296 3045 4350 tenere,
3085 4302 3258 4354 neque
3282 4287 3395 4340 elo-

1828 4380 1922 4451 qui
1952 4380 2233 4445 audentes,
2288 4381 2699 4435 temerariornm
2732 4379 2997 4448 siquidem
3046 4380 3096 4432 id
3126 4395 3190 4433 ac
3237 4379 3394 4447 plane

1831 4474 2064 4529 rationis
2087 4472 2305 4542 inopum
2345 4472 2624 4527 hominum
2648 4472 2887 4539 cogitare
2917 4481 2969 4525 et
2997 4473 3291 4526 decernere
3325 4487 3391 4525 ex

152 4561 325 4629 φωνὰς
355 4540 659 4636 διαρρήδην
687 4540 995 4629 ἀκούοντες,
1023 4566 1141 4628 ταῖς
1180 4564 1279 4636 τῆς
1328 4563 1554 4633 καρδίας
1584 4562 1723 4621 πλα-

1829 4565 2068 4635 propriis
2104 4540 2195 4618 de_
2225 4563 2434 4635 Spiritu
2470 4563 2678 4632 absque
2705 4560 2934 4631 Spiritu,
2979 4576 3139 4615 saera
3172 4572 3393 4615 saneto-

151 4651 226 4717 ξὶν
251 4656 690 4728 ὲγχαράττομεν,
720 4659 811 4711 καὶ
842 4657 931 4710 διὰ
962 4656 1211 4729 γλώττης
1260 4657 1396 4728 πρὸς
1433 4659 1557 4720 τοὺς
1588 4656 1723 4724 ἔξω·

152 4744 235 4798 θεν
262 4745 337 4811 ώς
387 4748 534 4814 ἐνὸν,
579 4752 629 4803 εί
675 4749 879 4821 δεήσει,
922 4751 1295 4821 προφέρομεν,
1335 4750 1723 4819 ἐπερωτῶντες

147 4831 251 4891 οἷον
277 4840 546 4894 ἑκάστοτε
587 4839 677 4894 διὰ
704 4840 811 4895 τῶν
840 4841 1096 4894 τοιούτων
1146 4841 1371 4912 γραφῶν
1404 4842 1525 4903 τοὺς
1554 4840 1723 4904 αὑτὰς

151 4924 515 4993 συλλαϐόντας
546 4932 641 4983 καὶ
678 4930 939 4993 τεκόντας
964 4933 1017 4982 ὲν
1044 4930 1321 5001 Πνεύματι
1354 4931 1481 5000 περὶ
1507 4929 1723 4983 πάντων

146 5019 249 5073 τῶν
287 5024 369 5085 είς
403 5022 697 5077 εὐσέϐειαν
731 5024 1064 5091 ἀνηκόντων,
1106 5024 1181 5086 ὼς
1225 5023 1473 5093 Πατέρας
1512 5026 1578 5094 τῇ
1622 5022 1714 5075 πί-

150 5125 257 5165 στει
294 5115 520 5175 κοινοὺς
556 5116 650 5168 καὶ
686 5115 1089 5186 πρεσϐυτέρους
1123 5117 1187 5185 τῇ
1217 5116 1325 5167 τῶν
1355 5112 1577 5184 ἡμερῶν
1604 5130 1715 5166 πα-

144 5199 381 5275 λαιότητι
411 5206 561 5259 κατὰ
584 5208 683 5278 τὴν
704 5207 796 5261 τοῦ
821 5208 1096 5278 μακαρίου
1128 5207 1408 5268 Maximam;
1437 5205 1719 5275 θειοτάτην

146 5296 236 5349 καὶ
273 5302 607 5370 σοφωτάτην
642 5302 988 5373 παραίνεσιν,
1013 5302 1107 5355 καὶ
1152 5298 1323 5354 ταῦτα
1365 5298 1462 5369 μὲν
1512 5299 1720 5367 μανθά-

144 5405 322 5453 νοντες
347 5394 639 5461 ἀσφαλῶς,
673 5395 769 5448 καὶ
797 5397 906 5458 τοῖς
936 5394 1115 5456 ἄλλοις
1140 5393 1326 5462 χρείας
1377 5390 1720 5444 καταλαϐού-

145 5496 240 5552 σης
266 5484 342 5547 ὡς
377 5486 615 5556 δύναμις
660 5489 1152 5559 παραπέμποντες.
1191 5482 1382 5539 Ἔνθεν
1421 5502 1501 5537 τοι
1532 5485 1625 5537 καὶ
1660 5482 1721 5535 τὸ

142 5576 314 5645 παρέν
363 5579 427 5642 ἐξ
461 5580 642 5632 αὐτῶν
668 5583 1127 5637 ἐκείνωννὲσεῖται
1162 5579 1226 5632 τὰ
1259 5580 1356 5648 τῆς
1392 5577 1721 5643 ἀποδείξεως

144 5668 271 5734 ἡμῖν
331 5675 431 5725 τοῦ
494 5674 857 5743 προκε;μένου
914 5672 1248 5743 ζητήματος,
1291 5672 1371 5724 ὅτι
1418 5671 1511 5722 καὶ
1567 5668 1722 5721 τοῦτο

210 5835 252 5864 ⁸³
281 5833 444 5885 llum.
496 5851 533 5896 I,
565 5833 653 5886 ει.

1828 4671 1950 4711 rum
1991 4655 2270 4712 volumina
2310 4654 2598 4724 diligenter
2647 4652 3015 4721 continuoque
3065 4653 3388 4716 evolviinus,

1827 4762 2001 4817 eaque
2054 4749 2131 4802 uti
2183 4748 2275 4803 Dei
2328 4756 2505 4821 voces
2526 4747 2701 4817 palam
2750 4747 3051 4811 audientes,
3116 4746 3167 4801 in
3212 4747 3394 4802 cordis

1827 4821 2030 4895 tabulis
2059 4837 2373 4901 incidimus,
2393 4846 2446 4890 et
2468 4836 2650 4906 lingua
2674 4834 2741 4889 ad
2771 4836 2929 4900 alios,
2953 4846 3028 4889 llll
3048 4836 3163 4890 fieri
3195 4845 3391 4905 potest,

1826 4930 1955 4984 dum
1971 4944 2108 4999 opus
2133 4937 2235 4993 est,
2252 4926 2550 4991 oderimus,
2581 4925 3395 4996 quodannnodointermgnntes

1826 5036 1924 5089 per
1976 5036 2037 5074 ea
2085 5021 2292 5089 scripta
2323 5019 2468 5084 illos,
2513 5019 2607 5089 qui
2655 5035 2714 5074 ea
2760 5026 3149 5087 conceperant,
3210 5028 3264 5072 et
3298 5034 3397 5087 pe-

1829 5122 2085 5183 pererunt
2108 5114 2159 5166 in
2181 5112 2386 5183 Spiritu
2411 5113 2476 5167 de
2492 5113 2746 5167 omnibus
2778 5111 2843 5165 ad
2867 5112 3117 5181 pietatem
3142 5121 3396 5180 spectan-

1830 5206 1996 5272 tibus,
2045 5205 2120 5260 uti
2166 5191 2354 5260 Patres
2397 5204 2500 5259 iide
2559 5219 2914 5268 communes,
2974 5213 3027 5256 ct
3075 5204 3396 5271 antiquitate

1828 5295 2035 5349 dierum
2085 5296 2345 5356 seniores,
2383 5295 2683 5350 secundum
2728 5294 2868 5348 beati
2921 5292 3121 5364 Moysis
3165 5293 3395 5346 divinis-

1829 5388 2021 5443 simam
2053 5403 2116 5441 ac
2139 5386 2595 5457 sapientiSsimam
2639 5385 3090 5447 admonitionem,
3130 5394 3181 5437 et
3220 5384 3297 5437 sic
3330 5398 3393 5437 ea

1832 5479 2321 5543 tutoilisdmus,et
2355 5479 2501 5544 aliis,
2537 5494 2658 5533 cum
2699 5479 2992 5532 necessitas
3022 5486 3122 5535 est.
3163 5478 3238 5529 uti
3265 5491 3394 5545 pos-

1830 5588 2043 5635 sumus,
2084 5572 2493 5626 detnandamus.
2539 5570 2671 5624 llinc
2697 5569 2857 5623 etiam
2901 5583 3040 5623 nunc
3070 5585 3132 5621 ex
3168 5570 3392 5633 eisdem,

1831 5666 1894 5720 ad
1938 5663 2216 5738 praesentis
2266 5664 2579 5734 quaestionis
2619 5662 3135 5716 demonstrationem
3192 5662 3398 5715 eundu-
