3974 6576
264 396 404 452 1243

1088 396 1186 455 DE
1227 394 1743 455 PROCESSIDNE
1784 395 1842 456 S.
1889 397 2245 457 SPllllTUS
2283 398 2504 460 ORAT.
2548 400 2630 460 Il.

3370 398 3507 464 Ilii}

265 502 520 571 δημένοις
560 505 657 565 τὰς
691 502 892 570 ἔξωθεν
942 505 1253 577 αἰσθήσεις,ι
1277 504 1344 555 δι’
1379 497 1453 557 ὧν
1482 506 1600 566 ταῖς
1628 503 1776 556 ἔνδον
1805 504 1833 556 ὁ
1864 555 1865 561 η

1951 508 2170 573 τορξαιιι,
2204 509 2405 576 quibus
2432 506 2603 579 iisque
2643 511 2942 579 prmntultis
2967 527 3071 566 non
3111 511 3462 567 destituimur
3485 553 3506 582 ,

263 596 509 666 πόλεμος
551 598 610 651 τὸ
642 598 826 668 ζητεῖν
871 599 1011 662 ὅλως
1066 600 1195 668 περὶ
1244 595 1403 664 Θεοῦ,
1443 597 1696 667 καθάπερ
1726 596 1833 650 οὐδ’

263 689 483 756 εὐαγὲς,
515 689 626 742 οὐδ’
661 692 809 744 ὅσιον
853 689 1105 744 ὁπωσοῦν
1142 688 1410 743 ἅπτεσθαι
1463 686 1708 756 καθαροῦ
1744 686 1835 740 τὸν

266 778 343 847 μὴ
380 781 637 851 καθαρόν·
679 782 791 834 ἀλλ’
856 784 986 853 ἡμῖν
1032 783 1209 846 ἵλεως.
1258 783 1468 850 γένοιτο
1515 782 1749 852 Κύριος,
1799 783 1832 851 ἡ

263 871 573 942 ἀδιαίρετος
593 875 764 943 Τριὰς
787 877 878 927 καὶ
902 874 1227 944 ἀχώριστος,
1253 876 1309 928 τὸ
1328 874 1612 945 ὀμοούσιον
1635 875 1837 943 κράτος

193 955 197 958 ’
265 965 362 1015 καὶ
401 964 827 1033 ταῦτοδύναμον.
857 969 883 1019 ὁ
928 967 1183 1036 ἄναρχος,
1214 967 1383 1035 λέγω,
1408 967 1619 1037 Πατὴρ,
1651 969 1678 1020 ὁ
1711 982 1837 1018 συν-

263 1053 676 1126 άναρχοςΥἱὸς,
704 1056 885 1109 καὶτὸ
938 1058 1160 1126 Πνεῦμα
1208 1057 1268 1109 τὸ
1304 1059 1601 1124 σνναῖδιον,
1641 1058 1725 1111 ὅτι
1764 1044 1839 1125 μῆ

265 1146 391 1199 κατ’
423 1146 652 1214 ἄγνοιαν
682 1148 898 1201 ἑαυτῶν
928 1151 1039 1211 τοῖς
1070 1149 1401 1217 ἁγιωτάτοις
1436 1150 1839 1218 ἐμφιλοχωρεῖν

265 1239 528 1309 ἀνάγνως,
559 1239 902 1309 πειρώμεθα,
941 1244 1079 1311 μήτε
1111 1241 1218 1311 μὴν
1241 1242 1383 1296 κατὰ
1414 1243 1835 1312 περιφρόνησιν.

266 1328 507 1398 Οἴδαμεν
533 1329 642 1400 γὰρ
677 1332 755 1384 ὅτι
791 1332 932 1384 ὅσων
967 1332 1212 1403 γέμομεν
1261 1333 1635 1403 ρνπασμάτων
1657 1333 1839 1402 ἡμεῖς,

269 1423 367 1473 καὶ
394 1421 453 1473 τὸ
481 1421 553 1475 τὰ
601 1422 727 1476 θεῖα
753 1426 1107 1495 περιφρονεῖν
1138 1424 1363 1496 ὀλεθρον
1391 1425 1569 1495 ψυχῆς
1608 1424 1839 1479 ἐπιστά-

273 1514 439 1582 μεθα.
477 1514 785 1587 Τοιγαροῦν
817 1516 916 1570 οὑκ
940 1515 1192 1570 ἐντεῦθεν
1222 1519 1303 1581 εἰς
1330 1517 1491 1571 τοῦτο
1516 1517 1841 1581 καθυπαγό-

272 1606 438 1674 μεθα,
482 1606 558 1674 μὴ
593 1605 808 1675 φρενῶν
850 1606 992 1660 οὑτω
1033 1607 1224 1678 πόρρω
1266 1624 1369 1662 που
1409 1607 1691 1677 πέσοιμεν,
1739 1607 1858 1674 ὑπὸ

267 1698 324 1752 δὲ
350 1698 450 1767 τῆς
484 1698 581 1751 νῦν
608 1698 1016 1770 ἐπικρατούσης
1049 1699 1177 1764 τοὺς
1206 1700 1460 1764 πλείονας
1490 1698 1840 1772 ὶδιοῤῥύθμου

268 1791 463 1859 ςορᾶς,
489 1788 559 1859 ἣν
585 1789 666 1851 εἰς
719 1789 777 1842 τὸ
811 1789 1079 1858 θωλογείν
1119 1788 1330 1844 οἴκοθεν
1376 1789 1697 1851 ἀκαθέκτως
1751 1792 1846 1843 ὲκ-

267 1882 601 1946 δείκνννται,
632 1882 727 1935 καὶ
754 1882 847 1934 τοῦ
881 1881 1158 1944 πιστεύειν
1182 1882 1363 1935 αὐτῶν
1393 1880 1463 1946 ὡς
1503 1882 1843 1953 αὑτάρεσκον
1868 1888 1877 1957 ς

269 1971 455 2043 ἑαυτῷ
501 1974 609 2026 τῶν
644 1973 805 2042 ἰερῶν
845 1972 1170 2039 ἁλογοῦνται
1225 1972 1479 2042 Γραφῶν,
1530 1970 1701 2025 πολλὰ
1734 1971 1846 2041 βια-

272 2050 523 2129 σθέντεςς
553 2066 649 2119 καὶ
686 2066 829 2119 κατὰ
863 2065 994 2119 Θεὸν
1027 2065 1157 2129 ἴσως
1187 2064 1687 2136 ζηλοτυπήσαντες,
1734 2067 1845 2128 τοῖς

271 2161 543 2223 τοιούτοις
594 2161 824 2223 ἑαυτοὺς
862 2159 1252 2229 ὲμπαρέχομεν
1302 2160 1584 2228 φέροντες.
1632 2157 1720 2211 ἵνα
1770 2156 1846 2229 μὴ

273 2254 708 2326 κατακριθῶμεν
751 2254 823 2311 δι’
878 2254 1181 2324 ὑποστολὴν
1228 2254 1551 2324 προέμενοι,
1588 2252 1848 2323 παρῳδη-

270 2348 398 2400 τέον
432 2348 540 2419 γὰρ
580 2346 817 2401 ἐνταῦθα
849 2346 922 2401 τὰ
967 2346 1067 2417 τῆς
1109 2346 1357 2417 Γραφῆς,
1414 2344 1514 2416 τὴν
1564 2345 1845 2415 ἀλήθειαν.

320 2433 448 2502 ὑτος
477 2442 506 2493 ὁ
537 2440 694 2507 λόγος
732 2440 830 2510 τῆς
879 2437 1039 2509 ἡμῶν
1074 2437 1211 2508 πρὸς
1242 2437 1304 2491 τὸ
1336 2438 1451 2502 τοῖς
1493 2438 1710 2502 ἀδύτοις
1744 2440 1846 2508 ὲμ-

273 2531 532 2585 ϐατεύειν
576 2532 779 2603 ὁρμῆς,
817 2533 913 2587 καὶ
962 2531 1062 2596 τὰς
1118 2531 1273 2596 θείας
1324 2531 1517 2604 ῥήσεις
1564 2530 1707 2602 μετὰ
1750 2529 1883 2593 τοῦ,

277 2624 602 2694 Πνεύματος
645 2623 1102 2690 διασκέπτεσθαι,
1139 2624 1234 2678 καὶ
1279 2623 1339 2679 οὑ
1370 2623 1576 2693 φαῦλος
1630 2623 1707 2689 ὡς
1754 2623 1852 2677 πέ-

277 2732 534 2783 πεισμαι.
566 2717 658 2768 Διὸ
687 2715 1019 2787 συγγνώμην
1049 2716 1194 2788 ἔχειν
1224 2716 1414 2788 θαρρῶ
1439 2716 1533 2770 καί
1562 2717 1714 2788 παρὰ
1739 2717 1850 2780 τοῖς

274 2808 387 2860 τῶν
428 2808 733 2879 ἀνθρώπων
783 2809 1147 2881 εὑγνώμοσιν.
1190 2810 1256 2864 Ἦ
1298 2810 1397 2882 μὲν
1427 2806 1523 2865 οὖν
1556 2810 1851 2876 ὲξαιτίασις

275 2902 531 2973 τοιαύτη,
563 2903 659 2956 καὶ
704 2903 882 2967 οὑτως
933 2903 1130 2973 ἰσχυρά
1184 2919 1247 2956 τε
1288 2903 1383 2958 καὶ
1433 2903 1848 2975 ἀναντίρῤητος.

291 2995 527 3063 ’Δπάρτι
589 2993 647 3046 δὲ
686 2992 783 3066 τοῦ
839 2994 1341 3064 καταπετάσματος
1379 2992 1511 3046 εἴσω
1573 2992 1852 3063 χωρητέον

285 3088 437 3156 ἡμῖν,
478 3087 572 3140 καὶ
607 3086 743 3157 πρὸς
779 3087 951 3153 αὑτὴν
981 3086 1122 3141 ἰτέον
1157 3085 1254 3157 τὴν
1283 3085 1395 3140 τῶν
1427 3083 1592 3161 ἱερῶν
1653 3084 1850 3153 λογίων

1874 1836 1920 1895 Β

1940 598 2077 650 haul
2107 598 2208 652 erit
2242 614 2468 668 prorsns
2500 601 2740 670 (limeile,
2764 614 2821 656 ut
2856 603 2983 656 mihi
3014 603 3248 668 videtur,
3281 619 3510 673 praesen-
3582 606 3585 609 ’

1941 691 2008 744 tis
2059 689 2452 757 Speculatiouis
2501 708 2752 748 examen.
2796 694 3000 762 Quodsi
3054 694 3212 748 aliter
3267 694 3508 762 ineptum

1939 793 2018 838 est
2051 783 2178 846 illis,
2221 786 2312 854 qui
2354 786 2720 841 exterioribus
2766 787 3037 862 sensibus,
3069 802 3164 855 per
3191 803 3331 857 quos
3370 789 3508 841 inte-

1940 874 2175 928 rioribus
2196 874 2393 928 bellum
2423 876 2698 939 indicitur,
2732 877 3158 939 balineiuantnr,
3183 878 3513 946 quaestiones

1940 967 2165 1020 omnino
2191 968 2254 1021 de
2282 968 2387 1022 Deo
2411 967 2631 1029 habere.
2666 970 3122 1035 quemadmodum
3158 986 3331 1038 neque
3357 970 3506 1039 pium

1941 1075 2118 1127 neque
2163 1071 2410 1115 sanctum
2464 1070 2739 1130 utcunque
2775 1077 2878 1115 non
2932 1077 3125 1130 purum
3180 1077 3309 1129 pura
3343 1063 3512 1114 attin-

1942 1169 2068 1222 gere
2101 1171 2117 1209 :
2151 1154 2244 1209 sed
2291 1154 2449 1209 nobis
2480 1155 2750 1225 propitius
2782 1155 2852 1210 sit
2877 1153 3042 1219 Deus,
3086 1155 3318 1209 indivisa
3349 1162 3401 1209 et
3436 1156 3516 1207 ir.-

1941 1244 2260 1314 soparabilis
2290 1245 2551 1312 Trinitas,
2583 1246 3066 1301 consubstantialis
3117 1246 3368 1315 idemque
3409 1260 3508 1314 po-

1943 1342 2062 1389 tens
2117 1343 2377 1403 potestas,
2424 1335 2629 1404 absque
2702 1335 2967 1405 principio
3042 1335 3260 1404 inquam
3315 1333 3510 1388 Paturo

1941 1432 2246 1482 coaeternus
2308 1424 2498 1493 Filius,
2538 1435 2594 1482 et
2630 1435 2938 1482 coaeternus
2990 1425 3226 1496 Spiritus
3263 1434 3512 1488 sanctus,

1945 1531 2044 1572 nos
2099 1518 2384 1572 nostrimet
2435 1517 2680 1588 ipsorum
2732 1534 2838 1571 non
2888 1517 3084 1586 ignari,
3123 1531 3299 1584 neque
3332 1530 3511 1568 rerum

1943 1607 2202 1678 despectu
2274 1624 2398 1665 cum
2471 1609 2836 1667 sanctissimis
2890 1622 3256 1663 consuescere
3304 1606 3516 1675 impure

1943 1694 2346 1771 praesumimus,
2382 1716 2617 1772 namque
2648 1702 2804 1770 plane
2833 1701 3056 1763 scimus,
3100 1712 3234 1769 quot
3265 1714 3365 1753 nos
3393 1714 3515 1752 sor-

1947 1793 2104 1847 dibus
2136 1793 2510 1861 inquinemur,
2538 1804 2594 1848 et
2624 1809 2713 1848 res
2753 1793 2967 1848 divinas
3002 1790 3158 1847 ﬂocci
3188 1792 3365 1847 facere
3396 1788 3519 1842 aui-

1947 1886 2021 1940 mi
2056 1885 2278 1940 exitium
2309 1895 2517 1940 certum
2544 1901 2665 1941 esse
2692 1895 2965 1941 tenemus.
2999 1883 3115 1938 Non
3149 1883 3271 1937 inde
3293 1895 3424 1948 ergo
3451 1880 3514 1933 ad

1948 1983 2051 2039 hoc
2071 1996 2473 2052 promoventur,
2490 1998 2598 2038 non
2623 1983 2694 2037 ita
2717 1981 2950 2037 delirare
2970 1990 3023 2035 et
3045 1987 3224 2034 mente
3247 1978 3362 2047 capi
3389 1993 3520 2032 cur.-

1948 2079 2147 2147 tigerit,
2201 2076 2294 2134 sed
2344 2077 2411 2131 ab
2446 2087 2540 2155 ea;
2585 2092 2707 2147 quae
2759 2092 2902 2131 nunc
2954 2074 3246 2146 plerosque
3293 2080 3520 2139 occupat

1907 2228 1913 2233 ,
1947 2169 2182 2241 propriis
2207 2168 2558 2239 Opinionibus
2583 2166 2986 2223 obsecundandi
3022 2165 3199 2235 copia,
3221 2162 3313 2233 qui
3338 2163 3401 2215 ad
3435 2176 3520 2214 res

1948 2263 2161 2318 divinas
2185 2259 2597 2332 pertractandas
2634 2260 3006 2315 indesinenter
3039 2256 3337 2318 ducuntur,
3373 2263 3425 2306 et
3462 2251 3522 2305 ti-

1948 2348 2069 2403 dem
2098 2347 2379 2410 adhiber'e,
2406 2356 2665 2418 tanquam
2688 2347 2779 2418 qui
2813 2362 2909 2404 sua
2929 2346 3268 2401 admirantur
3291 2352 3498 2398 tantum

1950 2442 2136 2508 modo,
2159 2440 2374 2496 'divinis
2414 2438 2717 2511 Scripturis
2744 2441 3047 2510 negligunt,
3075 2436 3393 2491 multimode
3425 2449 3523 2488 nec

1949 2548 2057 2588 non
2088 2544 2144 2589 et
2172 2532 2467 2588 secundum
2498 2531 2666 2587 Deum
2692 2532 2808 2586 zelo
2847 2530 3040 2594 coacti,
3066 2518 3432 2597 nosmetipsos
3465 2528 3517 2578 iu

1949 2624 2168 2682 eosdem
2199 2623 2574 2694 {impellimus,
2616 2638 2686 2679 ne
2726 2623 3177 2684 condemnemur,
3223 2619 3368 2689 quod
3423 2634 3523 2673 nos

1951 2715 2316 2773 subducentes
2341 2716 2625 2771 veritatem
2653 2714 2990 2784 prodidirnus
3011 2730 3025 2778 ;
3048 2712 3341 2780 Scriptura:
3370 2724 3524 2762 nam-

1951 2826 2057 2880 que
2108 2810 2273 2865 verba
2323 2809 2512 2864 hocin
2560 2809 2680 2864 loco
2731 2822 2827 2878 per
2868 2807 3143 2877 parodiam
3172 2802 3523 2858 enuntianda

1952 2910 2100 2958 sunt.
2139 2899 2263 2955 Haec
2296 2900 2439 2956 ratio
2470 2909 2552 2956 est
2581 2900 2752 2955 nostri
2785 2899 2838 2954 in
2870 2899 3029 2967 adyta
3065 2894 3382 2968 penetrandi
3416 2895 3519 2946 im-

1952 3004 2130 3065 petus,
2172 3002 2225 3049 et
2257 2993 2439 3049 divina
2488 2993 2650 3047 verba
2698 3007 2821 3047 cum
2876 2990 3082 3062 Spiritu
3131 2988 3518 3048 examinatum,

1954 3103 2077 3153 nec,
2113 3093 2172 3141 ut
2206 3102 2351 3154 reor,
2389 3086 2479 3141 vili
2513 3084 2796 3156 peudenda
2842 3091 2944 3139 est.
2986 3080 3394 3151 Proptercaque
3428 3093 3520 3133 ve-

277 3178 589 3247 διάσκεψιν,
620 3179 683 3232 τὸ
723 3178 951 3249 Πνεῦμα
982 3180 1082 3249 τῆς
1120 3177 1402 3248 ἀληθείας,
1457 3176 1601 3248 ὑπὲρ
1650 3167 1712 3229 οῦ
1750 3177 1845 3229 καί

1953 3181 2099 3235 niam
2132 3188 2555 3239 consecuturum
2588 3194 2671 3234 me
2720 3193 2882 3248 spero
2918 3175 2985 3231 ab
3012 3175 3183 3245 aequis
3216 3188 3394 3228 rerum
3430 3174 3524 3224 ha-

275 3271 348 3324 δι¹
409 3270 441 3323 ὃ
478 3271 846 3342 πολεμοῦμεν,
909 3272 1003 3325 καὶ
1050 3269 1461 3342 πολεμούμεθα,
1530 3268 1627 3323 τοῦ
1678 3267 1844 3337 λόγου

278 3364 780 3435 προστησαμένοις,
816 3364 1006 3436 ῶσπερ
1041 3364 1212 3428 εἰκὸς,
1244 3365 1394 3427 ὅπως
1417 3363 1514 3431 τῆς
1536 3361 1851 3431 προθέσεως

278 3456 526 3521 ἐπαξίως
573 3457 998 3527 ἀγωνισάμενοι,
1036 3458 1138 3528 τὴν
1166 3455 1450 3521 ἀπόδειξιν
1512 3442 1854 3525 ἀσφαλῆκαί

282 3546 510 3617 βεὸαίαν
538 3548 634 3601 καὶ
664 3550 779 3611 τοῖς
812 3550 982 3603 πᾶσιν
1020 3549 1438 3620 ἀναμφήριστον
1463 3545 1849 3619 ποιησώμεθα,

277 3639 381 3704 τὰς
416 3640 526 3694 τῶν
554 3640 727 3711 ἁγίων
760 3640 1150 3706 θεοπνεύστους
1173 3640 1358 3710 φωνὰς
1385 3640 1662 3712 ἐχομένως
1703 3638 1843 3692 κατὰ

276 3732 436 3799 sign:
472 3730 774 3803 ὲκθέμενοι.

1952 3289 2074 3329 rum
2094 3269 2501 3344 cognitoribus.
2532 3269 2825 3325 Excusatio
2853 3269 3016 3339 igitur
3042 3268 3155 3321 haec
3175 3273 3280 3330 est,
3306 3276 3360 3319 et
3386 3262 3524 3317 adeo

1957 3365 2156 3429 valida,
2202 3374 2260 3420 ut
2288 3365 2364 3419 illi
2399 3364 2700 3419 contradici
2760 3361 2981 3417 minime
3013 3359 3207 3429 possit.
3242 3357 3347 3412 Sed
3379 3368 3526 3409 nunc

1960 3455 2178 3511 tandem
2226 3457 2280 3511 in
2313 3454 2488 3510 velum
2524 3453 2936 3523 ingrediendum
2975 3450 3135 3505 nobis
3164 3457 3269 3510 est,
3315 3455 3369 3499 et
3399 3458 3524 3514 pro-

1960 3547 2310 3618 grediendum
2343 3547 2408 3601 ad
2445 3547 2618 3611 ipsum
2653 3544 2961 3599 divinorum
3021 3541 3361 3610 eleqniorum
3398 3549 3526 3589 exa-

1963 3655 2106 3705 men,
2145 3638 2405 3710 Spiritum
2456 3637 2724 3703 veritatis,
2777 3636 2845 3690 de
2893 3652 2999 3704 quo
3045 3643 3099 3688 et
3153 3632 3310 3701 cujus
3358 3644 3524 3683 causa

1960 3730 2161 3784 bellum
2216 3731 2375 3786 nobis
2421 3729 2698 3794 indicitur,
2737 3738 2801 3784 et
2851 3726 3089 3783 vicissim
3146 3724 3343 3782 bellum
3383 3722 3524 3779 Lndi-
3610 3742 3613 3745 λ

280 3826 504 3893 cimus,
569 3824 1208 3890 sern'ronibus‘nostris,
1277 3826 1354 3881 uti
1411 3840 1506 3896 par
1580 3833 1700 3887 est.
1768 3823 2247 3896 praponeutibus,
2316 3832 2376 3877 ut
2445 3824 2513 3878 de
2609 3821 2892 3893 proposito
2966 3830 3289 3892 argumento
3367 3818 3526 3888 digne

281 3918 654 3984 decertantes,
714 3928 769 3975 et
816 3928 1132 3975 sanctorum
1180 3918 1353 3975 aDeo
1397 3919 1694 3990 inspiratas
1734 3932 1899 3973 voces
1962 3930 2125 3970 unam
2182 3924 2303 3983 post
2362 3914 2524 3970 aliam
2586 3915 2891 3987 digerentes
2940 3929 3040 3969 suo
3106 3912 3315 3977 ordine,
3357 3918 3528 3965 tutam

281 4032 349 4073 ac
378 4014 653 4080 stabilem,
694 4030 871 4085 neque
906 4015 1000 4070 ulli
1034 4014 1258 4070 dubiam
1292 4015 1811 4071 demonstrationem
1847 4027 2195 4084 peragamus.

350 4113 423 4176 γ’.
460 4106 661 4175 Πρῶτα
687 4106 869 4159 τοίνυν
889 4105 965 4170 ὡς
997 4105 1064 4163 ἂν
1114 4110 1210 4159 καὶ
1252 4105 1375 4160 κατ’
1419 4106 1589 4178 αὑτὴν
1626 4107 1724 4175 τὴν
1762 4104 1861 4175 τῆς

281 4197 598 4261 ὑποθέσεως
624 4197 878 4268 εἰσϐολὴν
909 4196 1032 4251 καθ’
1056 4196 1253 4271 εἱρμὸν
1277 4197 1546 4273 προῖῃοτὰ
1574 4195 1675 4265 τῆς
1707 4212 1858 4266 παρ-

279 4292 453 4361 οὔσης
492 4289 878 4359 πραγματείας
910 4290 1065 4360 ἡμῖν,
1096 4290 1255 4359 ὅπερ.
1280 4290 1338 4342 ὲν
1365 4286 1442 4359 τῷ
1469 4286 1856 4358 προεκτεθέντι

292 4383 430 4454 παρ’
476 4382 636 4454 ⁴ἡμῶν
678 4383 822 4453 λόγῳ
870 4381 1204 4453 ζητούμενον
1243 4382 1366 4436 κατ’
1400 4380 1577 4453 ἀρχὰς
1599 4379 1661 4435 ὃν
1704 4380 1865 4457 τέλος

287 4476 497 4539 ἱκανῶς
529 4476 957 4544 παρεστήσαμεν
987 4475 1056 4543 τῇ
1096 4472 1330 4544 δυνάμει
1371 4472 1468 4526 τοῦ
1510 4472 1854 4543 Πιθεύματος,

282 4569 447 4626 τοῦτο
480 4570 574 4622 νῦν
600 4566 1038 4637 ὁμολογούμενον
1070 4566 1377 4637 ἐσχηκότες
1415 4564 1563 4619 κατὰ
1588 4565 1853 4637 πρόϐασιν

283 4661 445 4715 ενοεν
469 4659 673 4731 φαμὲν,
709 4662 792 4713 ὅτι
820 4658 1091 4730 καθάπερ,
1118 4659 1341 4723 εὐσεϐὲς
1378 4659 1473 4713 διὰ
1514 4658 1609 4713 τοῦ
1636 4656 1769 4712 Υἰοῦ
1798 4657 1860 4712 τὸ

285 4753 516 4823 Πνεῦμα
559 4752 622 4807 τὸ
671 4753 829 4821 ἆγιον
875 4747 1019 4806 εἶναι
1082 4754 1328 4822 φρονεῖν,
1380 4749 1522 4805 οὑτω
1556 4750 1623 4822 δὴ
1654 4749 1747 4805 καί
1799 4749 1861 4803 τὸ

284 4845 614 4915 πρεσϐεύειν
645 4846 755 4899 κάκ
795 4844 891 4899 τοῦ
924 4843 1055 4898 Υἰοῦ
1085 4842 1378 4914 τυγχάνειν
1407 4842 1498 4896 τὸν
1519 4844 1706 4914 ὅμοιον
1733 4841 1857 4914 τρό-

283 4956 389 4995 nov
445 4936 753 5009 ὀρθόδοξον.
812 4937 888 4991 Οὐ
938 4936 1046 5007 γὰρ
1094 4936 1170 4999 ὡς
1207 4935 1330 4989 καθ’
1372 4934 1679 5007 ὑπηρεσίαν
1736 4933 1861 4988 τινὰ

283 5030 536 5092 νοοῦντες
598 5029 775 5083 τελεῖν
813 5030 874 5083 τὸ
916 5029 1143 5099 Πνεῦμα
1176 5029 1247 5091 τὸ,
1272 5031 1425 5098 ἆγιον
1448 5028 1537 5082 διὰ
1579 5026 1673 5082 τοῦ
1709 5025 1858 5093 Υἰοῦ,

282 5119 479 5181 τούτου
509 5119 573 5189 δὴ
607 5120 769 5191 χάριν
801 5119 860 5173 τὸ
881 5120 946 5173 ὲκ
970 5125 1064 5173 τοῦ
1102 5118 1233 5173 Υἱοῦ
1266 5118 1408 5173 κατὰ
1445 5119 1646 5188 τρόπον
1679 5116 1860 5183 ἁπαξ-

283 5212 477 5276 απλῶς
504 5216 761 5269 παντοῖον
788 5212 1202 5284 ἀπαναινόμεθα
1224 5231 1239 5246 ·
1279 5213 1354 5284 μὴ
1407 5213 1546 5282 πρὸς
1582 5213 1858 5283 τοσαύτην

283 5303 615 5359 δοσσέὸειαν
660 5305 1078 5375 κατενεχθῶμέν
1121 5322 1276 5371 ποτε,
1336 5306 1471 5375 μηδὲ
1510 5305 1571 5358 τὸ
1616 5304 1858 5358 τοιοῦτον

286 5395 617 5467 βλάσφημον
671 5398 829 5468 ἡμῶν
867 5398 1287 5466 κατισχύσειενί
1354 5398 1428 5462 ῶς
1482 5397 1529 5450 δ’
1580 5397 1858 5460 οὑσιωδῶς

285 5489 559 5558 ὑπάρχειν
578 5490 640 5544 τὸ
660 5490 816 5560 ἅγιον
838 5490 1062 5560 Πνεῦμα
1087 5491 1449 5559 γινώσκοντες
1473 5489 1561 5543 διὰ
1585 5490 1680 5543 τοῦ
1703 5488 1855 5553 Υἰοῦ,

282 5581 433 5634 κατὰ
465 5581 626 5636 τοῦτο
653 5585 748 5636 καὶ
783 5586 846 5639 ἐκ
905 5584 1000 5641 τοῦ
1045 5583 1176 5636 Υἰοῦ
1212 5584 1518 5654 πεφυκέναι
1551 5582 1728 5645 mm;
1763 5581 1857 5636 καὶ

281 5672 513 5736 δεόντως
544 5675 869 5747 δοξάζομεν.
918 5677 1138 5747 Ἐπειδὴ
1187 5676 1264 5745 μὴ
1299 5676 1458 5745 μόνον
1490 5676 1551 5728 τὸ
1588 5674 1674 5727 διά
1706 5691 1855 5736 τινος

282 5764 694 5838 δημιουργικῶς
757 5767 1067 5840 καθέστηκε
1126 5769 1558 5840 τοιουτοτρόπως
1624 5768 1718 5821 καί
1797 5766 1856 5832 ἐξ

285 5858 476 5926 αὑτοῦ,
508 5860 630 5914 καθ’
654 5860 681 5913 ὃ
710 5861 1115 5932 σημαινόμενον
1147 5862 1241 5916 καὶ
1278 5859 1347 5915 τὰ
1375 5860 1570 5928 πάντα,
1599 5859 1737 5914 κατὰ
1766 5858 1855 5913 τὸν

2032 4102 2087 4157 3.
2127 4100 2367 4156 Primum
2404 4100 2585 4171 igitur,
2623 4108 2682 4155 ut
2716 4100 2767 4154 in
2800 4098 2916 4167 ipsa
2952 4097 3193 4152 materia:
3220 4093 3501 4165 'aggressio

1962 4209 2030 4248 ne
2066 4193 2320 4248 distincte
2345 4202 2400 4247 et
2426 4193 2675 4247 ordinate
2703 4207 2940 4260 praesens
2984 4190 3074 4244 hic
3107 4198 3368 4242 tractatus
3401 4200 3530 4255 pro-

1961 4286 2137 4351 cedat,
2169 4286 2317 4355 qnod
2375 4287 2430 4340 in
2477 4294 2635 4340 antea
2669 4285 2885 4354 vulgata
2938 4272 3188 4337 oratione
3234 4280 3336 4334 sub
3373 4278 3534 4332 initio

1959 4377 2363 4448 quaerebamus,
2412 4388 2465 4431 et
2493 4377 2750 4432 facultate
2799 4374 3037 4453 Spiritus
3072 4364 3231 4426 ﬁnem
3277 4371 3527 4435 fecimus,

1959 4469 2011 4523 id
2039 4483 2186 4524 nunc
2216 4478 2424 4524 certum
2455 4478 2619 4539 atque
2658 4467 3027 4525 indubitatum
3074 4475 3339 4524 tenentes,
3374 4461 3529 4517 indc-

1957 4577 2063 4633 que
2126 4562 2527 4632 progredientes
2576 4560 2827 4625 dicimus,
2872 4557 3326 4630 quemadmodum
3377 4555 3528 4625 pium

1963 4671 2058 4727 per
2086 4655 2282 4710 Filium
2315 4654 2574 4724 Spiritum
2605 4662 2853 4710 sanetum
2885 4653 3151 4707 exsistere
3177 4651 3400 4715 sentire,
3456 4649 3529 4702 ita

1961 4749 2078 4820 pari
2137 4749 2296 4805 modo
2351 4748 2600 4803 eumdem
2656 4747 2816 4801 etiam
2865 4760 2928 4799 ex
2980 4742 3117 4797 Filio
3174 4758 3295 4798 esse
3348 4749 3533 4797 tenere

1962 4840 2322 4897 ortltodoxum
2351 4849 2453 4896 est.
2494 4836 2682 4909 Neque
2712 4838 2854 4893 enim
2888 4837 3072 4893 servili
3107 4837 3268 4890 modo
3301 4836 3526 4905 npinan-

1962 4941 2044 4988 tes
2073 4946 2192 4988 esse
2245 4930 2504 5001 Spiritum
2548 4937 2792 4985 sanctum
2835 4943 2930 4999 per
2980 4926 3196 4991 Filium,
3244 4934 3530 4998 propterea

1962 5025 2112 5080 illum
2165 5024 2326 5078 etiam
2370 5039 2437 5078 ex
2472 5023 2611 5079 Filio
2656 5022 2831 5078 modis
2886 5021 3142 5077 omnibus
3208 5022 3525 5089 rejicimus;

1960 5117 2103 5173 absit
2145 5127 2202 5171 ut
2252 5132 2489 5187 unquam
2536 5116 2604 5171 ad
2634 5116 2960 5179 impietatem
3011 5116 3241 5172 similem
3277 5110 3528 5184 prolaba-

1960 5226 2104 5277 ntur,
2137 5225 2311 5277 neque
2357 5208 2554 5263 similis
2588 5208 2925 5279 blasphemia
2962 5225 3061 5264 nos
3111 5216 3338 5276 occupet
3375 5207 3389 5261 ἰ
3420 5206 3527 5271 sed

1962 5302 2037 5357 uti
2068 5301 2429 5356 essentialiter
2470 5300 2739 5355 exsistere
2790 5299 3052 5370 Spiritum
3084 5309 3329 5355 sanctunt
3363 5313 3534 5368 agno-

1959 5397 2164 5453 scimus
2220 5412 2317 5466 per
2364 5395 2587 5464 Filium,
2633 5398 2752 5468 pari
2800 5397 3009 5451 ratione
3037 5406 3091 5451 et
3120 5412 3185 5450 ex
3218 5393 3356 5450 Filio
3387 5411 3528 5463 esse,

1959 5500 2104 5544 recte
2164 5499 2218 5543 et
2286 5490 2364 5544 uti
2396 5492 2617 5546 addecet
2665 5491 2967 5559 opinamur.
3025 5490 3159 5544 Cum
3202 5505 3309 5543 non
3353 5490 3530 5543 solum

1958 5582 2103 5652 quod
2143 5598 2237 5652 per
2266 5583 2501 5653 aliquem
2534 5584 2824 5638 ereationis
2855 5583 3016 5637 modo
3043 5582 3307 5649 substitit,
3339 5583 3531 5636 eodem

1958 5676 2122 5732 modo
2142 5676 2305 5729 etiam
2326 5691 2394 5730 ex
2418 5676 2508 5730 illo
2536 5690 2640 5740 est,
2664 5691 2772 5746 quo
2799 5674 3105 5746 significatu
3136 5675 3319 5728 omnia
3364 5689 3532 5730 evan-

1958 5768 2166 5838 gelista:
2198 5766 2422 5823 Joannis
2455 5769 2601 5823 dicto
2634 5750 2746 5837 “per
2797 5767 2994 5823 Filium
3044 5768 3182 5823 facta
3213 5776 3362 5830 sunt,
3405 5781 3532 5822 natu

1959 5859 2168 5929 reliqua
2213 5858 2454 5929 exetnpla
2499 5873 2621 5914 cum
2673 5857 2836 5912 multa
2893 5857 3002 5913 sint
3038 5857 3103 5912 ad
3140 5871 3354 5924 manus,
3384 5854 3532 5927 quod
