3974 6600
216 399 347 465 ΗΜ

1058 407 1154 469 DE
1193 407 1708 469 PROCESSIONE
1749 408 1813 468 S.
1853 407 2216 469 SPIRITUS
2255 406 2474 466 ORAT.
2520 404 2601 464 Ιῐ.

3321 390 3456 456 llf‘l

212 516 580 589 διηϊὲγξαμεν
604 517 887 590 ἀμυδρῶς,
919 519 980 574 τὸ
1005 521 1191 575 πλεῖον
1235 523 1335 593 τῆς
1364 523 1667 589 ἐξετάσεως
1700 523 1784 585 εἰς
1811 557 1824 582 ε

1918 532 1971 576 et
2040 521 2274 576 tenuiter
2322 514 2843 580 demunstravimus,
2916 512 3180 584 potiorem
3251 520 3458 580 partem

214 611 276 664 τὸ
308 612 434 681 ἑξῆς
475 612 971 684 παραπέμψαντες,
1014 614 1164 667 δοκεῖ
1212 632 1305 683 μοι
1341 614 1437 668 καὶ
1471 616 1532 668 τὸ
1569 614 1786 683 λογίζε-

217 703 337 756 σθαι
370 705 623 773 περιττόν
645 721 660 738 ο
696 707 916 777 ἀνάγκη
951 707 1085 776 γοῦν
1141 705 1287 761 οὕτω
1324 708 1414 761 τὸν
1452 708 1652 770 ὀλικῶς
1695 709 1788 761 εῦ-

219 796 434 859 σεϐείας
462 796 935 867 ἀντιποιούμενον,
974 799 1071 853 καὶ
1116 802 1337 869 φρονεῖν
1389 800 1789 870 βεϐουλημένον

215 886 350 947 ὀρθά
381 887 707 957 πρεσϐεύειν
727 887 1007 952 οὐσιωδῶς
1034 890 1305 960 ὑπάρχειν
1335 890 1423 943 διὰ
1448 890 1542 943 τοῦ
1568 890 1698 944 Υίοῦ
1729 891 1790 943 τὸ

221 979 441 1046 Πνεῦμα
478 980 537 1032 τὸ
599 979 774 1049 ἂγιον.
838 982 1043 1034 Τούτου
1103 982 1161 1034 δὲ
1202 983 1487 1050 φανέντος,
1528 984 1637 1035 κάκ
1694 980 1789 1035 τοῦ

224 1070 350 1122 Υίοῦ
385 1073 607 1135 πάντως
650 1074 823 1133 ἐστὶν,
850 1070 947 1126 ἅτε
981 1074 1231 1143 φυσικῶς
1259 1076 1353 1128 ἐπὶ
1389 1077 1456 1146 τῇ
1492 1074 1589 1128 τοῦ
1620 1074 1791 1127 Πνεῦ-

223 1181 388 1231 ματος
420 1165 574 1234 παρὰ
593 1164 807 1236 Πατρὸς
834 1166 1069 1236 ὑπάρξει
1102 1168 1195 1220 τοῦ
1229 1166 1789 1238 Υίοῦμεσιτεύοντος.

225 1255 328 1307 Καὶ
367 1253 529 1307 τοῦτο
556 1254 990 1327 τεθεολογήκαρι
1015 1256 1213 1327 μικροῦ
1237 1258 1439 1322 πάντες
1465 1259 1513 1311 οε
1536 1259 1634 1327 τῆς
1662 1262 1797 1313 ἀπο-

223 1344 482 1414 στολικῆς
544 1345 873 1416 Ἐκκλησίας
927 1347 1332 1412 διδασκαλικῶς
1388 1350 1801 1421 ἐξηγησάμενοι

223 1437 366 1491 κατὰ
389 1436 687 1504 διαφόρους
718 1438 974 1510 καιροὺς,
1008 1431 1085 1493 ὧν
1111 1440 1321 1511 άπάρτι
1354 1439 1521 1494 καλὸν
1551 1442 1795 1499 ἐκθεῖναι

223 1530 318 1581 καὶ
350 1530 417 1581 τά
447 1529 612 1599 ῥητὰ,
640 1528 851 1583 τούτων
892 1530 1017 1584 κατ’
1044 1531 1221 1602 δνομα
1277 1534 1620 1603 μνησθέντας
1647 1537 1795 1606 ἡμᾶς

223 1622 302 1681 τίς
332 1619 612 1685 ἀπόδειξιν
658 1620 756 1674 τοῦ
785 1623 1153 1693 προκειμένου
1204 1624 1542 1694 ζητήματος.
1607 1628 1698 1689 Ὠς
1730 1628 1796 1681 ἂν

222 1711 403 1764 τοίνυν
431 1711 535 1781 ὁδῷ
568 1712 667 1766 καὶ
685 1713 837 1778 τάξει
855 1718 1196 1784 χρησάμενοι
1230 1717 1370 1770 κάπὶ
1393 1718 1607 1783 τούτοις
1634 1720 1797 1791 ἡμεῖς

224 1799 391 1865 ἀξίως
412 1802 595 1855 αὐτῶν
621 1806 1008 1869 πεποιηκέναι,
1037 1806 1132 1858 καὶ
1148 1806 1220 1871 ὡς
1246 1808 1446 1879 χρεὼν,
1473 1810 1795 1881 νομισθείη-

1890 614 2160 669 examinis
2182 614 2235 668 in
2261 611 2542 682 sequentia
2570 608 2933 673 remittentes,
2969 608 3049 661 vel
3084 617 3267 659 meme
3292 606 3456 658 eti.uu

1890 704 2097 774 agitare
2131 717 2597 777 supervacaneum
2647 704 2809 755 duco.
2865 698 3100 754 Necesse
3143 707 3227 753 est
3277 697 3462 763 ἱῑιιητιε

1891 811 2016 851 eum
2052 796 2143 865 qui
2184 797 2332 851 omni
2358 811 2422 849 ex
2450 802 2602 863 parte
2631 790 2817 862 pietati
2842 790 3117 845 addicitur
3162 795 3217 843 et
3251 797 3458 841 rectum

1893 884 2219 942 sententiam
2263 884 2474 950 ambit,
2501 891 2689 937 tenere
2740 880 3102 962 essentialiter
3130 893 3221 947 per
3265 874 3461 929 Filium

1896 978 2155 1049 Spiritum
2192 988 2438 1033 sanctum
2463 976 2747 1031 exsistere.
2782 973 2835 1026 Id
2877 972 2971 1026 ubi
3032 968 3371 1030 inclaruerit,
3398 982 3463 1018 ex

1894 1070 2032 1125 Filio
2067 1086 2285 1140 quoque
2314 1071 2537 1124 omnino
2563 1067 2701 1133 erit,.
2721 1080 2845 1119 cum
2898 1062 3219 1118 naturaliter
3245 1062 3298 1114 in
3336 1059 3463 1127 Spi-

1894 1163 2035 1218 ritus
2072 1179 2101 1217 a
2127 1163 2285 1217 Patre
2320 1161 2640 1218 exsistentia
2700 1155 2872 1212 Filius
2898 1157 3110 1211 medius
3140 1157 3229 1209 sit.
3264 1151 3326 1207 Et
3363 1153 3467 1205 huc

1896 1262 2103 1308 tantum
2140 1268 2245 1307 non
2279 1266 2472 1308 omnes
2534 1252 2842 1312 decrevere,
2874 1246 2968 1318 qui
3022 1243 3340 1315 apostolica:
3370 1241 3470 1295 Eu-

1896 1344 2073 1400 clesia:
2102 1344 2268 1399 veluti
2301 1344 2554 1398 doctores
2589 1342 2713 1397 aliis
2736 1350 2903 1412 atque
2945 1339 3070 1393 aliis
3126 1334 3468 1406 temporibus

1896 1436 2193 1506 praefuere,
2232 1450 2465 1507 quorum
2518 1448 2666 1489 nunc
2718 1435 2885 1499 dicta,
2917 1445 3106 1487 eorum
3136 1429 3260 1483 item
3291 1428 3469 1481 uomi-

1898 1529 2059 1584 nibus
2111 1526 2576 1591 commemoratis,
2605 1526 2668 1579 ad
2699 1525 3036 1596 prepositam
3105 1521 3469 1592 qumstionmu

1897 1621 2377 1675 demonstrandam
2415 1620 2503 1674 hic
2540 1618 2787 1689 digerere
2837 1632 2946 1672 non
3007 1614 3112 1669 erit
3148 1615 3472 1683 inopportu-

1899 1727 2053 1766 num.
2086 1709 2157 1766 Ut
2186 1725 2317 1780 ergo
2374 1709 2634 1765 methodo
2682 1707 2984 1777 ordineque
3038 1706 3091 1759 in
3144 1706 3229 1759 his
3258 1718 3477 1773 quoqw:

1900 1805 2135 1861 servatis
2161 1817 2258 1873 pro
2288 1803 2551 1873 dignitate
2610 1816 2803 1857 eorum
2860 1816 2974 1854 rem
3002 1806 3395 1869 pertractasse,
3426 1813 3480 1847 ο-ι

227 1911 355 1963 μεν,
381 1911 519 1947 κατα
530 1894 688 1964 ρχὰς,
706 1894 784 1957 ὼς
807 1895 1111 1966 ἐμφέρεται
1133 1870 1599 1969 τοϊς-’πρακτικοῖς
1620 1899 1715 1969 τῆς
1742 1870 1798 1953 έν

1914 1897 1987 1952 uti
2044 1870 2295 1960 addecet,
2351 1870 2754 1959 existimemur,
2793 1894 2913 1962 ipso
2953 1893 3140 1947 statim
3183 1890 3361 1955 initio,
3401 1892 3477 1942 uti

225 1985 453 2063 Ntxaia.
492 1986 718 2055 πρώτης
764 1988 1011 2047 συνόδου,
1068 1990 1207 2055 πρὸς
1240 1990 1333 2042 τὸν
1388 1989 1683 2060 φιλόσοφον
1749 1992 1798 2043 0i

228 2078 478 2148 θεοφόροι
504 2078 748 2148 Daraps;
774 2078 865 2132 διὰ
888 2079 982 2132 τοῦ
1004 2080 1311 2134 ἐπισκόπου
1334 2080 1590 2135 Λεοντίου
1612 2082 1796 2149 φασίν·

223 2169 482 2238 Εὕρηται
514 2170 582 2224 τὸ
631 2170 874 2239 Πνεῦμα
906 2171 1389 2242 ἐκπορευόμενον
1437 2172 1554 2242 μὲν
1586 2174 1653 2228 ἐκ
1694 2174 1801 2229 τοῦ

229 2262 484 2331 Πατρός,
548 2262 706 2317 ιδιον
756 2262 827 2317 δὲ
877 2263 987 2318 τοῦ
1023 2264 1158 2318 Υίοῦ
1195 2265 1291 2318 καὶ
1337 2266 1407 2329 ἐξ
1438 2265 1626 2321 αὐτοῦ
1660 2268 1805 2321 ἀνα-

228 2356 470 2417 ϐλύζον.
528 2358 731 2426 Ἤρκει
785 2359 896 2421 τοίς
931 2359 1248 2428 εὐγνώμοσι
1284 2359 1391 2411 τῶν
1445 2360 1733 2427 ἀκροατῶν
1767 2362 1800 2429 ἡ

231 2448 485 2518 παροῦσα
520 2450 614 2501 καὶ
664 2449 802 2520 μόνη
862 2449 1088 2521 χρῆσις,
1134 2451 1209 2515 ὡς
1248 2454 1311 2504 ὲκ
1365 2452 1576 2505 πολλῶν
1635 2453 1804 2521 ἁγίων

227 2542 364 2611 ὁμοῦ
402 2541 652 2611 meum,
691 2541 868 2595 καὶτὸ
898 2541 1227 2613 ἀδιάϐλητον
1259 2543 1433 2608 οὕτως
1463 2545 1683 2614 ἔχουσα,
1710 2546 1805 2597 καὶ

231 2635 437 2701 μᾶλλον
485 2635 569 2688 ὅτι
610 2651 714 2703 περ
764 2636 908 2707 ἀρχὴ
946 2639 1040 2689 καὶ
1074 2636 1326 2707 θεμέλιος
1376 2637 1476 2708 τῆς
1522 2638 1802 2709 ὀρθοδὸξου

235 2728 470 2791 πίστεως
500 2720 647 2780 οὗτοι
673 2730 935 2796 γεγόνασι
969 2729 1153 2784 θεόθεν
1176 2733 1329 2800 ἡμῖν,
1368 2732 1575 2800 πρῶτοι
1604 2732 1669 2784 τὰ
1698 2732 1805 2783 τῶν

229 2819 526 2889 αἱρετικῶν
563 2819 968 2884 καταϐαλόντες
1003 2824 1343 2895 φρυάγματα
1398 2826 1540 2878 κατὰ
1580 2825 1808 2896 γνώμην

232 2914 425 2982 κοινὴν
472 2914 568 2967 καὶ
608 2914 948 2969 συνέλευσιν.
986 2916 1102 2969 Νῦν
1138 2916 1194 2971 δέ
1226 2933 1289 2986 γε
1323 2919 1417 2971 καὶ
1450 2918 1657 2989 συχκῶν
1690 2921 1808 2971 ἐτε-

234 3023 347 3078 ρων
374 3008 436 3061 τὸ
474 3008 698 3078 βέϐαιον
727 3006 995 3061 πάντοθεν
1018 3010 1259 3080 ἐχουσῶν
1291 3008 1638 3080 εὐποροῦμεν
1671 3029 1810 3081 μαρ-

233 3094 461 3170 τυριῶν,
492 3097 559 3163 ἃς
599 3116 731 3152 ποτε
776 3098 885 3152 τῶν
945 3101 1211 3170 Πατέρων
1266 3102 1452 3172 σχεδὸν
1491 3104 1539 3155 οἱ
1592 3104 1808 3167 πλείους

232 3190 471 3255 εκαστος
506 3190 603 3263 τὴν
642 3190 840 3245 ἑαυτοῦ
882 3193 1363 3263 συγγραψάμενος,
1414 3194 1447 3266 ἢ
1480 3192 1576 3249 καὶ
1605 3195 1810 3250 τούτων
1838 3228 1881 3286 C

234 3284 393 3347 τινὰς
423 3283 675 3337 κατιδίαν
701 3283 937 3349 ἐξέθετο.
968 3286 1323 3358 ῐῐαραχρῆμα
1363 3288 1458 3341 καὶ
1508 3288 1615 3358 γὰρ
1649 3291 1676 3342 ὁ
1710 3290 1811 3359 τῆς

238 3375 544 3439 ἀθανασίας
585 3376 900 3446 ἐπώνυμος,
950 3377 1010 3440 ὃς
1037 3378 1133 3429 καὶ
1179 3378 1322 3431 κατὰ
1377 3378 1584 3450 ταύτην
1614 3380 1678 3450 δὴ
1711 3380 1811 3449 τὴν

236 3466 468 3538 πρώτην
502 3467 722 3521 σύνοδον
754 3470 927 3538 μέγας
963 3469 1064 3537 τὴν
1100 3470 1313 3542 ὑψηλὴν
1344 3474 1437 3524 καὶ
1472 3472 1585 3525 ἄνω
1614 3476 1813 3543 φέρου-

237 3574 341 3609 σαν
380 3558 575 3625 σοφίαν
605 3558 962 3629 ὲγνωρίζετο,
1002 3560 1098 3612 καὶ
1124 3559 1292 3623 πολὺς
1328 3562 1385 3614 ἐν
1435 3562 1513 3631 τῷ
1549 3563 1680 3633 περὶ
1712 3561 1812 3631 τῆς

237 3650 516 3717 ἐνσάρκου
546 3652 877 3719 ἐπιφανείας
906 3652 1003 3705 τοῦ
1033 3653 1170 3705 Θεοῦ
1213 3653 1359 3724 λόγῳ
1387 3655 1601 3721 τρανῶς
1637 3656 1813 3719 οὕτως

235 3742 583 3808 ἀπαγγέλλει
610 3743 737 3814 περὶ
769 3743 866 3796 τοῦ
902 3744 1219 3815 Πνεύματος
1239 3762 1252 3775 ·
1288 3748 1485 3812 Αὐτὸς
1517 3752 1625 3817 γὰρ
1665 3749 1814 3801 αὐτὸ

237 3834 472 3887 ἀνωθεν
498 3835 769 3904 ἔπεμπεν
799 3836 883 3901 ὡς
939 3837 1106 3903 Θεὸς,
1139 3839 1239 3892 καί
1283 3838 1462 3905 αὐτὸς
1517 3842 1666 3894 αὐτὸ
1706 3839 1814 3894 κὰ-

237 3927 430 3977 τωθεν
464 3926 796 3993 ὑπεδέχετο
844 3927 924 3992 ὡς
955 3928 1290 3996 ἄνθρωπος.
1341 3930 1442 3993 Ἐξ
1472 3931 1661 3984 αὑτοῦ
1704 3926 1819 3986 οὖν

239 4020 331 4083 εἰς
361 4018 549 4073 αὐτὸν
582 4020 811 4085 κατῄει,
833 4021 900 4072 ἐκ
930 4018 1040 4087 τῆς
1071 4023 1351 4089 θεότητος
1375 4023 1563 4076 αὐτοῦ
1591 4026 1679 4091 είς
1704 4027 1820 4094 τὴν

239 4111 674 4178 ἁνθρωπότητα
706 4111 917 4165 αὑτοῦ.
952 4113 1063 4165 Καὶ
1116 4114 1143 4165 ὁ
1170 4094 1410 4183 χρυσοῦς
1441 4116 1542 4184 τὴν
1573 4115 1820 4183 γλῶτταν

241 4204 304 4253 ὲν
331 4202 408 4270 τῷ
450 4205 582 4272 περὶ
633 4203 742 4255 τῶν
797 4203 890 4255 δύο
927 4204 1215 4273 Διαθηκῶν
1245 4204 1413 4275 λόγῳ,
1467 4205 1570 4258 Διὰ
1604 4208 1713 4275 γὰρ
1753 4207 1820 4260 τὸ

240 4298 521 4365 γενέσθαι
571 4300 724 4349 ναὸν
756 4295 867 4363 τῆς
913 4297 1099 4361 θείας,
1129 4298 1463 4370 διαγορεύει,
1512 4299 1821 4369 δυνάμεως

241 4394 311 4439 τι)
342 4385 516 4455 σῶμα
549 4387 651 4440 τοῦ
683 4389 904 4456 Κυρίου
955 4389 1021 4441 τὸ
1070 4390 1382 4458 θεοφόρον,
1431 4392 1570 4462 γίνῃ
1597 4391 1694 4443 καί
1740 4393 1821 4445 σὺ

241 4480 394 4545 ναὸς
434 4482 563 4532 καθ’
601 4482 889 4548 ὁμοίωσιν
917 4481 1148 4557 αὐτοῦ’
1191 4480 1337 4551 δέχῃ
1388 4482 1497 4551 γὰρ
1524 4483 1823 4553 ἐκπεμπό-

1910 1989 1962 2042 ἰη
1991 1988 2129 2041 actis
2162 1984 2395 2043 Nicaanae
2426 1986 2620 2055 prima:
2654 1984 2844 2056 synodi
2898 1983 3152 2046 habetur,
3182 1981 3350 2035 divini
3404 1982 3479 2032 illi

1909 2078 2095 2134 Patres
2140 2080 2204 2133 ad
2268 2079 2654 2149 philosophum
2721 2092 2816 2146 per
2847 2075 3132 2131 Leontium
3164 2075 3481 2144 episcopum

1910 2170 2280 2239 respondent:
2314 2167 2590 2223 Invenitur
2644 2167 2875 2237 Spiritus
2940 2174 3156 2218 sanctus
3207 2163 3487 2233 procedn-e

1910 2257 2113 2327 quidem
2138 2272 2201 2311 es;
2242 2256 2418 2321 Patre,
2465 2259 2709 2326 proprius
2741 2271 2861 2310 vero
2927 2253 3053 2309 Filii
3098 2271 3229 2318 esse,
3261 2265 3310 2307 et
3340 2270 3402 2307 ex
3427 2269 3487 2304 eo

1909 2366 2185 2405 enianans.
2212 2348 2408 2419 Equis
2440 2349 2787 2403 auditoribus
2811 2354 2946 2402 satis
2972 2359 3119 2402 esset
3160 2348 3242 2400 vel
3306 2346 3484 2400 solum

1913 2444 2016 2496 hoc
2036 2442 2263 2506 dictum,
2297 2451 2559 2511 tanquam
2577 2440 2721 2510 quod
2758 2455 2820 2493 ex
2851 2439 3044 2494 multis
3061 2438 3323 2493 Patribus
3360 2456 3488 2507 ιὶιιιο

1913 2533 2222 2588 nuntiatum
2255 2543 2339 2589 est
2363 2575 2377 2598 ,
2405 2536 2639 2603 ideoque
2692 2532 2761 2587 ab
2792 2533 2940 2586 omni
2982 2534 3255 2588 calumnia
3300 2547 3486 2585 exem-

1916 2638 2093 2698 ptum,
2129 2639 2183 2683 et
2213 2627 2555 2697 patisslmnm
2587 2630 2729 2697 quod
2785 2629 3101 2681 orthodoxa:
3141 2627 3261 2680 fidei
3284 2629 3419 2695 priu-
3445 2646 3491 2675 ι-

1915 2722 2062 2792 pium
2108 2737 2171 2775 ac
2218 2712 2629 2775 fundamentum
2678 2736 2708 2776 a
2767 2721 2876 2774 Deo
2904 2719 3062 2777 nobis
3100 2721 3279 2773 traditi
3342 2739 3441 2776 suu
3475 2764 3488 2785 ,

1915 2816 2008 2885 qui
2038 2816 2199 2885 primi
2240 2815 2617 2870 haereticorum
2656 2814 2833 2869 fastus
2862 2815 3146 2870 communi
3179 2824 3305 2870 voto
3327 2826 3491 2884 atque

1913 2921 2213 2979 congreSsu
2236 2908 2592 2978 disiecerunt.
2639 2906 2795 2963 Nune
2844 2924 2971 2962 vero
3005 2918 3061 2961 et
3112 2908 3495 2979 frequentibus

1916 3002 2231 3079 aliiscertis
2266 3012 2428 3072 atque
2476 3002 2795 3055 indubitatis
2859 2998 3191 3056 testimoniis
3249 3002 3496 3055 abunda-

1919 3110 2062 3162 mus,
2098 3110 2219 3165 qum
2249 3095 2426 3165 potior
2466 3109 2592 3163 pars
2621 3092 2865 3158 Patrum,
2903 3096 3285 3165 unusquisque
3317 3111 3407 3164 per
3438 3114 3497 3147 se.

1921 3190 2208 3262 proprium
2240 3186 2591 3258 conscripsit,
2624 3188 2929 3242 authorum
2962 3189 3209 3258 quzcdam
3238 3188 3492 3260 pniva'im

1919 3282 2213 3352 evulgavit.
2273 3278 2521 3350 Namque
2553 3279 2766 3350 primus
2825 3290 2953 3335 ante
2981 3281 3143 3345 alios,
3174 3283 3263 3336 cui
3288 3282 3357 3335 al)
3386 3283 3494 3335 im-

1920 3376 2250 3431 mortalitate
2282 3387 2481 3428 nomen
2507 3382 2611 3439 est,
2661 3383 2714 3429 et
2741 3375 2834 3443 qui
2867 3373 2920 3426 in
2959 3373 3074 3443 ipsa
3135 3375 3305 3443 piinta
3332 3391 3498 3446 synu.

1918 3470 2010 3533 do,
2062 3468 2283 3523 sublimi
2371 3473 2427 3521 et
2482 3480 2604 3535 quae
2643 3464 2711 3520 ad
2772 3465 3060 3534 superiora
3104 3467 3365 3522 conducit
3402 3484 3497 3521 su-

1920 3561 2119 3631 pientia
2152 3558 2495 3629 praecelebris
2522 3556 2823 3613 habebatur
2847 3565 3013 3629 atque
3071 3560 3331 3623 eximius,
3364 3577 3493 3613 oru-

1923 3656 2070 3709 tione
2100 3651 2167 3707 de
2190 3652 2535 3721 apparitione
2575 3649 2669 3705 Dei
2710 3650 2764 3705 in
2818 3665 2990 3707 carne
3060 3662 3250 3721 aperte
3296 3652 3499 3707 hmcde

1924 3746 2125 3817 Spiritu
2167 3746 2485 3816 pronuntiat
2516 3759 2531 3799 :
2561 3743 2679 3813 Ipse
2699 3745 2838 3799 enim
2869 3743 3023 3797 illum
3062 3744 3285 3815 desuper
3318 3748 3499 3799 mitte-

1922 3838 2010 3892 bat
2046 3840 2122 3892 uti
2149 3839 2305 3902 Deus,
2337 3847 2385 3892 et
2412 3838 2521 3908 ipse
2550 3852 2670 3892 eum
2699 3837 2754 3889 in
2784 3838 2888 3891 imo
2919 3836 3243 3908 excipiebat,
3299 3841 3377 3892 uti
3405 3840 3501 3888 Im-

1922 3948 2027 3986 mo.
2061 3930 2144 3985 Ex
2178 3931 2291 3999 ipso
2334 3932 2511 4000 itaque
2534 3930 2591 3984 in
2630 3929 2803 3999 ipsum
2858 3929 3228 3998 descendebat,
3286 3946 3352 3985 ea:
3388 3932 3498 3984 dei.

1876 4042 1883 4048 '
1925 4028 2031 4079 tale
2058 4026 2223 4092 ipsius
2256 4026 2309 4079 in
2350 4025 2733 4078 humanitatem
2796 4023 2988 4090 ipsius.
3022 4022 3087 4077 Ει
3122 4024 3305 4095 lingua
3331 4039 3500 4080 aurea

1924 4116 2182 4184 prmditus
2239 4116 2484 4169 oratione
2515 4114 2581 4169 de
2617 4113 2835 4169 duobus
2881 4111 3249 4171 Testamentis
3283 4131 3302 4171 :
3338 4116 3501 4184 Prop-

1926 4217 2067 4261 terea
2098 4204 2236 4259 enim
2278 4208 2417 4276 quod
2447 4202 2649 4273 factum
2683 4214 2758 4259 est
2785 4206 2980 4259 divina:
2998 4206 3212 4260 virtutis
3246 4210 3495 4276 templum

1924 4312 2112 4365 corpus
2151 4293 2359 4349 Dbmini
2403 4294 2686 4363 deiferum,
2729 4293 2797 4363 ﬁs
2828 4306 2879 4348 et
2936 4304 2991 4349 tu
3025 4298 3275 4369 templum
3309 4314 3499 4351 serun-

1924 4388 2048 4438 dum
2086 4387 2229 4438 illius
2260 4384 2663 4437 similitudinem
2693 4401 2710 4439 :
2739 4385 2931 4451 accipis
2958 4386 3095 4439 enim
3132 4388 3199 4440 ab
3232 4388 3344 4457 ipso
3375 4389 3501 4443 mis-

1925 4492 2041 4532 sum
2076 4476 2359 4548 Spiritum.
2393 4476 2629 4534 Omnino
2662 4476 2793 4530 illud
2822 4478 2886 4531 ab
2930 4478 3063 4548 ipso,
3094 4477 3237 4534 idem
3268 4490 3352 4535 est
3375 4496 3500 4534 cum

236 4587 434 4640 μενον
463 4571 600 4641 παρ’
649 4572 836 4625 αὐτοῦ
872 4574 938 4625 τὸ
985 4575 1249 4643 Πνεῦμα.
1296 4575 1519 4638 Πάντως
1549 4575 1628 4639 τὸ,
1683 4578 1821 4644 παρ’

1934 4570 2026 4624 illo
2077 4570 2307 4640 exipso.
2342 4564 2419 4622 Et
2443 4582 2602 4623 nemo
2645 4568 2783 4621 adeo
2826 4567 3007 4622 infans
3026 4576 3188 4637 atque
3239 4568 3503 4638 insipi.ns

242 4662 457 4731 αὑτοῦ,
490 4665 650 4718 τοῦτο
700 4666 900 4718 ταυτὸν
954 4667 1191 4736 ὑπάρχει
1239 4667 1318 4737 τῷ
1349 4667 1418 4731 ἐξ
1466 4668 1675 4724 αὐτοῦ.
1714 4670 1823 4722 Καὶ

241 4758 427 4819 οὐδεὶς
465 4759 557 4809 ἐπὶ
587 4755 842 4810 τοσοῦτον
871 4758 1092 4827 ἀμαθὴς
1121 4761 1216 4811 καὶ
1247 4759 1495 4830 ἀνόητος,
1529 4761 1603 4824 ὡς
1629 4761 1823 4828 διατο-

247 4850 352 4919 ρὰν
380 4849 477 4920 τὴν
511 4850 783 4920 τυχοῦσαν
830 4853 975 4902 νοεῖν
1010 4851 1105 4903 ἐπὶ
1148 4850 1357 4905 τούτων
1388 4852 1451 4917 δὴ
1489 4853 1597 4906 τῶν
1630 4856 1826 4923 προθέ-

244 4959 410 4995 σεων.
450 4941 609 4995 Ἀλλὰ
637 4940 810 4993 ταῦτα
838 4942 937 5011 μὲν
967 4942 994 4994 ὃ
1047 4959 1107 4994 τε
1154 4945 1330 5011 μέγας
1376 4943 1697 5009 Ἀθανάσιος
1730 4948 1827 4999 καὶ

240 5034 273 5085 ὁ
305 5031 450 5095 θεῖος
480 5032 870 5100 Χρυσόστομος
894 5048 909 5063 ·
938 5032 967 5083 ὀ
1012 5032 1067 5085 δὲ
1102 5032 1581 5103 δογματικώτατος
1621 5037 1827 5107 napo.-

241 5125 341 5188 λος
374 5125 431 5175 ἐν
463 5126 679 5188 πολλοῖς
705 5124 815 5178 τῶν
847 5125 1014 5177 αὑτοῦ
1041 5125 1217 5193 λόγων
1265 5129 1361 5179 καὶ
1397 5128 1664 5193 πολλάκις
1693 5132 1824 5196 περὶ

241 5217 446 5270 τούτου
472 5218 751 5281 διέξεισιν.
794 5216 1008 5270 Οὐκοῦν
1048 5218 1107 5268 ὲν
1142 5203 1354 5288 μὲντῷ
1387 5219 1533 5288 λόγῳ
1565 5220 1642 5289 τῷ
1688 5223 1825 5291 πρὸς

244 5311 553 5379 Νεστὸριον
578 5327 593 5342 ο
626 5312 694 5362 Et
728 5310 824 5365 καί
858 5311 993 5364 ἐστι
1021 5310 1087 5363 τό
1116 5310 1356 5379 Πνεῦμα
1386 5313 1455 5364 ἐν
1489 5315 1823 5368 ὑποστάσει

248 5401 440 5468 ίδικῇ,
494 5402 594 5455 καὶ
642 5399 719 5468 δὴ
757 5402 854 5455 καὶ
906 5401 1133 5454 νοεῖται
1203 5403 1332 5455 καθ’
1370 5402 1570 5460 ἑαυτὸ.
1613 5406 1740 5456 καθ’
1796 5404 1827 5457 ὃ

248 5492 504 5561 Ιινεῡμά
531 5494 662 5548 ἐστι
690 5494 787 5546 καὶ
818 5496 930 5561 οὐχ
978 5495 1145 5558 Υἱός·
1185 5492 1324 5546 ἀλλ’
1364 5488 1479 5547 οὖν
1515 5494 1686 5548 ἐστιν
1719 5498 1829 5549 οὐκ

246 5588 584 5653 ἀλλότριον
611 5585 819 5639 αὑτοῦ.
856 5587 1098 5654 Πνεῦμα
1128 5588 1237 5655 γὰρ
1272 5587 1559 5654 ἀληθείας
1600 5587 1826 5657 ὠνόμα-

246 5694 422 5740 σται,
454 5679 551 5731 καί
579 5666 710 5731 ἔστι
742 5678 994 5745 Χριστὸς
1018 5678 1055 5744 ἡ
1097 5678 1371 5744 ἀλήθεια,
1408 5678 1502 5731 καί
1525 5680 1829 5749 προχεῖται

247 5770 398 5838 παρ’
436 5770 624 5824 αὐτοῦ
661 5770 929 5838 καθάπερ
960 5769 1165 5834 ἀμέλει
1199 5769 1297 5825 καὶ
1328 5770 1397 5823 ἐκ
1432 5771 1537 5825 τοῦ
1576 5776 1826 5838 Πατρόςο

247 5863 312 5915 ἐν
354 5862 409 5914 δὲ
467 5862 541 5928 τῷ
584 5860 718 5931 πρδς
759 5863 851 5913 τὸν
903 5862 1130 5930 βασιλέα
1160 5860 1481 5913 Θεοδόσιον·
1527 5862 1830 5917 Ἀπολύων

540 5960 803 6020 Parnm“
854 5962 969 6021 Gn.
1006 5959 1188 6018 (IX-LI

1930 4663 2113 4727 fuerit,
2147 4663 2239 4733 qui
2268 4662 2349 4718 vel
2379 4662 2659 4717 minimam
2679 4658 3040 4717 diﬂerentiam
3070 4662 3212 4719 inter
3235 4663 3334 4719 has
3358 4680 3499 4734 pra:-

1928 4757 2227 4828 positiones
2289 4755 2696 4825 exCOgitaverit.
2759 4753 2823 4808 Et
2858 4755 2969 4810 haec
3000 4756 3220 4824 quidem
3270 4773 3501 4829 magnus

1928 4848 2263 4903 Athanasius
2298 4858 2351 4902 et
2390 4846 2612 4902 divinus
2685 4847 3156 4917 Chrysustomus:
3195 4858 3250 4901 at
3280 4850 3332 4903 in
3362 4856 3493 4922 dog.

1929 4941 2169 4996 matibus
2199 4938 2568 5011 dijudicandis
2593 4939 3132 5009 pra-cellentissimns
3149 4940 3411 5013 Cyrinus,
3445 4947 3496 4998 in

1931 5033 2115 5089 multis
2142 5032 2257 5088 suis
2287 5032 2629 5087 orationibus
2652 5039 2708 5087 et
2734 5032 3036 5102 szepissime
3064 5034 3131 5088 de
3158 5035 3262 5090 hoc
3290 5051 3501 5090 seu-mu-

1929 5140 2053 5182 nem
2084 5125 2299 5196 digerit.
2337 5123 2399 5177 Et
2428 5125 2678 5181 oratione
2726 5137 2918 5181 contra
2952 5122 3263 5182 Nestorium
3303 5146 3315 5181 :
3349 5126 3497 5182 Licet
3596 5182 3603 5189 ε

1933 5222 2171 5291 Spiritus
2201 5222 2255 5273 in
2284 5220 2504 5289 propria
2537 5219 2809 5289 [typostasi
2841 5220 2933 5285 sit,
2961 5231 3010 5275 et
3054 5222 3213 5275 etiam
3258 5238 3351 5292 per
3400 5224 3495 5276 sei-

1929 5331 2081 5384 psum
2133 5315 2467 5381 intelligatur
2492 5353 2508 5378 ,
2556 5314 2763 5367 ratione
2814 5329 2917 5383 qua
2948 5312 3180 5381 Spiritus
3213 5324 3288 5368 est
3321 5323 3370 5368 et
3401 5331 3503 5369 non

1935 5404 2134 5471 Filius,
2164 5405 2506 5459 nihilominus
2549 5421 2650 5460 non
2685 5415 2762 5459 est
2819 5406 3025 5459 alienus
3058 5406 3123 5458 ab
3149 5422 3230 5461 eo.
3266 5405 3501 5475 Spiritus

1932 5500 2069 5553 enim
2120 5499 2363 5553 veritatis
2395 5498 2571 5552 dictus
2604 5510 2705 5563 est,
2736 5511 2780 5553 et
2816 5509 2891 5552 est
2935 5498 3179 5553 Christus
3205 5501 3418 5561 veritas,
3455 5511 3503 5554 et

1931 5590 2223 5658 eﬁ’unditur
2249 5588 2313 5641 ab
2348 5590 2480 5657 ipso,
2513 5605 2571 5643 eo
2600 5588 2755 5641 modo
2794 5604 2896 5657 quo
2924 5595 2973 5638 et
3023 5602 3087 5639 ex
3119 5584 3301 5641 Patre.
3345 5588 3407 5640 Et
3436 5589 3501 5642 ad

1933 5682 2313 5750 imperatorem
2369 5679 2754 5739 ,Theodosium
2809 5694 2824 5732 :
2881 5676 3138 5732 Liberam
3192 5696 3223 5733 a
3273 5684 3503 5749 pecrntis

1931 5789 2072 5835 eum,
2097 5774 2186 5842 qui
2213 5773 2590 5836 ipsiadha'ret,
2623 5771 2836 5839 propria
2890 5770 3129 5839 deinceps
3159 5774 3306 5841 ungit
3370 5771 3461 5838 Sp:
3484 5802 3502 5813 ο

1935 5867 2066 5930 ritu,
2112 5881 2262 5935 quem
2298 5865 2543 5917 immittit
2593 5864 2765 5933 ipsum
2808 5871 3060 5931 tanquam
3110 5882 3173 5919 ex
3211 5865 3312 5919 Dea
3347 5865 3502 5920 Patrt

2970 5960 3046 6025 37
