3974 6628
258 414 392 479 1185

1088 406 1191 478 ’ΒΕ
1235 414 1757 480 PROCESSIONE
1798 417 1859 476 S.
1902 413 2265 475 SPlBlTUS
2307 414 2531 476 ORAT.
2578 412 2661 476 ΙΙ.

3381 414 3514 477 118ιῖ

249 528 553 598 ἐπειδήπερ
578 525 719 580 κατά
746 527 872 589 τοὺς
896 527 1078 581 αὐτῶν
1106 527 1332 580 έκεὶνων
1360 535 1588 599 καιροὺς
1614 510 1833 582 ἅπαντα

1946 528 2222 581 tendentes
2275 526 2613 590 decreriSse,
2668 524 3109 595 quandoquidem
3155 541 3343 581 eortnn
3395 544 3513 582 εει-υ

251 618 673 691 παρεισεψθάρη
716 619 785 672 τὰ
831 618 941 672 τῶν
984 621 1272 687 αἱρέσεων,
1325 621 1478 691 ὅλην,
1518 620 1594 685 ὡς
1630 623 1828 684 εἰπεῖν,

248 710 558 782 τηνικαῦτα
602 711 949 775 κενώσαντες
984 713 1127 766 κατά
1162 714 1264 782 τῆς
1316 713 1582 784 ἀληθείας
1612 714 1705 768 τοῦ
1740 716 1832 784 έχ-

254 802 388 874 θροῢ
419 804 520 873 τὴν
557 805 844 874 φαρέτραν
879 803 1073 870 αὐτοῦ,
1109 807 1205 857 καὶ
1236 806 1438 868 κακίας
1486 805 1653 876 μηδὲν
1684 803 1827 883 εἶδος

254 899 388 967 ἡμῖν
416 897 829 967 ὑπολιπομένου
878 900 993 960 τοϊς
1033 887 1370 968 μεθύστερον
1422 899 1646 968 ἀφορῶν
1692 900 1829 969 πρδς

253 989 599 1054 δυσσέϐειαν,
620 989 714 1043 az;
742 990 879 1060 πρὸς
900 991 1313 1055 ἀνταγωνιστάς
1338 989 1553 1059 ἔχοντος
1579 994 1833 1063 ἰσχυροὶς

257 1081 356 1133 καὶ
387 1080 818 1151 πεῳραγμένους
842 1080 928 1131 ἀεὶ
964 1084 1076 1143 τοῖς
1120 1081 1306 1144 ὅπλοις
1337 1084 1434 1149 τῆς
1466 1081 1726 1145 πίστεως.
1769 1081 1837 1135 Οἵ

256 1185 323 1240 γε
352 1170 416 1240 δὴ
444 1170 542 1223 καὶ
578 1171 816 1241 μάλιστα
840 1168 929 1223 διὰ
964 1172 1135 1225 ταῦτα
1172 1172 1394 1242 βρεφῶν
1418 1171 1658 1242 τρώσεις
1689 1173 1837 1242 λογι-

262 1263 499 1331 σάμενοι
525 1262 625 1327 τὰς
674 1261 870 1336 τούτου
918 1262 1100 1332 βολὰς,
1145 1264 1324 1317 τέλεον
1361 1264 1620 1318 καθεῖλον
1647 1265 1832 1329 αὐτὸν,

254 1354 359 1418 τὰς
397 1354 682 1424 μεθοδείας
712 1355 823 1408 τῶν
858 1356 1126 1425 αἱρέσεων
1176 1357 1368 1409 πασῶν
1397 1354 1832 1427 ἀνατρέψαντες,

260 1444 340 1508 ὡς
387 1445 592 1510 ἐξεῖναι
640 1446 877 1507 καὶτοῖς
913 1446 1397 1516 μεταγενεστέροις
1453 1443 1585 1516 ἡμῖν
1628 1449 1837 1518 ἀπροσ-

257 1537 483 1600 κόπτως
538 1536 650 1590 τῶν
684 1535 862 1607 ὀρθῶν
893 1536 1180 1606 δογμάτων
1209 1537 1553 1608 ἀντέχεσθαι.
1612 1539 1719 1591 Καί
1745 1557 1837 1609 μοι

254 1627 409 1679 δοκεῖ
438 1625 514 1697 τῷ
547 1626 807 1698 κηδεμόνι
851 1627 1005 1680 τουτὶ
1044 1627 1152 1682 τῶν
1200 1628 1487 1699 ἡμετέρων
1526 1629 1707 1693 καλῶς
1755 1632 1838 1683 οε-

261 1719 638 1789 κονομηθῆναι
672 1718 885 1789 ψυχῶν,
937 1720 1001 1772 τό
1045 1736 1104 1773 τε
1160 1720 1262 1790 τῆς
1310 1720 1569 1789 γνώσεως
1612 1721 1838 1801 ἀσθενὲς

260 1809 358 1862 καὶ
387 1809 487 1879 τὴν
514 1809 642 1880 περὶ
691 1812 754 1862 τὰ
789 1812 997 1881 χρηστὰ
1029 1809 1313 1884 ῥᾳστώνην
1365 1811 1521 1882 ἡμῶν
1562 1812 1836 1882 προγινώ-

262 1916 476 1953 σκοντι.
514 1902 621 1954 Καὶ
680 1901 790 1972 γάρ
822 1903 874 1955 ετ
912 1919 994 1966 τις
1031 1906 1265 1973 αἵρεσις,
1299 1904 1520 1958 ἀπέστω
1549 1905 1606 1957 δὲ
1658 1904 1838 1971 τοῦτο,
1873 1884 1913 1940 Β

254 1992 426 2045 ποθὲν
445 1992 653 2064 άνεφύη
675 1994 812 2060 πρὸς
833 1993 892 2046 τὸ
911 1994 1110 2066 παρὸν,
1140 1995 1193 2046 τί
1213 1993 1334 2048 ποτ’
1361 1993 1428 2047 ἂν
1454 1992 1842 2065 ἐνεδειξάμεθα

255 2087 509 2151 γενναῖον
533 2085 629 2137 καὶ
661 2084 1113 2155 πεπαιδευμένων
1139 2086 1354 2157 φρενῶν
1389 2085 1540 2151 ἀξιον
1566 2105 1580 2153 ;
1613 2090 1760 2151 ὅπως
1782 2086 1841 2143 δὲ

257 2178 560 2241 συστάντες
598 2176 1044 2251 διεμαχεσάμεθα
1078 2179 1218 2250 πρὸς
1249 2180 1442 2249 αὐτὴν,
1481 2180 1654 2241 οὕτως
1688 2181 1838 2251 ἀμα-

258 2269 372 2332 θῶς
395 2270 759 2342 παρατάξεων
800 2271 1042 2340 λογικῶν
1073 2270 1294 2341 ἔχοντες
1320 2288 1334 2337 ;
1366 2272 1476 2324 Καὶ
1509 2272 1678 2325 πόθεν
1707 2272 1839 2343 ἐθη-

260 2350 541 2431 ρεύσαμεν
587 2362 647 2415 τὸ
712 2365 1102 2433 κεκρυμμένον
1171 2363 1596 2433 ἀνιχνεύσαντες
1667 2364 1725 2416 ὲν
1764 2362 1842 2434 τῷ

261 2452 423 2521 βάθει
449 2452 542 2505 τοῦ
574 2451 891 2525 ζητήματος
922 2453 1144 2524 ἀληθὲς,
1177 2453 1341 2507 ὁπότε
1374 2454 1433 2507 τὸ
1462 2455 1704 2523 ἀσφαλὲς
1734 2453 1843 2506 τῶν

260 2542 541 2612 κειμένων
567 2544 701 2613 ἡμῖν
732 2544 1021 2614 δογμάτων
1048 2543 1117 2597 δι’
1147 2542 1441 2614 ἀμέλειαν,
1483 2539 1841 2596 οὐδοπωσοῦν

259 2636 645 2704 ἐιέιστάμεθα;
676 2636 861 2700 καθὼς
887 2637 986 2709 τὴν
1006 2636 1146 2709 πρὸς
1176 2638 1354 2690 ταῦτα
1382 2635 1584 2707 πολλὴν
1609 2635 1842 2706 ἀπορίαν

261 2729 425 2798 ἡμῶν
489 2723 647 2790 οὗτος
700 2731 729 2782 ό
774 2730 967 2800 καιρὸς
998 2729 1313 2798 ἀπελέγξας
1366 2728 1435 2783 τά
1491 2729 1586 2782 νῦν
1619 2727 1841 2792 ἔδειξεν,

252 2818 433 2887 ἡνίκα
466 2820 696 2889 μηδενὸς
750 2819 1082 2889 λαληθέντος
1157 2819 1351 2874 καινοῦ
1404 2820 1724 2875 παντάπασι
1782 2817 1842 2872 τὸ

262 2915 491 2984 φρονεῖν
549 2913 954 2984 ὲσαλεύθημεν.
1004 2913 1117 2969 Καὶ
1169 2914 1289 2970 δέον
1323 2914 1679 2978 ἀκούσαντας
1736 2914 1843 2967 τῶν

250 3000 576 3075 λεγομένων
623 3007 895 3080 μηδαμῶς
940 3008 1287 3079 ταραχθῆναι
1321 3009 1416 3062 τὸν
1476 3009 1625 3076 νοῦν,
1671 3006 1841 3077 γινώ-

269 3116 511 3163 σκοντας
546 3101 656 3154 ἀπὸ
686 3101 797 3155 τῶν
824 3100 987 3155 θείων
1014 3101 1251 3172 Γραφῶν
1308 3101 1409 3171 τὴν
1440 3101 1541 3171 τῆς
1582 3099 1845 3170 ἀληθείας

262 3189 592 3256 ἀνάπτυξιν,
612 3192 776 3261 ἡμεῖς
799 3191 1056 3246 τοσοῦτον
1079 3191 1494 3262 κατεσχέθημεν
1524 3192 1628 3245 ὑπὸ
1652 3191 1837 3257 ζάλης,

263 3279 356 3348 ὑφ’
387 3276 453 3352 ἧς
486 3282 578 3334 καὶ
607 3281 902 3352 διέστημεν
931 3284 1013 3346 είς
1038 3281 1197 3350 δόξας
1217 3281 1390 3346 ἀδεῶς
1412 3281 1841 3353 ἐμπεπτωκότες

261 3371 495 3437 πολλάς,
517 3371 661 3426 ὥστε
693 3373 790 3426 καὶ
814 3372 1088 3443 βάλλομεν
1109 3372 1397 3443 ἀλλήλους,
1432 3372 1535 3442 φεῦ
1563 3372 1664 3441 τῆς
1688 3374 1847 3425 ἀναι-

263 3462 526 3533 σθησίαςι
562 3463 636 3527 ὡς
662 3463 728 3517 ἂν
759 3466 816 3517 έν
848 3464 1165 3535 σκοτομήνῃ
1191 3464 1319 3528 τινὶ,
1353 3463 1446 3516 καὶ
1476 3461 1567 3516 ὑπ’
1599 3460 1845 3530 ἀλλήλων

266 3554 607 3627 βαλλόμεθα,
646 3557 787 3625 μήτε
827 3556 889 3608 τὸ
934 3555 1031 3608 τοῦ
1062 3554 1338 3625 δόγματος
1369 3552 1603 3624 ἀκριϐὲς
1636 3551 1842 3616 εἰδότες

263 3645 326 3710 ἐξ
359 3642 727 3713 ἀναγνώσεως
761 3644 945 3698 αὐτῶν
975 3649 1086 3698 τῶν
1131 3643 1293 3697 θείων
1325 3642 1582 3715 Γραφῶν,
1610 3644 1705 3694 καὶ
1738 3640 1845 3694 τῶν

264 3742 326 3791 ὲν
360 3738 586 3802 ταύταις
618 3738 784 3809 ἱερῶν
814 3737 1038 3806 λογίων,
1069 3736 1127 3790 εί
1158 3736 1239 3800 τίς
1263 3754 1366 3789 που
1402 3738 1698 3807 προφέρει,
1739 3751 1849 3804 μη·

263 3828 479 3884 ὢτιοῡν
515 3831 828 3895 ἐπαΐοντες,
860 3830 936 3893 ὡς
962 3829 1194 3893 δικαίως
1228 3827 1626 3900 κληρώσασθαι
1657 3828 1754 3881 καὶ
1786 3827 1845 3880 τὸ

268 3922 439 3993 ῥηθὲν
465 3924 616 3992 παρά
654 3939 748 3975 του
779 3922 889 3975 τῶν
921 3921 1162 3995 θύραθεν
1190 3921 1462 3991 ποιητῶν,
1493 3920 1555 3975 τὸ
1588 3920 1724 3991 πρὸς
1745 3919 1846 3989 τὴν

267 4013 537 4084 ἀλήθειαν
577 4015 790 4084 ἀχρεῖοι
811 4013 1016 4085 δηλαδὴ
1039 4014 1135 4066 καὶ
1163 4008 1422 4067 εἶναικαὶ
1455 4012 1844 4083 ὀνομάζεσθαι.

269 4103 530 4157 Τοιοῦτον
570 4105 630 4156 τὸ
658 4106 933 4175 ἡμέτερον
961 4104 1057 4157 νῦν
1093 4105 1157 4156 ἐκ
1192 4102 1492 4174 διαμέτρου
1522 4107 1634 4167 τοῖς
1669 4103 1847 4156 ἔκπα-

266 4196 383 4249 λαι.
412 4196 522 4248 Καὶ
546 4196 651 4249 οὐκ
678 4196 858 4264 ἀγνοῶ
880 4196 941 4248 τὸ
971 4194 1377 4266 προσίστασθαι
1401 4195 1610 4257 τούτοις
1631 4192 1847 4258 δοκοῦν,

266 4291 410 4360 ὅπερ
450 4288 516 4343 ἄν
553 4304 639 4350 τις
676 4288 839 4358 τυχὸν
887 4290 967 4351 εἰς
1015 4288 1077 4340 τὸ
1130 4286 1298 4357 μέσον
1321 4286 1682 4358 προτείνειεν,
1715 4284 1793 4348 ὡς
1820 4287 1849 4339 ὁ

267 4382 398 4444 τοὺς
430 4381 569 4433 κατά
593 4380 685 4432 τὸν
720 4378 913 4449 καιρὸν
954 4379 1168 4432 ἐκεῖνον
1216 4377 1453 4447 δύναμιν
1510 4374 1849 4445 περιζώσας,

269 4475 371 4528 καὶ
402 4473 473 4526 τά
508 4475 644 4544 πρὸς
682 4472 969 4525 εὐσέϐειαν
1026 4468 1369 4534 καθοπλίσας
1403 4468 1559 4533 Θεὸς,
1590 4469 1751 4538 εἰπερ
1781 4464 1849 4539 ἦν

1935 622 2172 677 haereses
2201 634 2391 674 omnes
2424 619 2804 689 obrepserunt,
2824 634 2946 673 cum
2984 619 3319 684 universam,
3352 628 3410 672 ut
3439 620 3512 674 ita

1936 712 2136 772 dicam.
2171 727 2234 763 eo
2286 720 2527 778 tempore
2572 710 2832 764 adversus
2885 710 3168 762 veritatem
3204 708 3510 776 pharetram

1935 802 2144 857 dtemon
2166 803 2524 869 exhausisset,
2559 803 2691 857 adeo
2728 809 2788 856 ut
2815 801 2902 855 ille
2936 801 3145 855 nullum
3175 801 3394 855 malitia;
3425 819 3516 866 ge-

1937 910 2037 948 nus
2093 893 2254 949 nobis
2289 892 2640 964 p05tmodum
2672 891 2872 947 futuris
2914 892 3184 962 reliquum
3225 892 3413 947 fecerit
3446 897 3512 947 al

1938 986 2293 1055 impietatem,
2340 986 2468 1040 dum
2522 1001 2644 1040 cum
2693 985 2933 1041 robustis
2972 993 3026 1039 ct
3088 1001 3303 1055 semper
3349 987 3516 1040 armis

1939 1078 2060 1132 fidei
2096 1078 2383 1133 instructis
2413 1077 2744 1132 adversariis
2797 1078 3125 1139 decertaret,
3160 1078 3253 1147 qui
3306 1078 3386 1131 vel
3447 1094 3512 1127 eo

1938 1167 2175 1221 maxime
2209 1182 2508 1236 puerorum
2546 1168 2769 1221 vulnera
2806 1167 2953 1220 illius
2997 1166 3134 1219 ictus
3184 1175 3514 1235 reputantes,

1940 1255 2182 1312 funditus
2234 1272 2354 1311 eum
2412 1269 2824 1326 oppresserunt,
2882 1260 3169 1315 fraudibus
3203 1273 3255 1314 et
3306 1262 3516 1315 artibus

1938 1350 2313 1405 universarum
2337 1351 2616 1405 haereseon
2644 1351 2872 1413 eversis,
2895 1361 2955 1406 ut
2985 1352 3095 1421 jam
3136 1354 3291 1408 nobis
3326 1370 3514 1409 eorum

1938 1443 2172 1508 posteris
2207 1443 2386 1507 liceat,
2421 1443 2625 1513 absque
2654 1444 2766 1497 ullo
2798 1444 3186 1514 impedimento
3233 1458 3396 1515 atque
3431 1448 3519 1501 in-

1940 1534 2227 1588 commodo
2257 1535 2420 1589 rectis
2437 1534 2781 1604 dogmatibus
2811 1538 3073 1592 tenaciter
3111 1537 3505 1594 adlnereseere.

1940 1619 2008 1675 Et
2038 1623 2168 1676 milii
2201 1623 2416 1679 videtur
2438 1625 2539 1679 hoc
2564 1637 2706 1681 recte
2725 1628 3045 1697 probequea
3069 1639 3377 1684 nostrorum
3400 1634 3517 1685 ani-

1940 1728 2153 1789 morum
2188 1725 2441 1772 curatore
2470 1728 2667 1774 nostrae
2694 1721 3021 1789 cognitionis
3062 1723 3515 1784 imbecillitatem.

1943 1782 1993 1858 ct
2020 1804 2165 1860 circa
2199 1805 2335 1859 bona
2361 1809 2645 1877 segnitiem
2671 1811 3028 1879 praevidente,
3055 1812 3191 1868 bene
3217 1814 3514 1869 admodum

1942 1901 2257 1956 ordinatum
2322 1912 2488 1972 atque
2546 1905 2875 1960 instructum
2939 1906 3129 1975 fuisse,
3193 1911 3340 1964 utsi
3397 1926 3520 1981 quae

1943 1991 2188 2058 haeresis,
2229 1996 2374 2064 quod
2412 1994 2576 2060 absit,
2613 1997 2835 2053 aliunde
2882 1998 2986 2053 hoc
3043 2001 3302 2070 temporis
3335 2003 3518 2056 exori-

1942 2093 2112 2148 retur,
2142 2092 2456 2153 suppeteret
2482 2101 2803 2154 generosum
2859 2088 3138 2158 quidpiam
3192 2100 3246 2143 et
3289 2091 3522 2146 eruditis

1942 2174 2218 2229 mentibus
2239 2176 2484 2246 dignum,
2506 2194 2617 2247 quo
2637 2178 2940 2233 continuati
2975 2182 3367 2251 constitutique
3398 2198 3520 2237 eam

1943 2279 2406 2335 oppugnaremus,
2442 2269 2534 2336 qui
2575 2283 2755 2322 rerum
2786 2268 3196 2325 dialecticarum
3255 2285 3519 2341 apparatu

1942 2354 2199 2410 instructi
2252 2357 2480 2414 minime
2534 2374 2750 2415 sumus.
2809 2362 2876 2415 Et
2927 2363 3197 2416 undenam
3240 2363 3520 2418 vet'itatcm

1943 2450 2271 2504 occultatam
2329 2452 2384 2506 in
2422 2452 2694 2523 profundo
2742 2454 3072 2523 quaestionis
3126 2454 3522 2525 investigantcs

1941 2542 2262 2610 explicaturi
2300 2558 2567 2608 essemus.
2628 2546 2723 2616 qui
2755 2547 3273 2609 traditurumnobis
3303 2546 3526 2617 dogma-

1945 2638 2057 2685 tum
2110 2632 2460 2688 securitatem
2499 2635 2571 2690 ob
2599 2637 2983 2706 negligentiam
3035 2636 3184 2690 nullo
3221 2638 3381 2693 modo
3421 2652 3516 2691 co-

1944 2727 2287 2801 gnoscimus,
2320 2727 2396 2781 uti
2431 2727 2705 2799 ingentem
2737 2739 2980 2783 nostram
3023 2729 3089 2783 ad
3128 2730 3326 2783 similia
3359 2731 3526 2785 insci-

1945 2820 2085 2873 tiam
2109 2820 2211 2874 ltoc
2245 2827 2463 2890 tempus
2494 2835 2799 2891 coarguens
2825 2823 3239 2884 demonstravit,
3269 2821 3397 2877 dum
3427 2838 3525 2875 no-

1944 2924 2072 2965 vum
2106 2925 2216 2964 non
2270 2911 2364 2977 sit,
2396 2911 2542 2981 quod
2596 2910 2649 2964 in
2691 2926 2946 2967 sermone
3000 2912 3285 2967 hominum
3327 2912 3521 2978 fertur,

1943 3010 2000 3056 et
2032 3015 2132 3056 nos
2160 3002 2229 3057 de
2257 3011 2442 3057 mente
2471 3002 2798 3069 decidimus,
2830 3012 2885 3058 et
2912 3019 3034 3059 eum
3073 3019 3210 3075 opus
3237 3014 3381 3060 esset
3407 3015 3525 3060 sta-

1947 3092 2077 3148 tutis
2126 3092 2515 3161 obsequentes,
2551 3104 2609 3150 et
2640 3103 3036 3164 cognoscentes
3083 3112 3150 3151 ex
3198 3096 3401 3152 divinis
3435 3098 3528 3150 lit-

1949 3184 2081 3239 teris
2127 3185 2373 3242 veritatis
2430 3187 2852 3255 expositionem,
2903 3203 2934 3241 a
2986 3198 3164 3243 mente
3209 3204 3315 3243 non
3348 3188 3528 3243 dimo-

1946 3275 2082 3339 veri,
2141 3284 2242 3331 nos
2266 3278 2599 3332 tantumdem
2627 3276 2985 3347 opprimimur
3019 3276 3389 3341 ﬂucIUatione,
3418 3293 3526 3347 qna

1944 3370 2248 3426 seindimur
2296 3378 2350 3423 et
2394 3370 2448 3421 in
2490 3368 2691 3423 multas
2729 3367 3014 3437 opiniones
3065 3369 3324 3423 audacter
3355 3376 3409 3423 et
3466 3371 3527 3422 Ii-

1946 3475 2133 3517 center
2168 3462 2490 3525 incidimus,
2529 3470 2589 3514 ut
2640 3469 2858 3515 nosmet
2915 3469 3107 3515 mutuo
3156 3460 3526 3530 pereutiamus

1947 3556 2077 3622 (heu
2099 3552 2424 3624 stuporem!)
2446 3553 2609 3608 veluti
2641 3553 2693 3606 in
2722 3552 2990 3622 profunda
3013 3553 3267 3622 caligine,
3288 3562 3341 3607 ct
3367 3555 3528 3607 vicis-

1946 3645 2047 3699 sim
2093 3648 2485 3715 percutiamur,
2547 3659 2723 3712 neque
2759 3644 3085 3713 exquisitam
3117 3644 3385 3712 dogmatis
3434 3659 3525 3697 rn-

1947 3738 2148 3793 tionem
2183 3745 2453 3803 tenentes,
2486 3752 2608 3806 qtue
2640 3736 2802 3791 nobis
2829 3752 2894 3790 ex
2948 3735 3182 3791 lectione
3212 3736 3521 3790 divinarum

1949 3827 2373 3899 Scripturarum,
2392 3838 2446 3883 et
2466 3844 2530 3884 ex
2562 3829 2668 3884 illis
2683 3844 2804 3898 quae
2831 3829 2963 3884 inibi
2984 3840 3110 3884 sunt
3127 3830 3364 3898 eloquia,
3384 3844 3525 3896 sug-

1947 3921 2175 3991 geritur,
2208 3930 2261 3976 et
2294 3920 2337 3975 si
2361 3920 2487 3990 quis
2507 3921 2561 3982 in
2597 3922 2834 3975 medium
2868 3922 3072 3991 aliquid
3111 3922 3334 3989 profert,
3365 3923 3430 3975 ad
3462 3923 3528 3974 it-

1948 4015 2059 4067 lum
2086 4013 2418 4068 audiendum
2446 4015 2664 4068 animos
2696 4029 2803 4068 non
2831 4015 3117 4085 erigimus,
3149 4024 3205 4068 nt
3236 4016 3426 4069 merito
3459 4016 3527 4069 de

1949 4105 2108 4161 nobis
2138 4104 2248 4159 dici
2279 4106 2472 4174 possit,
2514 4104 2658 4175 quod
2690 4106 2719 4158 ξι
2755 4115 2911 4175 poeta
2941 4116 3097 4160 extra
3127 4106 3331 4161 Christi
3363 4108 3527 4161 διἸιιι-

1949 4198 2055 4251 lam
2097 4198 2511 4266 pronuntiatum
2559 4206 2665 4260 est,
2702 4198 2771 4252 ad
2808 4198 3090 4252 veritatem
3120 4201 3524 4268 agnoscendum

1950 4286 2166 4356 ineptos
2205 4300 2307 4342 nos
2335 4288 2545 4342 scilicet
2578 4302 2701 4343 esse
2731 4297 2786 4342 et
2830 4291 3134 4357 nuncupari
3168 4289 3191 4342 ἲ
3220 4288 3310 4344 Sic
3342 4304 3528 4344 noster

1953 4379 2041 4434 hic
2075 4389 2129 4434 et
2158 4380 2416 4448 antiquus
2443 4389 2617 4434 status
2641 4390 2694 4433 et
2723 4380 2987 4446 conditio,
3019 4382 3427 4450 perpendiculo,
3449 4384 3526 4434 mi

1953 4472 2129 4537 aiunt,
2182 4470 2323 4525 inter
2378 4487 2437 4527 se
2484 4471 2715 4526 distant.
2769 4471 2880 4526 Nec
2911 4488 2998 4527 me
3025 4472 3174 4536 latet,
3205 4476 3350 4540 quod
3380 4474 3530 4542 ipsus

269 4567 431 4637 χρεία
466 4566 562 4618 καὶ
593 4564 734 4616 κατά
753 4563 813 4615 τὸ
834 4560 1011 4633 παρὸν
1038 4560 1297 4614 τοιούτων
1319 4559 1532 4631 ἀνδρῶν
1566 4560 1845 4630 μεγάλων,

1952 4563 2246 4617 obﬁrmare
2303 4562 2539 4625 videtur,
2571 4571 2625 4616 et
2664 4563 2811 4631 quod
2860 4578 3135 4618 nonnemo
3180 4564 3235 4617 in
3292 4566 3528 4617 medium

267 4661 297 4711 ὁ
325 4657 490 4718 αὐτὸς
514 4656 736 4717 πάντως
772 4652 839 4706 ἂν
875 4652 1042 4707 πάλιν
1094 4651 1394 4718 ἀνέδειξεν.
1425 4651 1573 4722 Πλὴν
1602 4647 1720 4704 οἶδα
1750 4668 1848 4704 σα-

269 4749 393 4819 φῶς
434 4749 529 4800 καὶ
564 4748 645 4799 ὅτι
706 4745 958 4816 βούλεται
999 4742 1370 4816 προηγεῖσθαι
1417 4742 1672 4812 σώφρονα
1711 4741 1848 4813 βίον,

267 4834 352 4903 οἷς
385 4839 576 4908 μέλλει
603 4837 703 4907 τὴν
732 4836 931 4890 ἑαυτοῦ
961 4836 1122 4907 χάριν
1153 4834 1719 4905 ἐπιδαψιλεύσασθαι,
1754 4834 1853 4888 καὶ

270 4931 498 5002 σεμνόν.
535 4929 738 4983 Τούτου
770 4929 828 4982 δὲ
870 4930 975 4982 κᾶν
1029 4928 1079 4981 σί
1134 4927 1232 4981 καὶ
1257 4927 1321 4981 τὸ
1364 4928 1540 4998 πέρας
1579 4925 1639 4992 ἐξ
1684 4926 1849 4980 αὑτοῦ

271 5026 383 5085 τοῖς
428 5022 674 5092 μετιοῦσι
707 5020 1071 5093 βραϐεύηται,
1102 5016 1238 5084 τέως
1269 5020 1314 5074 δ’
1340 5019 1433 5074 οὖν
1461 5021 1524 5073 τό
1557 5037 1619 5088 γε
1645 5021 1851 5090 κατάρ-

272 5115 471 5182 ξασθαι
500 5112 802 5183 προθύμως
824 5113 927 5181 τῆς
954 5114 1352 5183 προαιρέσεως,
1386 5112 1453 5183 ἢν
1483 5114 1685 5165 ἐκεῖνοι
1717 5129 1851 5182 κτη-

274 5206 530 5274 σάμενοι,
571 5203 775 5273 μᾶλλον
812 5203 870 5256 δὲ
909 5202 1359 5273 πεπλουτηκότες
1393 5202 1535 5255 κατὰ
1562 5201 1722 5266 Θεὸν,
1757 5203 1852 5254 ἐπὶ

271 5298 436 5348 τόσον
466 5294 667 5365 ἀρετῆς
698 5289 837 5365 ἧκον
866 5294 967 5365 τὴν
1014 5293 1280 5364 πρόθεσιν
1306 5293 1474 5346 αὑτοῦ
1521 5291 1851 5346 τελειώσαν-

270 5403 385 5451 τος,
418 5386 493 5447 ὡς
551 5388 646 5439 καὶ
694 5386 879 5456 λύχνοι
911 5386 1099 5464 λοιπδν
1124 5385 1467 5457 χρηματίσαι
1502 5388 1851 5455 περιφανεῖς,

272 5479 438 5548 λόγον
465 5478 612 5546 ζωῆς
641 5475 815 5531 ἀπασι
848 5479 960 5540 τοῖς
985 5476 1173 5540 ἀλλοις
1217 5477 1510 5546 ἐπέχοντες
1532 5494 1547 5509 ·
1585 5469 1648 5530 οὗ
1688 5476 1853 5548 χάριν

274 5581 371 5630 καὶ
400 5576 499 5646 τῆς
525 5577 731 5630 ἀνωθεν
759 5576 950 5645 σοφίας
986 5575 1186 5637 αὐτοὺς
1226 5576 1255 5626 ὁ
1300 5576 1462 5644 μόνος
1513 5573 1677 5642 σοφὸς
1712 5574 1856 5625 κατά

277 5666 444 5735 φύσιν
476 5666 763 5737 ἐνέπλησε,
801 5665 871 5719 δι’
923 5660 990 5736 ἧς
1031 5663 1126 5718 τοῦ
1171 5664 1349 5717 δολίου
1402 5665 1498 5719 καὶ
1542 5666 1853 5734 ἀρχεκάκου

275 5760 574 5831 δράκοντος
606 5757 1005 5823 καταϐαλόντες
1033 5758 1103 5811 τά
1129 5756 1600 5828 πανουργεύμετα
1627 5757 1720 5809 καὶ
1754 5756 1856 5821 τάς

279 5853 558 5919 μηχανὰς,
586 5848 731 5917 λέγω
758 5850 860 5911 τὰς
892 5848 1244 5911 παντοδαπάς
1268 5849 1534 5918 αἱρέσεις,
1561 5846 1628 5911 ἃς
1662 5845 1853 5917 ἐξεῦρε

1954 4652 2093 4708 forte
2147 4653 2489 4723 produxerit,
2539 4654 2795 4707 eumdem
2853 4668 3048 4723 nempe
3104 4654 3303 4724 ipsum,
3337 4657 3428 4724 qui
3460 4670 3528 4709 eo

1955 4756 2196 4814 tempore
2228 4746 2351 4801 illos
2382 4745 2709 4801 fortitudine
2738 4746 3144 4810 circumeinxit,
3179 4756 3233 4801 et
3262 4747 3327 4800 ad
3359 4747 3531 4814 pieta-

1955 4848 2060 4894 tem
2091 4842 2327 4894 armavit
2359 4840 2550 4904 Deum,
2582 4840 2627 4894 si
2664 4840 2720 4893 in
2751 4839 3005 4909 praesenti
3033 4839 3195 4894 etiam
3230 4843 3533 4895 necessitas

1955 4941 2195 5001 urgeret,
2217 4940 2272 4986 et
2306 4931 2580 4987 similibus
2614 4933 2829 5002 magnis
2856 4931 3170 4987 hominibus
3201 4948 3339 5003 opus
3389 4944 3535 4987 esset

1954 5025 2177 5078 omnino
2231 5024 2429 5078 iterum
2481 5034 3058 5079 commonstrattnum.
3119 5028 3369 5080 Attamen
3414 5027 3538 5095 plu-

1954 5130 2023 5169 ne
2052 5116 2169 5185 ipse
2194 5115 2347 5182 novi,
2381 5116 2544 5170 vitam
2581 5119 2928 5186 prudentem,
2974 5127 3031 5173 et
3060 5135 3088 5172 a
3132 5121 3276 5173 vitiis
3308 5134 3532 5173 vacuant

1955 5207 2150 5275 praeire
2207 5222 2433 5263 necesse
2483 5223 2607 5264 esse
2656 5210 2708 5263 in
2763 5210 2898 5275 illis,
2944 5212 3166 5279 quibus,
3205 5211 3324 5278 ejus
3358 5224 3535 5280 grana

1955 5298 2236 5353 affluenter
2264 5300 2613 5355 concedenda
2650 5310 2755 5357 est.
2811 5300 2984 5369 Hujus
3018 5311 3198 5355 autem
3236 5302 3356 5354 finis
3412 5303 3538 5355 licet

1957 5378 2346 5444 exercentibus
2374 5390 2626 5455 dedatur,
2667 5391 3029 5446 nihilominus
3070 5402 3320 5460 prompto
3351 5393 3539 5444 animo

1957 5481 2223 5550 prepositi
2281 5482 2717 5551 aggressionem,
2769 5497 2892 5537 cum
2956 5482 3031 5535 illi
3085 5481 3321 5535 Numine
3372 5482 3539 5533 etiam

1958 5588 2117 5641 opem
2158 5572 2365 5627 ferente
2396 5574 2616 5628 abunde
2652 5576 3047 5642 possedissent,
3091 5574 3143 5626 in
3187 5580 3398 5626 tantum
3429 5575 3541 5624 vir-

1959 5665 2091 5719 tutis
2141 5680 2458 5735 pervenere,
2488 5665 2779 5720 cousilium
2834 5666 3127 5735 providens
3173 5666 3538 5731 absolventes,

1962 5768 2019 5810 ut
2046 5766 2100 5811 et
2156 5758 2392 5813 lucerna:
2432 5757 2488 5813 in
2523 5768 2799 5828 posterum
2851 5758 3282 5826 prteclarissintae
3312 5759 3536 5813 exstite-

1964 5852 2095 5915 rint,
2133 5852 2254 5905 vitae
2293 5850 2560 5904 rationem
2609 5848 2730 5904 aliis
2761 5850 3016 5905 omnibus
3055 5851 3538 5920 etliibentes,pro-
