3882 6558
480 386 611 453 ΗΜ

1508 382 2027 453 CONSTANTINI
2070 345 2616 451 MliLlTlENlOTE

3597 396 3703 464 illi.)

477 503 827 572 confugiunt,
880 504 1027 572 quod
1088 516 1193 555 non
1246 499 1299 554 in
1351 500 1607 555 omnibus
1662 516 1783 571 qua:
1819 487 2042 556 ubicun-

2172 500 2305 570 παρ’
2323 501 2535 564 οὐδενὸς
2565 499 2671 553 τῶν
2706 500 3129 555 ἀντιϐαινόντων
3164 504 3352 567 κακῶς
3379 506 3445 575 τῇ
3479 503 3703 564 omnem.

480 612 591 666 que
626 596 977 666 reperiuntur
1016 594 1394 654 volumina.ut
1427 594 1515 649 ltie
1546 593 1848 649 aﬂ‘eruntur
1880 597 2061 662 verba,

483 687 851 757 reperiantur.
886 683 1134 753 Namque
1165 683 1219 737 in
1252 684 1581 754 quibusdam
1612 700 1679 739 ex
1707 685 1852 740 dicto
1872 670 2058 757 .magni

476 782 656 837 Patris
685 780 893 843 Basilii,
924 779 1069 850 quod
1124 777 1429 847 interiacet,
1484 788 1537 833 et
1583 790 1822 833 nostram
1874 794 2057 833 veram

477 871 803 925 sententiam
860 868 1209 938 comprobat,
1250 881 1445 936 nempe
1480 883 1493 919 :
1533 868 1598 919 ab
1637 868 1749 933 ipso
1794 882 1906 919 esse
1932 880 2059 933 pos-

475 964 754 1025 sidentem,
785 970 833 1015 et
869 960 935 1014 ab
968 962 1084 1030 ipso
1112 961 1453 1027 accipientem
1482 968 1530 1011 et
1563 958 1711 1011 nobis
1741 958 2057 1011 denuntian-

475 1065 601 1120 tem,
643 1064 692 1108 et
749 1055 802 1107 in
841 1070 1050 1107 summa
1091 1058 1155 1106 ab
1202 1068 1264 1106 ea
1314 1067 1479 1106 causa
1527 1051 1855 1120 pendentem,
1917 1066 2054 1104 nus-

474 1163 636 1216 quam
672 1147 893 1217 legitnr,
926 1146 978 1200 id
1010 1145 1291 1215 excipiens
1322 1143 1452 1197 illud
1477 1144 1635 1212 forte,
1669 1142 1817 1212 quod
1849 1142 2060 1196 dubita-

471 1239 674 1293 tionem
713 1237 896 1301 infert,
933 1218 1407 1304 in.subsequente
1462 1235 1624 1287 tradit
1680 1233 2053 1303 praescriptum

472 1330 690 1398 legitur.
741 1327 808 1383 Et
845 1329 898 1383 in
918 1328 1181 1399 sapientis
1206 1326 1453 1398 Gregorii
1482 1326 1733 1396 pericope
1766 1327 2053 1396 przeposita

467 1419 607 1473 Filio
647 1417 962 1490 praepositio
999 1432 1063 1471 ea:
1095 1415 1272 1470 abest.

2169 590 2261 661 lia.
2286 589 2379 644 τού
2414 590 2732 660 Πνεύματος
2758 591 2988 660 οὐδεμία
3019 593 3459 664 παρεξηγήσεως
3493 596 3699 669 liiimpii"?

2169 682 2306 751 πρὸς
2359 683 2534 735 ἐκεῖνο
2563 682 2619 734 δὲ
2671 682 3132 752 καταφεύγουσιν,
3173 683 3250 748 ὡς
3281 685 3384 739 οὐκ
3431 687 3492 740 ὲν
3545 688 3701 754 πάσαις

2167 776 2291 837 ταῖς
2323 775 2658 843 ἐπουδήποτε
2693 774 2899 844 βίϐλοις
2924 776 3266 841 ἁπαξαπλῶς
3294 776 3464 841 οὕτως
3513 777 3701 849 εὖρῃττι

2165 866 2338 920 ταῦτα
2367 868 2617 937 κείμενα.
2654 870 2763 923 Καὶ
2795 869 2902 940 γὰρ
2929 870 3100 934 ἐνίαις
3135 867 3245 923 ἀπὸ
3275 869 3373 939 μὲν
3402 872 3503 938 τῆς
3534 872 3703 941 ρήτεως

2163 958 2257 1013 τοῦ
2297 961 2536 1030 μεγάλου
2577 963 2790 1033 Πατρδς
2830 963 3117 1017 Βασιλείου
3174 965 3284 1019 πᾶν
3336 964 3396 1017 τὸ
3448 962 3540 1016 διὰ
3575 968 3703 1032 μέσιυ

2164 1054 2416 1124 φανερῶς
2447 1054 2547 1125 τὴν
2577 1056 2856 1126 ἡμετέραν
2891 1056 3158 1128 ἀληθινὴν
3185 1056 3394 1109 ἔννοιαν
3432 1060 3702 1125 παριστῶί,

2162 1145 2410 1198 τουτέστι
2444 1149 2521 1212 τὸ,
2557 1142 2695 1214 παρ’
2727 1147 2914 1203 αὐτοῦ
2944 1149 3011 1203 τὸ
3061 1140 3219 1203 εἶναι
3267 1149 3433 1219 ἕχον,
3475 1148 3575 1200 am!
3602 1151 3704 1215 αφ’

2161 1237 2344 1293 αὐτοῦ
2366 1238 2681 1309 λαμϐάνον
2704 1240 2801 1299 καὶ
2828 1240 3212 1311 ἀναγγέλλον
3247 1241 3411 1311 ἡμῖν,
3444 1268 3477 1293 ιε
3510 1242 3542 1293 Δί
3588 1240 3705 1306 ὅλως

2158 1330 2402 1397 ἐκείνης
2436 1332 2547 1400 τῆς
2568 1334 2763 1398 αἰτίας
2790 1334 3155 1403 ἐξημμένον,
3208 1335 3388 1388 λείπει
3417 1334 3483 1386 τὸ
3534 1333 3703 1397 τέλεον,

2161 1421 2280 1475 καθ’
2323 1421 2391 1485 ἃς
2422 1423 2560 1492 δῆτα
2602 1423 2663 1476 τὺ
2695 1424 3043 1478 διστακτικδν
3091 1425 3238 1493 ἴσως
3270 1425 3351 1487 είς
3388 1428 3451 1477 τὸ
3502 1422 3619 1490 ἑξῆς
3642 1424 3703 1497 τι,

466 1515 861 1585 παραδίδωσι,
899 1511 1434 1586 προσγεγραμμένον
1499 1510 1858 1582 καθέστηκεν.
1903 1513 2034 1569 Ἀπὸ
2053 1516 2109 1570 δέ
2147 1532 2240 1587 γε,
2275 1522 2374 1593 τῆς
2413 1520 2509 1575 τοῦ
2559 1520 2725 1591 σοφοῦ
2765 1524 3066 1593 Γρηγορῖου
3133 1523 3443 1593 περικοπῆς
3486 1522 3519 1591 ἡ
3574 1520 3706 1587 μίαν

464 1611 574 1665 ἀπὸ
605 1609 700 1664 τοῦ
727 1607 858 1660 Υἱοῦ
886 1608 1047 1662 πάλιν
1076 1610 1146 1662 ἐκ
1178 1606 1355 1661 λείπει
1382 1598 1659 1677 πρόθεσις.

534 1704 627 1759 21.
671 1705 796 1759 llaec
841 1705 1007 1775 igitur
1029 1704 1409 1767 obtendentes,
1452 1703 1546 1774 qui
1577 1703 1831 1758 adversas
1869 1709 2051 1772 partes

470 1807 713 1859 tuentur.
761 1800 816 1853 in
872 1799 1245 1854 voluminibus
1300 1798 1377 1853 uti
1440 1814 1605 1868 supra
1646 1797 1810 1852 verba
1847 1812 2047 1866 lepra:-

468 1891 814 1947 sentantibus
844 1891 1260 1960 corruptionem
1292 1905 1413 1946 esse
1441 1891 1640 1946 factam
1690 1890 2047 1955 contendunt,

466 1981 776 2039 adulterata
808 1998 871 2038 ea
908 1999 1032 2038 esse
1086 1983 1249 2038 nimis
1286 1982 1660 2039 l'raudulenler
1718 1991 2046 2046 asserentes,

466 2077 613 2148 quod
644 2077 730 2131 vel
778 2089 956 2131 mente
1023 2076 1203 2131 solum
1240 2077 1533 2147 concipere
1593 2075 1820 2152 stultum
1863 2075 2046 2130 fuerit.

467 2160 917 2239 Quandoquidem
980 2168 1253 2224 undenam
1313 2180 1366 2224 et
1409 2184 1439 2223 a
1512 2169 1715 2239 quibus
1771 2171 2049 2238 corruptio

466 2259 664 2315 similis
719 2260 771 2314 in
799 2260 1074 2315 volumina
1107 2260 1314 2325 omnia,
1367 2275 1490 2331 quae
1540 2261 1741 2331 ubique
1779 2270 2045 2316 terrarum

464 2363 611 2416 sunt,
673 2350 939 2420 irrepsit?
991 2351 1035 2405 A
1079 2350 1616 2421 Pncumatomacltis,
1650 2363 1710 2408 ut
1768 2355 2048 2424 publicant

466 2441 685 2511 quidam
714 2459 780 2496 ex
816 2444 1167 2499 adversariis.
1192 2441 1261 2497 Et
1293 2443 1651 2499 nihilominus
1676 2460 1743 2500 ex
1773 2447 2047 2501 contentis

471 2535 523 2588 in
557 2536 666 2591 illis
693 2551 801 2590 non
836 2536 1156 2607 intelligitur
1178 2538 1258 2591 vel
1285 2538 1475 2594 leviter
1505 2538 1767 2608 Spiritum
1797 2550 2044 2595 sanctum

466 2638 774 2682 creaturam
814 2644 958 2693 esse,
1003 2639 1062 2684 ut
1108 2631 1292 2685 stultis
1324 2632 1431 2687 illis
1481 2632 1783 2703 delirisque
1845 2634 2043 2703 placet,

463 2726 516 2770 et
564 2718 631 2771 ad
660 2718 804 2788 quod
831 2730 1061 2775 conatus
1102 2735 1294 2776 omnes
1320 2721 1549 2777 haeresis
1575 2722 1900 2792 respiciunt.
1939 2725 2045 2779 Sed

464 2824 492 2861 a
530 2807 761 2874 Latinis,
796 2822 891 2866 aut
920 2812 990 2868 ab
1020 2813 1296 2883 aliquibus
1330 2829 1395 2869 ex
1426 2815 1653 2879 nostris,
1711 2816 1801 2886 qui
1831 2816 2042 2886 jamdiu

460 2916 656 2956 eorum
708 2915 893 2972 partes
940 2914 1250 2975 sequuntur
1285 2909 1307 2961 ?
1349 2908 1413 2962 Et
1451 2909 1566 2963 haec
1616 2924 1836 2979 quoque
1866 2925 2045 2979 neque

462 2993 955 3062 persuadebuntur,
1013 3012 1189 3066 neque
1234 2998 1611 3067 probabuntur
1662 3001 2043 3069 prudentibus.

463 3086 703 3141 Primum
737 3089 885 3158 quod
922 3088 1000 3142 illi
1035 3103 1260 3159 prorsus
1316 3089 1559 3159 linguam
1610 3099 1852 3144 nostram
1886 3092 2043 3161 igno-

462 3190 606 3246 rant,
642 3196 945 3251 magnaque
974 3190 1058 3236 est
1112 3181 1256 3236 inter
1306 3190 1568 3252 utrasque
1619 3184 1870 3237 nationes
1922 3198 2043 3253 post

2231 1700 2337 1757 κα’.
2375 1700 2563 1756 Ταῦτα
2592 1707 3059 1777 προφασιζόμενοι
3093 1706 3389 1777 τοιγαροῦν
3413 1709 3463 1760 οξ
3491 1711 3591 1777 τῆς
3622 1723 3704 1776 με-

2158 1793 2303 1864 ρίδος
2349 1793 2459 1847 τῶν
2516 1795 2908 1868 ἀντικειμένων
2957 1802 3113 1870 ἡμῖν,
3171 1802 3289 1864 ταῖς
3318 1801 3593 1871 ιχούσαις,
3641 1804 3702 1865 ὡς

2090 1902 2128 1955 Β
2161 1886 2537 1954 προλέλεκται,
2572 1888 2779 1958 βίϐλοις
2808 1892 3171 1963 παραφθορὰν
3202 1892 3480 1963 συμϐῆναι
3521 1892 3703 1962 διισχυ-

2152 1976 2413 2047 ρίζονται,
2460 1981 2808 2037 νενοθεῦσθαι
2860 1983 3110 2051 λέγοντες
3153 1984 3352 2054 κομιδῆ
3404 1983 3699 2053 κακούργως

2150 2068 2341 2134 αύτάς,
2379 2072 2516 2141 ὅπερ
2547 2075 2640 2125 καὶ
2674 2073 3066 2146 διανοήσασθαι
3102 2076 3265 2146 μόνον
3291 2076 3521 2148 ἠλίθιον.
3568 2077 3699 2131 Ἐπεὶ

2152 2164 2317 2217 πόθεν
2348 2181 2409 2217 τε
2448 2165 2542 2219 καὶ
2576 2166 2709 2237 πρὸς
2742 2170 2900 2222 τίνων
2930 2170 2997 2223 τὰ
3038 2174 3138 2241 τῆς
3184 2171 3546 2242 παραφθορᾶς
3600 2176 3697 2233 tu’;

2149 2255 2425 2321 τοιαύταις
2465 2259 2573 2313 τῶν
2593 2261 2909 2332 ἁπανταχοῦ
2958 2261 3162 2333 βίϐλοις
3217 2265 3529 2334 ἐνέσκηψε;
3579 2266 3695 2334 Πρὸ;

2150 2348 2260 2402 τῶν
2290 2351 2796 2423 ῐΙνευματομάχων,
2837 2355 2912 2419 ὼς
2944 2356 3249 2425 φημίζουσι
3300 2358 3410 2410 τῶν
3442 2360 3702 2412 ἀντιδιατι-

2150 2443 2396 2513 θεμένων
2428 2446 2593 2510 τινές.
2627 2447 2734 2499 Καὶ
2763 2446 2870 2517 μὴν
2902 2449 2962 2513 ἐξ
2984 2442 3058 2502 ὧν
3084 2445 3251 2505 αὗταί
3284 2468 3469 2519 φασιν,
3498 2453 3561 2504 ού
3588 2459 3699 2504 νοεῖς

2148 2555 2238 2590 ται
2266 2537 2448 2602 ποσῶς
2472 2540 2679 2609 κτίσμα
2723 2541 2783 2593 τὸ
2836 2542 3061 2612 Πνεῦμα
3091 2543 3151 2595 τὸ
3181 2545 3363 2611 ἅγιον,
3396 2544 3579 2606 καθὼς
3604 2553 3699 2607 τοῖς

2150 2630 2545 2700 ματαιὸφροσιν
2572 2634 2797 2697 ἐκείνοις
2823 2634 2989 2701 δοκεῖ,
3016 2636 3107 2688 καὶ
3139 2636 3275 2706 πρὸς
3296 2637 3325 2689 ὃ
3350 2637 3511 2690 τείνει
3542 2640 3698 2692 πάντα

2148 2720 2215 2771 τὰ
2257 2722 2351 2791 τῆς
2391 2723 2677 2793 αἱρέσεως.
2728 2724 2889 2776 Ἀλλὰ
2947 2726 3084 2795 πρὶς
3118 2727 3227 2779 τῶν
3284 2729 3526 2781 Λατίνων
3557 2730 3586 2798 ἢ
3619 2731 3698 2781 καί

2152 2829 2312 2864 τινων
2385 2814 2670 2884 ἡμετέρων
2725 2813 2961 2867 ἔκπαλαι
3011 2819 3448 2887 συμμαχούντων
3501 2821 3699 2881 αὐτοῖς

2148 2907 2257 2960 Καὶ
2289 2906 2466 2960 ταῦτα
2496 2908 2556 2959 τὸ
2586 2907 2849 2961 ἀπίθανον
2901 2909 3037 2963 πολὺ
3077 2912 3305 2981 φέρουσι
3359 2915 3470 2975 τοῖς
3506 2914 3703 2966 εύσννέ-

2146 3014 2259 3061 τοις
2292 3002 2386 3051 καὶ
2420 3000 2803 3070 ἁπαράδεκτον
2827 3016 2841 3032 ο
2876 3001 2933 3053 τὸ
2964 3002 3064 3071 μὲν
3094 3004 3175 3056 ὅτι
3198 3003 3297 3074 τὴν
3336 3006 3613 3077 ἡμεδαπὴν
3640 3012 3693 3058 τᾶ

2147 3090 2410 3159 παράπαν
2437 3091 2537 3143 οὐκ
2574 3091 2752 3143 ἴσασιν
2777 3093 2826 3143 oi
2854 3092 3084 3145 τοιοῦτοι
3119 3094 3310 3163 φωνήν
3336 3109 3349 3122 ·
3380 3094 3470 3146 καὶ
3497 3096 3694 3164 μεγάλη

2149 3185 2287 3251 μετὰ
2319 3183 2419 3249 τὴν
2458 3182 2723 3253 διαφορὰν
2754 3183 2866 3237 τῶν
2908 3184 3190 3255 ἑκατέρων
3222 3185 3454 3256 γενῶνή
3486 3187 3691 3242 διάστα-

458 3274 746 3329 dissidium
780 3274 1102 3344 disiunctio.
1163 3274 1301 3330 llinc
1337 3275 1404 3329 ab
1450 3291 1515 3329 eo
1548 3283 1791 3345 tempore
1850 3293 1919 3330 ex
1944 3292 2036 3332 eo-

2147 3290 2229 3333 σις
2248 3289 2261 3303 ’
2299 3273 2549 3326 ἐντεῦθεν
2578 3275 2752 3337 οὐδεὶς
2776 3275 2963 3329 ἔκτοτε
2997 3277 3105 3329 τῶν
3133 3277 3267 3348 παρ’
3307 3278 3488 3343 αὐτοῖς
3516 3280 3694 3348 λογίων

460 3383 580 3421 rum
611 3368 740 3423 viris
794 3369 1030 3423 eruditis
1086 3383 1250 3423 nemo
1301 3369 1541 3439 linguam
1590 3369 1834 3425 Graecam
1878 3385 2041 3425 exer-

460 3460 642 3515 cuisse
670 3461 961 3530 reperitur.
994 3460 1336 3525 Secundum,
1371 3464 1496 3531 quis
1526 3461 1761 3532 propria:
1804 3463 2041 3517 nationis

461 3552 799 3605 tantumdem
828 3551 1005 3607 hostis
1029 3562 1133 3616 est,
1174 3567 1233 3607 ut
1265 3554 1481 3607 obviam
1516 3570 1799 3625 quamque
1841 3556 2039 3609 adver-

460 3659 554 3697 sus
590 3644 733 3696 illam
771 3643 1101 3698 additionem
1157 3646 1210 3698 in
1252 3659 1572 3699 sanctorum
1630 3646 2041 3700 commentariis

458 3736 929 3801 comminiscatnr,
964 3737 1193 3806 etquod
1232 3752 1263 3790 a
1296 3737 1404 3791 Deo
1450 3738 1623 3792 edocti
1660 3736 1851 3793 Patres
1907 3754 2038 3794 nus-

461 3843 624 3897 quam
657 3839 710 3881 et
734 3828 883 3881 nullo
912 3830 964 3881 in
989 3829 1107 3881 loco
1130 3828 1427 3882 decernere
1468 3828 1648 3883 verbis
1680 3828 1816 3898 ipsis
1846 3828 2038 3883 viden-

462 3930 572 3982 tur,
622 3920 727 3973 ltoe
762 3920 853 3973 ille
882 3936 945 3972 ex
984 3935 1043 3973 se
1102 3920 1220 3988 ipso
1277 3920 1443 3989 tingat
1493 3921 1547 3974 in
1602 3919 2037 3975 destructionem

460 4012 749 4080 dogmatis,
781 4013 925 4079 quod
957 4012 1007 4063 in
1038 4014 1187 4065 omni
1220 4027 1318 4066 sua
1350 4022 1507 4083 gente
1531 4012 1676 4066 vires
1734 4013 2043 4081 acquisirc-

472 4110 562 4158 rat
622 4112 676 4155 et
696 4102 1073 4172 probabatur?
1099 4102 1312 4157 Modum
1330 4119 1457 4158 vero
1486 4106 1811 4174 corruptelae
1841 4106 1886 4160 si
1907 4107 2036 4175 quid

464 4210 704 4263 unquam
740 4194 917 4249 simile
942 4196 1285 4265 contigisset,
1333 4212 1613 4266 nunquam
1646 4197 1737 4266 qui
1774 4207 1901 4251 ante
1939 4212 2037 4251 nos

463 4285 614 4340 luere
647 4301 754 4340 non
774 4287 1151 4356 .indicasseut.
1185 4287 1303 4343 Non
1336 4298 1462 4343 sunt
1495 4288 1678 4343 omnia
1713 4289 1827 4343 haec
1853 4290 2035 4359 plana,

461 4387 520 4431 ut
542 4377 750 4433 dicunt.
805 4377 921 4432 Non
953 4389 1082 4432 sunt
1116 4394 1264 4443 vera,
1317 4395 1417 4434 nec
1462 4395 1627 4450 quam
1696 4383 1944 4448 proxime
1970 4382 2035 4435 ad

466 4471 750 4526 veritatem
789 4474 1057 4527 accedunt
1094 4472 1265 4540 :quin
1332 4473 1640 4541 oppositum
1675 4481 1778 4537 est,
1841 4473 1885 4527 si
1917 4476 2038 4543 quis

460 4573 607 4619 recte
663 4564 903 4633 coniicit.
964 4563 1210 4634 Namque
1262 4565 1354 4634 qui
1389 4580 1454 4618 ex
1515 4564 1812 4620 schismate
1886 4578 2034 4632 sunt,

461 4672 583 4710 cum
610 4672 861 4726 prorsus,
896 4657 988 4711 sed
1029 4666 1136 4710 non
1187 4657 1393 4727 absque
1418 4671 1606 4712 errore
1653 4659 2037 4727 reprnltasscnt

460 4748 887 4819 reiceissentque
904 4750 1067 4803 etiam
1088 4765 1150 4803 ex
1173 4749 1311 4803 Filio
1324 4764 1445 4804 esse
1470 4747 1734 4818 Spiritum
1760 4761 2032 4817 sanctum,

459 4848 623 4911 atque
674 4840 840 4894 etiam
876 4857 1000 4895 cum
1066 4844 1380 4910 oppositum
1415 4843 1767 4898 credentibus
1834 4843 2034 4897 bellum

463 4934 804 4987 teterrimum
834 4936 1280 4997 commovissem,
1315 4949 1377 4987 ac
1408 4937 1845 4999 conﬁrmassent,
1874 4947 1928 4990 et
1958 4936 2034 4991 uti

461 5024 745 5079 haereticos
775 5040 869 5080 eos
908 5041 1006 5094 pro
1033 5042 1225 5081 eorum
1272 5026 1481 5082 viribus
1517 5043 1547 5081 a
1582 5042 1704 5082 sese
1733 5029 2033 5098 disiunxis-

460 5131 600 5183 sent,
625 5120 1062 5189 quandoquidem
1094 5135 1157 5173 ex
1194 5134 1301 5189 quo
1346 5121 1398 5174 id
1427 5133 1703 5191 peractum
1744 5134 1849 5187 est,
1904 5125 2033 5177 anni

460 5210 641 5280 plures
680 5212 1026 5278 elﬂuxernnt,
1056 5222 1106 5265 et
1137 5212 1245 5267 illis
1278 5213 1696 5268 decurrentibus
1730 5218 1781 5268 in
1833 5230 2029 5285 magna

458 5305 615 5376 copia
650 5306 925 5361 volumina
958 5308 1227 5373 exscripta
1268 5316 1418 5371 sunt,
1458 5323 1579 5376 qua:
1626 5306 1680 5360 in
1723 5307 1915 5375 primis
1953 5323 2035 5361 te-

458 5407 546 5451 cte
591 5398 789 5452 dictata
843 5398 1041 5466 scripta
1077 5413 1255 5463 erant,
1289 5399 1341 5451 in
1373 5398 1768 5467 posterioribus
1824 5400 2030 5451 descri-

395 5476 411 5497 Ἀ
461 5508 585 5548 aere
620 5493 853 5562 maligne
884 5492 1197 5556 noluerunt,
1228 5501 1485 5559 tanquam
1517 5506 1638 5560 qua
1686 5492 1865 5559 palam
1903 5506 2032 5543 seu-

461 5588 680 5639 tentiam
741 5600 930 5640 eorum
989 5588 1391 5655 redarguerem.
1424 5584 1559 5638 Illud
1617 5598 1780 5653 porro
1815 5584 1950 5651 [arte
1978 5584 2028 5634 in

460 5680 888 5749 teliquismagnt
926 5680 1103 5733 Patris
1135 5678 1317 5732 Basilii
1378 5677 1722 5742 addiderunt,
1777 5677 1921 5746 quod
1969 5692 2032 5731 ea

459 5789 556 5825 nec
589 5773 717 5840 ipsis
776 5775 1074 5841 placerent,
1139 5782 1195 5823 ut
1240 5770 1585 5842 postmodum
1650 5772 2028 5823 ostendemus.

456 5864 639 5933 Neque
668 5869 782 5921 haec
808 5865 1189 5920 tantummodo
1234 5866 1361 5918 dum
1397 5865 1736 5924 cxsu'ibunt,
1789 5862 2029 5918 inccnsi-

2140 3366 2347 3435 ἀνδρῶν
2381 3367 2477 3435 τὴν
2506 3367 2774 3437 ἑλληνίδα,
2793 3367 3075 3422 διάλεκτον
3107 3370 3428 3441 ἐξασκήσας
3458 3374 3690 3442 εὑρίσκει

2139 3446 2269 3506 ται·
2301 3455 2363 3507 τὸ
2391 3455 2449 3507 δὲ
2496 3455 2771 3526 δεύτερον,
2805 3458 2888 3509 ὅτι
2923 3459 3019 3511 καὶ
3075 3460 3157 3522 τίς
3188 3461 3364 3526 οὕτως
3398 3463 3576 3533 ἐχθρὸς
3605 3468 3689 3516 καὶ

2143 3547 2401 3616 πολέμιος
2432 3548 2535 3617 τῆς
2568 3549 2776 3611 οἰκείας
2830 3549 3025 3619 φυλῆς,
3050 3550 3123 3614 ὡς
3157 3553 3257 3623 τὴν
3288 3556 3547 3623 τυχοῦσαν
3579 3557 3687 3607 κατ’

2140 3639 2312 3708 αὐτῆς
2345 3641 2669 3711 προσθήκην
2701 3642 2936 3695 ἐπινοεῖν
2962 3645 3074 3704 τοῖς
3092 3646 3201 3696 τῶν
3228 3646 3323 3713 an
3428 3652 3684 3716 συγγράμ-

2141 3747 2296 3800 μασι,
2330 3730 2423 3782 καὶ
2452 3730 2587 3799 ὅπερ
2605 3732 2651 3782 οἱ
2677 3731 2925 3802 θεοσόφοι
2953 3734 3193 3807 Πατέρες
3222 3738 3280 3790 ὲν
3306 3739 3486 3803 αὐτοῖς
3508 3739 3680 3809 οὔμξνο

2138 3836 2232 3871 ουν
2260 3818 2517 3889 οὐδαμῶς
2573 3824 2857 3888 φαίνονται
2900 3823 3286 3892 θεολογοῦντες
3319 3828 3513 3896 ῥητῶς,
3540 3831 3680 3882 τού.ο

2140 3913 2270 3983 παρ’
2307 3913 2500 3966 ἑαυτοῦ
2527 3915 2783 3969 πλάττειν
2812 3916 2899 3967 ἐπ’
2936 3918 3220 3989 ἀνατροπῇ
3251 3920 3350 3974 τού
3381 3923 3679 3992 κρατοῦντος

2139 4004 2196 4055 ἐν
2223 4002 2424 4057 ἅπαντι
2446 4005 2525 4076 τῷ
2557 4005 2678 4057 κατ’
2706 4006 2871 4059 αὑτὸν
2904 4006 3049 4062 ἔθνει
3079 4010 3355 4080 δόγματος
3383 4030 3397 4079 ;
3432 4016 3597 4076 ὀπως
3631 4018 3679 4068 δὲ

2139 4093 2235 4147 καὶ
2266 4095 2321 4146 εί
2349 4097 2482 4148 ποτέ
2509 4114 2561 4149 τι
2589 4098 2908 4168 συμϐέϐηκε
2934 4102 3177 4154 τοιοῦτόν
3196 4104 3385 4167 ποθεν,
3422 4109 3679 4160 κατέλιπέν

2136 4185 2189 4237 οἱ
2220 4186 2325 4256 πρὸ
2353 4187 2515 4257 ἡμῶν
2551 4189 2650 4260 τὴν
2686 4189 2865 4261 λύμην
2903 4192 3377 4264 ἀνεπισήμαντον.
3415 4199 3520 4250 Οὐκ
3553 4199 3675 4250 ἔστιν

2137 4278 2290 4330 οὐδὲν
2340 4278 2546 4333 τούτων
2602 4281 2678 4344 ὡς
2720 4283 2960 4352 ἀληθῶς.
3007 4287 3122 4340 Ούκ
3195 4286 3344 4340 ἐστιν
3397 4290 3672 4343 octonos»-

2138 4371 2455 4423 τούναντίον
2485 4372 2543 4424 δὲ
2578 4373 2819 4443 μάλιστα
2860 4377 2992 4441 πᾶν,
3033 4379 3194 4445 είπερ
3250 4378 3433 4449 ὀρθῶς
3467 4381 3675 4434 ὲπιϐἀλιι

2136 4479 2245 4526 τις.
2312 4464 2562 4517 Καθόλου
2618 4466 2727 4536 γὰρ
2775 4468 2825 4519 οἱ
2868 4470 2961 4520 τού
3019 4470 3320 4541 σχίσματος
3384 4473 3675 4545 ἠθετηκὸτες

2146 4553 2484 4623 ἐπισφαλῶς,
2511 4557 2572 4609 τὸ
2600 4559 2925 4628 πρεσϐεύειν
2955 4563 3065 4614 κάκ
3111 4562 3206 4615 τοῦ
3248 4563 3382 4618 Υἰοῦ
3424 4568 3674 4637 τυγχάνειν

2144 4644 2205 4698 τὸ
2234 4645 2458 4718 Πνεῦμα
2485 4647 2545 4701 τὸ
2576 4648 2753 4718 ἅγιον,
2799 4652 2891 4703 καὶ
2925 4651 3113 4718 μέντοι
3155 4655 3249 4708 καὶ
3299 4660 3442 4712 κατά
3475 4659 3573 4711 τῶν
3606 4662 3676 4711 οὖς

2116 4728 2274 4791 Huni
2310 4739 2727 4810 πρεσϐευόντων
2775 4745 3182 4813 συστησάμενοι
3226 4748 3410 4818 μάχην
3453 4752 3673 4822 στερρὰν,

2139 4832 2197 4883 ὲν
2232 4832 2399 4902 μοίρᾳ
2430 4848 2487 4885 τε
2525 4835 2751 4897 τούτους
2780 4837 3099 4906 οἱρετικῶν,
3142 4840 3381 4893 καθόσον
3414 4837 3481 4913 ἦν
3526 4844 3674 4905 σθένος

2137 4928 2343 4992 αὐτοῖς,
2383 4931 2753 4997 ἀποτάξαντες
2776 4947 2792 4964 ·
2821 4932 3123 5004 ἐπειδήπερ
3149 4934 3245 5003 ἀφ’
3274 4929 3337 4987 οὗ
3361 4937 3516 4990 τοῦτο
3546 4938 3676 5004 γέγεο

2137 5034 2228 5071 νεν
2261 5017 2310 5068 ol
2358 5021 2544 5089 χρόνοι
2577 5021 2783 5090 συχνοὶ,
2816 5024 2911 5074 καὶ⁵
2956 5022 3131 5092 βίϐλοι
3184 5026 3385 5078 πολλαὶ
3422 5027 3509 5080 διὰ
3537 5029 3673 5096 plcet

2136 5111 2315 5163 αὐτῶν
2353 5116 2784 5184 μετεγράφησαν
2816 5117 2937 5176 ταῖς
2971 5116 3356 5184 πρωτοτύποις
3384 5121 3597 5191 κείμενα
3619 5118 3668 5169 τά

2136 5204 2374 5275 ρηθέντα
2403 5205 2584 5269 καλῶς
2634 5209 2755 5270 ταῖς
2798 5205 3027 5278 ὕστερον
3075 5212 3356 5281 ἐγγράψαι
3401 5212 3674 5269 κακοθεὶὼς

2136 5298 2349 5364 εἴασαν,
2380 5297 2478 5350 ate
2524 5299 2588 5369 δὴ
2633 5298 2733 5371 τὴν
2769 5301 2995 5373 γνώμην
3046 5304 3229 5357 αὐτῶν
3259 5305 3522 5377 ἀριδήλως
3551 5306 3676 5371 ἐλέγ-

2136 5409 2323 5461 χοντα.
2385 5391 2448 5444 τὸ
2504 5392 2548 5444 δ’
2592 5392 2741 5457 ισως
2782 5396 3118 5465 προσέθεσαν
3159 5401 3275 5461 τοῖς
3313 5400 3410 5452 τοῦ
3472 5399 3673 5470 μεγάλω

2139 5486 2352 5554 Πατρός
2407 5484 2693 5539 Βασιλείου
2756 5487 2986 5552 λοιποῖς,
3034 5490 3116 5541 ὅτι
3175 5491 3301 5560 μηδ’
3335 5493 3471 5544 αύτᾶ
3495 5492 3675 5548 τούτοις

2135 5579 2391 5648 ἤρεσκεν,
2423 5579 2498 5642 ὡς
2528 5582 2587 5632 ἑν
2609 5582 2723 5643 τοῖς
2756 5580 2884 5650 ἑξῆς
2906 5582 3287 5652 ἀποδείξομεν.
3318 5585 3397 5637 Οὐ
3427 5584 3610 5645 ταύτας
3632 5584 3674 5633 δὲ

2141 5672 2300 5742 μόνον
2354 5673 2413 5725 ὲν
2490 5675 2612 5736 ταῖς
2674 5679 3057 5745 μεταγραφαῖς
3125 5679 3548 5744 ἀπερισκέπτως
3597 5674 3675 5726 καὶ

2133 5767 2329 5829 ἀδεῶς,
2353 5768 2487 5819 ἀλλὰ
2512 5769 2607 5819 καὶ
2642 5766 2806 5832 ἄλλας
2840 5770 3040 5839 κομιδή
3093 5770 3356 5834 πλείστας
3392 5772 3440 5823 οι
3481 5771 3569 5837 τῆς
3601 5782 3677 5816 11°

2140 5864 2308 5933 ςαχῆς
2342 5862 2533 5932 ἄνδρες
2566 5863 2878 5927 ἐνόθευσαν,
2912 5866 3032 5927 ταῖς
3089 5865 3186 5932 μὲν
3219 5866 3463 5932 μηδόλως
3500 5859 3677 5930 ἐγγρά·
