3974 6574
243 493 378 564 1197

1098 499 1194 562 DF.
1241 496 1760 562 PROCESSIONE
1801 498 1864 563 S.
1902 495 2263 558 SPIRITUS
2304 493 2530 556 ORAT.
2571 495 2648 555 ll.

3352 474 3488 560 nos

233 616 592 687 διστακτικὴν
625 617 867 675 διάνοιαν
897 620 964 674 δι’
987 621 1166 675 αὒτῶν
1200 623 1388 694 napo.)
1415 639 1519 676 που
1565 621 1681 676 δντι
1713 638 1802 674 σα-

1919 617 1980 672 Ει
2013 616 2272 672 omnibus
2309 615 2660 672 manifestum
2697 625 2798 679 est,
2835 612 2996 669 verba
3041 615 3153 670 [nec
3195 616 3490 671 venerandi

234 709 353 776 φῶς
375 709 781 778 ἀπεκρούσατο.
815 713 922 765 Καὶ
951 714 1228 784 προφανὲς
1253 717 1364 778 τοῖς
1383 714 1525 778 ὅλοις
1544 713 1692 768 ἐστὶν
1724 713 1810 767 ὅτι

236 802 466 872 ῥήματα
491 802 665 857 ταῦτα
697 804 790 858 τοῦ
825 805 1025 859 σεπτοῦ
1060 807 1344 860 Βασιλείου
1392 808 1486 860 καὶ
1517 808 1811 877 θεοφάντο-

235 911 353 961 ρος,
377 896 476 947 οὐκ
506 895 667 950 ἄλλου
693 897 862 964 τινὸς,
911 899 974 952 ἐκ
1015 917 1071 952 τε
1098 901 1192 952 τοῦ
1229 901 1398 972 χωρὶς
1434 901 1809 972 ἀντιρρήσεως

230 985 440 1049 πάσαις
472 987 806 1058 ἐμφέρεσθαι
829 990 1053 1056 δέλτοις,
1080 993 1174 1044 καῖ
1206 993 1384 1063 πολλῷ
1414 993 1601 1057 πλέον,
1641 994 1699 1057 ἐξ
1732 989 1808 1048 ῶν

226 1076 454 1144 δηλοῦσι
485 1081 553 1132 τὰ
590 1081 930 1152 ἐπαγόμενα.
967 1084 1126 1152 Λέγει
1159 1087 1265 1156 γὰρ
1291 1087 1350 1139 ἐν
1378 1086 1592 1150 τούτοις
1647 1087 1808 1152 αὐτὸς

225 1170 404 1234 οὓτως
429 1171 679 1242 ἁδιεχῶς,
715 1175 790 1237 ὡς
824 1176 1012 1246 μηδενί
1033 1194 1140 1230 τινι
1171 1178 1324 1248 μέσῳ
1348 1178 1802 1250 διακοπτόμενοςο

225 1264 415 1317 Φύσει
444 1265 508 1318 δὲ
538 1268 700 1334 τρίτῃ
724 1267 986 1336 χρῆσθαι
1020 1271 1158 1322 οὔτε
1181 1276 1339 1338 παρὰ
1370 1272 1489 1326 τῶν
1507 1273 1690 1342 ἁγίων
1714 1273 1807 1327 δε-

225 1354 553 1426 διδὰγμεθα
579 1359 855 1428 Γραφῶν,
886 1361 1026 1414 οὔτε
1049 1362 1116 1415 ἐκ
1153 1363 1272 1414 τῶν
1308 1364 1637 1435 εἰρημένων
1653 1367 1806 1419 κατὰ

225 1445 577 1502 ἀκόλουθον
621 1448 888 1504 δυνατὸν
904 1452 1387 1524 συλλογίζεσθαι.
1422 1458 1624 1510 Λοιπὸν
1670 1456 1804 1511 ἀσύο

225 1555 426 1592 στατον
453 1540 588 1602 ὅλως
617 1544 709 1594 καί
737 1544 1150 1598 ἀναπόδεικτον.
1189 1547 1399 1600 Ἐκεῖνο
1427 1549 1506 1609 δὲ,
1555 1550 1800 1602 τουτέστι

222 1629 304 1693 τῷ
327 1631 612 1701 ἀξιώματι
639 1634 1010 1703 δευτερεύειν
1038 1639 1102 1691 τὸ
1129 1639 1375 1710 Πνεῦμα
1409 1641 1475 1694 τὸ
1499 1640 1672 1711 ἅγιον
1693 1641 1801 1696 τοῦ

221 1724 384 1790 Υιοῦ,
411 1725 520 1795 τῆς
540 1728 844 1792 εὐσεϐείας
865 1730 1279 1798 παραδίδωσιν
1306 1736 1338 1786 ὀ
1357 1735 1558 1802 λόγος.
1585 1735 1676 1788 Διὸ
1705 1735 1801 1790 καὶ

221 1813 445 1882 βέϐαιον
465 1819 643 1888 πάντη
663 1825 755 1872 καὶ
773 1822 1202 1891 ἀναμφίλεκτον.
1219 1824 1474 1878 Τοιοῦτον
1488 1825 1553 1879 τὰ
1573 1829 1800 1896 ῥήματα

217 1907 396 1962 ταῦτα
419 1909 656 1982 φέροντα
673 1912 796 1965 νοῦν
813 1914 1026 1983 ἔχονται
1047 1915 1154 1970 τῶν
1175 1916 1324 1987 ἑξῆς,
1344 1917 1484 1971 ὥστε
1501 1923 1597 1974 καὶ
1620 1919 1682 1984 ἐξ
1700 1920 1798 1973 αύ-

216 2000 332 2054 τῶν
369 2002 467 2072 τῆς
515 2003 784 2068 ἐκδόσεως
833 2006 926 2059 τοῦ
961 2008 1200 2076 μεγάλου
1228 2010 1604 2065 πιστεύεσθαι.
1657 2011 1792 2065 Tod-

220 2108 335 2145 των
378 2093 436 2145 δὲ
473 2095 771 2150 κάντεῦθεν
795 2099 1027 2167 μάλιστα
1057 2099 1150 2152 τοῦ
1187 2101 1352 2171 σοφοῦ
1393 2103 1548 2157 τοῦδε
1581 2104 1798 2174 Πατρος

214 2183 605 2252 ἁναφανέντων
670 2191 824 2258 ἡμῖν,
883 2192 1097 2262 ἀνάγκη
1164 2193 1224 2246 τὸ
1272 2193 1617 2249 διστακτικδν
1649 2196 1798 2263 Ζσως

213 2277 502 2347 ἀλλότριον
535 2281 803 2352 ὑπάρχειν
847 2285 1141 2354 προστεθὲν
1175 2284 1398 2358 ὕστερον
1425 2306 1438 2320 ·
1494 2289 1795 2360 ἐπειδήπερ

211 2365 593 2439 ἀκατάλληλον
650 2376 798 2426 ἐστιν
853 2376 1060 2442 αὐτοῖς,
1119 2378 1214 2429 καὶ
1275 2378 1442 2446 ἄμφω
1473 2379 1567 2431 τοῦ
1625 2379 1793 2434 αὐτοῦ

207 2463 508 2531 τυγχάνειν
531 2465 812 2522 ἀδύνατον.
841 2466 997 2520 Οὖτω
1025 2469 1304 2540 πολλαχῶς
1335 2470 1392 2524 τὸ
1429 2473 1579 2537 ἴσως
1606 2472 1791 2526 διστα-

210 2553 404 2608 κτικδν
448 2557 768 2630 προσθήκην
829 2561 1000 2613 τελεῖν
1053 2563 1083 2614 ὁ
1136 2562 1292 2628 λόγος
1353 2564 1637 2628 ἀπέδειξε.
1700 2567 1795 2620 καὶ

210 2646 534 2720 προσθήκην
593 2652 757 2722 μηδὲν
825 2653 1055 2725 ἔχουσαν
1113 2655 1306 2723 ὑγιὲς,
1359 2656 1453 2710 ἅτε
1519 2657 1644 2726 μηδ’
1712 2653 1792 2722 οἷς

209 2740 514 2812 προσετέθη
543 2743 892 2814 συνᾴδονσαν.
953 2744 1111 2798 Ἀλλὰ
1169 2745 1326 2798 τοῦτο
1388 2747 1485 2817 μὲν
1549 2747 1675 2818 μηδ’
1711 2751 1792 2812 εἰς

207 2829 512 2901 ἐνθύμησιν
549 2833 608 2886 τὸ
641 2835 902 2905 παράπαν
933 2835 1082 2889 ἐλθὸν
1115 2837 1190 2904 τῷ
1241 2837 1524 2909 θεολήπτῳ
1590 2842 1788 2912 Πατρὶ,

207 2921 548 2993 πλασάμενοι
589 2925 698 2980 τῶν
754 2929 1010 2997 μαχίμων
1054 2930 1264 3000 ἀνδρῶν
1315 2930 1467 2992 ἔνιοι.
1517 2931 1703 2996 κακῶς
1731 2932 1790 2986 ἐν

209 3032 321 3070 τισι
382 3016 584 3087 βίϐλοις
639 3019 985 3088 προσέθεντο,
1055 3021 1144 3075 διὰ
1191 3024 1290 3093 τῆς
1367 3023 1788 3092 ὁλιγοσυλλάϐου

213 3109 443 3178 uomat
501 3110 597 3164 και
656 3109 912 3181 βραχείας
949 3113 1131 3183 φωνῆς
1198 3114 1446 3179 δόξαντες
1510 3115 1658 3182 ἅπαξ
1689 3116 1788 3187 τῆς

208 3201 422 3254 ἑαυτῶν
444 3203 844 3274 κεκρατηκέναι
872 3204 1198 3273 προθέσεως.
1227 3205 1300 3259 Τὸ
1321 3205 1398 3271 δὲ,
1441 3207 1570 3273 παρ’
1599 3205 1788 3262 αὑτοῦ

210 3291 276 3345 τὸ
305 3286 460 3346 εἶναι
499 3291 665 3361 ἕχον,
715 3292 815 3346 καὶ
877 3293 1017 3363 παρ’
1073 3295 1259 3350 αὐτοῦ
1319 3293 1624 3366 λαμϐάνον
1686 3298 1784 3353 καὶ

206 3385 588 3453 ἀναγγ-έλλον
613 3386 779 3456 ἡμῖν,
813 3387 913 3440 καὶ
962 3387 1120 3455 ὅλως
1151 3388 1392 3456 ἐκείνης
1423 3389 1527 3458 τῆς
1587 3391 1783 3458 uitia;

206 3476 568 3546 ἐξημμένον,
599 3478 696 3548 τῆς
723 3478 816 3530 τοῦ
855 3479 1018 3548 σοφοῦ
1057 3479 1294 3544 διανοίας
1349 3480 1408 3534 ὃν
1455 3480 1602 3536 ἅπαν
1627 3481 1690 3552 δὴ
1722 3479 1784 3534 τὸ

207 3570 414 3623 τοιοῦτο
470 3569 673 3642 ῥητὸν,
725 3571 822 3625 καὶ
877 3573 1130 3642 κείμενον
1176 3575 1234 3626 ἐν
1290 3573 1492 3636 δέλτοις
1541 3573 1781 3641 πολλαῖς,

205 3665 352 3732 ὅμως
376 3662 492 3717 ἀνθ’
527 3655 602 3717 ὧν
633 3663 888 3733 πολέμιον
916 3663 1234 3734 περιφανῶς
1256 3664 1416 3717 τοῦτο
1442 3666 1559 3727 ταῖς
1603 3664 1781 3718 αὐτῶν

208 3755 454 3825 γνώμαις
507 3757 838 3828 καθέστηκε.
883 3759 982 3826 τῆς
1040 3757 1352 3829 περικοπῆς
1417 3758 1544 3829 ὅλης
1579 3756 1782 3821 σκαιῶς

204 3849 554 3919 ἀφελόμενοι,
582 3852 702 3914 ταῖς
735 3848 930 3920 μικρὸν
977 3849 1182 3905 ἀνωθεν
1213 3850 1493 3920 ῥηθείσαις
1549 3849 1648 3904 οὐκ
1699 3851 1784 3905 ὲν-

201 3942 450 4016 έγραψαν
474 3942 678 4012 βίϐλοις
711 3943 992 4013 καταρχὰς
1017 3945 1115 4015 τῆς
1152 3944 1262 3996 τῶν
1290 3942 1551 3997 τοιούτων
1585 3945 1786 3997 συστὰ-

202 4053 344 4098 σεως
373 4035 434 4087 τὸ
461 4035 570 4086 πᾶν
606 4032 696 4086 τοῦ
732 4031 1068 4109 βουλήματος
1125 4033 1227 4105 ἤδη
1288 4036 1609 4103 νομξσαντες
1658 4034 1780 4088 κατ’

203 4128 362 4196 ισχὺν
393 4127 669 4196 ἄρρηκτον
698 4123 841 4194 ἔχειν
870 4124 1088 4189 αὐτοὺς,
1113 4125 1305 4192 ἐφόσον
1325 4123 1385 4175 τὸ
1417 4123 1654 4194 δηλωθὲν
1678 4125 1781 4196 τῆς

201 4219 454 4287 χρήσεως
484 4220 546 4271 ἐκ
579 4215 673 4271 τοῦ
701 4219 868 4286 μέσου
899 4215 1129 4288 δολερῶς
1170 4216 1556 4286 πεπο.ήκασιν,
1591 4217 1650 4270 οὐ
1675 4217 1781 4287 μὴν

199 4313 593 4378 ἐπιστήσαντες
618 4308 862 4379 ἀκριϐῶς
894 4311 1000 4373 τοῖς
1019 4307 1359 4379 ἑκατέρωθεν
1393 4310 1777 4378 ἐγνωσμένοις,

198 4402 234 4454 :‘i
265 4401 676 4471 προσηκάμενοι
726 4401 952 4464 δεόντως
978 4401 1284 4470 ἐνέγραψαν
1343 4404 1437 4454 καὶ
1473 4402 1683 4466 αὑταῖς,
1731 4403 1779 4454 εἰ

198 4495 297 4546 κ..ὶ
325 4494 478 4562 σφίσι
517 4493 848 4561 προσέθεντο
869 4493 926 4544 τὸ
958 4491 1105 4558 ισως
1127 4492 1497 4557 διστακτικὶν,
1524 4493 1612 4546 διὰ
1659 4494 1782 4547 τού-

203 4603 297 4640 του
344 4585 506 4657 δῆθεν
539 4586 614 4650 ὡς
669 4585 860 4656 ἔχοντα
889 4585 1223 4656 πλημμελῶς
1249 4586 1317 4638 τὰ
1346 4585 1566 4639 τοιαῦτα
1612 4585 1773 4639 κ.λά-

195 4681 430 4744 ζοντες,
482 4679 620 4748 ὅπερ
674 4678 769 4730 καὶ
825 4677 1110 4747 προλαϐὼν
1157 4680 1184 4730 ὀ
1220 4677 1373 4745 λόγος
1429 4678 1774 4750 παρέστησεν

197 4770 425 4832 ἱκανῶς,
453 4770 731 4840 ἀλλότριον
780 4769 982 4832 αὐτῶν,
1029 4764 1118 4823 οἷα
1169 4768 1439 4832 παντελῶς
1472 4770 1788 4846 ἀσυνάρτηη

195 4881 310 4916 τον.
373 4863 448 4915 Οὐ
507 4863 686 4914 τοίνυν
754 4863 1146 4932 ἐπιστήσαντες
1197 4859 1462 4929 ἀκριϐῶς,
1522 4849 1788 4932 καθάπερι

197 4955 435 5023 ἔφημεν,
468 4957 580 5017 τοῖς
611 4952 898 5018 τοιούτοις,
931 4953 1051 5006 οὐδὲ
1101 4953 1507 5023 ὲμϐαθύναντες
1547 4955 1596 5006 οἱ
1639 4970 1774 5024 προ-

195 5049 424 5100 κόπτειν
453 5047 842 5111 σπουδάζοντες
876 5046 936 5099 τὸ
996 5046 1200 5116 σχίσμα
1273 5045 1360 5100 διὰ
1420 5051 1639 5113 παντος,
1699 5045 1774 5110 ὡς

194 5141 371 5193 ταῦτα
404 5140 495 5192 καὶ
528 5141 766 5210 μάλιστα
795 5140 914 5192 κατ’
952 5138 1152 5208 εὐσεϐῆ
1197 5138 1434 5192 δ.ἀνοιαν
1476 5141 1568 5216 καὶ
1620 5141 1768 5206 λογι-

197 5232 341 5302 σμὸν
358 5231 664 5302 ὀρθοδοξίας
691 5231 967 5302 ἐχόμενον,
1012 5231 1072 5283 τὸ
1100 5231 1338 5283 τοιοῦτον
1395 5233 1558 5302 ῥητὸν
1602 5233 1768 5300 ἀναγ-

195 5325 368 5386 καίως
403 5323 846 5393 εἰσπράττονται·
895 5324 957 5376 τὺ
990 5323 1089 5393 μὲν
1127 5324 1207 5377 ὅτι
1253 5323 1471 5394 μηδ”ἃν
1527 5323 1768 5377 εἰσελεύ-

195 5416 627 5488 σεσθαι-σοφίαν
682 5418 864 5480 ποσῶς
915 5409 1361 5489 εἰς’κακότεχνον
1427 5418 1604 5489 ψυχὴν
1667 5417 1770 5488 τῆς

194 5510 349 5573 θείας
375 5509 595 5578 Γραῳῆς
620 5509 959 5579 ἀκηκόαμεν,
1001 5509 1095 5562 καὶ
1125 5509 1300 5572 ἄλλως
1331 5508 1388 5562 δὲ
1433 5507 1768 5579 κυριώτερον

191 5600 288 5654 τοῦ
331 5599 468 5653 Θεοῦ
508 5599 650 5669 τάχα
715 5599 1011 5669 σφήλαντος
1067 5600 1124 5650 ἐν
1177 5598 1385 5661 τούτοις
1425 5597 1643 5662 αὐτοὺς,
1674 5601 1767 5651 καὶ

113 5698 125 5707 ’
195 5696 382 5763 μένειν
430 5693 507 5756 εις
546 5691 766 5762 ἔλεγχον
825 5693 922 5762 τῆς
985 5691 1318 5761 κακουργίας
1362 5690 1542 5744 αὐτῶν
1593 5689 1768 5744 ταῦτα

191 5785 738 5854 παρασκευάσαντος.
767 5783 924 5836 Ἐπεί
951 5783 1032 5836 τοξ
1062 5799 1123 5850 γε
1160 5783 1254 5836 καὶ
1283 5781 1477 5844 αὐτοὺς
1497 5780 1766 5851 δήπουθεν

190 5878 449 5946 παρῆκαν
508 5877 572 5930 ἂν
620 5879 678 5929 ὲν
736 5878 857 5938 ταῖς
909 5875 1136 5938 οἰκείαις
1179 5876 1572 5945 μεταγραφαῖς.
1609 5873 1765 5942 εἰπερ

189 5964 625 6036 λμϐατεύσαντες
655 5969 767 6030 τοῖς
794 5965 1077 6030 τοιούτοις,
1137 5966 1190 6019 τί
1221 5966 1310 6020 καὶ
1345 5961 1624 6034 βούλονται
1689 5964 1764 6035 τῷ

1916 721 1970 765 et
1989 711 2300 766 divinorum
2332 708 2652 765 revelatoris
2679 706 2886 775 Basilii,
2922 723 3028 761 nun
3053 708 3280 763 alterius
3306 709 3493 779 cujus-

1916 803 2062 874 piam
2112 818 2256 866 esse,
2307 804 2452 872 quod
2499 803 2634 856 citra
2667 802 2828 856 ullam
2883 800 3375 857 contradictionem
3433 803 3487 856 in

1915 895 2168 952 omnibus
2195 895 2565 950 voluminibus
2595 894 3078 960 circumferuntur,
3105 903 3158 948 et
3181 895 3354 950 multo
3374 910 3490 948 nza-

1915 991 1996 1060 gis
2017 1005 2081 1045 ex
2117 989 2206 1056 iis,
2244 1003 2366 1059 qua:
2393 987 2780 1057 subsequentia
2807 987 3126 1056 important.
3153 985 3400 1058 Namque
3434 988 3487 1040 in

1914 1082 1998 1138 his
2049 1083 2200 1137 nullo
2261 1082 2368 1136 alio
2400 1080 2709 1151 interiecto,
2740 1095 2808 1134 ne
2843 1080 3022 1135 medio
3076 1079 3263 1150 aliquo
3308 1080 3488 1135 oratio

1913 1174 2424 1246 inlerrumperetur,
2475 1174 2661 1230 subdit
2699 1193 2714 1226 :
2750 1171 2854 1228 Sed
2918 1185 3115 1228 natura
3164 1175 3323 1227 tertia
3377 1175 3482 1239 uti,

1913 1265 2074 1338 nrqtie
2106 1284 2138 1322 α
2171 1269 2367 1321 sanctis
2397 1266 2616 1321 Litteris
2633 1267 2930 1332 edocemur,
2959 1282 3118 1339 neque
3142 1281 3206 1320 ea:
3233 1268 3296 1321 iis
3320 1310 3334 1333 ,
3363 1283 3480 1337 qua:

1908 1360 2049 1412 dicta
2106 1369 2248 1422 sunt,
2285 1370 2428 1413 recta
2482 1358 2645 1410 ducta
2679 1358 2890 1428 sequela
2929 1375 3209 1427 possumus
3263 1360 3482 1413 demim-

1907 1463 2100 1513 strare,
2129 1467 2318 1520 nempe
2349 1452 2450 1504 hoc
2493 1451 2569 1504 ait
2611 1467 2626 1503 :
2662 1448 2877 1504 Natura
2909 1456 3068 1505 tertia
3099 1454 3179 1505 uti
3219 1449 3479 1521 Spiritum

1905 1551 2168 1605 sanctum,
2224 1558 2385 1611 neque
2415 1561 2445 1595 ιι
2495 1543 2686 1596 divinis
2725 1540 2942 1597 Litteris
2973 1543 3284 1610 didicimus,
3314 1545 3478 1614 neque

1905 1651 1970 1689 ea:
1997 1637 2154 1690 dictis
2183 1636 2363 1707 colligi
2385 1647 2760 1708 consequenter
2812 1650 3006 1707 potest.
3045 1638 3278 1695 Prorsus
3308 1640 3476 1710 igitur

1907 1726 2011 1780 hoc
2034 1729 2134 1782 sibi
2168 1744 2277 1784 non
2323 1738 2558 1792 constat,
2588 1745 2686 1784 nec
2712 1746 2952 1799 unquam
2983 1730 3472 1787 demonstrabitur.

1908 1820 2041 1876 Illud
2117 1838 2293 1887 vero,
2368 1821 2639 1892 Dignitalc
2706 1824 2996 1877 secundum
3057 1840 3167 1877 esse
3246 1842 3277 1876 (ι
3335 1821 3481 1876 Filio

1907 1914 2167 1984 Spiritum
2236 1927 2525 1978 sanctum,
2591 1915 2808 1983 pietatis
2865 1917 3006 1969 ratio
3083 1917 3266 1969 tradit.
3352 1916 3484 1971 Pto-

1828 1986 1871 2042 Β
1902 2018 2201 2078 ptereaque
2234 2007 2450 2061 ﬁrmum
2483 2008 2710 2062 omnino
2732 2017 2818 2064 est
2851 2019 2905 2063 et
2949 2008 3083 2063 citra
3116 2011 3280 2063 ullam
3314 2008 3482 2065 haesi-

1902 2101 2180 2156 tationem.
2233 2098 2371 2156 Cum
2428 2103 2595 2156 verba
2665 2101 2781 2156 lucc
2854 2102 3089 2158 similem
3148 2105 3477 2158 sententiam

1899 2193 2184 2260 referant,
2262 2209 2386 2248 cum
2463 2193 2818 2261 sequentibus
2911 2195 3231 2259 cohaerent,
3307 2211 3478 2266 quare

1897 2302 1961 2341 ex
2001 2287 2086 2342 his
2122 2301 2341 2356 quoque
2367 2288 2586 2356 pr0pria
2639 2286 2827 2342 Basilii
2891 2301 3015 2343 esse
3093 2288 3472 2342 conﬁrmatur.

1899 2373 2024 2430 "me
2065 2377 2232 2431 etiam
2261 2391 2384 2431 cum
2417 2375 2710 2432 manifesto
2745 2378 3334 2448 appareantsapien‘tis
3365 2378 3474 2432 hu-

1893 2464 1986 2536 jus
2021 2466 2200 2522 Patris
2232 2466 2452 2537 propria
2487 2479 2630 2530 esse,
2670 2481 2893 2521 necesse
2944 2454 3186 2522 est‘illud
3219 2467 3470 2537 fortasse,

1897 2557 2044 2629 quod
2079 2572 2192 2612 rem
2222 2557 2442 2612 dubiam
2476 2556 2676 2623 reddit,
2707 2547 2931 2612 minime
2980 2559 3278 2626 genuinum
3327 2574 3469 2623 csse,

1897 2649 2251 2722 postmodum
2293 2651 2565 2715 additum,
2594 2651 2722 2704 dum
2765 2665 2889 2704 cum
2923 2651 3030 2705 illis
3063 2665 3168 2704 non
3195 2653 3470 2721 congruit,

1894 2753 1947 2800 et
1981 2755 2214 2814 utraque
2241 2741 2486 2812 ejusdem
2517 2736 2790 2810 uniusque
2817 2756 2940 2796 esse
2978 2740 3092 2794 ﬁeri
3137 2741 3346 2810 nequit.
3379 2740 3473 2796 SLe

1894 2836 2086 2891 multis
2123 2835 2400 2904 variisque
2447 2833 2624 2890 modis
2672 2829 2811 2903 for’te
2844 2833 2976 2888 illud
3010 2834 3309 2888 dubietatis
3339 2849 3469 2887 cau-

1894 2945 2012 2986 sam
2037 2929 2370 2985 additionem
2409 2928 2530 2984 esse
2561 2929 2735 2983 oratio
2763 2929 3183 2990 demonstravit.
3232 2928 3468 2982 additio-

1892 3037 2128 3092 nemque
2151 3023 2289 3076 nihil
2343 3037 2537 3077 sanum
2563 3021 2614 3074 in
2649 3035 2708 3075 se
2757 3012 3154 3085 con'tinentem,
3206 3028 3462 3090 tanquam

1889 3129 2012 3182 quas
2045 3129 2222 3184 neque
2251 3129 2376 3169 cum
2415 3113 2506 3177 iis,
2555 3112 2755 3183 quibus
2807 3112 2992 3166 addita
3019 3119 3123 3181 est,
3179 3122 3466 3166 consonet.

1892 3203 2001 3258 Sed
2035 3205 2138 3258 hoc
2164 3218 2290 3258 cum
2313 3217 2414 3258 nec
2445 3203 2500 3257 in
2531 3211 2766 3258 mentem
2811 3217 3035 3272 prorsus
3081 3203 3320 3258 venisset
3352 3202 3466 3257 Nu-

1891 3296 2036 3351 mine
2070 3295 2269 3351 -aﬂlato
2314 3294 2483 3360 Patri,
2511 3295 2836 3351 contentiosi
2868 3295 3120 3350 homines
3149 3297 3466 3364 impruden-

1892 3398 1974 3444 ter
2025 3391 2422 3460 contingentes,
2472 3390 2528 3444 in
2574 3389 2856 3445 nonnullis
2882 3390 3252 3446 voluminibus
3285 3405 3462 3461 appo-

1888 3490 2140 3547 suerunt,
2223 3489 2546 3551 reputantes
2616 3496 2711 3550 per
2762 3480 2982 3536 brevem
3046 3481 3184 3537 lianc
3243 3491 3297 3536 et
3357 3497 3466 3536 non

1887 3575 2074 3631 multis
2113 3574 2336 3645 syllabis
2376 3584 2718 3629 constantem
2759 3574 3051 3628 dictionem
3100 3575 3269 3629 semel
3299 3590 3460 3630 suum

1887 3669 2228 3738 prOpositum
2276 3655 2653 3722 conﬁrmasse.
2690 3665 2754 3720 Et
2784 3666 2937 3732 illud,
2969 3670 3032 3720 ab
3056 3667 3168 3736 ipso
3196 3668 3463 3738 possiden-

1888 3768 2011 3824 tem,
2043 3767 2093 3812 ct
2131 3761 2196 3812 ab
2229 3759 2344 3829 ipso
2377 3760 2724 3828 accipientem
2751 3772 2800 3813 et
2838 3759 3249 3814 annuntiaxtem
3286 3761 3460 3827 nobis,

1883 3860 1932 3906 et
1971 3853 2026 3904 in
2049 3868 2256 3906 summa
2300 3853 2365 3906 ab
2400 3869 2462 3906 ea
2501 3869 2664 3906 causa
2688 3853 3078 3921 dependente-rt,
3109 3852 3316 3909 dictum
3357 3855 3462 3908 hoc

1886 3955 2061 4000 totum
2117 3960 2182 4001 ex
2228 3954 2410 4001 mente
2455 3947 2722 4016 sapientis
2774 3947 3040 4016 originem
3095 3962 3251 4002 suam
3291 3963 3464 4019 agno-

1885 4038 2360 4106 scens,et‘multis
2387 4041 2843 4110 comprehensum
2870 4041 3239 4098 voluminibus
3267 4043 3457 4096 nihilo-

1885 4131 2069 4185 minus
2113 4129 2258 4200 quod
2289 4131 2468 4200 palam
2501 4147 2692 4186 eorum
2724 4133 3074 4202 opinionibus
3115 4135 3457 4198 adversatur,

1884 4237 1913 4275 a
1949 4223 2158 4293 reliqua
2191 4224 2448 4298 pericope
2483 4225 2701 4294 stupide
2745 4233 3108 4292 removentes,
3139 4225 3192 4279 in
3227 4227 3457 4282 volumi-

1883 4314 2047 4368 nibus
2085 4315 2197 4383 jam
2232 4329 2398 4384 supra
2448 4315 2703 4370 indicatis
2739 4331 2847 4369 non
2900 4317 3290 4386 ascripserunt,
3331 4335 3456 4373 cum

1882 4406 1972 4459 illa
2004 4405 2242 4475 primum
2270 4406 2664 4474 describerent,
2695 4405 2966 4462 intentum
3004 4423 3166 4464 suum
3197 4411 3332 4464 satis
3367 4411 3458 4466 (ir-

1883 4509 2079 4564 meque
2106 4494 2180 4548 ita
2217 4503 2280 4548 ut
2311 4494 2366 4550 in
2410 4505 2686 4564 posterum
2738 4495 2956 4568 infringi
3001 4498 3226 4552 minime
3249 4511 3453 4568 posset.

1881 4585 2268 4642 corroborasse
2290 4587 2684 4656 existimantes,
2711 4589 2841 4645 dum
2870 4590 2998 4645 dicti
3032 4602 3236 4662 partem
3272 4595 3457 4666 signa-

1881 4685 1988 4729 tam
2014 4674 2201 4732 dolose
2228 4677 2294 4733 de
2326 4679 2508 4734 medio
2547 4680 2822 4745 tulissent,
2866 4697 2974 4736 non
3005 4692 3262 4740 accurate
3300 4701 3461 4742 men-

1881 4777 1987 4822 tem
2006 4766 2252 4838 ﬁgentes,
2273 4785 2392 4842 qua:
2417 4780 2646 4842 utraque
2661 4787 2726 4828 ex
2746 4783 2897 4843 parte
2922 4774 3338 4846 dignoscuntur,
3363 4780 3452 4836 illa

1879 4874 2002 4913 tum
2029 4863 2370 4931 accepissent
2409 4865 2485 4919 uti
2527 4881 2625 4934 par
2650 4874 2755 4932 est,
2791 4883 2898 4922 una
2925 4883 3049 4923 cum
3087 4867 3194 4928 illis
3220 4851 3476 4942 scripse-i

1860 4963 2026 5022 .runt,
2051 4953 2305 5010 licetillis
2332 4959 2681 5026 apposuerint
2701 4959 2836 5028 forte
2864 4963 3088 5017 dubium
3113 4980 3357 5033 movens.
3388 4984 3450 5024 ea

1876 5039 2151 5098 additione
2166 5045 2319 5114 quasi
2343 5047 2538 5101 similia
2559 5048 2688 5104 vitio
2711 5050 3044 5120 laborarent,
3065 5064 3446 5127 temperantes,

1875 5135 2020 5203 quod
2089 5145 2243 5192 antea
2293 5139 2468 5193 oratio
2518 5139 2734 5196 abunde
2791 5145 3205 5215 demonsuavit,
3277 5163 3447 5220 eaque

1875 5243 2070 5297 nempe
2089 5230 2263 5284 aliena
2288 5245 2434 5296 esse,
2463 5235 2607 5303 quod
2641 5234 2799 5305 plane
2831 5255 2953 5293 cum
2982 5241 3103 5296 aliis
3131 5257 3239 5297 non
3267 5244 3446 5299 cohse-

1875 5331 2049 5375 rcant.
2084 5321 2202 5376 Non
2228 5333 2482 5379 accurate
2504 5324 2689 5395 itaque
2719 5327 2870 5383 hisce
2920 5338 3156 5385 mentem
3190 5331 3438 5403 ﬁgentes,

1873 5429 2051 5484 neque
2089 5425 2436 5486 penetrantes
2469 5417 2566 5488 qui
2602 5419 2843 5475 schisma
2879 5422 3069 5479 sedula
3098 5439 3228 5478 cura
3265 5428 3442 5480 conti-

1871 5521 2088 5577 nuoque
2116 5518 2459 5578 promovent,
2488 5511 2693 5567 dictum
2727 5513 2831 5569 hoc
2857 5517 2931 5570 uti
2976 5527 3134 5573 recta:
3158 5518 3276 5575 lidei
3311 5535 3444 5577 con-

1871 5613 2077 5654 sonans
2108 5602 2409 5657 sccundum
2446 5603 2588 5674 piam
2621 5607 2942 5666 sententiam
2973 5617 3027 5663 et
3056 5610 3441 5680 cogitationem

1871 5692 2182 5748 necessario
2208 5695 2452 5766 exigunt,
2486 5704 2599 5751 tum
2631 5697 2774 5768 quod
2807 5699 3226 5760 intelleximusa
3256 5702 3440 5760 divina

1869 5782 2153 5854 Scriptura
2189 5786 2243 5840 in
2284 5787 2519 5842 animam
2563 5804 2784 5858 praxam
2813 5808 2918 5848 non
2949 5793 3320 5865 ingressuram
3347 5787 3439 5853 sa-

1868 5876 2154 5945 pientiazn,
2209 5885 2261 5930 cl
2309 5878 2472 5933 etiam
2521 5881 2664 5950 quod
2725 5883 2897 5954 magis
2941 5886 3222 5957 proprium
3257 5887 3438 5953 fuerit,

1870 5969 2011 6025 Duas
2042 5970 2095 6024 in
2136 5970 2218 6024 itis
2257 5971 2404 6040 ips::s
2447 5969 2660 6041 ΐεῗιυιιδ,
2696 5993 2756 6033 ea
2789 5977 2854 6034 ad
2894 5976 3005 6035 hxc
3036 5989 3280 6052 tempore
3317 5997 3442 6054 per-
