3882 6614
378 388 514 453 1207

1399 407 1882 477 CONSTANTIN
1889 417 1916 479 Ι
1959 420 2513 488 ΜΕΕΙΤΕΝΙΟΤιΕ

3501 439 3634 506 1203

375 521 404 558 a
447 504 735 575 Scriptura
766 510 973 577 divina,
1004 517 1109 569 hoc
1153 517 1296 573 enim
1329 523 1509 592 palam
1559 525 1741 584 innuit
1765 530 1898 587 illud
1934 554 1947 590 :

387 595 448 623 ι’.
488 596 618 623 ιη..-
664 603 951 623 ....-..-.°_._.
971 618 1032 623 et...
1190 610 1226 623 ,ο
1597 619 1628 623 _-
1729 617 1757 623 μ

2068 555 2167 594 των
2191 540 2521 614 σαφέστερον
2551 546 2664 610 τοῖς
2690 543 2852 617 ὀρθὸν
2892 548 3120 622 φύρουσι
3147 552 3242 606 τὸν
3281 555 3527 623 autem;
3574 557 3636 610 Τί

378 595 448 649 Et
484 596 618 652 hanc
661 603 1037 672 proprietatem
1084 610 1260 664 oratio
1301 627 1402 667 non
1447 619 1672 681 excedit,
1718 617 1952 689 Spiritus

374 702 494 742 τίετο
540 699 758 747 sanctus
800 686 962 750 et‘ex
1011 695 1171 754 Patre
1206 700 1420 767 dicitur,
1469 719 1518 761 et
1560 725 1624 763 ea:
1661 686 1797 767 Fili-0
1844 731 1955 770 esse

377 783 665 847 extruitur,
718 784 821 839 hoc
852 786 1147 846 discrimen
1183 793 1326 848 inter
1358 812 1415 853 se
1458 810 1510 856 et
1540 800 1733 859 Filium
1775 807 1955 877 possi-

376 874 535 941 dens,
575 878 719 946 quod
771 892 837 933 ex
876 878 1017 937 Filio
1049 899 1269 957 quoque
1314 892 1553 949 exsistit.
1605 894 1670 950 Et
1711 874 1825 955 lucc
1874 907 1956 956 est

376 966 652 1021 sententia
689 966 923 1039 hujusce
973 985 1155 1031 mente
1197 979 1381 1035 divina
1412 986 1624 1053 praediti
1660 988 1857 1046 Patris.
1890 990 1957 1047 Et

376 1066 436 1111 ut
465 1057 671 1115 clarius
705 1060 1082 1133 indigentibus
1137 1072 1427 1142 explicem,
1472 1078 1517 1133 si
1565 1079 1645 1135 uti
1687 1082 1858 1140 Filius
1888 1100 1953 1141 ex

375 1152 495 1207 solo
525 1149 688 1210 Patre
726 1156 801 1212 ita
834 1167 887 1214 et
919 1158 1159 1230 Spiritus
1205 1178 1433 1224 sanctus
1462 1182 1627 1239 esset,
1672 1175 1760 1233 hic
1789 1178 1954 1235 etiam

373 1254 523 1301 esset
584 1249 803 1317 genitus
858 1254 935 1307 uti
1001 1254 1197 1321 Filius,
1244 1272 1355 1314 non
1420 1262 1658 1331 Spiritus
1708 1279 1952 1328 sanctus.

373 1333 535 1394 Nune
568 1354 700 1396 vero
733 1357 841 1398 non
889 1344 1037 1401 aliud
1073 1348 1217 1405 inter
1262 1351 1363 1407 hos
1410 1356 1603 1411 ambos
1634 1358 1952 1431 discrimen,

376 1432 472 1486 sed
501 1434 608 1488 hoc
639 1437 990 1495 solummodo
1022 1443 1387 1517 dignoscitur,
1425 1465 1535 1521 quo
1567 1453 1743 1509 modis
1775 1457 1955 1511 omni-

377 1522 484 1617 bus
510 1523 621 1617 hic
659 1530 968 1597 appellatur
999 1542 1054 1588 et
1085 1544 1169 1590 est
1204 1535 1400 1604 Filius,
1436 1540 1526 1595 ille
1561 1558 1690 1598 vero
1732 1547 1955 1617 proprie

377 1614 619 1684 Spiritus
649 1628 870 1678 sanctus
898 1637 1125 1681 vocatur
1153 1637 1206 1685 et
1237 1641 1356 1697 est;
1386 1634 1532 1703 quod
1569 1614 1945 1694 exsistentiam

376 1707 551 1766 Fil-‘us
596 1713 814 1781 quidem
875 1720 1117 1787 possidet
1169 1738 1231 1778 ex
1290 1727 1410 1781 solo
1457 1726 1636 1798 Patre,
1690 1746 1757 1787 ex
1794 1730 1956 1790 Patre

374 1816 507 1857 vero
537 1802 699 1859 simul
731 1816 786 1862 et
824 1808 965 1865 Filio
992 1812 1233 1883 Spiritus
1261 1826 1506 1875 sanctus.

2056 630 2113 685 δὲ
2138 636 2250 699 τοῖς
2282 635 2560 691 ἐθέλουσιν
2578 638 2947 710 εὐγνωμονεῖν
2972 644 3362 717 ὲκδηλότερον;
3399 647 3461 699 '0
3486 664 3636 717 μονο-

2056 725 2239 795 γενὴς,
2269 729 2452 811 φησὶν,
2484 729 2614 795 Υἱὸς
2640 733 2701 786 ὲκ
2737 735 2900 803 μόνου
2932 727 3027 791 τοῦ
3058 739 3278 810 Πατρὺς
3299 740 3631 811 ὀνομάζεται

2060 817 2211 889 παρά
2234 806 2522 890 τῆςὰγίας
2549 820 2792 893 Γραφῆς.
2837 825 3010 880 Τοῦτο
3068 806 3197 882 καὶ*
3228 829 3342 901 γὰρ
3383 806 3635 899 σημαίνει

2055 911 2266 982 τρανῶς
2306 912 2365 965 τό
2404 914 2556 985 ’,Καὶ
2581 912 2759 985 μέχρι
2784 918 3003 973 τούτου
3049 923 3083 974 ό
3135 921 3323 991 λόγος
3393 923 3637 992 ἵστησιν

2056 1000 2217 1068 αὐτῷ
2244 1004 2311 1059 τὸ
2352 1004 2580 1075 ιδίωμα.
2616 1008 2687 1062 Τὸ
2723 1008 2794 1062 δὲ
2819 1008 2989 1081 ἄτιον
3014 1014 3261 1083 Πνεῦμα
3287 1014 3388 1068 καὶ
3414 1016 3487 1068 ἐκ
3534 1018 3633 1073 τοῦ

2057 1097 2294 1164 Πατρός
2326 1096 2586 1167 λέγεται,
2618 1099 2719 1155 καὶ
2753 1102 2821 1157 ἐκ
2854 1104 2961 1159 τοῦ
2981 1106 3115 1160 Υίοῦ
3141 1103 3305 1162 εἶναι
3335 1122 3638 1179 προσμαρο

2055 1188 2337 1257 τυρεῗται,
2362 1189 2567 1262 ταύτην
2589 1191 2858 1264 διαφορὰν
2890 1194 3013 1267 Εχον
3048 1198 3184 1268 πρὸς
3234 1199 3331 1253 τὸν
3354 1200 3511 1265 Υίδν,
3562 1202 3639 1256 ὄτι

2056 1280 2165 1335 κάκ
2192 1282 2287 1335 τοῦ
2340 1282 2475 1337 Υίοῦ
2502 1284 2661 1339 τοῦτο
2714 1287 3077 1360 καθέστηκεν.
3127 1288 3299 1359 Οὗτος
3326 1296 3357 1349 6
3396 1293 3494 1348 τοῦ
3526 1293 3643 1349 θείς⁵

2058 1391 2254 1445 φρονσς
2283 1374 2477 1431 τούτου
2509 1378 2756 1448 πέφυκεν
2800 1373 2901 1435 ὧδε
2934 1382 3080 1448 νοῦς.
3105 1384 3224 1439 Ἵνα
3250 1386 3311 1440 δὲ
3331 1387 3491 1441 τόνδε
3524 1387 3640 1457 βέλε-

2054 1484 2168 1521 τιον
2221 1469 2559 1539 παραστήσω
2610 1474 2721 1536 τοῖς
2777 1472 3094 1545 χρῄζουσιν,
3154 1479 3315 1550 εἴπερ
3369 1480 3514 1534 κατᾶ
3555 1480 3640 1535 τὸν

2055 1556 2185 1612 Υίὸν
2207 1560 2270 1613 ἐκ
2296 1559 2457 1630 μόνου
2482 1562 2576 1616 τοῦ
2602 1564 2815 1635 Πατρδς
2846 1567 3023 1621 καὶτὸ
3047 1568 3269 1639 Πνεῦμα
3297 1570 3361 1625 τὸ
3382 1572 3542 1638 ἅγιον
3558 1568 3640 1640 ἦν,

2052 1644 2121 1721 ἦν
2148 1648 2213 1705 ἂν
2241 1651 2334 1705 καὶ
2357 1653 2516 1708 τοῦτο
2545 1657 2806 1724 γεννητὸς
2823 1659 2945 1713 κατ’
2971 1660 3178 1716 ἐκεῖνον
3198 1662 3350 1729 Υἱὸς,
3379 1663 3442 1717 οὑ
3477 1664 3645 1717 Πνεῦ-

2060 1742 2138 1810 μά
2175 1758 2237 1809 γε
2293 1742 2399 1814 μὴν
2445 1744 2621 1812 ἅγιον.
2659 1748 2775 1803 Νῦν
2801 1749 2846 1803 δ’
2888 1752 2989 1806 οὐκ
3035 1754 3171 1827 άλλη
3217 1774 3303 1820 τις
3334 1755 3659 1827 ἀναμεταξὺ-

2057 1829 2269 1885 τούτοιν
2311 1834 2534 1904 ἀμφοῖν,
2566 1837 2707 1910 αῦτη
2739 1839 2796 1894 δὲ
2827 1842 3061 1915 διαφορά
3089 1849 3184 1900 καὶ
3210 1848 3352 1918 μόνη
3382 1846 3647 1915 γινώσκε-

375 1915 500 2008 ται,
585 1901 822 2011 καθ’νῆν
861 1907 1085 2011 πάντως
1131 1914 1158 2011 6
1193 1914 1292 1982 μὲν
1352 1920 1822 1991 προσαγορεύεται
1859 1923 1956 1977 καὶ
1999 1923 2146 1981 ἐστιν
2181 1901 2415 1997 Υἱὸς,
2475 1932 2531 1986 δὲ
2554 1901 2758 2006 κυρίως
2780 1901 2940 2007 ἅγιον
2990 1901 3233 2011 ᾖνεῦμάι
3255 1901 3528 2009 καλεῖται,
3558 1943 3646 1997 καὶ

377 1992 639 2108 πέἱρηνεηῗ
698 1995 797 2108 ei:
824 1998 922 2071 τὴν
977 2002 1211 2077 ὓπαρξιν
1257 2010 1284 2061 6
1330 2010 1430 2079 μὲν
1487 2012 1615 2079 Υἱὸς
1671 2015 1733 2070 ὲκ
1772 2016 1952 2086 ,μόνου
1994 2020 2259 2094 κέκτηται
2292 1992 2421 2081 Ἶτοῦ
2453 1992 2685 2101 Πατρὺς,
2736 1992 2843 2085 εκ.
2875 2032 2941 2091 δὲ

377 2089 473 2144 τοῦ
502 2091 635 2146 Υἱοῦ
669 2095 730 2149 τὸ
754 2096 978 2172 Πνεῦμα
1000 2103 1060 2155 τὸ
1094 2102 1269 2173 ἅγιον.

450 2195 541 2253 27.
587 2198 842 2258 Sed~non
879 2204 1199 2276 praeﬁgitur,
1234 2207 1493 2280 inquiunt
1521 2213 1614 2285 qui
1648 2214 1953 2286 oppositam

2132 2215 2238 2283 κζ’.
2279 2218 2422 2272 Ἀλλ’
2474 2218 2535 2272 οὑ
2573 2222 2770 2283 κεῖται,
2810 2221 2974 2291 φασιν
3013 2224 3066 2278 oi
3124 2223 3223 2295 τῆς
3260 2226 3643 2296 ἀντικειμένης

377 2298 967 2375 partemlsequuntur,
1019 2297 1074 2351 in
1132 2301 1416 2356 nonnullis
1463 2303 1842 2362 voluminibus
1890 2320 1956 2359 ea:

378 2384 702 2452 praepositio
755 2385 918 2453 Filio,
971 2400 1370 2463 proptereaque
1414 2392 1780 2452 differentiam
1832 2394 1956 2453 Filii

376 2485 433 2530 et
469 2474 709 2545 Spiritus
761 2468 936 2535 sancti
986 2496 1106 2538 eam
1160 2484 1366 2543 dixisse
1413 2486 1653 2544 fatemur
1701 2490 1959 2546 divinilo-

379 2583 548 2637 quum
581 2567 930 2640 Gregorium,
966 2573 1112 2643 quod
1149 2572 1476 2647 Unigenitus
1523 2595 1586 2634 ex
1621 2578 1781 2636 Patre
1808 2580 1960 2636 essiv

380 2669 533 2715 stens
574 2675 683 2716 non
729 2672 817 2718 est
849 2672 945 2719 aut
980 2662 1091 2721 ullo
1140 2668 1307 2723 modo
1364 2669 1565 2726 dicitur
1612 2670 1867 2741 Spiritus,
1901 2682 1958 2727 ut

381 2753 471 2808 hic
503 2754 620 2825 ipse
654 2756 879 2825 sapiens
922 2757 1183 2829 magister
1210 2762 1539 2830 procedente
1586 2765 1839 2822 oratione
1872 2780 1960 2822 so-

385 2861 517 2903 nora
554 2862 689 2903 voce
722 2849 945 2905 instruit
969 2860 1024 2907 et
1057 2854 1327 2911 enuntiat.
1375 2856 1612 2927 Spiritus
1643 2874 1771 2915 vero
1798 2875 1958 2916 sanc-

386 2950 476 2994 tus
521 2949 574 2994 et
620 2939 739 3013 ipse
792 2941 1064 2999 exsistens
1113 2959 1180 3002 ex
1222 2945 1385 3005 Patre
1439 2949 1706 3006 astruitur
1744 2965 1964 3021 quoque
2004 2948 2005 2955 “

382 3030 506 3085 Filii
555 3046 677 3089 esse
726 3034 1031 3090 secundum
1083 3039 1425 3095 consortium
1480 3051 1534 3097 ct
1586 3044 1962 3101 testimonium

389 3125 536 3193 quod
572 3125 750 3194 atiert,
799 3136 852 3184 et
899 3130 1249 3187 continenter
1302 3133 1431 3191 huic
1463 3137 1609 3193 dicto
1649 3138 1962 3209 apponitur,

385 3221 671 3295 sententite
716 3220 1086 3292 adaptamus.
1145 3228 1366 3295 quando
1422 3229 1536 3299 ipse
1596 3230 1700 3287 hac
1751 3233 1965 3287 ratione

386 3312 813 3370 subintulit:Si
859 3317 977 3386 quis
1049 3320 1187 3373 enim
1260 3317 1519 3390 Spiritum
1582 3320 1782 3377 Christi
1844 3337 1965 3376 non

386 3404 562 3474 habet,
597 3407 791 3477 inquit,
823 3409 906 3462 In'c
936 3426 1038 3466 non
1069 3422 1146 3465 est
1173 3413 1309 3482 ejus.
1345 3433 1363 3465 ι
1397 3410 1610 3469 Pariter
1648 3407 1966 3471 insistentes

388 3500 507 3554 suis
569 3499 960 3570 voluminibus,
1017 3505 1110 3574 qui
1173 3505 1586 3561 contradicendi
1643 3506 1823 3565 studio
1873 3522 1966 3578 ge-

2059 2304 2191 2375 ήμῖν
2227 2307 2467 2378 μερίδος,
2498 2306 2556 2364 ῐν
2593 2326 2706 2364 τισι
2733 2311 2936 2382 βίϐλοις
2962 2314 2999 2382 ἡ
3024 2313 3094 2368 ἐκ
3126 2314 3388 2386 πρόθεσις
3435 2316 3535 2369 ἐπὶ
3561 2315 3648 2370 τοῦ

2060 2397 2214 2463 Υίοῦ,
2252 2399 2342 2455 διὰ
2390 2401 2552 2456 τοῦτο
2599 2404 2692 2458 καὶ
2758 2404 3027 2477 διαφορὰν
3073 2407 3166 2461 τοῦ
3217 2408 3350 2462 Υισῦ
3405 2411 3513 2464 καὶ
3555 2409 3644 2463 τοῦ

2059 2488 2377 2559 Πνεύματος
2400 2494 2606 2567 ταύτην
2634 2495 2866 2566 λέγομεν
2887 2499 3065 2553 εἰπεῖν
3087 2499 3182 2553 τὸν
3201 2499 3464 2572 θεηγόρον
3492 2502 3641 2573 Γρηο
3733 2509 3744 2521 '

2059 2581 2262 2653 γόριον.
2311 2581 2400 2650 Ὠς
2440 2585 2469 2636 6
2498 2586 2684 2654 μέντοι
2748 2588 3066 2660 Μονογενὴς
3110 2590 3377 2661 ὑπάρχων
3435 2593 3505 2645 ὲκ
3561 2592 3650 2648 τοῦ

2061 2672 2275 2743 Πατρδς
2326 2674 2426 2729 οὐκ
2482 2674 2668 2745 ἔστιν,
2725 2679 2847 2732 οὐδὲ
2901 2679 3123 2747 λέγεται
3181 2681 3364 2745 ποσῶς
3397 2684 3493 2736 καὶ
3558 2682 3650 2736 τοῦ

2064 2765 2402 2837 Πηλεύματος,
2445 2767 2629 2834 καθὼς
2660 2766 2817 2832 οὗτος
2848 2774 2876 2823 6
2914 2772 3076 2841 σοφὸς
3100 2772 3427 2840 διδάσκαλος
3463 2792 3655 2846 παραυ

2063 2856 2267 2912 κατιὼν
2295 2859 2566 2931 διατράνῳ
2590 2863 2817 2932 στόματι
2849 2866 3203 2934 μυσταγωγεῖ
3246 2866 3342 2918 καὶ
3405 2866 3651 2933 διέξεισι.

2064 2952 2139 3005 T6
2162 2951 2218 3005 δὲ
2237 2952 2389 3022 ἅγιον
2415 2954 2639 3026 Πνεῦμα
2657 2956 2752 3009 καὶ
2771 2956 2904 3011 αὐτὸ
2925 2958 3193 3029 τυγχάνον
3214 2960 3279 3012 ὲκ
3294 2959 3388 3012 τοῦ
3413 2960 3652 3030 Πατρός.

2068 3048 2574 3118 προσμαρτυρεῖται
2631 3047 2765 3119 γοῦν
2832 3046 2975 3104 εἶναι
3028 3051 3123 3104 καὶ
3187 3051 3282 3104 τοῦ
3342 3051 3472 3105 Υἱοῦ
3531 3052 3652 3105 κατ’

2065 3136 2340 3193 οἰκείωσιν
2377 3153 2393 3169 -
2427 3137 2524 3190 καὶ
2557 3137 2656 3209 τὴν
2688 3139 2998 3210 μαρτυρίαν
3038 3140 3107 3211 ἦν
3141 3142 3421 3212 ἐπιφέρων
3466 3142 3654 3211 τίθησι

2069 3228 2310 3299 συνεχῶς
2368 3229 2546 3300 τούτῳ
2594 3229 2671 3300 τῷ
2705 3232 2854 3303 ρητῷ
2909 3234 3054 3289 κατὰ
3073 3233 3168 3287 τὸν
3228 3233 3471 3287 τοιοῦτον
3529 3233 3655 3285 νοῦν

2069 3317 2544 3389 προσαρμόζομεν.
2584 3320 2910 3392 Ἐπειδήπερ
2935 3323 3099 3386 αὐτὸς
3120 3321 3296 3387 οὕτως
3319 3325 3649 3395 ἐπήνεγκεν·

2068 3411 2138 3471 Et
2179 3408 2289 3480 γάρ
2350 3428 2440 3476 τις
2495 3412 2737 3482 Πνεῦμα
2791 3414 3052 3481 Χριστοῦ
3099 3416 3212 3470 οὐκ
3256 3415 3404 3483 ἔχει,
3458 3419 3645 3484 φησὶν,

2069 3497 2251 3569 οὗτος
2300 3504 2412 3557 οὐκ
2467 3504 2643 3559 ἔστιν
2715 3506 2928 3563 αὑτοῦ.
2991 3507 3161 3562 Πάλιν
3243 3507 3649 3578 ὲπερειδᾴμενοι

387 3591 582 3657 stiuut,
626 3604 789 3662 atque
847 3595 1114 3649 continuo
1167 3595 1491 3661 incitantur,
1543 3597 1611 3652 ad
1667 3597 1964 3654 testimonii

2072 3598 2195 3658 ταῖς
2219 3567 2429 3650 ἑαυτῶν
2469 3596 2671 3667 βίσλοις
2712 3601 2762 3652 οἱ
2796 3600 2926 3669 περὶ
2951 3599 3047 3669 τὴν
3094 3567 3420 3671 ἀντίρρησιν
3446 3567 3648 3669 (πτοη-

385 3684 810 3751 expositionem,
848 3687 925 3741 uti
959 3685 1027 3741 ad
1063 3688 1296 3743 validam
1329 3704 1696 3761 magnamque
1722 3690 1805 3746 sui
1833 3706 1965 3761 pro-

388 3775 550 3847 positi
602 3778 981 3834 defensionem
1030 3781 1378 3853 confugiunt,
1429 3792 1482 3837 ct
1539 3792 1728 3854 aperte
1784 3785 1967 3855 ntagni

390 3869 578 3925 Basilii
621 3872 957 3943 expositioni
989 3887 1151 3931 aures
1192 3875 1472 3945 sapienter
1504 3876 1728 3930 minime
1760 3876 1970 3946 patefa-

390 3964 545 4019 ciunt
589 3979 750 4034 quam
787 3964 1009 4023 divinus
1041 3966 1301 4039 Cyrillus,
1354 3977 1414 4024 ut
1462 3984 1573 4025 non
1631 3971 1803 4027 multo
1841 3982 1969 4028 ante

390 4054 915 4120 demonstravimus,
969 4058 1036 4111 ab
1087 4073 1148 4113 ea
1192 4075 1307 4114 mn
1358 4058 1698 4115 dissentiens
1746 4071 1971 4116 secutus

394 4155 499 4211 cst,
532 4149 780 4216 quinimo
835 4149 902 4203 ad
945 4165 1103 4204 suam
1137 4150 1451 4221 opinionem
1481 4150 1864 4205 stabiliendum
1900 4167 1965 4207 ex

394 4242 637 4319 propriis
669 4242 964 4300 discrimen
1000 4244 1409 4314 cxcogitarnnt.
1445 4243 1519 4301 Ut
1546 4258 1675 4301 vero
1705 4259 1849 4300 nunc
1881 4260 1968 4299 re-

394 4335 760 4405 spondeamus
811 4337 876 4391 ad
924 4337 1105 4407 ipsum
1154 4336 1476 4403 discrimen,
1536 4336 1605 4392 de
1654 4337 1972 4394 testimonio

393 4428 665 4498 siquidem
701 4428 916 4483 abunde
942 4431 1079 4484 satis
1106 4428 1232 4494 illis,
1263 4429 1356 4499 qui
1397 4444 1517 4484 sese
1551 4438 1788 4485 attentos
1824 4446 1969 4501 pra:-

394 4521 550 4583 bt‘lll,
611 4536 774 4591 supra
835 4519 1244 4591 reapondimus,
1306 4536 1468 4590 quam
1526 4520 1597 4575 oh
1655 4535 1878 4574 causam
1925 4519 1970 4575 si

400 4612 561 4666 beato
611 4612 821 4667 doctori
874 4612 940 4668 de
990 4613 1220 4669 relativo
1247 4614 1567 4668 diser-imine
1613 4627 1795 4667 sermo
1830 4622 1969 4677 erat,

394 4703 545 4758 mullo
608 4705 770 4759 modo
826 4706 987 4759 ullam
1045 4705 1421 4761 exsistentiam
1478 4713 1836 4770 connotante,
1893 4713 1955 4759 ut

396 4798 696 4854 adversarii
729 4800 1176 4869 interpretantur,
1223 4815 1332 4856 non
1366 4808 1420 4857 et
1450 4813 1481 4853 a
1510 4798 1668 4852 Patre
1702 4796 1969 4868 Spiritum

2075 3687 2227 3754 μένοι
2256 3687 2520 3758 διηνεκῶς
2550 3688 2766 3760 ὲπὶτὴν
2795 3688 3014 3743 ἔκθεσιν
3064 3688 3166 3758 τῆς
3217 3689 3525 3759 μαρτυρίας
3577 3688 3650 3749 ὡς

2070 3781 2152 3843 εἰς
2176 3779 2463 3850 ἁντίληψ.ν
2504 3781 2732 3854 ἰσχυρὰν
2760 3782 2854 3835 καὶ
2901 3780 3146 3852 μεγάλην
3194 3781 3320 3834 τινὰ
3374 3780 3649 3849 καταφεύ·

2072 3888 2253 3939 γουσι,
2284 3875 2423 3943 μήτε
2451 3874 2518 3943 τῇ
2555 3875 2828 3943 προφανεῖ
2855 3872 3059 3945 ταύτης
3116 3875 3259 3927 κατὰ
3297 3872 3386 3925 τὸν
3452 3872 3649 3925 σεπτὸν

2073 3963 2354 4018 Βασίλε.ον
2404 3964 2673 4036 ἑρμηνείᾳ
2705 3965 2885 4034 σοφῶς
2922 3965 3253 4037 ὑποσχόντες
3309 3966 3407 4030 τὰς
3461 3965 3646 4026 ἀκοάς.

2072 4051 2213 4130 ᾗτινι
2243 4057 2335 4109 καὶ
2369 4057 2397 4108 6
2428 4056 2569 4122 θεῖος
2608 4056 2895 4129 Κύριλλος,
2920 4057 3108 4124 καθὼς
3162 4056 3399 4128 ἐγγύθεν
3439 4057 3653 4113 ἀπεδεί-

2076 4147 2267 4217 ξαμεν,
2294 4146 2473 4211 καλῶς
2509 4149 2803 4219 στοιχήσας
2846 4149 3281 4219 ἐπηκολούθησε,
3321 4149 3418 4204 καὶ
3468 4150 3653 4219 μέντοι

2075 4240 2210 4311 πρὸς
2236 4241 2496 4294 σύστασιν
2529 4241 2631 4311 τῆς
2679 4242 2839 4313 δόξης
2879 4242 3062 4296 αὐτῶν
3110 4242 3328 4297 οἴκοθεν
3385 4241 3653 4311 διαφορὰν

2072 4333 2447 4403 ὲννοήσαντες.
2491 4332 2579 4397 Ὠς
2610 4333 2677 4388 ἂν
2721 4333 2779 4386 δὲ
2833 4333 2934 4405 τὴν
2986 4333 3292 4405 ἀπάντησιν
3355 4334 3434 4397 είς
3487 4333 3655 4400 αὐτὴν

2074 4427 2281 4498 ἀρτίως
2335 4425 2697 4497 ποιησώμεθα
2753 4425 2853 4498 τὴν
2893 4428 3179 4496 διαςορὰν,
3239 4430 3370 4496 περὶ
3411 4428 3521 4495 γὰρ
3558 4428 3655 4494 τῆς

2082 4516 2389 4587 μαρτυρίας
2423 4517 2626 4580 ἱκανῶς
2649 4519 2760 4582 τοῖς
2799 4519 3131 4588 προσέχουσι
3159 4519 3290 4588 πρὶν
3330 4517 3654 4585 ἀπολελογή-

2077 4610 2237 4679 μεθα,
2269 4610 2415 4672 τίνος
2436 4609 2645 4673 ἕνεκεν,
2672 4612 2720 4663 εἰ
2753 4611 2847 4662 καὶ
2881 4612 3010 4681 περὶ
3037 4611 3298 4681 σχετικῆς
3327 4611 3355 4662 6
3403 4611 3557 4678 λόγος
3587 4625 3653 4677 ην

2073 4701 2150 4772 τῷ
2185 4702 2439 4770 μακαρίῳ
2466 4701 2749 4773 διαφορᾶς,
2772 4702 2967 4756 οὐκοῦν
2998 4702 3345 4756 οὑδοπωσοῦν
3391 4701 3653 4772 δηλούσης

2077 4794 2309 4864 ὓπαρξιν
2340 4795 2481 4849 κατὰ
2536 4795 2637 4864 τὴν
2693 4796 2801 4849 τῶν
2850 4795 3186 4850 ὑπεναντίων
3243 4796 3546 4866 ὑφήγησινι
3580 4796 3652 4864 μὴ

398 4899 653 4945 sanctum
712 4891 985 4946 exsistere
1039 4902 1198 4947 antea
1249 4892 1406 4957 dixit,
1456 4890 1587 4944 dum
1635 4904 1758 4945 cum
1812 4888 1964 4945 Patre

2078 4889 2170 4941 καὶ
2207 4886 2301 4940 τοῦ
2335 4886 2545 4957 Πατρὺς
2584 4888 2646 4943 τὸ
2694 4886 2919 4958 Πνεῦμα
2968 4888 3028 4941 τὸ
3066 4889 3225 4956 ἅγιον
3265 4888 3525 4959 ὑπάρχειν
3576 4887 3653 4949 εἶτ

399 4982 600 5037 Filium
637 4992 693 5038 ct
732 4982 997 5055 Spiritum
1044 4993 1295 5040 sanctum
1324 4984 1735 5047 considerabat,
1769 4981 1862 5037 sed
1909 4995 1973 5035 ex

398 5076 560 5135 Patre
610 5078 762 5135 illutn
810 5093 935 5134 esse
992 5076 1158 5144 dixit,
1205 5077 1352 5146 Quod
1408 5079 1639 5147 prorSus'
1676 5074 1973 5130 discrimen

399 5172 780 5229 exsistentiam
810 5172 1095 5241 importat.
1132 5168 1320 5238 Neque
1347 5170 1490 5223 enim
1518 5169 1815 5239 quispiam,
1850 5166 1978 5222 licet

400 5264 630 5323 audacia
668 5278 843 5332 eaque
893 5260 1139 5332 proiecta
1196 5262 1455 5326 emineat,
1486 5258 1708 5324 ditcrit,
1750 5272 1877 5311 cum
1921 5267 1976 5310 et

403 5358 564 5412 Pater
596 5357 669 5412 sit
710 5355 1036 5422 dicaturque
1089 5352 1346 5422 Spiritus,
1382 5351 1516 5407 sitis
1568 5350 1739 5404 fuisse
1777 5363 1975 5418 magno

404 5448 872 5519 comprehendere
924 5445 997 5500 ibi
1041 5445 1216 5501 solum
1267 5442 1604 5500 exsistentiae
1653 5442 1976 5504 discrimen,

401 5542 551 5613 quod
592 5540 829 5597 fortasse
863 5553 970 5593 non
1002 5539 1173 5609 probe
1206 5537 1473 5603 dicerent,
1503 5536 1595 5602 qui
1632 5535 1685 5588 in
1717 5534 1975 5588 onmibus

404 5635 567 5691 nobis
593 5633 980 5690 contradicere
1015 5632 1255 5702 denique
1283 5630 1496 5684 animos
1533 5628 1842 5682 intendunt.
1876 5628 1978 5682 ilic

404 5742 537 5782 vero
573 5726 721 5796 quod
757 5706 966 5780 nullum
1001 5724 1226 5779 haberet
1259 5721 1561 5777 secundum
1597 5717 1975 5774 exsistentiam

404 5816 728 5882 discrimen,
783 5816 926 5888 quod
989 5802 1287 5871 secundum
1348 5809 1668 5866 relationem
1723 5818 1829 5873 est,
1883 5824 1973 5863 as-

412 5910 668 5968 sumpsit.
703 5910 795 5962 Vel
828 5911 947 5968 hoc.
1009 5908 1169 5960 veluti
1205 5905 1385 5966 potius
1420 5913 1474 5959 et
1506 5901 1675 5966 magis
1746 5901 1981 5957 honora-

1454 5996 1467 6019 Ι

2081 4996 2218 5051 ρηκε
2276 4976 2587 5050 προλαϐὼν,
2610 4979 2697 5031 ὅτε
2724 4972 2865 5051 μετὰ
2897 4980 2994 5034 τοῦ
3031 4981 3246 5050 Πατρδς
3308 4981 3531 5033 ἐσκόπει
3562 4979 3653 5031 τὸν

2079 5074 2207 5127 Υίὸν
2240 5071 2419 5125 καὶτὸ
2449 5070 2674 5141 Πνεῦμα
2708 5075 2766 5125 τὸ
2811 5073 2987 5141 ἅγιον,
3049 5074 3169 5127 ἀλλ’
3230 5074 3298 5128 ἐκ
3313 5072 3407 5125 τοῦ
3447 5072 3651 5139 Ιιατρδς

2079 5164 2248 5235 ἔφησε
2274 5161 2432 5216 τοῦτο
2459 5162 2655 5229 τελεῖν,
2693 5165 2722 5218 ὃ
2755 5165 2971 5227 πάντως
2995 5167 3089 5221 καὶ
3136 5164 3375 5235 διαφορὰ
3405 5164 3650 5234 τυγχάνει

2081 5258 2202 5311 καθ’
2229 5257 2504 5330 ὑπαρξιν;
2543 5260 2616 5312 Οὑ
2660 5268 2768 5329 γαρ
2808 5258 2871 5329 δὴ
2915 5257 3026 5311 τῶν
3071 5258 3214 5325 ἄγαν
3249 5255 3530 5326 τολμηρῶν
3564 5258 3653 5307 καὶ

2082 5349 2326 5420 θρασέων
2354 5351 2490 5423 φαίη
2520 5367 2605 5414 τις
2636 5348 2722 5412 ἂν,
2768 5351 2872 5413 ὅτι,
2898 5350 3021 5403 ἐπεὶ
3059 5351 3153 5403 καὶ
3198 5349 3225 5401 ὁ
3255 5349 3441 5419 Πατὴρ
3464 5347 3574 5400 ἐστι
3595 5361 3654 5398 τε

2086 5442 2180 5495 καὶ
2213 5441 2461 5495 καλεῖται
2504 5441 2597 5494 τοῦ
2653 5441 2993 5511 Πνεύματος,
3042 5440 3203 5512 ἤρκει
3239 5439 3507 5493 διαλαϐεῖν
3562 5440 3651 5491 τὸν

2087 5535 2262 5603 μέγαν
2282 5537 2395 5590 ἐκεῖ
2422 5534 2522 5606 τὴν
2547 5535 2670 5589 καθ’
2701 5532 2937 5606 ὕπαρξιν
2971 5536 3138 5605 μόνην
3170 5533 3452 5604 διαφορὰν,
3493 5533 3520 5585 ὃ
3576 5533 3650 5601 μὶ)

2088 5625 2305 5690 πάντως
2339 5626 2546 5680 εἴποιεν
2578 5625 2640 5679 ἂν
2680 5628 2812 5688 ἴσως
2835 5627 2885 5679 οἱ
2930 5626 2988 5679 τὸ
3033 5626 3140 5678 πᾶν
3184 5625 3480 5692 ἀντιλέγειν
3518 5624 3651 5691 πρὸ,

2089 5717 2237 5786 ἡμᾶς
2270 5717 2528 5786 καθάπαξ
2579 5717 2972 5781 σπουδάζοντες
3023 5716 3225 5779 καλῶς.
3287 5713 3537 5769 Ἐνταῦθα
3596 5711 3653 5763 δὲ

2086 5807 2174 5860 διὰ
2205 5812 2265 5860 τὸ
2294 5806 2371 5879 μὴ
2399 5809 2518 5861 καθ’
2550 5807 2784 5879 ὓπαρξιν
2834 5808 3101 5878 μηδαμῶς
3156 5808 3325 5879 ἔχειν,
3386 5802 3648 5872 παρέλαθε-

2086 5903 2185 5964 τὴν
2218 5901 2357 5954 κατὰ
2384 5899 2567 5960 σχέσιν
2597 5902 2884 5957 διαφοοὰν.
2917 5900 2948 5956 ἦ
2994 5901 3195 5956 ταύτην
3246 5899 3321 5953 ὡς
3380 5896 3649 5960 κρείττονα
