  <div class='ocr_page' id='page_1' title='image "/cluster/home/n/w/nwhite01/storage/ocr_20150623/141/hvd.32044019208313/612.png"; bbox 0 0 3882 6566; ppageno 0'>
   <div class='ocr_carea' id='block_1_1' title="bbox 195 448 315 513">
    <p class='ocr_par' dir='ltr' id='par_1_1' title="bbox 195 448 315 513">
     <span class='ocr_line' id='line_1_1' title="bbox 195 448 315 513; baseline -0.017 0"><span class='ocrx_word' id='word_1_1' title='bbox 195 448 315 513; x_wconf 75' lang='lat'><strong>1209</strong></span> 
     </span>
    </p>
   </div>
   <div class='ocr_carea' id='block_1_2' title="bbox 1009 444 2554 516">
    <p class='ocr_par' dir='ltr' id='par_1_2' title="bbox 1009 444 2554 516">
     <span class='ocr_line' id='line_1_2' title="bbox 1009 444 2554 516; baseline 0.005 -9"><span class='ocrx_word' id='word_1_2' title='bbox 1009 446 1109 508; x_wconf 89' lang='lat' dir='ltr'><strong>DE</strong></span> <span class='ocrx_word' id='word_1_3' title='bbox 1148 444 1667 509; x_wconf 80' lang='lat' dir='ltr'><strong>PROCESSIONE</strong></span> <span class='ocrx_word' id='word_1_4' title='bbox 1706 447 1767 508; x_wconf 89' lang='lat' dir='ltr'><strong>S.</strong></span> <span class='ocrx_word' id='word_1_5' title='bbox 1805 447 2166 513; x_wconf 59' lang='lat' dir='ltr'><strong>SPI‘RITUS</strong></span> <span class='ocrx_word' id='word_1_6' title='bbox 2205 451 2428 515; x_wconf 82' lang='lat' dir='ltr'><strong>OBAT.</strong></span> <span class='ocrx_word' id='word_1_7' title='bbox 2465 454 2554 516; x_wconf 90' lang='grc' dir='ltr'><strong>ΙΙ.</strong></span> 
     </span>
    </p>
   </div>
   <div class='ocr_carea' id='block_1_3' title="bbox 3274 452 3413 520">
    <p class='ocr_par' dir='ltr' id='par_1_3' title="bbox 3274 452 3413 520">
     <span class='ocr_line' id='line_1_3' title="bbox 3274 452 3413 520; baseline 0.014 -2"><span class='ocrx_word' id='word_1_8' title='bbox 3274 452 3413 520; x_wconf 72' lang='grc'><strong>1210</strong></span> 
     </span>
    </p>
   </div>
   <div class='ocr_carea' id='block_1_4' title="bbox 191 551 1758 639">
    <p class='ocr_par' dir='ltr' id='par_1_4' title="bbox 191 551 1734 634">
     <span class='ocr_line' id='line_1_4' title="bbox 191 551 1734 634; baseline -0.002 -18"><span class='ocrx_word' id='word_1_9' title='bbox 191 563 272 616; x_wconf 76' lang='grc' dir='ltr'><strong>και</strong></span> <span class='ocrx_word' id='word_1_10' title='bbox 299 551 618 625; x_wconf 76' lang='grc' dir='ltr'><strong>τελεωτέραν</strong></span> <span class='ocrx_word' id='word_1_11' title='bbox 651 559 1155 631; x_wconf 61' lang='grc' dir='ltr'>πῳτιμησάμενος,</span> <span class='ocrx_word' id='word_1_12' title='bbox 1181 563 1257 625; x_wconf 78' lang='grc' dir='ltr'><strong>ὡς</strong></span> <span class='ocrx_word' id='word_1_13' title='bbox 1280 562 1547 634; x_wconf 80' lang='grc' dir='ltr'>περιττὴν</span> <span class='ocrx_word' id='word_1_14' title='bbox 1588 561 1734 616; x_wconf 66' lang='grc' dir='ltr'>ἔκεισ-</span> 
     </span>
    </p>
   </div>
   <div class='ocr_carea' id='block_1_5' title="bbox 1846 551 3413 639">
    <p class='ocr_par' dir='ltr' id='par_1_5' title="bbox 1846 563 3413 639">
     <span class='ocr_line' id='line_1_5' title="bbox 1846 563 3413 639; baseline 0.007 -21"><span class='ocrx_word' id='word_1_15' title='bbox 1846 563 1946 619; x_wconf 89' lang='lat' dir='ltr'><strong>bile</strong></span> <span class='ocrx_word' id='word_1_16' title='bbox 2009 565 2347 633; x_wconf 70' lang='lat' dir='ltr'><strong>praeferens,</strong></span> <span class='ocrx_word' id='word_1_17' title='bbox 2413 577 2678 638; x_wconf 89' lang='lat' dir='ltr'><strong>tanquam</strong></span> <span class='ocrx_word' id='word_1_18' title='bbox 2746 582 3216 639; x_wconf 76' lang='lat' dir='ltr'><strong>supervacaneum</strong></span> <span class='ocrx_word' id='word_1_19' title='bbox 3280 570 3413 629; x_wconf 90' lang='lat' dir='ltr'><strong>illud</strong></span> 
     </span>
    </p>
   </div>
   <div class='ocr_carea' id='block_1_6' title="bbox 188 648 1732 723">
    <p class='ocr_par' dir='ltr' id='par_1_6' title="bbox 188 648 1732 723">
     <span class='ocr_line' id='line_1_6' title="bbox 188 648 1732 723; baseline 0.003 -18"><span class='ocrx_word' id='word_1_20' title='bbox 188 668 273 721; x_wconf 73' lang='grc' dir='ltr'><strong>νην</strong></span> <span class='ocrx_word' id='word_1_21' title='bbox 299 648 624 718; x_wconf 78' lang='grc' dir='ltr'>παρέδραμε.</span> <span class='ocrx_word' id='word_1_22' title='bbox 654 649 759 705; x_wconf 72' lang='grc' dir='ltr'><strong>Καὶ</strong></span> <span class='ocrx_word' id='word_1_23' title='bbox 795 653 902 723; x_wconf 79' lang='grc' dir='ltr'>μὴν</span> <span class='ocrx_word' id='word_1_24' title='bbox 946 653 1108 722; x_wconf 82' lang='grc' dir='ltr'>δῆλον</span> <span class='ocrx_word' id='word_1_25' title='bbox 1125 656 1237 718; x_wconf 77' lang='grc' dir='ltr'>τοῖς</span> <span class='ocrx_word' id='word_1_26' title='bbox 1280 654 1732 723; x_wconf 79' lang='grc' dir='ltr'><strong>διαγινώσκουσιν</strong></span> 
     </span>
    </p>
   </div>
   <div class='ocr_carea' id='block_1_7' title="bbox 184 741 1729 817">
    <p class='ocr_par' dir='ltr' id='par_1_7' title="bbox 184 741 1729 817">
     <span class='ocr_line' id='line_1_7' title="bbox 184 741 1729 817; baseline 0 -19"><span class='ocrx_word' id='word_1_27' title='bbox 184 741 429 803; x_wconf 74' lang='grc' dir='ltr'>ὁπωσοῦν,</span> <span class='ocrx_word' id='word_1_28' title='bbox 466 741 538 809; x_wconf 85' lang='grc' dir='ltr'><strong>μή</strong></span> <span class='ocrx_word' id='word_1_29' title='bbox 554 741 639 794; x_wconf 90' lang='grc' dir='ltr'><strong>τοί</strong></span> <span class='ocrx_word' id='word_1_30' title='bbox 659 759 721 811; x_wconf 87' lang='grc' dir='ltr'><strong>γε</strong></span> <span class='ocrx_word' id='word_1_31' title='bbox 743 743 923 814; x_wconf 83' lang='grc' dir='ltr'>μόνοις</span> <span class='ocrx_word' id='word_1_32' title='bbox 951 746 1064 810; x_wconf 72' lang='grc' dir='ltr'>τοῖς</span> <span class='ocrx_word' id='word_1_33' title='bbox 1095 745 1318 815; x_wconf 72' lang='grc' dir='ltr'>ὑψηλοῖς</span> <span class='ocrx_word' id='word_1_34' title='bbox 1345 747 1442 817; x_wconf 78' lang='grc' dir='ltr'><strong>τήν</strong></span> <span class='ocrx_word' id='word_1_35' title='bbox 1471 746 1729 813; x_wconf 77' lang='grc' dir='ltr'>διάνοιαν,</span> 
     </span>
    </p>
   </div>
   <div class='ocr_carea' id='block_1_8' title="bbox 182 829 1735 907">
    <p class='ocr_par' dir='ltr' id='par_1_8' title="bbox 182 829 1735 907">
     <span class='ocr_line' id='line_1_8' title="bbox 182 829 1735 907; baseline 0.003 -23"><span class='ocrx_word' id='word_1_36' title='bbox 182 834 248 897; x_wconf 83' lang='grc' dir='ltr'>ὡς</span> <span class='ocrx_word' id='word_1_37' title='bbox 276 832 323 885; x_wconf 83' lang='grc' dir='ltr'><strong>εί</strong></span> <span class='ocrx_word' id='word_1_38' title='bbox 341 830 412 900; x_wconf 80' lang='grc' dir='ltr'>μὴ</span> <span class='ocrx_word' id='word_1_39' title='bbox 445 829 674 905; x_wconf 84' lang='grc' dir='ltr'>διαφορὰ</span> <span class='ocrx_word' id='word_1_40' title='bbox 702 836 806 888; x_wconf 83' lang='grc' dir='ltr'>κάν</span> <span class='ocrx_word' id='word_1_41' title='bbox 820 834 1051 901; x_wconf 79' lang='grc' dir='ltr'><strong>τούτοις,</strong></span> <span class='ocrx_word' id='word_1_42' title='bbox 1079 836 1157 907; x_wconf 83' lang='grc' dir='ltr'>τῷ</span> <span class='ocrx_word' id='word_1_43' title='bbox 1189 834 1325 907; x_wconf 84' lang='grc' dir='ltr'><strong>Υἱῷ,</strong></span> <span class='ocrx_word' id='word_1_44' title='bbox 1344 837 1508 906; x_wconf 83' lang='grc' dir='ltr'>λέγω,</span> <span class='ocrx_word' id='word_1_45' title='bbox 1543 836 1636 891; x_wconf 77' lang='grc' dir='ltr'>καὶ</span> <span class='ocrx_word' id='word_1_46' title='bbox 1656 835 1735 907; x_wconf 81' lang='grc' dir='ltr'>τῷ</span> 
     </span>
    </p>
   </div>
   <div class='ocr_carea' id='block_1_9' title="bbox 185 923 1737 1001">
    <p class='ocr_par' dir='ltr' id='par_1_9' title="bbox 185 923 1737 1001">
     <span class='ocr_line' id='line_1_9' title="bbox 185 923 1737 1001; baseline 0.002 -21"><span class='ocrx_word' id='word_1_47' title='bbox 185 925 436 994; x_wconf 84' lang='grc' dir='ltr'>Πνεύματι</span> <span class='ocrx_word' id='word_1_48' title='bbox 471 923 547 994; x_wconf 81' lang='grc' dir='ltr'><strong>τῷ</strong></span> <span class='ocrx_word' id='word_1_49' title='bbox 577 928 848 997; x_wconf 77' lang='grc' dir='ltr'>πιναγίῳ,</span> <span class='ocrx_word' id='word_1_50' title='bbox 879 928 1003 983; x_wconf 83' lang='grc' dir='ltr'>καθ’</span> <span class='ocrx_word' id='word_1_51' title='bbox 1030 928 1264 998; x_wconf 80' lang='grc' dir='ltr'>ὓπαρξίν</span> <span class='ocrx_word' id='word_1_52' title='bbox 1290 930 1405 984; x_wconf 80' lang='grc' dir='ltr'>ἐστί</span> <span class='ocrx_word' id='word_1_53' title='bbox 1430 947 1532 997; x_wconf 85' lang='grc' dir='ltr'>τις,</span> <span class='ocrx_word' id='word_1_54' title='bbox 1569 929 1737 1001; x_wconf 81' lang='grc' dir='ltr'>ἀλλή-</span> 
     </span>
    </p>
   </div>
   <div class='ocr_carea' id='block_1_10' title="bbox 160 1017 1735 1093">
    <p class='ocr_par' dir='ltr' id='par_1_10' title="bbox 160 1017 1735 1093">
     <span class='ocr_line' id='line_1_10' title="bbox 160 1017 1735 1093; baseline 0.004 -24"><span class='ocrx_word' id='word_1_55' title='bbox 160 1018 277 1070; x_wconf 85' lang='grc' dir='ltr'>’λων</span> <span class='ocrx_word' id='word_1_56' title='bbox 300 1017 357 1069; x_wconf 82' lang='grc' dir='ltr'>οὐ</span> <span class='ocrx_word' id='word_1_57' title='bbox 388 1017 733 1089; x_wconf 76' lang='grc' dir='ltr'><strong>διαφέρουσιν</strong></span> <span class='ocrx_word' id='word_1_58' title='bbox 756 1019 972 1091; x_wconf 81' lang='grc' dir='ltr'>ἀληθῶς</span> <span class='ocrx_word' id='word_1_59' title='bbox 1004 1024 1094 1076; x_wconf 60' lang='grc' dir='ltr'><strong>καλ</strong></span> <span class='ocrx_word' id='word_1_60' title='bbox 1122 1023 1345 1093; x_wconf 81' lang='grc' dir='ltr'>κυρίως,</span> <span class='ocrx_word' id='word_1_61' title='bbox 1379 1023 1474 1077; x_wconf 67' lang='grc' dir='ltr'><strong>καλ⁵</strong></span> <span class='ocrx_word' id='word_1_62' title='bbox 1529 1022 1735 1093; x_wconf 83' lang='grc' dir='ltr'>σύγχυ-</span> 
     </span>
    </p>
   </div>
   <div class='ocr_carea' id='block_1_11' title="bbox 181 1109 1733 1185">
    <p class='ocr_par' dir='ltr' id='par_1_11' title="bbox 181 1109 1733 1185">
     <span class='ocr_line' id='line_1_11' title="bbox 181 1109 1733 1185; baseline 0.003 -21"><span class='ocrx_word' id='word_1_63' title='bbox 181 1129 255 1174; x_wconf 84' lang='grc' dir='ltr'><strong>σις</strong></span> <span class='ocrx_word' id='word_1_64' title='bbox 285 1109 426 1162; x_wconf 68' lang='grc' dir='ltr'>ἔνθεν</span> <span class='ocrx_word' id='word_1_65' title='bbox 449 1113 557 1174; x_wconf 75' lang='grc' dir='ltr'>τοῖς</span> <span class='ocrx_word' id='word_1_66' title='bbox 590 1111 968 1178; x_wconf 77' lang='grc' dir='ltr'>δποττατικοῖς</span> <span class='ocrx_word' id='word_1_67' title='bbox 1000 1115 1282 1184; x_wconf 82' lang='grc' dir='ltr'>ίδιώμασιν</span> <span class='ocrx_word' id='word_1_68' title='bbox 1315 1130 1329 1147; x_wconf 77' lang='grc' dir='ltr'><strong>ο</strong></span> <span class='ocrx_word' id='word_1_69' title='bbox 1351 1115 1488 1185; x_wconf 83' lang='grc' dir='ltr'>ὅπερ</span> <span class='ocrx_word' id='word_1_70' title='bbox 1518 1116 1733 1169; x_wconf 82' lang='grc' dir='ltr'>ἀτοπώ-</span> 
     </span>
    </p>
   </div>
   <div class='ocr_carea' id='block_1_12' title="bbox 175 1196 1736 1277">
    <p class='ocr_par' dir='ltr' id='par_1_12' title="bbox 175 1196 1736 1277">
     <span class='ocr_line' id='line_1_12' title="bbox 175 1196 1736 1277; baseline 0.002 -19"><span class='ocrx_word' id='word_1_71' title='bbox 175 1218 321 1258; x_wconf 78' lang='grc' dir='ltr'>τατον</span> <span class='ocrx_word' id='word_1_72' title='bbox 346 1196 424 1271; x_wconf 74' lang='grc' dir='ltr'>τῷ</span> <span class='ocrx_word' id='word_1_73' title='bbox 451 1202 562 1255; x_wconf 77' lang='grc' dir='ltr'>δντι</span> <span class='ocrx_word' id='word_1_74' title='bbox 592 1202 755 1269; x_wconf 70' lang='grc' dir='ltr'>τελεῖ,</span> <span class='ocrx_word' id='word_1_75' title='bbox 784 1205 876 1257; x_wconf 72' lang='grc' dir='ltr'>καὶ</span> <span class='ocrx_word' id='word_1_76' title='bbox 919 1205 1021 1274; x_wconf 77' lang='grc' dir='ltr'>τῆς</span> <span class='ocrx_word' id='word_1_77' title='bbox 1054 1206 1336 1269; x_wconf 77' lang='grc' dir='ltr'>εὐσεϐείας</span> <span class='ocrx_word' id='word_1_78' title='bbox 1371 1206 1736 1277; x_wconf 83' lang='grc' dir='ltr'>ἀλλοτριώτα-</span> 
     </span>
    </p>
   </div>
   <div class='ocr_carea' id='block_1_13' title="bbox 175 1290 1737 1368">
    <p class='ocr_par' dir='ltr' id='par_1_13' title="bbox 175 1290 1737 1368">
     <span class='ocr_line' id='line_1_13' title="bbox 175 1290 1737 1368; baseline 0.002 -20"><span class='ocrx_word' id='word_1_79' title='bbox 175 1304 276 1348; x_wconf 83' lang='grc' dir='ltr'>τον.</span> <span class='ocrx_word' id='word_1_80' title='bbox 312 1290 467 1356; x_wconf 76' lang='grc' dir='ltr'>Αὖθις</span> <span class='ocrx_word' id='word_1_81' title='bbox 491 1292 548 1347; x_wconf 70' lang='grc' dir='ltr'>δὲ</span> <span class='ocrx_word' id='word_1_82' title='bbox 572 1294 673 1364; x_wconf 78' lang='grc' dir='ltr'>τὴν</span> <span class='ocrx_word' id='word_1_83' title='bbox 721 1296 840 1349; x_wconf 86' lang='grc' dir='ltr'>καθ’</span> <span class='ocrx_word' id='word_1_84' title='bbox 877 1296 1109 1368; x_wconf 76' lang='grc' dir='ltr'>ὓπαρξιν</span> <span class='ocrx_word' id='word_1_85' title='bbox 1138 1298 1472 1368; x_wconf 78' lang='grc' dir='ltr'>κεκτημένος</span> <span class='ocrx_word' id='word_1_86' title='bbox 1510 1300 1538 1351; x_wconf 87' lang='grc' dir='ltr'><strong>δ</strong></span> <span class='ocrx_word' id='word_1_87' title='bbox 1573 1297 1737 1366; x_wconf 74' lang='grc' dir='ltr'>σοφὸς</span> 
     </span>
    </p>
   </div>
   <div class='ocr_carea' id='block_1_14' title="bbox 174 1380 1730 1462">
    <p class='ocr_par' dir='ltr' id='par_1_14' title="bbox 174 1380 1730 1462">
     <span class='ocr_line' id='line_1_14' title="bbox 174 1380 1730 1462; baseline 0.003 -22"><span class='ocrx_word' id='word_1_88' title='bbox 174 1380 332 1449; x_wconf 75' lang='grc' dir='ltr'>οὗτος,</span> <span class='ocrx_word' id='word_1_89' title='bbox 350 1384 609 1456; x_wconf 70' lang='grc' dir='ltr'>διαφορὰν</span> <span class='ocrx_word' id='word_1_90' title='bbox 633 1387 824 1456; x_wconf 72' lang='grc' dir='ltr'>ἑτέραν</span> <span class='ocrx_word' id='word_1_91' title='bbox 857 1388 956 1441; x_wconf 82' lang='grc' dir='ltr'>οὐκ</span> <span class='ocrx_word' id='word_1_92' title='bbox 988 1389 1054 1442; x_wconf 78' lang='grc' dir='ltr'>ἄν</span> <span class='ocrx_word' id='word_1_93' title='bbox 1108 1404 1241 1443; x_wconf 88' lang='grc' dir='ltr'>ποτε</span> <span class='ocrx_word' id='word_1_94' title='bbox 1304 1390 1456 1461; x_wconf 78' lang='grc' dir='ltr'>παρὰ</span> <span class='ocrx_word' id='word_1_95' title='bbox 1507 1392 1730 1462; x_wconf 80' lang='grc' dir='ltr'>ταύτην,</span> 
     </span>
    </p>
   </div>
   <div class='ocr_carea' id='block_1_15' title="bbox 173 1471 1736 1555">
    <p class='ocr_par' dir='ltr' id='par_1_15' title="bbox 173 1471 1736 1555">
     <span class='ocr_line' id='line_1_15' title="bbox 173 1471 1736 1555; baseline 0.006 -28"><span class='ocrx_word' id='word_1_96' title='bbox 173 1478 240 1540; x_wconf 86' lang='grc' dir='ltr'>ὡς</span> <span class='ocrx_word' id='word_1_97' title='bbox 265 1471 405 1540; x_wconf 79' lang='grc' dir='ltr'>εἰκδς</span> <span class='ocrx_word' id='word_1_98' title='bbox 432 1517 447 1541; x_wconf 95' lang='grc'><strong>,</strong></span> <span class='ocrx_word' id='word_1_99' title='bbox 478 1477 663 1531; x_wconf 76' lang='grc' dir='ltr'>ἐνθάδε</span> <span class='ocrx_word' id='word_1_100' title='bbox 690 1480 1034 1551; x_wconf 80' lang='grc' dir='ltr'><strong>προέκρινεν,</strong></span> <span class='ocrx_word' id='word_1_101' title='bbox 1051 1481 1110 1534; x_wconf 83' lang='grc' dir='ltr'>οὐ</span> <span class='ocrx_word' id='word_1_102' title='bbox 1151 1482 1314 1552; x_wconf 83' lang='grc' dir='ltr'>μόνον</span> <span class='ocrx_word' id='word_1_103' title='bbox 1338 1482 1457 1535; x_wconf 78' lang='grc' dir='ltr'>ἀνθ’</span> <span class='ocrx_word' id='word_1_104' title='bbox 1490 1477 1565 1537; x_wconf 81' lang='grc' dir='ltr'>ὦν</span> <span class='ocrx_word' id='word_1_105' title='bbox 1594 1483 1736 1555; x_wconf 78' lang='grc' dir='ltr'>αὕτη</span> 
     </span>
    </p>
   </div>
   <div class='ocr_carea' id='block_1_16' title="bbox 174 1562 1736 1645">
    <p class='ocr_par' dir='ltr' id='par_1_16' title="bbox 174 1562 1736 1645">
     <span class='ocr_line' id='line_1_16' title="bbox 174 1562 1736 1645; baseline 0.004 -23"><span class='ocrx_word' id='word_1_106' title='bbox 174 1570 368 1638; x_wconf 79' lang='grc' dir='ltr'>πέφυκε</span> <span class='ocrx_word' id='word_1_107' title='bbox 431 1562 583 1640; x_wconf 71' lang='grc' dir='ltr'>μόνή</span> <span class='ocrx_word' id='word_1_108' title='bbox 623 1570 857 1641; x_wconf 75' lang='grc' dir='ltr'>διαφορὰ</span> <span class='ocrx_word' id='word_1_109' title='bbox 905 1572 1107 1642; x_wconf 79' lang='grc' dir='ltr'><strong>κυρίως</strong></span> <span class='ocrx_word' id='word_1_110' title='bbox 1145 1575 1236 1626; x_wconf 76' lang='grc' dir='ltr'><strong>καὶ</strong></span> <span class='ocrx_word' id='word_1_111' title='bbox 1293 1573 1528 1643; x_wconf 84' lang='grc' dir='ltr'>ἀληθῶς,</span> <span class='ocrx_word' id='word_1_112' title='bbox 1595 1574 1629 1645; x_wconf 82' lang='grc' dir='ltr'>ἡ</span> <span class='ocrx_word' id='word_1_113' title='bbox 1678 1575 1736 1629; x_wconf 85' lang='grc' dir='ltr'>δὲ</span> 
     </span>
    </p>
   </div>
   <div class='ocr_carea' id='block_1_17' title="bbox 173 1659 1737 1736">
    <p class='ocr_par' dir='ltr' id='par_1_17' title="bbox 173 1659 1737 1736">
     <span class='ocr_line' id='line_1_17' title="bbox 173 1659 1737 1736; baseline 0.002 -22"><span class='ocrx_word' id='word_1_114' title='bbox 173 1660 301 1714; x_wconf 82' lang='grc' dir='ltr'>κατὰ</span> <span class='ocrx_word' id='word_1_115' title='bbox 331 1659 510 1730; x_wconf 78' lang='grc' dir='ltr'>σχέσιν</span> <span class='ocrx_word' id='word_1_116' title='bbox 539 1661 727 1715; x_wconf 77' lang='grc' dir='ltr'>ἕπεται</span> <span class='ocrx_word' id='word_1_117' title='bbox 747 1664 813 1732; x_wconf 78' lang='grc' dir='ltr'>τῇ</span> <span class='ocrx_word' id='word_1_118' title='bbox 836 1662 1083 1734; x_wconf 81' lang='grc' dir='ltr'>τοιαύτῃ,</span> <span class='ocrx_word' id='word_1_119' title='bbox 1108 1663 1307 1735; x_wconf 82' lang='grc' dir='ltr'>δηλαδὴ</span> <span class='ocrx_word' id='word_1_120' title='bbox 1326 1668 1393 1736; x_wconf 78' lang='grc' dir='ltr'><strong>τῇ</strong></span> <span class='ocrx_word' id='word_1_121' title='bbox 1417 1664 1539 1718; x_wconf 79' lang='grc' dir='ltr'>καθ’</span> <span class='ocrx_word' id='word_1_122' title='bbox 1562 1663 1737 1736; x_wconf 80' lang='grc' dir='ltr'>ὓπαρ-</span> 
     </span>
    </p>
   </div>
   <div class='ocr_carea' id='block_1_18' title="bbox 173 1752 1741 1828">
    <p class='ocr_par' dir='ltr' id='par_1_18' title="bbox 173 1752 1741 1828">
     <span class='ocr_line' id='line_1_18' title="bbox 173 1752 1741 1828; baseline 0.005 -24"><span class='ocrx_word' id='word_1_123' title='bbox 173 1752 391 1817; x_wconf 69' lang='grc' dir='ltr'>ξιν,ἁλλ’</span> <span class='ocrx_word' id='word_1_124' title='bbox 422 1754 505 1806; x_wconf 77' lang='grc' dir='ltr'>ὅτι</span> <span class='ocrx_word' id='word_1_125' title='bbox 531 1755 624 1807; x_wconf 70' lang='grc' dir='ltr'>καὶ</span> <span class='ocrx_word' id='word_1_126' title='bbox 654 1755 815 1818; x_wconf 73' lang='grc' dir='ltr'>αὐτὸς</span> <span class='ocrx_word' id='word_1_127' title='bbox 843 1756 933 1809; x_wconf 83' lang='grc' dir='ltr'>διὰ</span> <span class='ocrx_word' id='word_1_128' title='bbox 968 1757 1128 1810; x_wconf 85' lang='grc' dir='ltr'>τοῦτο</span> <span class='ocrx_word' id='word_1_129' title='bbox 1173 1757 1508 1828; x_wconf 84' lang='grc' dir='ltr'>προθέμενος</span> <span class='ocrx_word' id='word_1_130' title='bbox 1559 1758 1741 1826; x_wconf 82' lang='grc' dir='ltr'>λέγειν</span> 
     </span>
    </p>
   </div>
   <div class='ocr_carea' id='block_1_19' title="bbox 1839 657 3417 735">
    <p class='ocr_par' dir='ltr' id='par_1_19' title="bbox 1839 657 3417 735">
     <span class='ocr_line' id='line_1_19' title="bbox 1839 657 3417 735; baseline 0.006 -24"><span class='ocrx_word' id='word_1_131' title='bbox 1839 657 2121 727; x_wconf 63' lang='lat' dir='ltr'><strong>praeteriit.</strong></span> <span class='ocrx_word' id='word_1_132' title='bbox 2184 658 2252 714; x_wconf 81' lang='lat' dir='ltr'><strong>Et</strong></span> <span class='ocrx_word' id='word_1_133' title='bbox 2307 660 2663 715; x_wconf 84' lang='lat' dir='ltr'><strong>nihilominus</strong></span> <span class='ocrx_word' id='word_1_134' title='bbox 2731 661 2819 714; x_wconf 83' lang='lat' dir='ltr'><strong>vel</strong></span> <span class='ocrx_word' id='word_1_135' title='bbox 2873 661 3084 717; x_wconf 77' lang='lat' dir='ltr'><strong>levibus</strong></span> <span class='ocrx_word' id='word_1_136' title='bbox 3152 662 3268 735; x_wconf 63' lang='lat' dir='ltr'><strong>fieri</strong></span> <span class='ocrx_word' id='word_1_137' title='bbox 3320 679 3417 720; x_wconf 85' lang='lat' dir='ltr'><strong>co-</strong></span> 
     </span>
    </p>
   </div>
   <div class='ocr_carea' id='block_1_20' title="bbox 1839 749 3418 821">
    <p class='ocr_par' dir='ltr' id='par_1_20' title="bbox 1839 749 3418 821">
     <span class='ocr_line' id='line_1_20' title="bbox 1839 749 3418 821; baseline 0.006 -19"><span class='ocrx_word' id='word_1_138' title='bbox 1839 749 2165 820; x_wconf 74' lang='lat' dir='ltr'><strong>gnitoribus,</strong></span> <span class='ocrx_word' id='word_1_139' title='bbox 2209 766 2314 805; x_wconf 76' lang='lat' dir='ltr'><strong>non</strong></span> <span class='ocrx_word' id='word_1_140' title='bbox 2357 759 2567 806; x_wconf 89' lang='lat' dir='ltr'><strong>tantum</strong></span> <span class='ocrx_word' id='word_1_141' title='bbox 2610 751 2741 808; x_wconf 90' lang='lat' dir='ltr'><strong>solis</strong></span> <span class='ocrx_word' id='word_1_142' title='bbox 2786 752 3117 821; x_wconf 77' lang='lat' dir='ltr'><strong>cogitatione</strong></span> <span class='ocrx_word' id='word_1_143' title='bbox 3164 755 3418 811; x_wconf 84' lang='lat' dir='ltr'><strong>sublimi-</strong></span> 
     </span>
    </p>
   </div>
   <div class='ocr_carea' id='block_1_21' title="bbox 1839 843 3415 916">
    <p class='ocr_par' dir='ltr' id='par_1_21' title="bbox 1839 843 3415 916">
     <span class='ocr_line' id='line_1_21' title="bbox 1839 843 3415 916; baseline 0.004 -19"><span class='ocrx_word' id='word_1_144' title='bbox 1839 843 1942 898; x_wconf 82' lang='lat' dir='ltr'><strong>bus</strong></span> <span class='ocrx_word' id='word_1_145' title='bbox 1976 844 2155 913; x_wconf 87' lang='lat' dir='ltr'><strong>palam</strong></span> <span class='ocrx_word' id='word_1_146' title='bbox 2204 853 2312 911; x_wconf 88' lang='lat' dir='ltr'><strong>est,</strong></span> <span class='ocrx_word' id='word_1_147' title='bbox 2365 845 2410 901; x_wconf 87' lang='lat' dir='ltr'><strong>si</strong></span> <span class='ocrx_word' id='word_1_148' title='bbox 2441 845 2735 901; x_wconf 85' lang='lat' dir='ltr'><strong>discrimen</strong></span> <span class='ocrx_word' id='word_1_149' title='bbox 2789 846 3009 916; x_wconf 83' lang='lat' dir='ltr'><strong>aliquod</strong></span> <span class='ocrx_word' id='word_1_150' title='bbox 3061 848 3224 901; x_wconf 89' lang='lat' dir='ltr'><strong>etiam</strong></span> <span class='ocrx_word' id='word_1_151' title='bbox 3264 849 3415 903; x_wconf 88' lang='lat' dir='ltr'><strong>inter</strong></span> 
     </span>
    </p>
   </div>
   <div class='ocr_carea' id='block_1_22' title="bbox 1841 935 3415 1007">
    <p class='ocr_par' dir='ltr' id='par_1_22' title="bbox 1841 935 3415 1007">
     <span class='ocr_line' id='line_1_22' title="bbox 1841 935 3415 1007; baseline 0.003 -18"><span class='ocrx_word' id='word_1_152' title='bbox 1841 935 1968 1001; x_wconf 88' lang='lat' dir='ltr'><strong>hos,</strong></span> <span class='ocrx_word' id='word_1_153' title='bbox 2020 935 2240 1001; x_wconf 87' lang='lat' dir='ltr'><strong>Filium,</strong></span> <span class='ocrx_word' id='word_1_154' title='bbox 2294 937 2546 1006; x_wconf 88' lang='lat' dir='ltr'><strong>inquam.</strong></span> <span class='ocrx_word' id='word_1_155' title='bbox 2592 946 2647 992; x_wconf 87' lang='lat' dir='ltr'><strong>et</strong></span> <span class='ocrx_word' id='word_1_156' title='bbox 2681 935 2946 1007; x_wconf 91' lang='lat' dir='ltr'><strong>Spiritum</strong></span> <span class='ocrx_word' id='word_1_157' title='bbox 2980 938 3415 994; x_wconf 77' lang='lat' dir='ltr'><strong>sanctissimum</strong></span> 
     </span>
    </p>
   </div>
   <div class='ocr_carea' id='block_1_23' title="bbox 1841 1022 3418 1100">
    <p class='ocr_par' dir='ltr' id='par_1_23' title="bbox 1841 1022 3418 1100">
     <span class='ocr_line' id='line_1_23' title="bbox 1841 1022 3418 1100; baseline 0.002 -18"><span class='ocrx_word' id='word_1_158' title='bbox 1841 1028 2143 1083; x_wconf 89' lang='lat' dir='ltr'><strong>secundum</strong></span> <span class='ocrx_word' id='word_1_159' title='bbox 2195 1022 2577 1083; x_wconf 79' lang='lat' dir='ltr'><strong>exsistentiam</strong></span> <span class='ocrx_word' id='word_1_160' title='bbox 2619 1044 2726 1083; x_wconf 91' lang='lat' dir='ltr'><strong>non</strong></span> <span class='ocrx_word' id='word_1_161' title='bbox 2767 1038 2890 1094; x_wconf 84' lang='lat' dir='ltr'><strong>est,</strong></span> <span class='ocrx_word' id='word_1_162' title='bbox 2926 1044 3056 1084; x_wconf 82' lang='lat' dir='ltr'><strong>vere</strong></span> <span class='ocrx_word' id='word_1_163' title='bbox 3104 1038 3154 1083; x_wconf 89' lang='lat' dir='ltr'><strong>et</strong></span> <span class='ocrx_word' id='word_1_164' title='bbox 3197 1031 3418 1100; x_wconf 83' lang='lat' dir='ltr'><strong>proprie</strong></span> 
     </span>
    </p>
   </div>
   <div class='ocr_carea' id='block_1_24' title="bbox 1844 1118 3420 1192">
    <p class='ocr_par' dir='ltr' id='par_1_24' title="bbox 1844 1118 3420 1192">
     <span class='ocr_line' id='line_1_24' title="bbox 1844 1118 3420 1192; baseline 0.004 -21"><span class='ocrx_word' id='word_1_165' title='bbox 1844 1118 1987 1172; x_wconf 79' lang='lat' dir='ltr'><strong>inter</strong></span> <span class='ocrx_word' id='word_1_166' title='bbox 2028 1134 2148 1174; x_wconf 84' lang='lat' dir='ltr'><strong>sese</strong></span> <span class='ocrx_word' id='word_1_167' title='bbox 2180 1134 2290 1173; x_wconf 92' lang='lat' dir='ltr'><strong>non</strong></span> <span class='ocrx_word' id='word_1_168' title='bbox 2330 1119 2573 1185; x_wconf 70' lang='lat' dir='ltr'><strong>differre,</strong></span> <span class='ocrx_word' id='word_1_169' title='bbox 2628 1120 2866 1189; x_wconf 79' lang='lat' dir='ltr'><strong>indeque</strong></span> <span class='ocrx_word' id='word_1_170' title='bbox 2903 1120 2955 1175; x_wconf 90' lang='lat' dir='ltr'><strong>in</strong></span> <span class='ocrx_word' id='word_1_171' title='bbox 2990 1121 3420 1192; x_wconf 81' lang='lat' dir='ltr'><strong>proprietatibus</strong></span> 
     </span>
    </p>
   </div>
   <div class='ocr_carea' id='block_1_25' title="bbox 1838 1208 3421 1282">
    <p class='ocr_par' dir='ltr' id='par_1_25' title="bbox 1838 1208 3421 1282">
     <span class='ocr_line' id='line_1_25' title="bbox 1838 1208 3421 1282; baseline 0.002 -18"><span class='ocrx_word' id='word_1_172' title='bbox 1838 1208 2207 1281; x_wconf 57' lang='lat' dir='ltr'><strong>liypostaticis‘</strong></span> <span class='ocrx_word' id='word_1_173' title='bbox 2238 1213 2622 1267; x_wconf 75' lang='lat' dir='ltr'><strong>confusionem</strong></span> <span class='ocrx_word' id='word_1_174' title='bbox 2666 1211 2841 1281; x_wconf 85' lang='lat' dir='ltr'><strong>sequi,</strong></span> <span class='ocrx_word' id='word_1_175' title='bbox 2887 1215 3029 1282; x_wconf 87' lang='lat' dir='ltr'><strong>quod</strong></span> <span class='ocrx_word' id='word_1_176' title='bbox 3068 1229 3194 1267; x_wconf 80' lang='lat' dir='ltr'><strong>vere</strong></span> <span class='ocrx_word' id='word_1_177' title='bbox 3227 1215 3421 1267; x_wconf 79' lang='lat' dir='ltr'><strong>absur-</strong></span> 
     </span>
    </p>
   </div>
   <div class='ocr_carea' id='block_1_26' title="bbox 1843 1302 3421 1373">
    <p class='ocr_par' dir='ltr' id='par_1_26' title="bbox 1843 1302 3421 1373">
     <span class='ocr_line' id='line_1_26' title="bbox 1843 1302 3421 1373; baseline 0 -17"><span class='ocrx_word' id='word_1_178' title='bbox 1843 1302 2133 1363; x_wconf 80' lang='lat' dir='ltr'><strong>dissimum</strong></span> <span class='ocrx_word' id='word_1_179' title='bbox 2170 1302 2353 1366; x_wconf 79' lang='lat' dir='ltr'><strong>fuerit,</strong></span> <span class='ocrx_word' id='word_1_180' title='bbox 2386 1310 2441 1355; x_wconf 92' lang='lat' dir='ltr'><strong>et</strong></span> <span class='ocrx_word' id='word_1_181' title='bbox 2485 1319 2513 1356; x_wconf 91' lang='lat' dir='ltr'><strong>a</strong></span> <span class='ocrx_word' id='word_1_182' title='bbox 2552 1304 2754 1371; x_wconf 80' lang='lat' dir='ltr'><strong>pietate</strong></span> <span class='ocrx_word' id='word_1_183' title='bbox 2784 1318 2946 1373; x_wconf 88' lang='lat' dir='ltr'><strong>quam</strong></span> <span class='ocrx_word' id='word_1_184' title='bbox 2980 1303 3245 1357; x_wconf 89' lang='lat' dir='ltr'><strong>alienum.</strong></span> <span class='ocrx_word' id='word_1_185' title='bbox 3280 1302 3421 1357; x_wconf 82' lang='lat' dir='ltr'><strong>Rur-</strong></span> 
     </span>
    </p>
   </div>
   <div class='ocr_carea' id='block_1_27' title="bbox 1844 1391 3420 1464">
    <p class='ocr_par' dir='ltr' id='par_1_27' title="bbox 1844 1391 3420 1464">
     <span class='ocr_line' id='line_1_27' title="bbox 1844 1391 3420 1464; baseline -0.001 -15"><span class='ocrx_word' id='word_1_186' title='bbox 1844 1410 2050 1463; x_wconf 86' lang='lat' dir='ltr'><strong>susque</strong></span> <span class='ocrx_word' id='word_1_187' title='bbox 2085 1395 2307 1464; x_wconf 83' lang='lat' dir='ltr'><strong>sapiens</strong></span> <span class='ocrx_word' id='word_1_188' title='bbox 2340 1396 2429 1450; x_wconf 92' lang='lat' dir='ltr'><strong>hic</strong></span> <span class='ocrx_word' id='word_1_189' title='bbox 2462 1391 2758 1451; x_wconf 77' lang='lat' dir='ltr'><strong>discrimen</strong></span> <span class='ocrx_word' id='word_1_190' title='bbox 2791 1396 3096 1451; x_wconf 72' lang='lat' dir='ltr'><strong>secundum</strong></span> <span class='ocrx_word' id='word_1_191' title='bbox 3144 1396 3420 1450; x_wconf 78' lang='lat' dir='ltr'><strong>cxsisten-</strong></span> 
     </span>
    </p>
   </div>
   <div class='ocr_carea' id='block_1_28' title="bbox 1846 1485 3418 1557">
    <p class='ocr_par' dir='ltr' id='par_1_28' title="bbox 1846 1485 3418 1557">
     <span class='ocr_line' id='line_1_28' title="bbox 1846 1485 3418 1557; baseline 0.001 -18"><span class='ocrx_word' id='word_1_192' title='bbox 1846 1485 1973 1539; x_wconf 86' lang='lat' dir='ltr'><strong>tiam</strong></span> <span class='ocrx_word' id='word_1_193' title='bbox 2009 1497 2223 1551; x_wconf 85' lang='lat' dir='ltr'><strong>nactus,</strong></span> <span class='ocrx_word' id='word_1_194' title='bbox 2257 1486 2470 1540; x_wconf 88' lang='lat' dir='ltr'><strong>nullum</strong></span> <span class='ocrx_word' id='word_1_195' title='bbox 2502 1502 2745 1556; x_wconf 88' lang='lat' dir='ltr'><strong>unquam</strong></span> <span class='ocrx_word' id='word_1_196' title='bbox 2780 1496 2974 1557; x_wconf 56' lang='lat' dir='ltr'><strong>prater</strong></span> <span class='ocrx_word' id='word_1_197' title='bbox 3003 1487 3103 1542; x_wconf 90' lang='lat' dir='ltr'><strong>hoc</strong></span> <span class='ocrx_word' id='word_1_198' title='bbox 3132 1487 3303 1546; x_wconf 88' lang='lat' dir='ltr'><strong>aliud.</strong></span> <span class='ocrx_word' id='word_1_199' title='bbox 3336 1486 3418 1541; x_wconf 89' lang='lat' dir='ltr'><strong>uti</strong></span> 
     </span>
    </p>
   </div>
   <div class='ocr_carea' id='block_1_29' title="bbox 1845 1576 3417 1646">
    <p class='ocr_par' dir='ltr' id='par_1_29' title="bbox 1845 1576 3417 1646">
     <span class='ocr_line' id='line_1_29' title="bbox 1845 1576 3417 1646; baseline -0.001 -15"><span class='ocrx_word' id='word_1_200' title='bbox 1845 1591 1943 1646; x_wconf 89' lang='lat' dir='ltr'><strong>par</strong></span> <span class='ocrx_word' id='word_1_201' title='bbox 1990 1587 2098 1641; x_wconf 89' lang='lat' dir='ltr'><strong>est,</strong></span> <span class='ocrx_word' id='word_1_202' title='bbox 2150 1576 2237 1631; x_wconf 91' lang='lat' dir='ltr'><strong>hic</strong></span> <span class='ocrx_word' id='word_1_203' title='bbox 2273 1579 2607 1645; x_wconf 71' lang='lat' dir='ltr'><strong>przetulisset</strong></span> <span class='ocrx_word' id='word_1_204' title='bbox 2645 1597 2658 1633; x_wconf 93' lang='lat'><strong>:</strong></span> <span class='ocrx_word' id='word_1_205' title='bbox 2689 1593 2799 1632; x_wconf 86' lang='lat' dir='ltr'><strong>non</strong></span> <span class='ocrx_word' id='word_1_206' title='bbox 2847 1578 3026 1633; x_wconf 90' lang='lat' dir='ltr'><strong>solum</strong></span> <span class='ocrx_word' id='word_1_207' title='bbox 3056 1578 3199 1646; x_wconf 90' lang='lat' dir='ltr'><strong>quod</strong></span> <span class='ocrx_word' id='word_1_208' title='bbox 3236 1577 3417 1646; x_wconf 87' lang='lat' dir='ltr'><strong>ipsum</strong></span> 
     </span>
    </p>
   </div>
   <div class='ocr_carea' id='block_1_30' title="bbox 1845 1660 3419 1741">
    <p class='ocr_par' dir='ltr' id='par_1_30' title="bbox 1845 1660 3419 1741">
     <span class='ocr_line' id='line_1_30' title="bbox 1845 1660 3419 1741; baseline -0.001 -17"><span class='ocrx_word' id='word_1_209' title='bbox 1845 1668 2023 1724; x_wconf 88' lang='lat' dir='ltr'><strong>solum</strong></span> <span class='ocrx_word' id='word_1_210' title='bbox 2066 1683 2193 1723; x_wconf 82' lang='lat' dir='ltr'><strong>vere</strong></span> <span class='ocrx_word' id='word_1_211' title='bbox 2242 1671 2573 1741; x_wconf 87' lang='lat' dir='ltr'><strong>proprieque</strong></span> <span class='ocrx_word' id='word_1_212' title='bbox 2628 1670 2927 1725; x_wconf 79' lang='lat' dir='ltr'><strong>discrimen</strong></span> <span class='ocrx_word' id='word_1_213' title='bbox 2977 1679 3101 1734; x_wconf 90' lang='lat' dir='ltr'><strong>est,</strong></span> <span class='ocrx_word' id='word_1_214' title='bbox 3152 1677 3206 1723; x_wconf 88' lang='lat' dir='ltr'><strong>et</strong></span> <span class='ocrx_word' id='word_1_215' title='bbox 3270 1660 3419 1738; x_wconf 85' lang='lat' dir='ltr'><strong>quod</strong></span> 
     </span>
    </p>
   </div>
   <div class='ocr_carea' id='block_1_31' title="bbox 1846 1760 3419 1829">
    <p class='ocr_par' dir='ltr' id='par_1_31' title="bbox 1846 1760 3419 1829">
     <span class='ocr_line' id='line_1_31' title="bbox 1846 1760 3419 1829; baseline 0.001 -17"><span class='ocrx_word' id='word_1_216' title='bbox 1846 1761 2144 1813; x_wconf 89' lang='lat' dir='ltr'><strong>secundum</strong></span> <span class='ocrx_word' id='word_1_217' title='bbox 2211 1760 2535 1814; x_wconf 81' lang='lat' dir='ltr'><strong>relationem</strong></span> <span class='ocrx_word' id='word_1_218' title='bbox 2596 1771 2679 1815; x_wconf 89' lang='lat' dir='ltr'><strong>est</strong></span> <span class='ocrx_word' id='word_1_219' title='bbox 2735 1760 2862 1825; x_wconf 90' lang='lat' dir='ltr'><strong>hoc,</strong></span> <span class='ocrx_word' id='word_1_220' title='bbox 2914 1760 3060 1829; x_wconf 90' lang='lat' dir='ltr'><strong>quod</strong></span> <span class='ocrx_word' id='word_1_221' title='bbox 3117 1761 3419 1815; x_wconf 84' lang='lat' dir='ltr'><strong>secundum</strong></span> 
     </span>
    </p>
   </div>
   <div class='ocr_carea' id='block_1_32' title="bbox 170 1844 1758 1927">
    <p class='ocr_par' dir='ltr' id='par_1_32' title="bbox 170 1844 1734 1922">
     <span class='ocr_line' id='line_1_32' title="bbox 170 1844 1734 1922; baseline 0.003 -21"><span class='ocrx_word' id='word_1_222' title='bbox 170 1849 221 1901; x_wconf 85' lang='grc' dir='ltr'>ὲν</span> <span class='ocrx_word' id='word_1_223' title='bbox 246 1848 308 1916; x_wconf 84' lang='grc' dir='ltr'><strong>τῇ</strong></span> <span class='ocrx_word' id='word_1_224' title='bbox 341 1844 605 1917; x_wconf 79' lang='grc' dir='ltr'>θεαρχικῇ</span> <span class='ocrx_word' id='word_1_225' title='bbox 638 1848 828 1920; x_wconf 83' lang='grc' dir='ltr'>Τριάδι</span> <span class='ocrx_word' id='word_1_226' title='bbox 856 1849 985 1922; x_wconf 71' lang='grc' dir='ltr'>περὶ</span> <span class='ocrx_word' id='word_1_227' title='bbox 1021 1851 1284 1921; x_wconf 82' lang='grc' dir='ltr'>διαφορᾶς</span> <span class='ocrx_word' id='word_1_228' title='bbox 1314 1850 1539 1913; x_wconf 78' lang='grc' dir='ltr'>ἄνωθεν,</span> <span class='ocrx_word' id='word_1_229' title='bbox 1576 1869 1734 1906; x_wconf 80' lang='grc' dir='ltr'>τουτ-</span> 
     </span>
    </p>
   </div>
   <div class='ocr_carea' id='block_1_33' title="bbox 1846 1844 3423 1927">
    <p class='ocr_par' dir='ltr' id='par_1_33' title="bbox 1846 1848 3423 1921">
     <span class='ocr_line' id='line_1_33' title="bbox 1846 1848 3423 1921; baseline 0.004 -20"><span class='ocrx_word' id='word_1_230' title='bbox 1846 1848 2221 1905; x_wconf 80' lang='lat' dir='ltr'><strong>exsistentiam</strong></span> <span class='ocrx_word' id='word_1_231' title='bbox 2269 1860 2350 1905; x_wconf 90' lang='lat' dir='ltr'><strong>est</strong></span> <span class='ocrx_word' id='word_1_232' title='bbox 2382 1852 2758 1920; x_wconf 81' lang='lat' dir='ltr'><strong>consequitur,</strong></span> <span class='ocrx_word' id='word_1_233' title='bbox 2797 1852 2891 1906; x_wconf 91' lang='lat' dir='ltr'><strong>sed</strong></span> <span class='ocrx_word' id='word_1_234' title='bbox 2924 1855 3087 1905; x_wconf 86' lang='lat' dir='ltr'><strong>etiam</strong></span> <span class='ocrx_word' id='word_1_235' title='bbox 3124 1854 3269 1921; x_wconf 90' lang='lat' dir='ltr'><strong>quod</strong></span> <span class='ocrx_word' id='word_1_236' title='bbox 3304 1852 3423 1921; x_wconf 88' lang='lat' dir='ltr'><strong>ipse</strong></span> 
     </span>
    </p>
   </div>
   <div class='ocr_carea' id='block_1_34' title="bbox 167 1938 1740 2014">
    <p class='ocr_par' dir='ltr' id='par_1_34' title="bbox 167 1938 1740 2014">
     <span class='ocr_line' id='line_1_34' title="bbox 167 1938 1740 2014; baseline 0.004 -24"><span class='ocrx_word' id='word_1_237' title='bbox 167 1940 301 1991; x_wconf 82' lang='grc' dir='ltr'>ἐστιν</span> <span class='ocrx_word' id='word_1_238' title='bbox 328 1939 390 1991; x_wconf 74' lang='grc' dir='ltr'>ἐκ</span> <span class='ocrx_word' id='word_1_239' title='bbox 415 1938 512 1990; x_wconf 84' lang='grc' dir='ltr'><strong>τοῦ</strong></span> <span class='ocrx_word' id='word_1_240' title='bbox 542 1940 774 2010; x_wconf 75' lang='grc' dir='ltr'>Πατρδς,</span> <span class='ocrx_word' id='word_1_241' title='bbox 798 1941 894 1994; x_wconf 78' lang='grc' dir='ltr'>καὶ</span> <span class='ocrx_word' id='word_1_242' title='bbox 926 1940 1005 1994; x_wconf 73' lang='grc' dir='ltr'><strong>ἔτι</strong></span> <span class='ocrx_word' id='word_1_243' title='bbox 1035 1941 1241 2012; x_wconf 83' lang='grc' dir='ltr'>προῖὼν</span> <span class='ocrx_word' id='word_1_244' title='bbox 1283 1946 1381 2013; x_wconf 80' lang='grc' dir='ltr'>τῆς</span> <span class='ocrx_word' id='word_1_245' title='bbox 1411 1942 1532 1997; x_wconf 83' lang='grc' dir='ltr'>καθ’</span> <span class='ocrx_word' id='word_1_246' title='bbox 1563 1941 1740 2014; x_wconf 80' lang='grc' dir='ltr'>ῦπαρ-</span> 
     </span>
    </p>
   </div>
   <div class='ocr_carea' id='block_1_35' title="bbox 167 2028 1740 2107">
    <p class='ocr_par' dir='ltr' id='par_1_35' title="bbox 167 2028 1740 2107">
     <span class='ocr_line' id='line_1_35' title="bbox 167 2028 1740 2107; baseline 0.004 -24"><span class='ocrx_word' id='word_1_247' title='bbox 167 2030 369 2098; x_wconf 75' lang='grc' dir='ltr'>ξιν,οὒκ</span> <span class='ocrx_word' id='word_1_248' title='bbox 407 2028 575 2102; x_wconf 77' lang='grc' dir='ltr'>ἄλλης</span> <span class='ocrx_word' id='word_1_249' title='bbox 605 2032 747 2095; x_wconf 81' lang='grc' dir='ltr'>τινὸς</span> <span class='ocrx_word' id='word_1_250' title='bbox 781 2034 1175 2103; x_wconf 77' lang='grc' dir='ltr'>ἐμνημόνευσε.</span> <span class='ocrx_word' id='word_1_251' title='bbox 1212 2034 1322 2089; x_wconf 72' lang='grc' dir='ltr'><strong>Καὶ</strong></span> <span class='ocrx_word' id='word_1_252' title='bbox 1349 2035 1459 2106; x_wconf 85' lang='grc' dir='ltr'><strong>γὰρ</strong></span> <span class='ocrx_word' id='word_1_253' title='bbox 1486 2036 1543 2089; x_wconf 81' lang='grc' dir='ltr'>ὲν</span> <span class='ocrx_word' id='word_1_254' title='bbox 1584 2035 1740 2107; x_wconf 85' lang='grc' dir='ltr'>πρώ-</span> 
     </span>
    </p>
   </div>
   <div class='ocr_carea' id='block_1_36' title="bbox 162 2122 1742 2197">
    <p class='ocr_par' dir='ltr' id='par_1_36' title="bbox 162 2122 1742 2197">
     <span class='ocr_line' id='line_1_36' title="bbox 162 2122 1742 2197; baseline 0.003 -22"><span class='ocrx_word' id='word_1_255' title='bbox 162 2138 264 2185; x_wconf 86' lang='grc' dir='ltr'>τοις</span> <span class='ocrx_word' id='word_1_256' title='bbox 297 2123 393 2192; x_wconf 80' lang='grc' dir='ltr'>μὲν</span> <span class='ocrx_word' id='word_1_257' title='bbox 424 2122 616 2193; x_wconf 74' lang='grc' dir='ltr'>εἷρηκε</span> <span class='ocrx_word' id='word_1_258' title='bbox 654 2125 780 2194; x_wconf 80' lang='grc' dir='ltr'>περὶ</span> <span class='ocrx_word' id='word_1_259' title='bbox 813 2122 906 2177; x_wconf 84' lang='grc' dir='ltr'><strong>τοῦ</strong></span> <span class='ocrx_word' id='word_1_260' title='bbox 956 2125 1191 2197; x_wconf 78' lang='grc' dir='ltr'>Πατρὸς,</span> <span class='ocrx_word' id='word_1_261' title='bbox 1243 2126 1318 2190; x_wconf 83' lang='grc' dir='ltr'><strong>ὡς</strong></span> <span class='ocrx_word' id='word_1_262' title='bbox 1362 2126 1540 2191; x_wconf 71' lang='grc' dir='ltr'>αἰτίας</span> <span class='ocrx_word' id='word_1_263' title='bbox 1585 2127 1742 2191; x_wconf 84' lang='grc' dir='ltr'>ἐκτός</span> 
     </span>
    </p>
   </div>
   <div class='ocr_carea' id='block_1_37' title="bbox 163 2212 1743 2287">
    <p class='ocr_par' dir='ltr' id='par_1_37' title="bbox 163 2212 1743 2287">
     <span class='ocr_line' id='line_1_37' title="bbox 163 2212 1743 2287; baseline 0.002 -19"><span class='ocrx_word' id='word_1_264' title='bbox 163 2215 317 2279; x_wconf 77' lang='grc' dir='ltr'>ἔστιν,</span> <span class='ocrx_word' id='word_1_265' title='bbox 345 2214 518 2285; x_wconf 79' lang='grc' dir='ltr'>ήγουν</span> <span class='ocrx_word' id='word_1_266' title='bbox 558 2212 657 2269; x_wconf 68' lang='grc' dir='ltr'><strong>οὐκ</strong></span> <span class='ocrx_word' id='word_1_267' title='bbox 705 2213 768 2269; x_wconf 73' lang='grc' dir='ltr'>ἐκ</span> <span class='ocrx_word' id='word_1_268' title='bbox 801 2232 984 2279; x_wconf 77' lang='grc' dir='ltr'>τινοςο</span> <span class='ocrx_word' id='word_1_269' title='bbox 1009 2216 1211 2287; x_wconf 76' lang='grc' dir='ltr'>ἐφεξῆς</span> <span class='ocrx_word' id='word_1_270' title='bbox 1255 2216 1310 2270; x_wconf 79' lang='grc' dir='ltr'>δὲ</span> <span class='ocrx_word' id='word_1_271' title='bbox 1337 2218 1516 2271; x_wconf 78' lang='grc' dir='ltr'>κοινὸν</span> <span class='ocrx_word' id='word_1_272' title='bbox 1568 2218 1628 2271; x_wconf 80' lang='grc' dir='ltr'><strong>τὸ</strong></span> <span class='ocrx_word' id='word_1_273' title='bbox 1684 2218 1743 2283; x_wconf 69' lang='grc' dir='ltr'><strong>ἐξ</strong></span> 
     </span>
    </p>
   </div>
   <div class='ocr_carea' id='block_1_38' title="bbox 161 2304 1741 2378">
    <p class='ocr_par' dir='ltr' id='par_1_38' title="bbox 161 2304 1741 2378">
     <span class='ocr_line' id='line_1_38' title="bbox 161 2304 1741 2378; baseline 0.002 -18"><span class='ocrx_word' id='word_1_274' title='bbox 161 2304 326 2368; x_wconf 81' lang='grc' dir='ltr'><strong>αἰτίας</strong></span> <span class='ocrx_word' id='word_1_275' title='bbox 353 2307 430 2374; x_wconf 78' lang='grc' dir='ltr'><strong>τῷ</strong></span> <span class='ocrx_word' id='word_1_276' title='bbox 462 2304 582 2377; x_wconf 84' lang='grc' dir='ltr'><strong>Υίῷ</strong></span> <span class='ocrx_word' id='word_1_277' title='bbox 601 2308 695 2361; x_wconf 71' lang='grc' dir='ltr'>καὶ</span> <span class='ocrx_word' id='word_1_278' title='bbox 713 2307 790 2377; x_wconf 86' lang='grc' dir='ltr'><strong>τῷ</strong></span> <span class='ocrx_word' id='word_1_279' title='bbox 822 2307 1096 2378; x_wconf 75' lang='grc' dir='ltr'>Πνεῦματι</span> <span class='ocrx_word' id='word_1_280' title='bbox 1143 2311 1434 2378; x_wconf 77' lang='grc' dir='ltr'><strong>τυγχάνειν</strong></span> <span class='ocrx_word' id='word_1_281' title='bbox 1464 2309 1653 2374; x_wconf 81' lang='grc' dir='ltr'>εἰπὼν,</span> <span class='ocrx_word' id='word_1_282' title='bbox 1682 2311 1741 2363; x_wconf 83' lang='grc' dir='ltr'>τὸ</span> 
     </span>
    </p>
   </div>
   <div class='ocr_carea' id='block_1_39' title="bbox 159 2394 1736 2473">
    <p class='ocr_par' dir='ltr' id='par_1_39' title="bbox 159 2394 1736 2473">
     <span class='ocr_line' id='line_1_39' title="bbox 159 2394 1736 2473; baseline 0.004 -24"><span class='ocrx_word' id='word_1_283' title='bbox 159 2394 399 2466; x_wconf 75' lang='grc' dir='ltr'>διάφορον</span> <span class='ocrx_word' id='word_1_284' title='bbox 426 2398 532 2468; x_wconf 77' lang='grc' dir='ltr'><strong>τῆς</strong></span> <span class='ocrx_word' id='word_1_285' title='bbox 566 2400 699 2466; x_wconf 71' lang='grc' dir='ltr'>πρὸς</span> <span class='ocrx_word' id='word_1_286' title='bbox 724 2402 814 2453; x_wconf 72' lang='grc' dir='ltr'><strong>τὸν</strong></span> <span class='ocrx_word' id='word_1_287' title='bbox 847 2398 1067 2471; x_wconf 77' lang='grc' dir='ltr'>Πατέρα</span> <span class='ocrx_word' id='word_1_288' title='bbox 1095 2399 1283 2470; x_wconf 79' lang='grc' dir='ltr'>θεῖκῆς</span> <span class='ocrx_word' id='word_1_289' title='bbox 1315 2400 1555 2472; x_wconf 79' lang='grc' dir='ltr'>ἐδήλωσε</span> <span class='ocrx_word' id='word_1_290' title='bbox 1582 2469 1587 2473; x_wconf 91' lang='lat'>_</span> <span class='ocrx_word' id='word_1_291' title='bbox 1617 2402 1736 2455; x_wconf 76' lang='grc' dir='ltr'>τοῦ·</span> 
     </span>
    </p>
   </div>
   <div class='ocr_carea' id='block_1_40' title="bbox 155 2485 1744 2563">
    <p class='ocr_par' dir='ltr' id='par_1_40' title="bbox 155 2485 1744 2563">
     <span class='ocr_line' id='line_1_40' title="bbox 155 2485 1744 2563; baseline 0.005 -23"><span class='ocrx_word' id='word_1_292' title='bbox 155 2506 254 2541; x_wconf 85' lang='grc' dir='ltr'><strong>των</strong></span> <span class='ocrx_word' id='word_1_293' title='bbox 282 2487 597 2557; x_wconf 75' lang='grc' dir='ltr'>ὑπάρξεως.</span> <span class='ocrx_word' id='word_1_294' title='bbox 628 2485 764 2544; x_wconf 75' lang='grc' dir='ltr'>Εἶτα</span> <span class='ocrx_word' id='word_1_295' title='bbox 794 2492 887 2543; x_wconf 73' lang='grc' dir='ltr'>καὶ</span> <span class='ocrx_word' id='word_1_296' title='bbox 908 2490 1008 2561; x_wconf 79' lang='grc' dir='ltr'><strong>τήν</strong></span> <span class='ocrx_word' id='word_1_297' title='bbox 1061 2490 1200 2562; x_wconf 65' lang='grc' dir='ltr'>πρὸς</span> <span class='ocrx_word' id='word_1_298' title='bbox 1243 2491 1446 2563; x_wconf 76' lang='grc' dir='ltr'>ἄλληλα</span> <span class='ocrx_word' id='word_1_299' title='bbox 1480 2492 1744 2563; x_wconf 81' lang='grc' dir='ltr'>διαφορὰν</span> 
     </span>
    </p>
   </div>
   <div class='ocr_carea' id='block_1_41' title="bbox 157 2579 1744 2654">
    <p class='ocr_par' dir='ltr' id='par_1_41' title="bbox 157 2579 1744 2654">
     <span class='ocr_line' id='line_1_41' title="bbox 157 2579 1744 2654; baseline 0.004 -22"><span class='ocrx_word' id='word_1_300' title='bbox 157 2579 350 2632; x_wconf 82' lang='grc' dir='ltr'>τούτων</span> <span class='ocrx_word' id='word_1_301' title='bbox 372 2580 559 2632; x_wconf 66' lang='grc' dir='ltr'>αὐτῶν</span> <span class='ocrx_word' id='word_1_302' title='bbox 596 2580 968 2652; x_wconf 71' lang='grc' dir='ltr'>ἐξηγήσασθαι</span> <span class='ocrx_word' id='word_1_303' title='bbox 1000 2581 1299 2654; x_wconf 76' lang='grc' dir='ltr'>βουληθεὶς,</span> <span class='ocrx_word' id='word_1_304' title='bbox 1324 2584 1473 2646; x_wconf 84' lang='grc' dir='ltr'>ὅπως</span> <span class='ocrx_word' id='word_1_305' title='bbox 1526 2584 1593 2638; x_wconf 75' lang='grc' dir='ltr'>τὰ</span> <span class='ocrx_word' id='word_1_306' title='bbox 1642 2587 1744 2654; x_wconf 75' lang='grc' dir='ltr'>τῆς</span> 
     </span>
    </p>
   </div>
   <div class='ocr_carea' id='block_1_42' title="bbox 158 2672 1742 2745">
    <p class='ocr_par' dir='ltr' id='par_1_42' title="bbox 158 2672 1742 2745">
     <span class='ocr_line' id='line_1_42' title="bbox 158 2672 1742 2745; baseline 0.003 -20"><span class='ocrx_word' id='word_1_307' title='bbox 158 2674 359 2743; x_wconf 73' lang='grc' dir='ltr'>ρήσεως</span> <span class='ocrx_word' id='word_1_308' title='bbox 414 2673 568 2726; x_wconf 65' lang='grc' dir='ltr'>κατὰ</span> <span class='ocrx_word' id='word_1_309' title='bbox 606 2672 753 2739; x_wconf 77' lang='grc' dir='ltr'>λέξιν</span> <span class='ocrx_word' id='word_1_310' title='bbox 780 2675 1005 2745; x_wconf 72' lang='grc' dir='ltr'>γένηταί</span> <span class='ocrx_word' id='word_1_311' title='bbox 1065 2693 1155 2745; x_wconf 91' lang='grc' dir='ltr'><strong>μοι</strong></span> <span class='ocrx_word' id='word_1_312' title='bbox 1217 2675 1513 2741; x_wconf 75' lang='grc' dir='ltr'>διαλαϐεῖν,</span> <span class='ocrx_word' id='word_1_313' title='bbox 1565 2675 1742 2741; x_wconf 70' lang='grc' dir='ltr'>οὕτως</span> 
     </span>
    </p>
   </div>
   <div class='ocr_carea' id='block_1_43' title="bbox 155 2766 1743 2838">
    <p class='ocr_par' dir='ltr' id='par_1_43' title="bbox 155 2766 1743 2838">
     <span class='ocr_line' id='line_1_43' title="bbox 155 2766 1743 2838; baseline 0.002 -19"><span class='ocrx_word' id='word_1_314' title='bbox 155 2768 383 2836; x_wconf 74' lang='grc' dir='ltr'>ἔφησεν·</span> <span class='ocrx_word' id='word_1_315' title='bbox 438 2766 509 2820; x_wconf 85' lang='lat'><strong><em>&#39;0</em></strong></span> <span class='ocrx_word' id='word_1_316' title='bbox 556 2768 669 2837; x_wconf 77' lang='grc' dir='ltr'>γὰρ</span> <span class='ocrx_word' id='word_1_317' title='bbox 706 2768 1044 2838; x_wconf 72' lang='grc' dir='ltr'>μονογενὴς</span> <span class='ocrx_word' id='word_1_318' title='bbox 1081 2767 1208 2833; x_wconf 68' lang='grc' dir='ltr'><em>Υἱὸς</em></span> <span class='ocrx_word' id='word_1_319' title='bbox 1265 2767 1333 2822; x_wconf 79' lang='grc' dir='ltr'>ἐκ</span> <span class='ocrx_word' id='word_1_320' title='bbox 1378 2770 1483 2823; x_wconf 87' lang='grc' dir='ltr'><strong>τοῦ</strong></span> <span class='ocrx_word' id='word_1_321' title='bbox 1513 2771 1743 2837; x_wconf 76' lang='grc' dir='ltr'>Πατρός</span> 
     </span>
    </p>
   </div>
   <div class='ocr_carea' id='block_1_44' title="bbox 154 2858 1743 2933">
    <p class='ocr_par' dir='ltr' id='par_1_44' title="bbox 154 2858 1743 2933">
     <span class='ocr_line' id='line_1_44' title="bbox 154 2858 1743 2933; baseline 0.003 -20"><span class='ocrx_word' id='word_1_322' title='bbox 154 2860 303 2927; x_wconf 73' lang='grc' dir='ltr'>παρὰ</span> <span class='ocrx_word' id='word_1_323' title='bbox 328 2858 441 2928; x_wconf 79' lang='grc' dir='ltr'>τῆς</span> <span class='ocrx_word' id='word_1_324' title='bbox 485 2862 657 2930; x_wconf 65' lang='grc' dir='ltr'>ἁγίας</span> <span class='ocrx_word' id='word_1_325' title='bbox 696 2860 950 2933; x_wconf 68' lang='grc' dir='ltr'>Γραφῆς</span> <span class='ocrx_word' id='word_1_326' title='bbox 997 2860 1366 2932; x_wconf 77' lang='grc' dir='ltr'>ὀνομάζεται,</span> <span class='ocrx_word' id='word_1_327' title='bbox 1423 2863 1521 2917; x_wconf 73' lang='grc' dir='ltr'>καὶ</span> <span class='ocrx_word' id='word_1_328' title='bbox 1564 2863 1743 2932; x_wconf 83' lang='grc' dir='ltr'>μέχρι</span> 
     </span>
    </p>
   </div>
   <div class='ocr_carea' id='block_1_45' title="bbox 155 2950 1745 3028">
    <p class='ocr_par' dir='ltr' id='par_1_45' title="bbox 155 2950 1745 3028">
     <span class='ocr_line' id='line_1_45' title="bbox 155 2950 1745 3028; baseline 0.003 -22"><span class='ocrx_word' id='word_1_329' title='bbox 155 2954 357 3009; x_wconf 80' lang='grc' dir='ltr'>τούτου</span> <span class='ocrx_word' id='word_1_330' title='bbox 422 2958 456 3010; x_wconf 87' lang='grc' dir='ltr'><em>ὀ</em></span> <span class='ocrx_word' id='word_1_331' title='bbox 509 2957 692 3024; x_wconf 75' lang='grc' dir='ltr'>λόγος</span> <span class='ocrx_word' id='word_1_332' title='bbox 734 2956 985 3023; x_wconf 83' lang='grc' dir='ltr'>ἵστησιν</span> <span class='ocrx_word' id='word_1_333' title='bbox 1012 2957 1170 3023; x_wconf 83' lang='grc' dir='ltr'>αὐτῷ</span> <span class='ocrx_word' id='word_1_334' title='bbox 1219 2956 1285 3009; x_wconf 80' lang='grc' dir='ltr'>τὸ</span> <span class='ocrx_word' id='word_1_335' title='bbox 1321 2955 1551 3028; x_wconf 71' lang='grc' dir='ltr'>ἰδίωμα.</span> <span class='ocrx_word' id='word_1_336' title='bbox 1580 2956 1654 3011; x_wconf 81' lang='grc' dir='ltr'><strong>Τὸ</strong></span> <span class='ocrx_word' id='word_1_337' title='bbox 1677 2950 1745 3011; x_wconf 80' lang='grc' dir='ltr'>δὲ</span> 
     </span>
    </p>
   </div>
   <div class='ocr_carea' id='block_1_46' title="bbox 152 3043 1743 3120">
    <p class='ocr_par' dir='ltr' id='par_1_46' title="bbox 152 3043 1743 3120">
     <span class='ocr_line' id='line_1_46' title="bbox 152 3043 1743 3120; baseline 0.003 -22"><span class='ocrx_word' id='word_1_338' title='bbox 152 3043 316 3113; x_wconf 71' lang='grc' dir='ltr'>ἅγιον</span> <span class='ocrx_word' id='word_1_339' title='bbox 345 3047 598 3116; x_wconf 74' lang='grc' dir='ltr'>Πνεῦμα</span> <span class='ocrx_word' id='word_1_340' title='bbox 625 3047 725 3101; x_wconf 71' lang='grc' dir='ltr'>καὶ</span> <span class='ocrx_word' id='word_1_341' title='bbox 748 3046 815 3101; x_wconf 70' lang='grc' dir='ltr'>ἐκ</span> <span class='ocrx_word' id='word_1_342' title='bbox 843 3047 948 3102; x_wconf 82' lang='grc' dir='ltr'><strong>τοῦ</strong></span> <span class='ocrx_word' id='word_1_343' title='bbox 975 3050 1207 3117; x_wconf 76' lang='grc' dir='ltr'>Πατρύς</span> <span class='ocrx_word' id='word_1_344' title='bbox 1240 3049 1476 3120; x_wconf 70' lang='grc' dir='ltr'>λέγεται</span> <span class='ocrx_word' id='word_1_345' title='bbox 1497 3090 1511 3113; x_wconf 90' lang='grc'><strong>,</strong></span> <span class='ocrx_word' id='word_1_346' title='bbox 1545 3049 1640 3103; x_wconf 74' lang='grc' dir='ltr'><strong>καί</strong></span> <span class='ocrx_word' id='word_1_347' title='bbox 1675 3049 1743 3103; x_wconf 71' lang='grc' dir='ltr'>ἐιι</span> 
     </span>
    </p>
   </div>
   <div class='ocr_carea' id='block_1_47' title="bbox 152 3132 1742 3212">
    <p class='ocr_par' dir='ltr' id='par_1_47' title="bbox 152 3132 1742 3212">
     <span class='ocr_line' id='line_1_47' title="bbox 152 3132 1742 3212; baseline 0.001 -21"><span class='ocrx_word' id='word_1_348' title='bbox 152 3137 251 3191; x_wconf 83' lang='grc' dir='ltr'><strong>τοῦ</strong></span> <span class='ocrx_word' id='word_1_349' title='bbox 298 3137 439 3193; x_wconf 80' lang='grc' dir='ltr'>Υἱοῦ</span> <span class='ocrx_word' id='word_1_350' title='bbox 518 3132 668 3192; x_wconf 81' lang='grc' dir='ltr'>εἷναι</span> <span class='ocrx_word' id='word_1_351' title='bbox 727 3141 1283 3209; x_wconf 75' lang='grc' dir='ltr'>προσμαρτυρεῖται.</span> <span class='ocrx_word' id='word_1_352' title='bbox 1335 3141 1557 3204; x_wconf 77' lang='grc' dir='ltr'><strong>Πάντως</strong></span> <span class='ocrx_word' id='word_1_353' title='bbox 1616 3141 1742 3212; x_wconf 75' lang='grc' dir='ltr'>περὶ</span> 
     </span>
    </p>
   </div>
   <div class='ocr_carea' id='block_1_48' title="bbox 1847 1942 3424 2015">
    <p class='ocr_par' dir='ltr' id='par_1_48' title="bbox 1847 1942 3424 2015">
     <span class='ocr_line' id='line_1_48' title="bbox 1847 1942 3424 2015; baseline 0.001 -19"><span class='ocrx_word' id='word_1_354' title='bbox 1847 1943 1897 1998; x_wconf 89' lang='lat' dir='ltr'><strong>id</strong></span> <span class='ocrx_word' id='word_1_355' title='bbox 1933 1948 2187 2014; x_wconf 54' lang='lat' dir='ltr'><strong>prepter,‘</strong></span> <span class='ocrx_word' id='word_1_356' title='bbox 2212 1942 2335 1998; x_wconf 83' lang='lat' dir='ltr'><strong>cum</strong></span> <span class='ocrx_word' id='word_1_357' title='bbox 2371 1946 2474 1999; x_wconf 83' lang='lat' dir='ltr'><strong>sibi</strong></span> <span class='ocrx_word' id='word_1_358' title='bbox 2504 1946 2557 1998; x_wconf 89' lang='lat' dir='ltr'><strong>in</strong></span> <span class='ocrx_word' id='word_1_359' title='bbox 2591 1944 2813 2000; x_wconf 87' lang='lat' dir='ltr'><strong>deitatis</strong></span> <span class='ocrx_word' id='word_1_360' title='bbox 2850 1945 3097 2015; x_wconf 81' lang='lat' dir='ltr'><strong>principe</strong></span> <span class='ocrx_word' id='word_1_361' title='bbox 3127 1942 3327 1998; x_wconf 82' lang='lat' dir='ltr'><strong>Triade</strong></span> <span class='ocrx_word' id='word_1_362' title='bbox 3354 1943 3424 1998; x_wconf 82' lang='lat' dir='ltr'><strong>de</strong></span> 
     </span>
    </p>
   </div>
   <div class='ocr_carea' id='block_1_49' title="bbox 1849 2022 3421 2105">
    <p class='ocr_par' dir='ltr' id='par_1_49' title="bbox 1849 2022 3421 2105">
     <span class='ocr_line' id='line_1_49' title="bbox 1849 2022 3421 2105; baseline -0.001 -16"><span class='ocrx_word' id='word_1_363' title='bbox 1849 2035 2171 2089; x_wconf 86' lang='lat' dir='ltr'><strong>discrimine</strong></span> <span class='ocrx_word' id='word_1_364' title='bbox 2205 2035 2387 2090; x_wconf 85' lang='lat' dir='ltr'><strong>dicere</strong></span> <span class='ocrx_word' id='word_1_365' title='bbox 2420 2022 2819 2105; x_wconf 74' lang='lat' dir='ltr'><strong>proposuisset,</strong></span> <span class='ocrx_word' id='word_1_366' title='bbox 2855 2051 2920 2090; x_wconf 80' lang='lat' dir='ltr'><strong>ex</strong></span> <span class='ocrx_word' id='word_1_367' title='bbox 2969 2034 3102 2099; x_wconf 85' lang='lat' dir='ltr'><strong>alto,</strong></span> <span class='ocrx_word' id='word_1_368' title='bbox 3157 2053 3223 2090; x_wconf 84' lang='lat' dir='ltr'><strong>ex</strong></span> <span class='ocrx_word' id='word_1_369' title='bbox 3259 2035 3421 2089; x_wconf 79' lang='lat' dir='ltr'><strong>Patre</strong></span> 
     </span>
    </p>
   </div>
   <div class='ocr_carea' id='block_1_50' title="bbox 1846 2127 3423 2197">
    <p class='ocr_par' dir='ltr' id='par_1_50' title="bbox 1846 2127 3423 2197">
     <span class='ocr_line' id='line_1_50' title="bbox 1846 2127 3423 2197; baseline -0.001 -15"><span class='ocrx_word' id='word_1_370' title='bbox 1846 2142 2065 2197; x_wconf 89' lang='lat' dir='ltr'><strong>nempe,</strong></span> <span class='ocrx_word' id='word_1_371' title='bbox 2112 2134 2166 2181; x_wconf 91' lang='lat' dir='ltr'><strong>et</strong></span> <span class='ocrx_word' id='word_1_372' title='bbox 2209 2128 2514 2182; x_wconf 88' lang='lat' dir='ltr'><strong>orationem</strong></span> <span class='ocrx_word' id='word_1_373' title='bbox 2558 2128 2889 2181; x_wconf 87' lang='lat' dir='ltr'><strong>continuans</strong></span> <span class='ocrx_word' id='word_1_374' title='bbox 2936 2127 3104 2190; x_wconf 87' lang='lat' dir='ltr'><strong>illius,</strong></span> <span class='ocrx_word' id='word_1_375' title='bbox 3141 2128 3284 2196; x_wconf 88' lang='lat' dir='ltr'><strong>quod</strong></span> <span class='ocrx_word' id='word_1_376' title='bbox 3333 2141 3423 2181; x_wconf 48' lang='lat' dir='ltr'><strong>se.</strong></span> 
     </span>
    </p>
   </div>
   <div class='ocr_carea' id='block_1_51' title="bbox 1844 2217 3420 2285">
    <p class='ocr_par' dir='ltr' id='par_1_51' title="bbox 1844 2217 3420 2285">
     <span class='ocr_line' id='line_1_51' title="bbox 1844 2217 3420 2285; baseline -0.001 -11"><span class='ocrx_word' id='word_1_377' title='bbox 1844 2219 2087 2275; x_wconf 87' lang='lat' dir='ltr'><strong>cundum</strong></span> <span class='ocrx_word' id='word_1_378' title='bbox 2142 2220 2517 2274; x_wconf 86' lang='lat' dir='ltr'><strong>exsistentiam</strong></span> <span class='ocrx_word' id='word_1_379' title='bbox 2568 2230 2677 2285; x_wconf 88' lang='lat' dir='ltr'><strong>est,</strong></span> <span class='ocrx_word' id='word_1_380' title='bbox 2729 2234 2829 2273; x_wconf 88' lang='lat' dir='ltr'><strong>nec</strong></span> <span class='ocrx_word' id='word_1_381' title='bbox 2873 2217 3101 2272; x_wconf 73' lang='lat' dir='ltr'><strong>alterius</strong></span> <span class='ocrx_word' id='word_1_382' title='bbox 3152 2219 3420 2272; x_wconf 85' lang='lat' dir='ltr'><strong>meminit.</strong></span> 
     </span>
    </p>
   </div>
   <div class='ocr_carea' id='block_1_52' title="bbox 1842 2308 3420 2381">
    <p class='ocr_par' dir='ltr' id='par_1_52' title="bbox 1842 2308 3420 2381">
     <span class='ocr_line' id='line_1_52' title="bbox 1842 2308 3420 2381; baseline -0.003 -14"><span class='ocrx_word' id='word_1_383' title='bbox 1842 2314 2087 2381; x_wconf 72' lang='lat' dir='ltr'><strong>Namque</strong></span> <span class='ocrx_word' id='word_1_384' title='bbox 2142 2310 2196 2364; x_wconf 84' lang='lat' dir='ltr'><strong>in</strong></span> <span class='ocrx_word' id='word_1_385' title='bbox 2255 2312 2450 2381; x_wconf 84' lang='lat' dir='ltr'><strong>primis</strong></span> <span class='ocrx_word' id='word_1_386' title='bbox 2508 2310 2574 2364; x_wconf 91' lang='lat' dir='ltr'><strong>de</strong></span> <span class='ocrx_word' id='word_1_387' title='bbox 2632 2308 2796 2364; x_wconf 88' lang='lat' dir='ltr'><strong>Patre</strong></span> <span class='ocrx_word' id='word_1_388' title='bbox 2848 2308 3020 2373; x_wconf 81' lang='lat' dir='ltr'><strong>dixit,</strong></span> <span class='ocrx_word' id='word_1_389' title='bbox 3076 2323 3204 2363; x_wconf 88' lang='lat' dir='ltr'><strong>eum</strong></span> <span class='ocrx_word' id='word_1_390' title='bbox 3264 2319 3420 2363; x_wconf 82' lang='lat' dir='ltr'><strong>extra</strong></span> 
     </span>
    </p>
   </div>
   <div class='ocr_carea' id='block_1_53' title="bbox 1843 2403 3420 2474">
    <p class='ocr_par' dir='ltr' id='par_1_53' title="bbox 1843 2403 3420 2474">
     <span class='ocr_line' id='line_1_53' title="bbox 1843 2403 3420 2474; baseline -0.003 -14"><span class='ocrx_word' id='word_1_391' title='bbox 1843 2421 2091 2469; x_wconf 84' lang='lat' dir='ltr'><strong>causam,</strong></span> <span class='ocrx_word' id='word_1_392' title='bbox 2121 2421 2231 2459; x_wconf 86' lang='lat' dir='ltr'><strong>non</strong></span> <span class='ocrx_word' id='word_1_393' title='bbox 2283 2420 2349 2459; x_wconf 80' lang='lat' dir='ltr'><strong>ex</strong></span> <span class='ocrx_word' id='word_1_394' title='bbox 2392 2404 2576 2474; x_wconf 89' lang='lat' dir='ltr'><strong>aliquo</strong></span> <span class='ocrx_word' id='word_1_395' title='bbox 2610 2419 2808 2473; x_wconf 87' lang='lat' dir='ltr'><strong>nempe</strong></span> <span class='ocrx_word' id='word_1_396' title='bbox 2837 2418 2981 2468; x_wconf 80' lang='lat' dir='ltr'><strong>esse,</strong></span> <span class='ocrx_word' id='word_1_397' title='bbox 3017 2403 3420 2471; x_wconf 80' lang='lat' dir='ltr'><strong>subsequenter</strong></span> 
     </span>
    </p>
   </div>
   <div class='ocr_carea' id='block_1_54' title="bbox 1844 2492 3425 2564">
    <p class='ocr_par' dir='ltr' id='par_1_54' title="bbox 1844 2492 3425 2564">
     <span class='ocr_line' id='line_1_54' title="bbox 1844 2492 3425 2564; baseline -0.004 -10"><span class='ocrx_word' id='word_1_398' title='bbox 1844 2512 1967 2554; x_wconf 89' lang='lat' dir='ltr'><strong>cum</strong></span> <span class='ocrx_word' id='word_1_399' title='bbox 2017 2512 2315 2552; x_wconf 87' lang='lat' dir='ltr'><strong>commune</strong></span> <span class='ocrx_word' id='word_1_400' title='bbox 2376 2511 2493 2551; x_wconf 86' lang='lat' dir='ltr'><strong>esse</strong></span> <span class='ocrx_word' id='word_1_401' title='bbox 2536 2497 2865 2551; x_wconf 86' lang='lat' dir='ltr'><strong>asseruisset</strong></span> <span class='ocrx_word' id='word_1_402' title='bbox 2914 2493 3054 2549; x_wconf 88' lang='lat' dir='ltr'><strong>Filio</strong></span> <span class='ocrx_word' id='word_1_403' title='bbox 3103 2505 3155 2547; x_wconf 90' lang='lat' dir='ltr'><strong>et</strong></span> <span class='ocrx_word' id='word_1_404' title='bbox 3193 2492 3425 2564; x_wconf 84' lang='lat' dir='ltr'><strong>Spiritui</strong></span> 
     </span>
    </p>
   </div>
   <div class='ocr_carea' id='block_1_55' title="bbox 1843 2580 3425 2655">
    <p class='ocr_par' dir='ltr' id='par_1_55' title="bbox 1843 2580 3425 2655">
     <span class='ocr_line' id='line_1_55' title="bbox 1843 2580 3425 2655; baseline -0.004 -10"><span class='ocrx_word' id='word_1_405' title='bbox 1843 2605 1910 2645; x_wconf 77' lang='lat' dir='ltr'><strong>ex</strong></span> <span class='ocrx_word' id='word_1_406' title='bbox 1967 2605 2136 2644; x_wconf 86' lang='lat' dir='ltr'><strong>causa</strong></span> <span class='ocrx_word' id='word_1_407' title='bbox 2203 2604 2368 2655; x_wconf 87' lang='lat' dir='ltr'><strong>esse,</strong></span> <span class='ocrx_word' id='word_1_408' title='bbox 2454 2588 2775 2641; x_wconf 75' lang='lat' dir='ltr'><strong>earumdem</strong></span> <span class='ocrx_word' id='word_1_409' title='bbox 2838 2585 3036 2640; x_wconf 76' lang='lat' dir='ltr'><strong>divina:</strong></span> <span class='ocrx_word' id='word_1_410' title='bbox 3088 2580 3425 2640; x_wconf 66' lang='lat' dir='ltr'><strong>exSistentiae</strong></span> 
     </span>
    </p>
   </div>
   <div class='ocr_carea' id='block_1_56' title="bbox 1844 2676 3425 2753">
    <p class='ocr_par' dir='ltr' id='par_1_56' title="bbox 1844 2676 3425 2753">
     <span class='ocr_line' id='line_1_56' title="bbox 1844 2676 3425 2753; baseline -0.004 -16"><span class='ocrx_word' id='word_1_411' title='bbox 1844 2694 2098 2753; x_wconf 80' lang='lat' dir='ltr'><strong>respectu</strong></span> <span class='ocrx_word' id='word_1_412' title='bbox 2137 2681 2318 2737; x_wconf 85' lang='lat' dir='ltr'><strong>Patris</strong></span> <span class='ocrx_word' id='word_1_413' title='bbox 2371 2679 2738 2735; x_wconf 71' lang='lat' dir='ltr'><strong>differentiam</strong></span> <span class='ocrx_word' id='word_1_414' title='bbox 2793 2676 3122 2733; x_wconf 82' lang='lat' dir='ltr'><strong>insinuavit.</strong></span> <span class='ocrx_word' id='word_1_415' title='bbox 3172 2676 3425 2732; x_wconf 81' lang='lat' dir='ltr'><strong>Postmo-</strong></span> 
     </span>
    </p>
   </div>
   <div class='ocr_carea' id='block_1_57' title="bbox 1843 2767 3426 2841">
    <p class='ocr_par' dir='ltr' id='par_1_57' title="bbox 1843 2767 3426 2841">
     <span class='ocr_line' id='line_1_57' title="bbox 1843 2767 3426 2841; baseline -0.005 -14"><span class='ocrx_word' id='word_1_416' title='bbox 1843 2774 1972 2828; x_wconf 89' lang='lat' dir='ltr'><strong>dum</strong></span> <span class='ocrx_word' id='word_1_417' title='bbox 2001 2773 2383 2831; x_wconf 74' lang='lat' dir='ltr'><strong>diﬂ&#39;erentiam,</strong></span> <span class='ocrx_word' id='word_1_418' title='bbox 2414 2786 2536 2841; x_wconf 72' lang='grc' dir='ltr'>ιιιιαι</span> <span class='ocrx_word' id='word_1_419' title='bbox 2577 2772 2718 2825; x_wconf 89' lang='lat' dir='ltr'><strong>inter</strong></span> <span class='ocrx_word' id='word_1_420' title='bbox 2747 2770 2845 2824; x_wconf 89' lang='lat' dir='ltr'><strong>hos</strong></span> <span class='ocrx_word' id='word_1_421' title='bbox 2880 2772 3101 2823; x_wconf 85' lang='lat' dir='ltr'><strong>eosdem</strong></span> <span class='ocrx_word' id='word_1_422' title='bbox 3134 2767 3426 2822; x_wconf 79' lang='lat' dir='ltr'><strong>intercedit</strong></span> 
     </span>
    </p>
   </div>
   <div class='ocr_carea' id='block_1_58' title="bbox 1843 2859 3421 2939">
    <p class='ocr_par' dir='ltr' id='par_1_58' title="bbox 1843 2859 3421 2939">
     <span class='ocr_line' id='line_1_58' title="bbox 1843 2859 3421 2939; baseline -0.006 -16"><span class='ocrx_word' id='word_1_423' title='bbox 1843 2884 2143 2939; x_wconf 82' lang='lat' dir='ltr'><strong>exponens,</strong></span> <span class='ocrx_word' id='word_1_424' title='bbox 2192 2878 2250 2922; x_wconf 87' lang='lat' dir='ltr'><strong>ut</strong></span> <span class='ocrx_word' id='word_1_425' title='bbox 2300 2866 2466 2920; x_wconf 72' lang='lat' dir='ltr'><strong>Verba</strong></span> <span class='ocrx_word' id='word_1_426' title='bbox 2520 2864 2636 2934; x_wconf 88' lang='lat' dir='ltr'><strong>ipsa</strong></span> <span class='ocrx_word' id='word_1_427' title='bbox 2671 2863 2800 2918; x_wconf 83' lang='lat' dir='ltr'><strong>dicti</strong></span> <span class='ocrx_word' id='word_1_428' title='bbox 2832 2863 3319 2929; x_wconf 83' lang='lat' dir='ltr'><strong>comprehendam.</strong></span> <span class='ocrx_word' id='word_1_429' title='bbox 3350 2859 3421 2913; x_wconf 88' lang='lat' dir='ltr'><strong>ita</strong></span> 
     </span>
    </p>
   </div>
   <div class='ocr_carea' id='block_1_59' title="bbox 1844 2949 3424 3027">
    <p class='ocr_par' dir='ltr' id='par_1_59' title="bbox 1844 2949 3424 3027">
     <span class='ocr_line' id='line_1_59' title="bbox 1844 2949 3424 3027; baseline -0.009 -11"><span class='ocrx_word' id='word_1_430' title='bbox 1844 2962 2148 3016; x_wconf 84' lang='lat' dir='ltr'><strong>enttntlavit</strong></span> <span class='ocrx_word' id='word_1_431' title='bbox 2183 2974 2196 3013; x_wconf 91' lang='lat'>:</span> <span class='ocrx_word' id='word_1_432' title='bbox 2236 2956 2549 3027; x_wconf 76' lang='lat' dir='ltr'><strong>Unigenitus</strong></span> <span class='ocrx_word' id='word_1_433' title='bbox 2600 2970 2824 3024; x_wconf 81' lang='lat' dir='ltr'><strong>namque</strong></span> <span class='ocrx_word' id='word_1_434' title='bbox 2858 2951 3032 3006; x_wconf 78' lang='lat' dir='ltr'><strong>Filius</strong></span> <span class='ocrx_word' id='word_1_435' title='bbox 3084 2966 3147 3006; x_wconf 73' lang='lat' dir='ltr'><strong>ea:</strong></span> <span class='ocrx_word' id='word_1_436' title='bbox 3180 2949 3345 3004; x_wconf 84' lang='lat' dir='ltr'><strong>Patre</strong></span> <span class='ocrx_word' id='word_1_437' title='bbox 3390 2966 3424 3002; x_wconf 88' lang='lat' dir='ltr'><strong>a</strong></span> 
     </span>
    </p>
   </div>
   <div class='ocr_carea' id='block_1_60' title="bbox 1844 3043 3425 3120">
    <p class='ocr_par' dir='ltr' id='par_1_60' title="bbox 1844 3043 3425 3120">
     <span class='ocr_line' id='line_1_60' title="bbox 1844 3043 3425 3120; baseline -0.008 -13"><span class='ocrx_word' id='word_1_438' title='bbox 1844 3067 1999 3108; x_wconf 81' lang='lat' dir='ltr'><strong>sacra</strong></span> <span class='ocrx_word' id='word_1_439' title='bbox 2037 3050 2313 3120; x_wconf 61' lang='lat' dir='ltr'><strong>Scriptura</strong></span> <span class='ocrx_word' id='word_1_440' title='bbox 2358 3050 2576 3113; x_wconf 75' lang='lat' dir='ltr'><strong>dicitur,</strong></span> <span class='ocrx_word' id='word_1_441' title='bbox 2612 3063 2773 3117; x_wconf 76' lang='lat' dir='ltr'><strong>neque</strong></span> <span class='ocrx_word' id='word_1_442' title='bbox 2818 3048 2960 3100; x_wconf 80' lang='lat' dir='ltr'><strong>ultra</strong></span> <span class='ocrx_word' id='word_1_443' title='bbox 2995 3045 3090 3098; x_wconf 82' lang='lat' dir='ltr'><strong>hoc</strong></span> <span class='ocrx_word' id='word_1_444' title='bbox 3121 3043 3269 3097; x_wconf 79' lang='lat' dir='ltr'><strong>illius</strong></span> <span class='ocrx_word' id='word_1_445' title='bbox 3302 3058 3425 3110; x_wconf 87' lang='lat' dir='ltr'><strong>pro-</strong></span> 
     </span>
    </p>
   </div>
   <div class='ocr_carea' id='block_1_61' title="bbox 1844 3134 3509 3211">
    <p class='ocr_par' dir='ltr' id='par_1_61' title="bbox 1844 3134 3509 3211">
     <span class='ocr_line' id='line_1_61' title="bbox 1844 3134 3509 3211; baseline -0.006 -16"><span class='ocrx_word' id='word_1_446' title='bbox 1844 3142 2123 3211; x_wconf 82' lang='lat' dir='ltr'><strong>prietatem</strong></span> <span class='ocrx_word' id='word_1_447' title='bbox 2159 3141 2333 3196; x_wconf 83' lang='lat' dir='ltr'><strong>oratio</strong></span> <span class='ocrx_word' id='word_1_448' title='bbox 2370 3140 2631 3204; x_wconf 65' lang='lat' dir='ltr'><strong>extendit,</strong></span> <span class='ocrx_word' id='word_1_449' title='bbox 2668 3138 2900 3205; x_wconf 74' lang='lat' dir='ltr'><strong>Spiritus</strong></span> <span class='ocrx_word' id='word_1_450' title='bbox 2947 3153 3066 3190; x_wconf 73' lang='lat' dir='ltr'><strong>vero</strong></span> <span class='ocrx_word' id='word_1_451' title='bbox 3114 3144 3330 3189; x_wconf 75' lang='lat' dir='ltr'><strong>sanctus</strong></span> <span class='ocrx_word' id='word_1_452' title='bbox 3372 3141 3424 3188; x_wconf 83' lang='lat' dir='ltr'><strong>et</strong></span> <span class='ocrx_word' id='word_1_453' title='bbox 3505 3134 3509 3140; x_wconf 85' lang='grc'><em>’</em></span> 
     </span>
    </p>
   </div>
   <div class='ocr_carea' id='block_1_62' title="bbox 152 3213 1758 3302">
    <p class='ocr_par' dir='ltr' id='par_1_62' title="bbox 152 3229 1740 3302">
     <span class='ocr_line' id='line_1_62' title="bbox 152 3229 1740 3302; baseline 0.001 -20"><span class='ocrx_word' id='word_1_454' title='bbox 152 3229 429 3301; x_wconf 72' lang='grc' dir='ltr'>ὑπάρξεως</span> <span class='ocrx_word' id='word_1_455' title='bbox 451 3229 741 3285; x_wconf 73' lang='grc' dir='ltr'>κάνταῦθα</span> <span class='ocrx_word' id='word_1_456' title='bbox 773 3231 866 3284; x_wconf 88' lang='grc' dir='ltr'><strong>τοῦ</strong></span> <span class='ocrx_word' id='word_1_457' title='bbox 906 3229 1036 3285; x_wconf 85' lang='grc' dir='ltr'>Υίοῦ</span> <span class='ocrx_word' id='word_1_458' title='bbox 1069 3232 1161 3284; x_wconf 70' lang='grc' dir='ltr'><strong>καὶ</strong></span> <span class='ocrx_word' id='word_1_459' title='bbox 1212 3229 1311 3284; x_wconf 80' lang='grc' dir='ltr'><strong>τοῦ</strong></span> <span class='ocrx_word' id='word_1_460' title='bbox 1368 3230 1682 3302; x_wconf 63' lang='grc' dir='ltr'>Πλεύματος</span> <span class='ocrx_word' id='word_1_461' title='bbox 1713 3232 1740 3284; x_wconf 88' lang='grc' dir='ltr'>ὁ</span> 
     </span>
    </p>
   </div>
   <div class='ocr_carea' id='block_1_63' title="bbox 1846 3213 3425 3302">
    <p class='ocr_par' dir='ltr' id='par_1_63' title="bbox 1846 3226 3425 3295">
     <span class='ocr_line' id='line_1_63' title="bbox 1846 3226 3425 3295; baseline -0.005 -7"><span class='ocrx_word' id='word_1_462' title='bbox 1846 3249 1907 3288; x_wconf 81' lang='lat' dir='ltr'><strong>ea:</strong></span> <span class='ocrx_word' id='word_1_463' title='bbox 1955 3232 2116 3287; x_wconf 83' lang='lat' dir='ltr'><strong>Patre</strong></span> <span class='ocrx_word' id='word_1_464' title='bbox 2163 3234 2387 3295; x_wconf 82' lang='lat' dir='ltr'><strong>dicitur,</strong></span> <span class='ocrx_word' id='word_1_465' title='bbox 2443 3244 2489 3285; x_wconf 83' lang='lat' dir='ltr'><strong>et</strong></span> <span class='ocrx_word' id='word_1_466' title='bbox 2546 3246 2610 3284; x_wconf 76' lang='lat' dir='ltr'><strong>ra:</strong></span> <span class='ocrx_word' id='word_1_467' title='bbox 2653 3230 2951 3284; x_wconf 61' lang='lat' dir='ltr'><strong>Filimesse</strong></span> <span class='ocrx_word' id='word_1_468' title='bbox 3007 3228 3288 3282; x_wconf 81' lang='lat' dir='ltr'><strong>astruitur.</strong></span> <span class='ocrx_word' id='word_1_469' title='bbox 3328 3226 3425 3281; x_wconf 87' lang='lat' dir='ltr'><strong>ch</strong></span> 
     </span>
    </p>
   </div>
   <div class='ocr_carea' id='block_1_64' title="bbox 148 3311 1741 3394">
    <p class='ocr_par' dir='ltr' id='par_1_64' title="bbox 148 3311 1741 3394">
     <span class='ocr_line' id='line_1_64' title="bbox 148 3311 1741 3394; baseline 0.002 -20"><span class='ocrx_word' id='word_1_470' title='bbox 148 3323 297 3388; x_wconf 79' lang='grc' dir='ltr'>λόγος</span> <span class='ocrx_word' id='word_1_471' title='bbox 329 3325 509 3377; x_wconf 74' lang='grc' dir='ltr'>ἐστίν.</span> <span class='ocrx_word' id='word_1_472' title='bbox 563 3323 729 3376; x_wconf 81' lang='grc' dir='ltr'>Ὥστε</span> <span class='ocrx_word' id='word_1_473' title='bbox 757 3323 852 3376; x_wconf 72' lang='grc' dir='ltr'>καὶ</span> <span class='ocrx_word' id='word_1_474' title='bbox 900 3324 934 3394; x_wconf 86' lang='grc' dir='ltr'><strong>ή</strong></span> <span class='ocrx_word' id='word_1_475' title='bbox 998 3323 1199 3393; x_wconf 72' lang='grc' dir='ltr'>μεταξὺ</span> <span class='ocrx_word' id='word_1_476' title='bbox 1258 3311 1473 3377; x_wconf 64' lang='grc' dir='ltr'>τούτων’</span> <span class='ocrx_word' id='word_1_477' title='bbox 1509 3324 1741 3394; x_wconf 60' lang='grc' dir='ltr'>δμαφορὰ</span> 
     </span>
    </p>
   </div>
   <div class='ocr_carea' id='block_1_65' title="bbox 146 3414 1738 3487">
    <p class='ocr_par' dir='ltr' id='par_1_65' title="bbox 146 3414 1738 3487">
     <span class='ocr_line' id='line_1_65' title="bbox 146 3414 1738 3487; baseline 0 -20"><span class='ocrx_word' id='word_1_478' title='bbox 146 3414 253 3478; x_wconf 81' lang='grc' dir='ltr'>τοῖς</span> <span class='ocrx_word' id='word_1_479' title='bbox 272 3415 545 3469; x_wconf 71' lang='grc' dir='ltr'>κάλλιστα</span> <span class='ocrx_word' id='word_1_480' title='bbox 573 3414 751 3479; x_wconf 81' lang='grc' dir='ltr'>νοοῦσι</span> <span class='ocrx_word' id='word_1_481' title='bbox 780 3416 901 3468; x_wconf 86' lang='grc' dir='ltr'>καθ’</span> <span class='ocrx_word' id='word_1_482' title='bbox 923 3415 1155 3485; x_wconf 76' lang='grc' dir='ltr'>ὕπαρξιν</span> <span class='ocrx_word' id='word_1_483' title='bbox 1181 3431 1193 3446; x_wconf 75' lang='grc' dir='ltr'><strong><em>ο</em></strong></span> <span class='ocrx_word' id='word_1_484' title='bbox 1228 3417 1346 3468; x_wconf 70' lang='grc' dir='ltr'>ἐπεὶ</span> <span class='ocrx_word' id='word_1_485' title='bbox 1380 3419 1489 3479; x_wconf 84' lang='grc' dir='ltr'>τοῖς</span> <span class='ocrx_word' id='word_1_486' title='bbox 1517 3417 1738 3487; x_wconf 79' lang='grc' dir='ltr'>ἑτέρως,</span> 
     </span>
    </p>
   </div>
   <div class='ocr_carea' id='block_1_66' title="bbox 147 3504 1741 3576">
    <p class='ocr_par' dir='ltr' id='par_1_66' title="bbox 147 3504 1741 3576">
     <span class='ocr_line' id='line_1_66' title="bbox 147 3504 1741 3576; baseline 0.001 -20"><span class='ocrx_word' id='word_1_487' title='bbox 147 3505 285 3573; x_wconf 77' lang='grc' dir='ltr'>φημὶ</span> <span class='ocrx_word' id='word_1_488' title='bbox 309 3506 451 3559; x_wconf 76' lang='grc' dir='ltr'>κατὰ</span> <span class='ocrx_word' id='word_1_489' title='bbox 498 3506 704 3575; x_wconf 77' lang='grc' dir='ltr'>σχέσιν,</span> <span class='ocrx_word' id='word_1_490' title='bbox 730 3505 825 3565; x_wconf 80' lang='grc' dir='ltr'><strong>νῦν</strong></span> <span class='ocrx_word' id='word_1_491' title='bbox 871 3504 1271 3576; x_wconf 79' lang='grc' dir='ltr'>ὲκλαμδὰνουσι</span> <span class='ocrx_word' id='word_1_492' title='bbox 1322 3505 1420 3576; x_wconf 74' lang='grc' dir='ltr'>τὴν</span> <span class='ocrx_word' id='word_1_493' title='bbox 1478 3506 1741 3575; x_wconf 73' lang='grc' dir='ltr'>διαφορὰν</span> 
     </span>
    </p>
   </div>
   <div class='ocr_carea' id='block_1_67' title="bbox 146 3596 1741 3668">
    <p class='ocr_par' dir='ltr' id='par_1_67' title="bbox 146 3596 1741 3668">
     <span class='ocr_line' id='line_1_67' title="bbox 146 3596 1741 3668; baseline 0.001 -20"><span class='ocrx_word' id='word_1_494' title='bbox 146 3597 527 3668; x_wconf 80' lang='grc' dir='ltr'>ἁσυνάρτητσν</span> <span class='ocrx_word' id='word_1_495' title='bbox 559 3597 635 3668; x_wconf 81' lang='grc' dir='ltr'>τῷ</span> <span class='ocrx_word' id='word_1_496' title='bbox 668 3599 829 3651; x_wconf 73' lang='grc' dir='ltr'>παντὶ</span> <span class='ocrx_word' id='word_1_497' title='bbox 856 3599 914 3650; x_wconf 80' lang='grc' dir='ltr'>τὸ</span> <span class='ocrx_word' id='word_1_498' title='bbox 941 3597 1067 3668; x_wconf 74' lang='grc' dir='ltr'>περὶ</span> <span class='ocrx_word' id='word_1_499' title='bbox 1097 3598 1190 3651; x_wconf 86' lang='grc' dir='ltr'><strong>τοῦ</strong></span> <span class='ocrx_word' id='word_1_500' title='bbox 1236 3597 1551 3667; x_wconf 77' lang='grc' dir='ltr'>Πνεῦματος</span> <span class='ocrx_word' id='word_1_501' title='bbox 1585 3596 1741 3667; x_wconf 87' lang='grc' dir='ltr'>τοῦτο</span> 
     </span>
    </p>
   </div>
   <div class='ocr_carea' id='block_1_68' title="bbox 144 3668 1743 3761">
    <p class='ocr_par' dir='ltr' id='par_1_68' title="bbox 144 3668 1743 3761">
     <span class='ocr_line' id='line_1_68' title="bbox 144 3668 1743 3761; baseline 0.001 -20"><span class='ocrx_word' id='word_1_502' title='bbox 144 3687 232 3742; x_wconf 82' lang='grc' dir='ltr'><strong>καὶ</strong></span> <span class='ocrx_word' id='word_1_503' title='bbox 292 3689 697 3759; x_wconf 71' lang='grc' dir='ltr'>ἀκατάλληλον.</span> <span class='ocrx_word' id='word_1_504' title='bbox 758 3690 942 3761; x_wconf 73' lang='grc' dir='ltr'>Ὀρᾷς.</span> <span class='ocrx_word' id='word_1_505' title='bbox 989 3693 1017 3743; x_wconf 88' lang='grc' dir='ltr'>ὁ</span> <span class='ocrx_word' id='word_1_506' title='bbox 1078 3691 1403 3761; x_wconf 82' lang='grc' dir='ltr'>μαχόμενος,</span> <span class='ocrx_word' id='word_1_507' title='bbox 1433 3689 1548 3752; x_wconf 77' lang='grc' dir='ltr'>πῶς</span> <span class='ocrx_word' id='word_1_508' title='bbox 1574 3668 1743 3757; x_wconf 76' lang='grc' dir='ltr'>ἀναγῖ</span> 
     </span>
    </p>
   </div>
   <div class='ocr_carea' id='block_1_69' title="bbox 144 3780 1745 3854">
    <p class='ocr_par' dir='ltr' id='par_1_69' title="bbox 144 3780 1745 3854">
     <span class='ocr_line' id='line_1_69' title="bbox 144 3780 1745 3854; baseline -0.001 -18"><span class='ocrx_word' id='word_1_509' title='bbox 144 3785 310 3846; x_wconf 83' lang='grc' dir='ltr'><strong>καίως</strong></span> <span class='ocrx_word' id='word_1_510' title='bbox 348 3783 383 3854; x_wconf 82' lang='grc' dir='ltr'><strong>ή</strong></span> <span class='ocrx_word' id='word_1_511' title='bbox 413 3782 632 3836; x_wconf 74' lang='grc' dir='ltr'>διάνοια</span> <span class='ocrx_word' id='word_1_512' title='bbox 660 3780 753 3835; x_wconf 87' lang='grc' dir='ltr'><strong>τοῦ</strong></span> <span class='ocrx_word' id='word_1_513' title='bbox 783 3783 942 3851; x_wconf 83' lang='grc' dir='ltr'>λόγου</span> <span class='ocrx_word' id='word_1_514' title='bbox 988 3780 1083 3853; x_wconf 66' lang='grc' dir='ltr'>τὴν</span> <span class='ocrx_word' id='word_1_515' title='bbox 1114 3782 1183 3836; x_wconf 79' lang='grc' dir='ltr'>ἐκ</span> <span class='ocrx_word' id='word_1_516' title='bbox 1224 3781 1478 3849; x_wconf 69' lang='grc' dir='ltr'>πρόθεσιν</span> <span class='ocrx_word' id='word_1_517' title='bbox 1523 3784 1745 3836; x_wconf 70' lang='grc' dir='ltr'>ἀπαιτεῖ</span> 
     </span>
    </p>
   </div>
   <div class='ocr_carea' id='block_1_70' title="bbox 144 3876 1742 3949">
    <p class='ocr_par' dir='ltr' id='par_1_70' title="bbox 144 3876 1742 3949">
     <span class='ocr_line' id='line_1_70' title="bbox 144 3876 1742 3949; baseline 0 -20"><span class='ocrx_word' id='word_1_518' title='bbox 144 3878 272 3948; x_wconf 68' lang='grc' dir='ltr'>περὶ</span> <span class='ocrx_word' id='word_1_519' title='bbox 298 3880 399 3947; x_wconf 76' lang='grc' dir='ltr'>τὴν</span> <span class='ocrx_word' id='word_1_520' title='bbox 428 3877 557 3931; x_wconf 79' lang='grc' dir='ltr'>καθ’</span> <span class='ocrx_word' id='word_1_521' title='bbox 583 3876 818 3949; x_wconf 78' lang='grc' dir='ltr'>’ὕπαρξιν</span> <span class='ocrx_word' id='word_1_522' title='bbox 850 3879 906 3931; x_wconf 81' lang='grc' dir='ltr'>ὲν</span> <span class='ocrx_word' id='word_1_523' title='bbox 932 3877 996 3948; x_wconf 76' lang='grc' dir='ltr'>τῇ</span> <span class='ocrx_word' id='word_1_524' title='bbox 1052 3880 1221 3947; x_wconf 70' lang='grc' dir='ltr'>σεπτῇ</span> <span class='ocrx_word' id='word_1_525' title='bbox 1259 3876 1447 3947; x_wconf 77' lang='grc' dir='ltr'>Τριάδι</span> <span class='ocrx_word' id='word_1_526' title='bbox 1480 3876 1742 3947; x_wconf 78' lang='grc' dir='ltr'>διαφορὰν</span> 
     </span>
    </p>
   </div>
   <div class='ocr_carea' id='block_1_71' title="bbox 149 3966 1741 4041">
    <p class='ocr_par' dir='ltr' id='par_1_71' title="bbox 149 3966 1741 4041">
     <span class='ocr_line' id='line_1_71' title="bbox 149 3966 1741 4041; baseline 0.001 -20"><span class='ocrx_word' id='word_1_527' title='bbox 149 3971 561 4041; x_wconf 79' lang='grc' dir='ltr'>καταγινομὲνη</span> <span class='ocrx_word' id='word_1_528' title='bbox 612 3970 895 4035; x_wconf 82' lang='grc' dir='ltr'>τοτέλεον;</span> <span class='ocrx_word' id='word_1_529' title='bbox 935 3966 1145 4022; x_wconf 77' lang='grc' dir='ltr'>Οὐκοῦν</span> <span class='ocrx_word' id='word_1_530' title='bbox 1199 3968 1446 4021; x_wconf 75' lang='grc' dir='ltr'>ἐντεῦθεν</span> <span class='ocrx_word' id='word_1_531' title='bbox 1509 3968 1741 4040; x_wconf 74' lang='grc' dir='ltr'>φανερὸν</span> 
     </span>
    </p>
   </div>
   <div class='ocr_carea' id='block_1_72' title="bbox 142 4054 1743 4133">
    <p class='ocr_par' dir='ltr' id='par_1_72' title="bbox 142 4054 1743 4133">
     <span class='ocr_line' id='line_1_72' title="bbox 142 4054 1743 4133; baseline 0 -19"><span class='ocrx_word' id='word_1_532' title='bbox 142 4061 213 4125; x_wconf 83' lang='grc' dir='ltr'>ὡς</span> <span class='ocrx_word' id='word_1_533' title='bbox 245 4062 273 4114; x_wconf 86' lang='grc' dir='ltr'>ὁ</span> <span class='ocrx_word' id='word_1_534' title='bbox 300 4063 414 4115; x_wconf 82' lang='grc' dir='ltr'><strong>τῶν</strong></span> <span class='ocrx_word' id='word_1_535' title='bbox 439 4063 729 4132; x_wconf 81' lang='grc' dir='ltr'>δογμάτων</span> <span class='ocrx_word' id='word_1_536' title='bbox 753 4063 970 4133; x_wconf 76' lang='grc' dir='ltr'>ἄριστος</span> <span class='ocrx_word' id='word_1_537' title='bbox 1000 4054 1153 4125; x_wconf 77' lang='grc' dir='ltr'>οὗτος</span> <span class='ocrx_word' id='word_1_538' title='bbox 1177 4062 1458 4132; x_wconf 76' lang='grc' dir='ltr'>ὑφηγητὴς</span> <span class='ocrx_word' id='word_1_539' title='bbox 1483 4062 1621 4131; x_wconf 75' lang='grc' dir='ltr'>μετὰ</span> <span class='ocrx_word' id='word_1_540' title='bbox 1646 4063 1743 4132; x_wconf 76' lang='grc' dir='ltr'>τῆς</span> 
     </span>
    </p>
   </div>
   <div class='ocr_carea' id='block_1_73' title="bbox 142 4150 1741 4223">
    <p class='ocr_par' dir='ltr' id='par_1_73' title="bbox 142 4150 1741 4223">
     <span class='ocr_line' id='line_1_73' title="bbox 142 4150 1741 4223; baseline -0.001 -18"><span class='ocrx_word' id='word_1_541' title='bbox 142 4151 405 4223; x_wconf 79' lang='grc' dir='ltr'>τοιαύτης</span> <span class='ocrx_word' id='word_1_542' title='bbox 475 4152 786 4222; x_wconf 82' lang='grc' dir='ltr'>προθέσεως</span> <span class='ocrx_word' id='word_1_543' title='bbox 833 4153 932 4221; x_wconf 78' lang='grc' dir='ltr'>τήν</span> <span class='ocrx_word' id='word_1_544' title='bbox 986 4151 1315 4223; x_wconf 82' lang='grc' dir='ltr'>δηλωθεῖσαν</span> <span class='ocrx_word' id='word_1_545' title='bbox 1372 4150 1536 4204; x_wconf 77' lang='grc' dir='ltr'>αὐτοῦ</span> <span class='ocrx_word' id='word_1_546' title='bbox 1584 4151 1741 4220; x_wconf 74' lang='grc' dir='ltr'>ῥῆσιν</span> 
     </span>
    </p>
   </div>
   <div class='ocr_carea' id='block_1_74' title="bbox 142 4240 1743 4313">
    <p class='ocr_par' dir='ltr' id='par_1_74' title="bbox 142 4240 1743 4313">
     <span class='ocr_line' id='line_1_74' title="bbox 142 4240 1743 4313; baseline 0 -17"><span class='ocrx_word' id='word_1_547' title='bbox 142 4243 438 4310; x_wconf 78' lang='grc' dir='ltr'>ἐξέδωκεν.</span> <span class='ocrx_word' id='word_1_548' title='bbox 470 4246 646 4298; x_wconf 86' lang='grc' dir='ltr'>Ἔνιοι</span> <span class='ocrx_word' id='word_1_549' title='bbox 676 4244 730 4297; x_wconf 79' lang='grc' dir='ltr'>δὲ</span> <span class='ocrx_word' id='word_1_550' title='bbox 757 4244 866 4297; x_wconf 81' lang='grc' dir='ltr'><strong>τῶν</strong></span> <span class='ocrx_word' id='word_1_551' title='bbox 915 4243 1227 4297; x_wconf 81' lang='grc' dir='ltr'>παντάπασι</span> <span class='ocrx_word' id='word_1_552' title='bbox 1280 4240 1627 4313; x_wconf 82' lang='grc' dir='ltr'>κακοσχόλων</span> <span class='ocrx_word' id='word_1_553' title='bbox 1653 4245 1743 4296; x_wconf 86' lang='grc' dir='ltr'><strong>ἀν-</strong></span> 
     </span>
    </p>
   </div>
   <div class='ocr_carea' id='block_1_75' title="bbox 140 4337 1737 4411">
    <p class='ocr_par' dir='ltr' id='par_1_75' title="bbox 140 4337 1737 4411">
     <span class='ocr_line' id='line_1_75' title="bbox 140 4337 1737 4411; baseline 0.001 -20"><span class='ocrx_word' id='word_1_554' title='bbox 140 4338 282 4411; x_wconf 85' lang='grc' dir='ltr'>δρῶν</span> <span class='ocrx_word' id='word_1_555' title='bbox 336 4339 446 4411; x_wconf 82' lang='grc' dir='ltr'>τὴν</span> <span class='ocrx_word' id='word_1_556' title='bbox 500 4338 756 4408; x_wconf 81' lang='grc' dir='ltr'>ἀλήθειαν</span> <span class='ocrx_word' id='word_1_557' title='bbox 809 4340 867 4393; x_wconf 77' lang='grc' dir='ltr'>ὲν</span> <span class='ocrx_word' id='word_1_558' title='bbox 933 4339 1134 4409; x_wconf 72' lang='grc' dir='ltr'>βίϐλοις</span> <span class='ocrx_word' id='word_1_559' title='bbox 1188 4337 1329 4392; x_wconf 70' lang='grc' dir='ltr'>τισὶν</span> <span class='ocrx_word' id='word_1_560' title='bbox 1375 4337 1737 4407; x_wconf 72' lang='grc' dir='ltr'>ἐλωϐήσαντο.</span> 
     </span>
    </p>
   </div>
   <div class='ocr_carea' id='block_1_76' title="bbox 138 4430 1741 4502">
    <p class='ocr_par' dir='ltr' id='par_1_76' title="bbox 138 4430 1741 4502">
     <span class='ocr_line' id='line_1_76' title="bbox 138 4430 1741 4502; baseline -0.002 -17"><span class='ocrx_word' id='word_1_561' title='bbox 138 4432 402 4486; x_wconf 82' lang='grc' dir='ltr'>Τοσαῦτα</span> <span class='ocrx_word' id='word_1_562' title='bbox 432 4433 501 4501; x_wconf 79' lang='grc' dir='ltr'>δὴ</span> <span class='ocrx_word' id='word_1_563' title='bbox 537 4434 629 4486; x_wconf 72' lang='grc' dir='ltr'>καὶ</span> <span class='ocrx_word' id='word_1_564' title='bbox 657 4431 828 4495; x_wconf 76' lang='grc' dir='ltr'>οὕτως</span> <span class='ocrx_word' id='word_1_565' title='bbox 876 4431 1067 4502; x_wconf 76' lang='grc' dir='ltr'>ἔχοντα</span> <span class='ocrx_word' id='word_1_566' title='bbox 1110 4436 1236 4502; x_wconf 83' lang='grc' dir='ltr'>παρ’</span> <span class='ocrx_word' id='word_1_567' title='bbox 1299 4431 1453 4501; x_wconf 75' lang='grc' dir='ltr'>ἡμῶν</span> <span class='ocrx_word' id='word_1_568' title='bbox 1477 4430 1741 4498; x_wconf 63' lang='grc' dir='ltr'>ςλέλεκται</span> 
     </span>
    </p>
   </div>
   <div class='ocr_carea' id='block_1_77' title="bbox 138 4521 1740 4596">
    <p class='ocr_par' dir='ltr' id='par_1_77' title="bbox 138 4521 1740 4596">
     <span class='ocr_line' id='line_1_77' title="bbox 138 4521 1740 4596; baseline 0.001 -21"><span class='ocrx_word' id='word_1_569' title='bbox 138 4525 281 4578; x_wconf 73' lang='grc' dir='ltr'>κατὰ</span> <span class='ocrx_word' id='word_1_570' title='bbox 311 4525 378 4577; x_wconf 80' lang='grc' dir='ltr'>τὸ</span> <span class='ocrx_word' id='word_1_571' title='bbox 406 4526 587 4595; x_wconf 79' lang='grc' dir='ltr'>παρὸν</span> <span class='ocrx_word' id='word_1_572' title='bbox 621 4525 715 4578; x_wconf 78' lang='grc' dir='ltr'>καὶ</span> <span class='ocrx_word' id='word_1_573' title='bbox 757 4526 887 4595; x_wconf 68' lang='grc' dir='ltr'>περὶ</span> <span class='ocrx_word' id='word_1_574' title='bbox 928 4527 1027 4594; x_wconf 83' lang='grc' dir='ltr'>τῆς</span> <span class='ocrx_word' id='word_1_575' title='bbox 1064 4525 1275 4596; x_wconf 78' lang='grc' dir='ltr'>ρήσεως</span> <span class='ocrx_word' id='word_1_576' title='bbox 1306 4525 1604 4595; x_wconf 79' lang='grc' dir='ltr'>Γρηγορίου</span> <span class='ocrx_word' id='word_1_577' title='bbox 1645 4521 1740 4577; x_wconf 81' lang='grc' dir='ltr'><strong>τοῦ</strong></span> 
     </span>
    </p>
   </div>
   <div class='ocr_carea' id='block_1_78' title="bbox 133 4610 1743 4689">
    <p class='ocr_par' dir='ltr' id='par_1_78' title="bbox 133 4610 1743 4689">
     <span class='ocr_line' id='line_1_78' title="bbox 133 4610 1743 4689; baseline -0.001 -21"><span class='ocrx_word' id='word_1_578' title='bbox 133 4616 493 4689; x_wconf 79' lang='grc' dir='ltr'>διαπρεποῦς</span> <span class='ocrx_word' id='word_1_579' title='bbox 538 4618 594 4670; x_wconf 82' lang='grc' dir='ltr'>ὲν</span> <span class='ocrx_word' id='word_1_580' title='bbox 653 4621 763 4680; x_wconf 80' lang='grc' dir='ltr'>τοῖς</span> <span class='ocrx_word' id='word_1_581' title='bbox 798 4618 1080 4687; x_wconf 81' lang='grc' dir='ltr'>δόγμασιν,</span> <span class='ocrx_word' id='word_1_582' title='bbox 1125 4617 1184 4680; x_wconf 77' lang='grc' dir='ltr'>ἐξ</span> <span class='ocrx_word' id='word_1_583' title='bbox 1237 4610 1311 4671; x_wconf 84' lang='grc' dir='ltr'>ὧν</span> <span class='ocrx_word' id='word_1_584' title='bbox 1357 4615 1743 4687; x_wconf 79' lang='grc' dir='ltr'>ἀπεδείξαμεν,</span> 
     </span>
    </p>
   </div>
   <div class='ocr_carea' id='block_1_79' title="bbox 132 4706 1744 4782">
    <p class='ocr_par' dir='ltr' id='par_1_79' title="bbox 132 4706 1744 4782">
     <span class='ocr_line' id='line_1_79' title="bbox 132 4706 1744 4782; baseline 0.001 -21"><span class='ocrx_word' id='word_1_585' title='bbox 132 4709 207 4773; x_wconf 83' lang='grc' dir='ltr'><strong>ὡς</strong></span> <span class='ocrx_word' id='word_1_586' title='bbox 239 4710 466 4779; x_wconf 79' lang='grc' dir='ltr'>ἀδελφὰ</span> <span class='ocrx_word' id='word_1_587' title='bbox 494 4710 584 4763; x_wconf 66' lang='grc' dir='ltr'>καὶ</span> <span class='ocrx_word' id='word_1_588' title='bbox 614 4706 767 4772; x_wconf 79' lang='grc' dir='ltr'>οὗτος</span> <span class='ocrx_word' id='word_1_589' title='bbox 797 4710 873 4782; x_wconf 82' lang='grc' dir='ltr'>τῷ</span> <span class='ocrx_word' id='word_1_590' title='bbox 901 4709 1047 4780; x_wconf 56' lang='grc' dir='ltr'>σοφῷ</span> <span class='ocrx_word' id='word_1_591' title='bbox 1081 4709 1345 4779; x_wconf 82' lang='grc' dir='ltr'>Βασιλείῳ</span> <span class='ocrx_word' id='word_1_592' title='bbox 1392 4710 1626 4781; x_wconf 78' lang='grc' dir='ltr'>φρονῶν,</span> <span class='ocrx_word' id='word_1_593' title='bbox 1684 4710 1744 4763; x_wconf 85' lang='grc' dir='ltr'>τὸ</span> 
     </span>
    </p>
   </div>
   <div class='ocr_carea' id='block_1_80' title="bbox 131 4798 1745 4872">
    <p class='ocr_par' dir='ltr' id='par_1_80' title="bbox 131 4798 1745 4872">
     <span class='ocr_line' id='line_1_80' title="bbox 131 4798 1745 4872; baseline -0.002 -16"><span class='ocrx_word' id='word_1_594' title='bbox 131 4803 293 4869; x_wconf 75' lang='grc' dir='ltr'>ἅγιον</span> <span class='ocrx_word' id='word_1_595' title='bbox 324 4801 566 4872; x_wconf 82' lang='grc' dir='ltr'>Πνεῦμα</span> <span class='ocrx_word' id='word_1_596' title='bbox 594 4804 701 4854; x_wconf 81' lang='grc' dir='ltr'>κάκ</span> <span class='ocrx_word' id='word_1_597' title='bbox 728 4802 820 4853; x_wconf 87' lang='grc' dir='ltr'><strong>τοῦ</strong></span> <span class='ocrx_word' id='word_1_598' title='bbox 855 4800 983 4853; x_wconf 83' lang='grc' dir='ltr'>Υίοῦ</span> <span class='ocrx_word' id='word_1_599' title='bbox 1014 4798 1134 4854; x_wconf 88' lang='grc' dir='ltr'>κατ’</span> <span class='ocrx_word' id='word_1_600' title='bbox 1152 4802 1355 4852; x_wconf 81' lang='grc' dir='ltr'>ἐκεῖνον</span> <span class='ocrx_word' id='word_1_601' title='bbox 1381 4801 1581 4869; x_wconf 78' lang='grc' dir='ltr'>ἔφησεν</span> <span class='ocrx_word' id='word_1_602' title='bbox 1603 4800 1745 4870; x_wconf 73' lang='grc' dir='ltr'>ἔχειν</span> 
     </span>
    </p>
   </div>
   <div class='ocr_carea' id='block_1_81' title="bbox 129 4889 1745 4964">
    <p class='ocr_par' dir='ltr' id='par_1_81' title="bbox 129 4889 1745 4964">
     <span class='ocr_line' id='line_1_81' title="bbox 129 4889 1745 4964; baseline -0.001 -19"><span class='ocrx_word' id='word_1_603' title='bbox 129 4898 231 4959; x_wconf 78' lang='grc' dir='ltr'>τὴν</span> <span class='ocrx_word' id='word_1_604' title='bbox 268 4893 529 4964; x_wconf 76' lang='grc' dir='ltr'>ὕπαρξιν</span> <span class='ocrx_word' id='word_1_605' title='bbox 551 4909 564 4923; x_wconf 74' lang='grc' dir='ltr'><strong><em>ο</em></strong></span> <span class='ocrx_word' id='word_1_606' title='bbox 595 4889 674 4954; x_wconf 76' lang='grc' dir='ltr'>οἷς</span> <span class='ocrx_word' id='word_1_607' title='bbox 716 4894 1048 4962; x_wconf 77' lang='grc' dir='ltr'>ἀμφοτέροις</span> <span class='ocrx_word' id='word_1_608' title='bbox 1079 4892 1286 4946; x_wconf 75' lang='grc' dir='ltr'>δίκαιον</span> <span class='ocrx_word' id='word_1_609' title='bbox 1319 4891 1596 4946; x_wconf 60' lang='grc' dir='ltr'>κάνταῦθα</span> <span class='ocrx_word' id='word_1_610' title='bbox 1619 4892 1745 4956; x_wconf 73' lang='grc' dir='ltr'>τοὺς</span> 
     </span>
    </p>
   </div>
   <div class='ocr_carea' id='block_1_82' title="bbox 126 4983 1746 5051">
    <p class='ocr_par' dir='ltr' id='par_1_82' title="bbox 126 4983 1746 5051">
     <span class='ocr_line' id='line_1_82' title="bbox 126 4983 1746 5051; baseline -0.002 -13"><span class='ocrx_word' id='word_1_611' title='bbox 126 4987 354 5049; x_wconf 76' lang='grc' dir='ltr'>πάντας</span> <span class='ocrx_word' id='word_1_612' title='bbox 391 4984 715 5039; x_wconf 81' lang='grc' dir='ltr'>ἀκολουθεῖν</span> <span class='ocrx_word' id='word_1_613' title='bbox 744 4983 1064 5048; x_wconf 77' lang='grc' dir='ltr'>πεισθέντας</span> <span class='ocrx_word' id='word_1_614' title='bbox 1095 4983 1270 5046; x_wconf 65' lang='grc' dir='ltr'>καλῶς</span> <span class='ocrx_word' id='word_1_615' title='bbox 1305 4986 1418 5047; x_wconf 83' lang='grc' dir='ltr'>τοῖς</span> <span class='ocrx_word' id='word_1_616' title='bbox 1450 4985 1746 5051; x_wconf 69' lang='grc' dir='ltr'>πανσόφοις</span> 
     </span>
    </p>
   </div>
   <div class='ocr_carea' id='block_1_83' title="bbox 126 5071 1741 5146">
    <p class='ocr_par' dir='ltr' id='par_1_83' title="bbox 126 5071 1741 5146">
     <span class='ocr_line' id='line_1_83' title="bbox 126 5071 1741 5146; baseline -0.003 -15"><span class='ocrx_word' id='word_1_617' title='bbox 126 5080 319 5133; x_wconf 80' lang='grc' dir='ltr'>αὐτῶν</span> <span class='ocrx_word' id='word_1_618' title='bbox 375 5080 481 5132; x_wconf 70' lang='grc' dir='ltr'>καὶ</span> <span class='ocrx_word' id='word_1_619' title='bbox 530 5078 694 5141; x_wconf 83' lang='grc' dir='ltr'>θείοις</span> <span class='ocrx_word' id='word_1_620' title='bbox 752 5076 1096 5146; x_wconf 72' lang='grc' dir='ltr'>διδάγμασιν.</span> <span class='ocrx_word' id='word_1_621' title='bbox 1149 5071 1307 5129; x_wconf 76' lang='grc' dir='ltr'>Οὗτοι</span> <span class='ocrx_word' id='word_1_622' title='bbox 1343 5077 1451 5145; x_wconf 73' lang='grc' dir='ltr'>γὰρ</span> <span class='ocrx_word' id='word_1_623' title='bbox 1477 5073 1741 5145; x_wconf 74' lang='grc' dir='ltr'>ὤφθησαν</span> 
     </span>
    </p>
   </div>
   <div class='ocr_carea' id='block_1_84' title="bbox 123 5158 1746 5244">
    <p class='ocr_par' dir='ltr' id='par_1_84' title="bbox 123 5158 1746 5244">
     <span class='ocr_line' id='line_1_84' title="bbox 123 5158 1746 5244; baseline -0.003 -16"><span class='ocrx_word' id='word_1_624' title='bbox 123 5173 232 5244; x_wconf 80' lang='grc' dir='ltr'>τῆς</span> <span class='ocrx_word' id='word_1_625' title='bbox 270 5173 490 5243; x_wconf 81' lang='grc' dir='ltr'>ὑγιοῦς</span> <span class='ocrx_word' id='word_1_626' title='bbox 527 5174 757 5235; x_wconf 82' lang='grc' dir='ltr'>πίστεως</span> <span class='ocrx_word' id='word_1_627' title='bbox 790 5174 1020 5243; x_wconf 74' lang='grc' dir='ltr'>ἀρχηγοὶ</span> <span class='ocrx_word' id='word_1_628' title='bbox 1054 5171 1145 5224; x_wconf 72' lang='grc' dir='ltr'>καὶ</span> <span class='ocrx_word' id='word_1_629' title='bbox 1167 5172 1265 5241; x_wconf 78' lang='grc' dir='ltr'>τῆς</span> <span class='ocrx_word' id='word_1_630' title='bbox 1303 5171 1612 5243; x_wconf 78' lang='grc' dir='ltr'>ὀρθοδοξίας</span> <span class='ocrx_word' id='word_1_631' title='bbox 1651 5158 1746 5223; x_wconf 58' lang='grc' dir='ltr'>ἐκέ</span> 
     </span>
    </p>
   </div>
   <div class='ocr_carea' id='block_1_85' title="bbox 129 5258 987 5338">
    <p class='ocr_par' dir='ltr' id='par_1_85' title="bbox 129 5258 987 5338">
     <span class='ocr_line' id='line_1_85' title="bbox 129 5258 987 5338; baseline -0.003 -17"><span class='ocrx_word' id='word_1_632' title='bbox 129 5268 421 5338; x_wconf 79' lang='grc' dir='ltr'>φάντορες</span> <span class='ocrx_word' id='word_1_633' title='bbox 452 5265 569 5336; x_wconf 78' lang='grc' dir='ltr'>ἅμα</span> <span class='ocrx_word' id='word_1_634' title='bbox 595 5267 688 5319; x_wconf 73' lang='grc' dir='ltr'>καὶ</span> <span class='ocrx_word' id='word_1_635' title='bbox 713 5258 987 5336; x_wconf 51' lang='grc' dir='ltr'>κήρυκες(</span> 
     </span>
    </p>
   </div>
   <div class='ocr_carea' id='block_1_86' title="bbox 202 5453 1743 5528">
    <p class='ocr_par' dir='ltr' id='par_1_86' title="bbox 202 5453 1743 5528">
     <span class='ocr_line' id='line_1_86' title="bbox 202 5453 1743 5528; baseline -0.001 -19"><span class='ocrx_word' id='word_1_636' title='bbox 202 5455 324 5527; x_wconf 77' lang='grc' dir='ltr'>κη’.</span> <span class='ocrx_word' id='word_1_637' title='bbox 359 5455 564 5526; x_wconf 80' lang='grc' dir='ltr'>Ὅμως</span> <span class='ocrx_word' id='word_1_638' title='bbox 609 5454 729 5509; x_wconf 70' lang='grc' dir='ltr'>ἐπεὶ</span> <span class='ocrx_word' id='word_1_639' title='bbox 782 5455 919 5525; x_wconf 77' lang='grc' dir='ltr'>πρὸς</span> <span class='ocrx_word' id='word_1_640' title='bbox 968 5455 1310 5528; x_wconf 82' lang='grc' dir='ltr'>παράστασιν</span> <span class='ocrx_word' id='word_1_641' title='bbox 1357 5454 1451 5509; x_wconf 87' lang='grc' dir='ltr'><strong>τοῦ</strong></span> <span class='ocrx_word' id='word_1_642' title='bbox 1501 5453 1743 5509; x_wconf 77' lang='grc' dir='ltr'>τοιούτου</span> 
     </span>
    </p>
   </div>
   <div class='ocr_carea' id='block_1_87' title="bbox 122 5544 1746 5617">
    <p class='ocr_par' dir='ltr' id='par_1_87' title="bbox 122 5544 1746 5617">
     <span class='ocr_line' id='line_1_87' title="bbox 122 5544 1746 5617; baseline -0.001 -18"><span class='ocrx_word' id='word_1_643' title='bbox 122 5544 426 5617; x_wconf 68' lang='grc' dir='ltr'>δόγματος</span> <span class='ocrx_word' id='word_1_644' title='bbox 467 5544 686 5615; x_wconf 76' lang='grc' dir='ltr'>βεϐαίαν</span> <span class='ocrx_word' id='word_1_645' title='bbox 720 5546 816 5600; x_wconf 66' lang='grc' dir='ltr'>καὶ</span> <span class='ocrx_word' id='word_1_646' title='bbox 842 5546 1053 5617; x_wconf 81' lang='grc' dir='ltr'>ἀσφαλῆ</span> <span class='ocrx_word' id='word_1_647' title='bbox 1073 5547 1165 5600; x_wconf 79' lang='grc' dir='ltr'>καὶ</span> <span class='ocrx_word' id='word_1_648' title='bbox 1193 5545 1368 5601; x_wconf 78' lang='grc' dir='ltr'>ἄλλων</span> <span class='ocrx_word' id='word_1_649' title='bbox 1402 5544 1611 5599; x_wconf 83' lang='grc' dir='ltr'>πολλῶν</span> <span class='ocrx_word' id='word_1_650' title='bbox 1652 5547 1746 5598; x_wconf 82' lang='grc' dir='ltr'><strong>εὐ-</strong></span> 
     </span>
    </p>
   </div>
   <div class='ocr_carea' id='block_1_88' title="bbox 125 5634 1742 5709">
    <p class='ocr_par' dir='ltr' id='par_1_88' title="bbox 125 5634 1742 5709">
     <span class='ocr_line' id='line_1_88' title="bbox 125 5634 1742 5709; baseline -0.001 -18"><span class='ocrx_word' id='word_1_651' title='bbox 125 5637 312 5709; x_wconf 81' lang='grc' dir='ltr'>ποροῦ</span> <span class='ocrx_word' id='word_1_652' title='bbox 324 5654 443 5708; x_wconf 82' lang='grc' dir='ltr'><strong>μεν</strong></span> <span class='ocrx_word' id='word_1_653' title='bbox 474 5634 758 5708; x_wconf 80' lang='grc' dir='ltr'>πατρικῶν</span> <span class='ocrx_word' id='word_1_654' title='bbox 793 5638 1063 5708; x_wconf 79' lang='grc' dir='ltr'>χρήσεων,</span> <span class='ocrx_word' id='word_1_655' title='bbox 1089 5636 1258 5705; x_wconf 73' lang='grc' dir='ltr'>αἵπερ</span> <span class='ocrx_word' id='word_1_656' title='bbox 1287 5636 1381 5689; x_wconf 76' lang='grc' dir='ltr'><strong>καὶ</strong></span> <span class='ocrx_word' id='word_1_657' title='bbox 1408 5634 1742 5707; x_wconf 74' lang='grc' dir='ltr'>ἀδιάϐλητοι,</span> 
     </span>
    </p>
   </div>
   <div class='ocr_carea' id='block_1_89' title="bbox 121 5725 1747 5798">
    <p class='ocr_par' dir='ltr' id='par_1_89' title="bbox 121 5725 1747 5798">
     <span class='ocr_line' id='line_1_89' title="bbox 121 5725 1747 5798; baseline -0.001 -17"><span class='ocrx_word' id='word_1_658' title='bbox 121 5728 217 5782; x_wconf 76' lang='grc' dir='ltr'><strong>διὰ</strong></span> <span class='ocrx_word' id='word_1_659' title='bbox 244 5727 317 5781; x_wconf 74' lang='grc' dir='ltr'><strong>τὸ</strong></span> <span class='ocrx_word' id='word_1_660' title='bbox 351 5727 524 5795; x_wconf 71' lang='grc' dir='ltr'>παρὰ</span> <span class='ocrx_word' id='word_1_661' title='bbox 555 5728 752 5791; x_wconf 77' lang='grc' dir='ltr'>πάσαις</span> <span class='ocrx_word' id='word_1_662' title='bbox 780 5732 915 5795; x_wconf 54' lang='grc' dir='ltr'>[ταῖς</span> <span class='ocrx_word' id='word_1_663' title='bbox 960 5727 1296 5798; x_wconf 79' lang='grc' dir='ltr'>ὁπουδήποτε</span> <span class='ocrx_word' id='word_1_664' title='bbox 1358 5725 1564 5790; x_wconf 68' lang='grc' dir='ltr'>βίϐλοις</span> <span class='ocrx_word' id='word_1_665' title='bbox 1627 5730 1747 5790; x_wconf 76' lang='grc' dir='ltr'>ταῖς</span> 
     </span>
    </p>
   </div>
   <div class='ocr_carea' id='block_1_90' title="bbox 125 5817 1747 5889">
    <p class='ocr_par' dir='ltr' id='par_1_90' title="bbox 125 5817 1747 5889">
     <span class='ocr_line' id='line_1_90' title="bbox 125 5817 1747 5889; baseline -0.002 -17"><span class='ocrx_word' id='word_1_666' title='bbox 125 5821 321 5889; x_wconf 78' lang='grc' dir='ltr'>ἱεραῖς</span> <span class='ocrx_word' id='word_1_667' title='bbox 356 5817 634 5882; x_wconf 71' lang='grc' dir='ltr'>ὡσαύτως</span> <span class='ocrx_word' id='word_1_668' title='bbox 676 5819 1028 5888; x_wconf 77' lang='grc' dir='ltr'>ἐκφέρεσθαι,</span> <span class='ocrx_word' id='word_1_669' title='bbox 1056 5819 1150 5871; x_wconf 75' lang='grc' dir='ltr'>καὶ</span> <span class='ocrx_word' id='word_1_670' title='bbox 1198 5819 1340 5872; x_wconf 80' lang='grc' dir='ltr'>κατὰ</span> <span class='ocrx_word' id='word_1_671' title='bbox 1370 5818 1429 5872; x_wconf 81' lang='grc' dir='ltr'>τὸ</span> <span class='ocrx_word' id='word_1_672' title='bbox 1489 5817 1747 5882; x_wconf 69' lang='grc' dir='ltr'>παντελὲς</span> 
     </span>
    </p>
   </div>
   <div class='ocr_carea' id='block_1_91' title="bbox 120 5909 1746 5983">
    <p class='ocr_par' dir='ltr' id='par_1_91' title="bbox 120 5909 1746 5983">
     <span class='ocr_line' id='line_1_91' title="bbox 120 5909 1746 5983; baseline -0.002 -19"><span class='ocrx_word' id='word_1_673' title='bbox 120 5909 614 5983; x_wconf 73' lang='grc' dir='ltr'>ἀπαράλλακτον,</span> <span class='ocrx_word' id='word_1_674' title='bbox 640 5911 733 5965; x_wconf 77' lang='grc' dir='ltr'>καὶ</span> <span class='ocrx_word' id='word_1_675' title='bbox 754 5909 977 5976; x_wconf 76' lang='grc' dir='ltr'>ταύτας,</span> <span class='ocrx_word' id='word_1_676' title='bbox 1008 5910 1080 5973; x_wconf 82' lang='grc' dir='ltr'>ὡς</span> <span class='ocrx_word' id='word_1_677' title='bbox 1098 5910 1336 5974; x_wconf 64' lang='grc' dir='ltr'>τὸεἰκδς,</span> <span class='ocrx_word' id='word_1_678' title='bbox 1364 5909 1549 5964; x_wconf 70' lang='grc' dir='ltr'>ἐνθάδε</span> <span class='ocrx_word' id='word_1_679' title='bbox 1576 5927 1714 5979; x_wconf 81' lang='grc' dir='ltr'>προσ</span> <span class='ocrx_word' id='word_1_680' title='bbox 1739 5945 1746 5951; x_wconf 94' lang='grc'><strong>-</strong></span> 
     </span>
    </p>
   </div>
   <div class='ocr_carea' id='block_1_92' title="bbox 1847 3321 3421 3391">
    <p class='ocr_par' dir='ltr' id='par_1_92' title="bbox 1847 3321 3421 3391">
     <span class='ocr_line' id='line_1_92' title="bbox 1847 3321 3421 3391; baseline -0.004 -12"><span class='ocrx_word' id='word_1_681' title='bbox 1847 3328 2075 3381; x_wconf 88' lang='lat' dir='ltr'><strong>omnino</strong></span> <span class='ocrx_word' id='word_1_682' title='bbox 2108 3326 2174 3378; x_wconf 87' lang='lat' dir='ltr'><strong>de</strong></span> <span class='ocrx_word' id='word_1_683' title='bbox 2207 3325 2533 3379; x_wconf 79' lang='lat' dir='ltr'><strong>exsistentia</strong></span> <span class='ocrx_word' id='word_1_684' title='bbox 2564 3321 2687 3376; x_wconf 85' lang='lat' dir='ltr'><strong>Filii</strong></span> <span class='ocrx_word' id='word_1_685' title='bbox 2720 3333 2772 3377; x_wconf 85' lang='lat' dir='ltr'><strong>et</strong></span> <span class='ocrx_word' id='word_1_686' title='bbox 2817 3322 3052 3391; x_wconf 85' lang='lat' dir='ltr'><strong>Spiritus</strong></span> <span class='ocrx_word' id='word_1_687' title='bbox 3097 3335 3280 3375; x_wconf 87' lang='lat' dir='ltr'><strong>sermo</strong></span> <span class='ocrx_word' id='word_1_688' title='bbox 3317 3326 3421 3373; x_wconf 87' lang='lat' dir='ltr'><strong>est.</strong></span> 
     </span>
    </p>
   </div>
   <div class='ocr_carea' id='block_1_93' title="bbox 1845 3410 3423 3484">
    <p class='ocr_par' dir='ltr' id='par_1_93' title="bbox 1845 3410 3423 3484">
     <span class='ocr_line' id='line_1_93' title="bbox 1845 3410 3423 3484; baseline -0.006 -13"><span class='ocrx_word' id='word_1_689' title='bbox 1845 3416 2024 3484; x_wconf 83' lang='lat' dir='ltr'><strong>Quare</strong></span> <span class='ocrx_word' id='word_1_690' title='bbox 2055 3418 2196 3470; x_wconf 87' lang='lat' dir='ltr'><strong>inter</strong></span> <span class='ocrx_word' id='word_1_691' title='bbox 2221 3433 2317 3471; x_wconf 82' lang='lat' dir='ltr'><strong>eos</strong></span> <span class='ocrx_word' id='word_1_692' title='bbox 2340 3414 2669 3480; x_wconf 79' lang='lat' dir='ltr'><strong>(liﬂ&#39;erentia,</strong></span> <span class='ocrx_word' id='word_1_693' title='bbox 2701 3415 2795 3484; x_wconf 90' lang='lat' dir='ltr'><strong>qui</strong></span> <span class='ocrx_word' id='word_1_694' title='bbox 2831 3414 3036 3482; x_wconf 87' lang='lat' dir='ltr'><strong>optime</strong></span> <span class='ocrx_word' id='word_1_695' title='bbox 3068 3428 3180 3466; x_wconf 84' lang='lat' dir='ltr'><strong>rem</strong></span> <span class='ocrx_word' id='word_1_696' title='bbox 3214 3410 3423 3465; x_wconf 85' lang='lat' dir='ltr'><strong>intelli-</strong></span> 
     </span>
    </p>
   </div>
   <div class='ocr_carea' id='block_1_94' title="bbox 1845 3501 3423 3579">
    <p class='ocr_par' dir='ltr' id='par_1_94' title="bbox 1845 3501 3423 3579">
     <span class='ocr_line' id='line_1_94' title="bbox 1845 3501 3423 3579; baseline -0.006 -18"><span class='ocrx_word' id='word_1_697' title='bbox 1845 3515 1998 3579; x_wconf 73' lang='lat' dir='ltr'><strong>gunt,</strong></span> <span class='ocrx_word' id='word_1_698' title='bbox 2046 3509 2348 3563; x_wconf 65' lang='lat' dir='ltr'><strong>sciundum</strong></span> <span class='ocrx_word' id='word_1_699' title='bbox 2387 3507 2769 3562; x_wconf 76' lang='lat' dir='ltr'><strong>exsistentiam</strong></span> <span class='ocrx_word' id='word_1_700' title='bbox 2809 3515 2913 3567; x_wconf 87' lang='lat' dir='ltr'><strong>est,</strong></span> <span class='ocrx_word' id='word_1_701' title='bbox 2958 3514 3013 3557; x_wconf 91' lang='lat' dir='ltr'><strong>et</strong></span> <span class='ocrx_word' id='word_1_702' title='bbox 3055 3501 3423 3556; x_wconf 77' lang='lat' dir='ltr'><strong>diti‘erentiam</strong></span> 
     </span>
    </p>
   </div>
   <div class='ocr_carea' id='block_1_95' title="bbox 1845 3592 3426 3668">
    <p class='ocr_par' dir='ltr' id='par_1_95' title="bbox 1845 3592 3426 3668">
     <span class='ocr_line' id='line_1_95' title="bbox 1845 3592 3426 3668; baseline -0.007 -10"><span class='ocrx_word' id='word_1_703' title='bbox 1845 3598 2152 3658; x_wconf 87' lang='lat' dir='ltr'><strong>secundum</strong></span> <span class='ocrx_word' id='word_1_704' title='bbox 2180 3600 2503 3656; x_wconf 65' lang='lat' dir='ltr'><strong>relationem</strong></span> <span class='ocrx_word' id='word_1_705' title='bbox 2542 3598 2852 3668; x_wconf 82' lang='lat' dir='ltr'><strong>intelligere</strong></span> <span class='ocrx_word' id='word_1_706' title='bbox 2883 3596 2950 3651; x_wconf 86' lang='lat' dir='ltr'><strong>de</strong></span> <span class='ocrx_word' id='word_1_707' title='bbox 2993 3594 3202 3664; x_wconf 88' lang='lat' dir='ltr'><strong>Spiritu</strong></span> <span class='ocrx_word' id='word_1_708' title='bbox 3246 3592 3426 3647; x_wconf 88' lang='lat' dir='ltr'><strong>modis</strong></span> 
     </span>
    </p>
   </div>
   <div class='ocr_carea' id='block_1_96' title="bbox 1845 3684 3413 3764">
    <p class='ocr_par' dir='ltr' id='par_1_96' title="bbox 1845 3684 3413 3764">
     <span class='ocr_line' id='line_1_96' title="bbox 1845 3684 3413 3764; baseline -0.008 -14"><span class='ocrx_word' id='word_1_709' title='bbox 1845 3694 2104 3750; x_wconf 89' lang='lat' dir='ltr'><strong>omnibus</strong></span> <span class='ocrx_word' id='word_1_710' title='bbox 2138 3692 2383 3764; x_wconf 79' lang='lat' dir='ltr'><strong>imptum</strong></span> <span class='ocrx_word' id='word_1_711' title='bbox 2416 3700 2579 3762; x_wconf 87' lang='lat' dir='ltr'><strong>atque</strong></span> <span class='ocrx_word' id='word_1_712' title='bbox 2621 3692 2986 3761; x_wconf 81' lang='lat' dir='ltr'><strong>incongruum</strong></span> <span class='ocrx_word' id='word_1_713' title='bbox 3043 3696 3147 3742; x_wconf 88' lang='lat' dir='ltr'><strong>est.</strong></span> <span class='ocrx_word' id='word_1_714' title='bbox 3174 3684 3413 3739; x_wconf 70' lang='lat' dir='ltr'><strong>Videsne</strong></span> 
     </span>
    </p>
   </div>
   <div class='ocr_carea' id='block_1_97' title="bbox 1846 3779 3426 3858">
    <p class='ocr_par' dir='ltr' id='par_1_97' title="bbox 1846 3779 3426 3858">
     <span class='ocr_line' id='line_1_97' title="bbox 1846 3779 3426 3858; baseline -0.006 -17"><span class='ocrx_word' id='word_1_715' title='bbox 1846 3787 1938 3858; x_wconf 88' lang='lat' dir='ltr'><strong>qui</strong></span> <span class='ocrx_word' id='word_1_716' title='bbox 1987 3786 2344 3852; x_wconf 85' lang='lat' dir='ltr'><strong>adversaris,</strong></span> <span class='ocrx_word' id='word_1_717' title='bbox 2399 3786 2727 3840; x_wconf 86' lang='lat' dir='ltr'><strong>sententiam</strong></span> <span class='ocrx_word' id='word_1_718' title='bbox 2783 3781 3049 3838; x_wconf 86' lang='lat' dir='ltr'><strong>orationis</strong></span> <span class='ocrx_word' id='word_1_719' title='bbox 3109 3779 3426 3833; x_wconf 85' lang='lat' dir='ltr'><strong>necessario</strong></span> 
     </span>
    </p>
   </div>
   <div class='ocr_carea' id='block_1_98' title="bbox 1846 3862 3422 3952">
    <p class='ocr_par' dir='ltr' id='par_1_98' title="bbox 1846 3862 3422 3952">
     <span class='ocr_line' id='line_1_98' title="bbox 1846 3862 3422 3952; baseline -0.006 -19"><span class='ocrx_word' id='word_1_720' title='bbox 1846 3881 2294 3952; x_wconf 66' lang='lat' dir='ltr'><strong>praepositionem</strong></span> <span class='ocrx_word' id='word_1_721' title='bbox 2341 3894 2405 3934; x_wconf 77' lang='lat' dir='ltr'><strong>ex</strong></span> <span class='ocrx_word' id='word_1_722' title='bbox 2437 3880 2740 3949; x_wconf 86' lang='lat' dir='ltr'><strong>requirere,</strong></span> <span class='ocrx_word' id='word_1_723' title='bbox 2787 3890 2908 3931; x_wconf 88' lang='lat' dir='ltr'><strong>cum</strong></span> <span class='ocrx_word' id='word_1_724' title='bbox 2943 3874 3008 3929; x_wconf 90' lang='lat' dir='ltr'><strong>ad</strong></span> <span class='ocrx_word' id='word_1_725' title='bbox 3054 3862 3422 3927; x_wconf 68' lang='lat' dir='ltr'><strong>differentiam</strong></span> 
     </span>
    </p>
   </div>
   <div class='ocr_carea' id='block_1_99' title="bbox 1847 3962 3427 4033">
    <p class='ocr_par' dir='ltr' id='par_1_99' title="bbox 1847 3962 3427 4033">
     <span class='ocr_line' id='line_1_99' title="bbox 1847 3962 3427 4033; baseline -0.009 -5"><span class='ocrx_word' id='word_1_726' title='bbox 1847 3974 2149 4029; x_wconf 86' lang='lat' dir='ltr'><strong>secundum</strong></span> <span class='ocrx_word' id='word_1_727' title='bbox 2191 3972 2573 4026; x_wconf 82' lang='lat' dir='ltr'><strong>cxsistentiam</strong></span> <span class='ocrx_word' id='word_1_728' title='bbox 2621 3970 2673 4021; x_wconf 91' lang='lat' dir='ltr'><strong>in</strong></span> <span class='ocrx_word' id='word_1_729' title='bbox 2704 3966 2904 4021; x_wconf 84' lang='lat' dir='ltr'><strong>Triade</strong></span> <span class='ocrx_word' id='word_1_730' title='bbox 2932 3964 3157 4018; x_wconf 80' lang='lat' dir='ltr'><strong>omnino</strong></span> <span class='ocrx_word' id='word_1_731' title='bbox 3188 3962 3427 4033; x_wconf 45' lang='lat' dir='ltr'><strong>.dcscrn-</strong></span> 
     </span>
    </p>
   </div>
   <div class='ocr_carea' id='block_1_100' title="bbox 1845 4054 3423 4134">
    <p class='ocr_par' dir='ltr' id='par_1_100' title="bbox 1845 4054 3423 4134">
     <span class='ocr_line' id='line_1_100' title="bbox 1845 4054 3423 4134; baseline -0.008 -15"><span class='ocrx_word' id='word_1_732' title='bbox 1845 4064 1975 4119; x_wconf 78' lang='lat' dir='ltr'><strong>dat?</strong></span> <span class='ocrx_word' id='word_1_733' title='bbox 1999 4064 2138 4119; x_wconf 86' lang='lat' dir='ltr'><strong>llinc</strong></span> <span class='ocrx_word' id='word_1_734' title='bbox 2163 4064 2328 4134; x_wconf 79' lang='lat' dir='ltr'><strong>igitur</strong></span> <span class='ocrx_word' id='word_1_735' title='bbox 2365 4061 2736 4125; x_wconf 79' lang='lat' dir='ltr'><strong>manifestum</strong></span> <span class='ocrx_word' id='word_1_736' title='bbox 2758 4069 2865 4123; x_wconf 87' lang='lat' dir='ltr'><strong>est,</strong></span> <span class='ocrx_word' id='word_1_737' title='bbox 2904 4054 3423 4129; x_wconf 64' lang='lat' dir='ltr'><strong>praestantissimum</strong></span> 
     </span>
    </p>
   </div>
   <div class='ocr_carea' id='block_1_101' title="bbox 1848 4149 3426 4228">
    <p class='ocr_par' dir='ltr' id='par_1_101' title="bbox 1848 4149 3426 4228">
     <span class='ocr_line' id='line_1_101' title="bbox 1848 4149 3426 4228; baseline -0.006 -17"><span class='ocrx_word' id='word_1_738' title='bbox 1848 4160 1996 4211; x_wconf 88' lang='lat' dir='ltr'><strong>hunc</strong></span> <span class='ocrx_word' id='word_1_739' title='bbox 2050 4157 2367 4228; x_wconf 80' lang='lat' dir='ltr'><strong>degmatnm</strong></span> <span class='ocrx_word' id='word_1_740' title='bbox 2423 4156 2775 4223; x_wconf 84' lang='lat' dir='ltr'><strong>interpretem</strong></span> <span class='ocrx_word' id='word_1_741' title='bbox 2832 4168 2956 4206; x_wconf 90' lang='lat' dir='ltr'><strong>cum</strong></span> <span class='ocrx_word' id='word_1_742' title='bbox 3016 4152 3121 4205; x_wconf 84' lang='lat' dir='ltr'><strong>hac</strong></span> <span class='ocrx_word' id='word_1_743' title='bbox 3169 4149 3426 4218; x_wconf 82' lang='lat' dir='ltr'><strong>praeposi-</strong></span> 
     </span>
    </p>
   </div>
   <div class='ocr_carea' id='block_1_102' title="bbox 1847 4244 3423 4322">
    <p class='ocr_par' dir='ltr' id='par_1_102' title="bbox 1847 4244 3423 4322">
     <span class='ocr_line' id='line_1_102' title="bbox 1847 4244 3423 4322; baseline -0.007 -17"><span class='ocrx_word' id='word_1_744' title='bbox 1847 4251 1995 4305; x_wconf 79' lang='lat' dir='ltr'><strong>tione</strong></span> <span class='ocrx_word' id='word_1_745' title='bbox 2040 4249 2152 4322; x_wconf 88' lang='lat' dir='ltr'><strong>jam</strong></span> <span class='ocrx_word' id='word_1_746' title='bbox 2212 4250 2432 4303; x_wconf 90' lang='lat' dir='ltr'><strong>allatum</strong></span> <span class='ocrx_word' id='word_1_747' title='bbox 2487 4248 2690 4301; x_wconf 83' lang='lat' dir='ltr'><strong>dictum</strong></span> <span class='ocrx_word' id='word_1_748' title='bbox 2754 4244 3079 4314; x_wconf 82' lang='lat' dir='ltr'><strong>evulgasse,</strong></span> <span class='ocrx_word' id='word_1_749' title='bbox 3143 4252 3198 4295; x_wconf 90' lang='lat' dir='ltr'><strong>et</strong></span> <span class='ocrx_word' id='word_1_750' title='bbox 3257 4255 3423 4310; x_wconf 90' lang='lat' dir='ltr'><strong>quos-</strong></span> 
     </span>
    </p>
   </div>
   <div class='ocr_carea' id='block_1_103' title="bbox 1848 4329 3426 4417">
    <p class='ocr_par' dir='ltr' id='par_1_103' title="bbox 1848 4329 3426 4417">
     <span class='ocr_line' id='line_1_103' title="bbox 1848 4329 3426 4417; baseline -0.008 -19"><span class='ocrx_word' id='word_1_751' title='bbox 1848 4342 1975 4398; x_wconf 86' lang='lat' dir='ltr'><strong>dam</strong></span> <span class='ocrx_word' id='word_1_752' title='bbox 2021 4356 2252 4413; x_wconf 89' lang='lat' dir='ltr'><strong>prorsus</strong></span> <span class='ocrx_word' id='word_1_753' title='bbox 2287 4353 2387 4394; x_wconf 89' lang='lat' dir='ltr'><strong>suo</strong></span> <span class='ocrx_word' id='word_1_754' title='bbox 2421 4341 2535 4394; x_wconf 92' lang='lat' dir='ltr'><strong>otio</strong></span> <span class='ocrx_word' id='word_1_755' title='bbox 2584 4338 2837 4417; x_wconf 86' lang='lat' dir='ltr'><strong>homines</strong></span> <span class='ocrx_word' id='word_1_756' title='bbox 2881 4336 3188 4397; x_wconf 82' lang='lat' dir='ltr'><strong>abutentes,</strong></span> <span class='ocrx_word' id='word_1_757' title='bbox 3229 4329 3426 4386; x_wconf 76' lang='lat' dir='ltr'><strong>verita-</strong></span> 
     </span>
    </p>
   </div>
   <div class='ocr_carea' id='block_1_104' title="bbox 1850 4422 3425 4489">
    <p class='ocr_par' dir='ltr' id='par_1_104' title="bbox 1850 4422 3425 4489">
     <span class='ocr_line' id='line_1_104' title="bbox 1850 4422 3425 4489; baseline -0.006 -2"><span class='ocrx_word' id='word_1_758' title='bbox 1850 4443 1957 4489; x_wconf 88' lang='lat' dir='ltr'><strong>tem</strong></span> <span class='ocrx_word' id='word_1_759' title='bbox 1993 4434 2049 4487; x_wconf 90' lang='lat' dir='ltr'><strong>in</strong></span> <span class='ocrx_word' id='word_1_760' title='bbox 2080 4433 2363 4487; x_wconf 90' lang='lat' dir='ltr'><strong>nonnullis</strong></span> <span class='ocrx_word' id='word_1_761' title='bbox 2393 4430 2773 4486; x_wconf 74' lang='lat' dir='ltr'><strong>voluminibus</strong></span> <span class='ocrx_word' id='word_1_762' title='bbox 2799 4428 3107 4481; x_wconf 87' lang='lat' dir='ltr'><strong>mutilasse.</strong></span> <span class='ocrx_word' id='word_1_763' title='bbox 3142 4422 3247 4479; x_wconf 87' lang='lat' dir='ltr'><strong>Tot</strong></span> <span class='ocrx_word' id='word_1_764' title='bbox 3276 4432 3329 4478; x_wconf 89' lang='lat' dir='ltr'><strong>et</strong></span> <span class='ocrx_word' id='word_1_765' title='bbox 3353 4425 3425 4477; x_wconf 84' lang='lat' dir='ltr'><strong>ita</strong></span> 
     </span>
    </p>
   </div>
   <div class='ocr_carea' id='block_1_105' title="bbox 1850 4519 3428 4591">
    <p class='ocr_par' dir='ltr' id='par_1_105' title="bbox 1850 4519 3428 4591">
     <span class='ocr_line' id='line_1_105' title="bbox 1850 4519 3428 4591; baseline -0.006 -11"><span class='ocrx_word' id='word_1_766' title='bbox 1850 4540 1910 4580; x_wconf 93' lang='lat' dir='ltr'><strong>se</strong></span> <span class='ocrx_word' id='word_1_767' title='bbox 1955 4523 2210 4579; x_wconf 81' lang='lat' dir='ltr'><strong>habentia</strong></span> <span class='ocrx_word' id='word_1_768' title='bbox 2241 4539 2270 4577; x_wconf 91' lang='lat' dir='ltr'><strong>a</strong></span> <span class='ocrx_word' id='word_1_769' title='bbox 2320 4524 2478 4577; x_wconf 77' lang='lat' dir='ltr'><strong>nobis</strong></span> <span class='ocrx_word' id='word_1_770' title='bbox 2527 4525 2581 4576; x_wconf 86' lang='lat' dir='ltr'><strong>in</strong></span> <span class='ocrx_word' id='word_1_771' title='bbox 2610 4522 2902 4591; x_wconf 62' lang='lat' dir='ltr'><strong>praisentia</strong></span> <span class='ocrx_word' id='word_1_772' title='bbox 2929 4520 2997 4574; x_wconf 92' lang='lat' dir='ltr'><strong>de</strong></span> <span class='ocrx_word' id='word_1_773' title='bbox 3032 4519 3179 4571; x_wconf 89' lang='lat' dir='ltr'><strong>dicto</strong></span> <span class='ocrx_word' id='word_1_774' title='bbox 3205 4528 3428 4585; x_wconf 86' lang='lat' dir='ltr'><strong>quoque</strong></span> 
     </span>
    </p>
   </div>
   <div class='ocr_carea' id='block_1_106' title="bbox 1776 4594 3423 4687">
    <p class='ocr_par' dir='ltr' id='par_1_106' title="bbox 1776 4594 3423 4687">
     <span class='ocr_line' id='line_1_106' title="bbox 1776 4594 3423 4687; baseline -0.007 -15"><span class='ocrx_word' id='word_1_775' title='bbox 1776 4594 1819 4648; x_wconf 71' lang='grc' dir='ltr'>θ</span> <span class='ocrx_word' id='word_1_776' title='bbox 1851 4617 2126 4687; x_wconf 84' lang='lat' dir='ltr'><strong>Gregorii,</strong></span> <span class='ocrx_word' id='word_1_777' title='bbox 2155 4615 2209 4670; x_wconf 88' lang='lat' dir='ltr'><strong>in</strong></span> <span class='ocrx_word' id='word_1_778' title='bbox 2236 4614 2552 4671; x_wconf 88' lang='lat' dir='ltr'><strong>asserendis</strong></span> <span class='ocrx_word' id='word_1_779' title='bbox 2576 4613 2927 4684; x_wconf 80' lang='lat' dir='ltr'><strong>dogmatibus</strong></span> <span class='ocrx_word' id='word_1_780' title='bbox 2954 4606 3423 4681; x_wconf 68' lang='lat' dir='ltr'><strong>praestantissimi,</strong></span> 
     </span>
    </p>
   </div>
   <div class='ocr_carea' id='block_1_107' title="bbox 1845 4705 3420 4777">
    <p class='ocr_par' dir='ltr' id='par_1_107' title="bbox 1845 4705 3420 4777">
     <span class='ocr_line' id='line_1_107' title="bbox 1845 4705 3420 4777; baseline -0.008 -14"><span class='ocrx_word' id='word_1_781' title='bbox 1845 4710 1989 4764; x_wconf 87' lang='lat' dir='ltr'><strong>dicta</strong></span> <span class='ocrx_word' id='word_1_782' title='bbox 2021 4718 2170 4772; x_wconf 87' lang='lat' dir='ltr'><strong>sunt,</strong></span> <span class='ocrx_word' id='word_1_783' title='bbox 2202 4707 2402 4777; x_wconf 87' lang='lat' dir='ltr'><strong>quibus</strong></span> <span class='ocrx_word' id='word_1_784' title='bbox 2442 4706 2788 4762; x_wconf 88' lang='lat' dir='ltr'><strong>ostendimus</strong></span> <span class='ocrx_word' id='word_1_785' title='bbox 2838 4705 2984 4757; x_wconf 88' lang='lat' dir='ltr'><strong>hunc</strong></span> <span class='ocrx_word' id='word_1_786' title='bbox 3015 4715 3236 4771; x_wconf 88' lang='lat' dir='ltr'><strong>quoque</strong></span> <span class='ocrx_word' id='word_1_787' title='bbox 3278 4713 3420 4753; x_wconf 85' lang='lat' dir='ltr'><strong>cou-</strong></span> 
     </span>
    </p>
   </div>
   <div class='ocr_carea' id='block_1_108' title="bbox 1850 4796 3424 4870">
    <p class='ocr_par' dir='ltr' id='par_1_108' title="bbox 1850 4796 3424 4870">
     <span class='ocr_line' id='line_1_108' title="bbox 1850 4796 3424 4870; baseline -0.008 -12"><span class='ocrx_word' id='word_1_788' title='bbox 1850 4812 2114 4858; x_wconf 85' lang='lat' dir='ltr'><strong>sentanea</strong></span> <span class='ocrx_word' id='word_1_789' title='bbox 2177 4816 2303 4854; x_wconf 91' lang='lat' dir='ltr'><strong>cum</strong></span> <span class='ocrx_word' id='word_1_790' title='bbox 2355 4800 2603 4870; x_wconf 89' lang='lat' dir='ltr'><strong>sapiente</strong></span> <span class='ocrx_word' id='word_1_791' title='bbox 2654 4796 2857 4852; x_wconf 82' lang='lat' dir='ltr'><strong>Basilio</strong></span> <span class='ocrx_word' id='word_1_792' title='bbox 2910 4805 3207 4859; x_wconf 84' lang='lat' dir='ltr'><strong>tenentem,</strong></span> <span class='ocrx_word' id='word_1_793' title='bbox 3270 4807 3424 4861; x_wconf 77' lang='lat' dir='ltr'><strong>aeque</strong></span> 
     </span>
    </p>
   </div>
   <div class='ocr_carea' id='block_1_109' title="bbox 1847 4885 3427 4964">
    <p class='ocr_par' dir='ltr' id='par_1_109' title="bbox 1847 4885 3427 4964">
     <span class='ocr_line' id='line_1_109' title="bbox 1847 4885 3427 4964; baseline -0.007 -15"><span class='ocrx_word' id='word_1_794' title='bbox 1847 4903 2010 4964; x_wconf 82' lang='lat' dir='ltr'><strong>atque</strong></span> <span class='ocrx_word' id='word_1_795' title='bbox 2071 4893 2223 4947; x_wconf 90' lang='lat' dir='ltr'><strong>illum</strong></span> <span class='ocrx_word' id='word_1_796' title='bbox 2307 4890 2572 4961; x_wconf 88' lang='lat' dir='ltr'><strong>Spiritum</strong></span> <span class='ocrx_word' id='word_1_797' title='bbox 2637 4900 2885 4944; x_wconf 89' lang='lat' dir='ltr'><strong>sanctum</strong></span> <span class='ocrx_word' id='word_1_798' title='bbox 2942 4887 3106 4942; x_wconf 87' lang='lat' dir='ltr'><strong>etiam</strong></span> <span class='ocrx_word' id='word_1_799' title='bbox 3165 4902 3229 4941; x_wconf 83' lang='lat' dir='ltr'><strong>ex</strong></span> <span class='ocrx_word' id='word_1_800' title='bbox 3287 4885 3427 4939; x_wconf 75' lang='lat' dir='ltr'><strong>Filio</strong></span> 
     </span>
    </p>
   </div>
   <div class='ocr_carea' id='block_1_110' title="bbox 1846 4979 3428 5050">
    <p class='ocr_par' dir='ltr' id='par_1_110' title="bbox 1846 4979 3428 5050">
     <span class='ocr_line' id='line_1_110' title="bbox 1846 4979 3428 5050; baseline -0.006 -10"><span class='ocrx_word' id='word_1_801' title='bbox 1846 4986 2222 5040; x_wconf 76' lang='lat' dir='ltr'><strong>exsisteutiam</strong></span> <span class='ocrx_word' id='word_1_802' title='bbox 2247 4984 2447 5038; x_wconf 88' lang='lat' dir='ltr'><strong>habere</strong></span> <span class='ocrx_word' id='word_1_803' title='bbox 2475 4982 2780 5038; x_wconf 89' lang='lat' dir='ltr'><strong>asseruisse</strong></span> <span class='ocrx_word' id='word_1_804' title='bbox 2813 4999 2827 5036; x_wconf 90' lang='lat'><strong>:</strong></span> <span class='ocrx_word' id='word_1_805' title='bbox 2859 4991 2998 5050; x_wconf 75' lang='lat' dir='ltr'><strong>quas</strong></span> <span class='ocrx_word' id='word_1_806' title='bbox 3027 4979 3180 5049; x_wconf 80' lang='lat' dir='ltr'><strong>sequi</strong></span> <span class='ocrx_word' id='word_1_807' title='bbox 3214 4992 3310 5047; x_wconf 88' lang='lat' dir='ltr'><strong>par</strong></span> <span class='ocrx_word' id='word_1_808' title='bbox 3341 4983 3428 5031; x_wconf 90' lang='lat' dir='ltr'><strong>est</strong></span> 
     </span>
    </p>
   </div>
   <div class='ocr_carea' id='block_1_111' title="bbox 1846 5067 3429 5141">
    <p class='ocr_par' dir='ltr' id='par_1_111' title="bbox 1846 5067 3429 5141">
     <span class='ocr_line' id='line_1_111' title="bbox 1846 5067 3429 5141; baseline -0.009 -7"><span class='ocrx_word' id='word_1_809' title='bbox 1846 5081 2007 5134; x_wconf 89' lang='lat' dir='ltr'><strong>etiam</strong></span> <span class='ocrx_word' id='word_1_810' title='bbox 2054 5079 2107 5132; x_wconf 93' lang='lat' dir='ltr'><strong>in</strong></span> <span class='ocrx_word' id='word_1_811' title='bbox 2152 5078 2254 5132; x_wconf 92' lang='lat' dir='ltr'><strong>hoc</strong></span> <span class='ocrx_word' id='word_1_812' title='bbox 2286 5091 2500 5141; x_wconf 89' lang='lat' dir='ltr'><strong>omnes,</strong></span> <span class='ocrx_word' id='word_1_813' title='bbox 2552 5073 2891 5129; x_wconf 83' lang='lat' dir='ltr'><strong>doctissimis</strong></span> <span class='ocrx_word' id='word_1_814' title='bbox 2942 5072 3260 5127; x_wconf 88' lang='lat' dir='ltr'><strong>eorumdem</strong></span> <span class='ocrx_word' id='word_1_815' title='bbox 3290 5067 3429 5121; x_wconf 80' lang='lat' dir='ltr'><strong>divi-</strong></span> 
     </span>
    </p>
   </div>
   <div class='ocr_carea' id='block_1_112' title="bbox 1848 5160 3425 5243">
    <p class='ocr_par' dir='ltr' id='par_1_112' title="bbox 1848 5160 3425 5243">
     <span class='ocr_line' id='line_1_112' title="bbox 1848 5160 3425 5243; baseline -0.009 -16"><span class='ocrx_word' id='word_1_816' title='bbox 1848 5175 2044 5243; x_wconf 89' lang='lat' dir='ltr'><strong>nisque</strong></span> <span class='ocrx_word' id='word_1_817' title='bbox 2073 5170 2420 5240; x_wconf 79' lang='lat' dir='ltr'><strong>dogmatibus</strong></span> <span class='ocrx_word' id='word_1_818' title='bbox 2471 5183 2689 5223; x_wconf 83' lang='lat' dir='ltr'><strong>suasos.</strong></span> <span class='ocrx_word' id='word_1_819' title='bbox 2744 5165 2810 5221; x_wconf 85' lang='lat' dir='ltr'><strong>Hi</strong></span> <span class='ocrx_word' id='word_1_820' title='bbox 2855 5166 3053 5221; x_wconf 90' lang='lat' dir='ltr'><strong>etenim</strong></span> <span class='ocrx_word' id='word_1_821' title='bbox 3111 5178 3257 5218; x_wconf 65' lang='lat' dir='ltr'><strong>sanae</strong></span> <span class='ocrx_word' id='word_1_822' title='bbox 3299 5160 3425 5215; x_wconf 82' lang='lat' dir='ltr'><strong>ﬁdei</strong></span> 
     </span>
    </p>
   </div>
   <div class='ocr_carea' id='block_1_113' title="bbox 1847 5257 3421 5333">
    <p class='ocr_par' dir='ltr' id='par_1_113' title="bbox 1847 5257 3421 5333">
     <span class='ocr_line' id='line_1_113' title="bbox 1847 5257 3421 5333; baseline -0.01 -13"><span class='ocrx_word' id='word_1_823' title='bbox 1847 5266 2015 5320; x_wconf 88' lang='lat' dir='ltr'><strong>duces</strong></span> <span class='ocrx_word' id='word_1_824' title='bbox 2068 5264 2273 5333; x_wconf 88' lang='lat' dir='ltr'><strong>reperti</strong></span> <span class='ocrx_word' id='word_1_825' title='bbox 2316 5272 2466 5326; x_wconf 86' lang='lat' dir='ltr'><strong>sunt,</strong></span> <span class='ocrx_word' id='word_1_826' title='bbox 2519 5272 2572 5316; x_wconf 87' lang='lat' dir='ltr'><strong>et</strong></span> <span class='ocrx_word' id='word_1_827' title='bbox 2616 5261 3055 5317; x_wconf 82' lang='lat' dir='ltr'><strong>orthodoxorum</strong></span> <span class='ocrx_word' id='word_1_828' title='bbox 3106 5257 3421 5324; x_wconf 81' lang='lat' dir='ltr'><strong>dogmatum</strong></span> 
     </span>
    </p>
   </div>
   <div class='ocr_carea' id='block_1_114' title="bbox 1850 5356 3471 5424">
    <p class='ocr_par' dir='ltr' id='par_1_114' title="bbox 1850 5356 3471 5424">
     <span class='ocr_line' id='line_1_114' title="bbox 1850 5356 3471 5424; baseline -0.004 -12"><span class='ocrx_word' id='word_1_829' title='bbox 1850 5360 2175 5424; x_wconf 84' lang='lat' dir='ltr'><strong>interpretes</strong></span> <span class='ocrx_word' id='word_1_830' title='bbox 2210 5356 2375 5411; x_wconf 90' lang='lat' dir='ltr'><strong>simul</strong></span> <span class='ocrx_word' id='word_1_831' title='bbox 2418 5372 2480 5410; x_wconf 85' lang='lat' dir='ltr'><strong>ac</strong></span> <span class='ocrx_word' id='word_1_832' title='bbox 2515 5370 2818 5424; x_wconf 66' lang='lat' dir='ltr'><strong>praecones.</strong></span> <span class='ocrx_word' id='word_1_833' title='bbox 2921 5373 2932 5386; x_wconf 85' lang='lat'><strong>-</strong></span> <span class='ocrx_word' id='word_1_834' title='bbox 3466 5414 3471 5419; x_wconf 19' lang='grc' dir='ltr'><em>Ι</em></span> 
     </span>
    </p>
   </div>
   <div class='ocr_carea' id='block_1_115' title="bbox 1916 5439 3429 5507">
    <p class='ocr_par' dir='ltr' id='par_1_115' title="bbox 1916 5439 3429 5507">
     <span class='ocr_line' id='line_1_115' title="bbox 1916 5439 3429 5507; baseline -0.007 -3"><span class='ocrx_word' id='word_1_835' title='bbox 1916 5451 2008 5507; x_wconf 74' lang='lat'><strong>23.</strong></span> <span class='ocrx_word' id='word_1_836' title='bbox 2049 5451 2417 5506; x_wconf 74' lang='lat' dir='ltr'><strong>Nihilominus</strong></span> <span class='ocrx_word' id='word_1_837' title='bbox 2461 5465 2586 5504; x_wconf 88' lang='lat' dir='ltr'><strong>cum</strong></span> <span class='ocrx_word' id='word_1_838' title='bbox 2628 5445 2694 5503; x_wconf 90' lang='lat' dir='ltr'><strong>ad</strong></span> <span class='ocrx_word' id='word_1_839' title='bbox 2745 5443 3213 5501; x_wconf 85' lang='lat' dir='ltr'><strong>corroborandum</strong></span> <span class='ocrx_word' id='word_1_840' title='bbox 3260 5439 3429 5494; x_wconf 81' lang='lat' dir='ltr'><strong>stabi-</strong></span> 
     </span>
    </p>
   </div>
   <div class='ocr_carea' id='block_1_116' title="bbox 1849 5532 3440 5614">
    <p class='ocr_par' dir='ltr' id='par_1_116' title="bbox 1849 5532 3440 5614">
     <span class='ocr_line' id='line_1_116' title="bbox 1849 5532 3440 5614; baseline -0.007 -16"><span class='ocrx_word' id='word_1_841' title='bbox 1849 5544 2202 5614; x_wconf 87' lang='lat' dir='ltr'><strong>liendumque</strong></span> <span class='ocrx_word' id='word_1_842' title='bbox 2233 5545 2336 5598; x_wconf 90' lang='lat' dir='ltr'><strong>hoc</strong></span> <span class='ocrx_word' id='word_1_843' title='bbox 2366 5543 2559 5614; x_wconf 80' lang='lat' dir='ltr'><strong>dogma</strong></span> <span class='ocrx_word' id='word_1_844' title='bbox 2596 5550 2805 5596; x_wconf 88' lang='lat' dir='ltr'><strong>certum</strong></span> <span class='ocrx_word' id='word_1_845' title='bbox 2844 5552 2910 5594; x_wconf 88' lang='lat' dir='ltr'><strong>ac</strong></span> <span class='ocrx_word' id='word_1_846' title='bbox 2963 5537 3179 5591; x_wconf 84' lang='lat' dir='ltr'><strong>ﬁrmum</strong></span> <span class='ocrx_word' id='word_1_847' title='bbox 3211 5544 3264 5589; x_wconf 87' lang='lat' dir='ltr'><strong>et</strong></span> <span class='ocrx_word' id='word_1_848' title='bbox 3303 5532 3440 5587; x_wconf 67' lang='lat' dir='ltr'><strong>abis</strong></span> 
     </span>
    </p>
   </div>
   <div class='ocr_carea' id='block_1_117' title="bbox 1850 5629 3427 5695">
    <p class='ocr_par' dir='ltr' id='par_1_117' title="bbox 1850 5629 3427 5695">
     <span class='ocr_line' id='line_1_117' title="bbox 1850 5629 3427 5695; baseline -0.007 -4"><span class='ocrx_word' id='word_1_849' title='bbox 1850 5637 2037 5693; x_wconf 82' lang='lat' dir='ltr'><strong>multis</strong></span> <span class='ocrx_word' id='word_1_850' title='bbox 2093 5635 2315 5690; x_wconf 80' lang='lat' dir='ltr'><strong>Patrum</strong></span> <span class='ocrx_word' id='word_1_851' title='bbox 2381 5634 2800 5689; x_wconf 84' lang='lat' dir='ltr'><strong>auctoritatibus</strong></span> <span class='ocrx_word' id='word_1_852' title='bbox 2856 5629 3244 5689; x_wconf 85' lang='lat' dir='ltr'><strong>abundemus,</strong></span> <span class='ocrx_word' id='word_1_853' title='bbox 3302 5639 3427 5695; x_wconf 66' lang='lat' dir='ltr'><strong>qua:</strong></span> 
     </span>
    </p>
   </div>
   <div class='ocr_carea' id='block_1_118' title="bbox 1850 5717 3422 5792">
    <p class='ocr_par' dir='ltr' id='par_1_118' title="bbox 1850 5717 3422 5792">
     <span class='ocr_line' id='line_1_118' title="bbox 1850 5717 3422 5792; baseline -0.006 -9"><span class='ocrx_word' id='word_1_854' title='bbox 1850 5728 2138 5783; x_wconf 88' lang='lat' dir='ltr'><strong>calumniis</strong></span> <span class='ocrx_word' id='word_1_855' title='bbox 2171 5727 2422 5783; x_wconf 72' lang='lat' dir='ltr'><strong>obnoxia:</strong></span> <span class='ocrx_word' id='word_1_856' title='bbox 2453 5725 2674 5779; x_wconf 89' lang='lat' dir='ltr'><strong>minime</strong></span> <span class='ocrx_word' id='word_1_857' title='bbox 2712 5732 2859 5789; x_wconf 89' lang='lat' dir='ltr'><strong>sunt,</strong></span> <span class='ocrx_word' id='word_1_858' title='bbox 2900 5721 3042 5792; x_wconf 86' lang='lat' dir='ltr'><strong>quod</strong></span> <span class='ocrx_word' id='word_1_859' title='bbox 3074 5720 3126 5773; x_wconf 90' lang='lat' dir='ltr'><strong>in</strong></span> <span class='ocrx_word' id='word_1_860' title='bbox 3164 5717 3422 5773; x_wconf 82' lang='lat' dir='ltr'><strong>omnibus</strong></span> 
     </span>
    </p>
   </div>
   <div class='ocr_carea' id='block_1_119' title="bbox 1850 5812 3425 5887">
    <p class='ocr_par' dir='ltr' id='par_1_119' title="bbox 1850 5812 3425 5887">
     <span class='ocr_line' id='line_1_119' title="bbox 1850 5812 3425 5887; baseline -0.007 -15"><span class='ocrx_word' id='word_1_861' title='bbox 1850 5820 2224 5875; x_wconf 66' lang='lat' dir='ltr'><strong>voluminibus</strong></span> <span class='ocrx_word' id='word_1_862' title='bbox 2272 5818 2587 5887; x_wconf 86' lang='lat' dir='ltr'><strong>ubicunque</strong></span> <span class='ocrx_word' id='word_1_863' title='bbox 2630 5816 2872 5884; x_wconf 83' lang='lat' dir='ltr'><strong>gentium</strong></span> <span class='ocrx_word' id='word_1_864' title='bbox 2912 5814 3001 5868; x_wconf 89' lang='lat' dir='ltr'><strong>illa</strong></span> <span class='ocrx_word' id='word_1_865' title='bbox 3051 5812 3425 5880; x_wconf 88' lang='lat' dir='ltr'><strong>reperiuntur,</strong></span> 
     </span>
    </p>
   </div>
   <div class='ocr_carea' id='block_1_120' title="bbox 1852 5902 3424 5978">
    <p class='ocr_par' dir='ltr' id='par_1_120' title="bbox 1852 5902 3424 5978">
     <span class='ocr_line' id='line_1_120' title="bbox 1852 5902 3424 5978; baseline -0.008 -10"><span class='ocrx_word' id='word_1_866' title='bbox 1852 5914 1935 5968; x_wconf 86' lang='lat' dir='ltr'><strong>sui</strong></span> <span class='ocrx_word' id='word_1_867' title='bbox 1989 5928 2204 5978; x_wconf 90' lang='lat' dir='ltr'><strong>semper</strong></span> <span class='ocrx_word' id='word_1_868' title='bbox 2260 5913 2466 5967; x_wconf 87' lang='lat' dir='ltr'><strong>similes</strong></span> <span class='ocrx_word' id='word_1_869' title='bbox 2518 5910 2842 5974; x_wconf 86' lang='lat' dir='ltr'><strong>habeantur,</strong></span> <span class='ocrx_word' id='word_1_870' title='bbox 2892 5908 3010 5963; x_wconf 82' lang='lat' dir='ltr'><strong>illas</strong></span> <span class='ocrx_word' id='word_1_871' title='bbox 3055 5919 3293 5976; x_wconf 85' lang='lat' dir='ltr'><strong>quoque,</strong></span> <span class='ocrx_word' id='word_1_872' title='bbox 3346 5902 3424 5956; x_wconf 86' lang='lat' dir='ltr'><strong>uti</strong></span> 
     </span>
    </p>
   </div>
  </div>
