3974 6574
515 433 641 494 ὶΞῑῙ

1535 437 1957 499 CONSTANTI
1968 437 2050 500 NI
2088 439 2432 504 MELITEN
2443 440 2636 504 ΙΟΤιΕ

3613 442 3742 515 ιλιι

511 545 762 606 addecet,
799 543 886 598 hic
921 543 1273 601 recitabimus
1299 562 1313 600 :
1344 553 1404 601 ut
1433 545 1590 616 copia
1619 547 1823 617 scripto
1855 548 2075 602 tradita-

2183 549 2421 621 θήσομεν
2449 591 2464 614 ,
2486 551 2562 612 ὡς
2595 551 2661 604 ἂν
2686 548 2751 606 ἐκ
2781 549 3099 622 περιουσίας
3147 549 3254 606 τῶν
3287 552 3573 623 γραφικῶν
3620 553 3740 606 τού-

510 650 630 690 rum
673 637 1062 691 auctoritatum
1105 636 1545 692 adversariorum
1586 652 1681 692 ora
1710 653 1940 709 prorsus
1973 653 2075 710 op-

509 726 828 796 primamus.
864 725 1083 782 Primus
1109 727 1292 798 itaque
1323 728 1583 783 Ecclesiae
1606 729 1787 783 lumen
1811 729 2072 798 Joannes,

508 819 724 875 eminus
754 818 1047 888 splendens
1092 834 1156 872 ac
1184 819 1343 891 ignea
1381 835 1559 883 mens.
1601 821 1781 892 lingua
1828 821 1989 876 simul
2023 831 2078 878 et

511 911 669 965 labiis
707 927 929 975 aureus,
980 920 1094 966 tum
1149 913 1396 966 oratione
1435 915 1500 965 de
1547 911 1924 968 incarnatione
1967 914 2076 968 Do-

507 1002 662 1063 mini,
729 1011 784 1058 et
842 1005 894 1056 in
938 1003 1069 1056 illud
1107 1021 1120 1056 :
1154 1002 1216 1056 In
1267 1004 1490 1074 singulis
1550 1006 1847 1074 regionibus
1903 1005 2077 1076 angeli

506 1093 778 1158 astabant,
837 1094 918 1148 sic
970 1095 1161 1148 επιυὶιιίι
1205 1112 1220 1147 z
1271 1096 1501 1149 Accessit
1547 1094 1787 1152 Christus
1841 1099 1909 1150 ad
1963 1116 2078 1153 nos.

508 1183 662 1237 Dedit
724 1185 872 1240 nobis
927 1186 1017 1255 qui
1074 1203 1138 1240 ex
1188 1188 1301 1256 ipso
1369 1197 1480 1252 est,
1527 1187 1824 1257 Spiritum,
1879 1197 1931 1243 et
1990 1207 2080 1244 as-

503 1277 729 1343 sumpsit
799 1286 1038 1330 nostrum
1127 1294 1369 1347 corpus;
1455 1290 1564 1334 tum
1647 1281 1701 1334 in
1777 1281 1886 1336 alio
1961 1297 2078 1337 scr—

509 1381 668 1422 mone
719 1368 1112 1437 przrceptorio,
1180 1374 1272 1438 qui
1333 1378 1386 1424 et
1447 1372 2078 1443 primaprophylactica

503 1459 682 1512 oratio
711 1460 1026 1514 inseritiitur
1063 1478 1078 1516 :
1119 1460 1186 1514 Et
1215 1463 1291 1515 sic
1323 1479 1414 1516 nos
1440 1473 1629 1525 servat,
1660 1463 1736 1518 ait
1765 1507 1779 1530 ,
1825 1463 2079 1533 Spiritus,

503 1551 594 1621 qui
619 1566 651 1604 a
673 1551 878 1605 Christo
901 1561 996 1619 est,
1025 1554 1076 1604 in
1100 1554 1183 1606 die
1215 1554 1412 1620 futura:
1438 1554 1836 1624 redemptionis.
1865 1555 1960 1610 lllo
1988 1571 2084 1611 eo-

503 1643 628 1697 dem
654 1650 895 1713 tempore
929 1643 1439 1712 perspicacissimus
1481 1645 1816 1715 Epiphanius
1835 1647 2084 1702 oratione

504 1734 780 1803 Ancyroto
809 1732 972 1792 dicta.
1017 1735 1192 1802 palam
1226 1745 1521 1805 aperteque
1552 1737 1765 1806 inquit:
1789 1739 1880 1790 Ait
1907 1737 2084 1805 itaque

505 1822 683 1877 beatus
717 1820 900 1876 Petrus
945 1823 1030 1888 iis,
1063 1825 1152 1893 qui
1208 1825 1348 1878 circa
1385 1825 1648 1880 Aminiam
1697 1835 1885 1881 erant:
1915 1845 1932 1879 ι
1972 1826 2082 1881 Cur

2175 657 2284 694 των
2311 639 2626 712 μαρτυριῶν
2651 639 2960 712 ὁλοκλήρως
2991 641 3059 696 τὰ
3113 642 3351 711 στόματα
3403 644 3512 696 τῶν
3551 643 3739 698 ἀντιδι-

2180 729 2418 784 κούντων
2451 731 2847 802 ἔμφράξοιμεν.
2882 730 3087 786 Λύτίκα
3115 731 3245 800 γοῦν
3293 735 3322 785 ὸ
3362 732 3464 802 τῆς
3523 733 3739 804 Ἐκκλη-

2179 821 2299 885 σξας
2331 821 2557 892 φωστὴρ
2600 820 2873 892 Ἰωάννης,
2897 820 2990 874 τὸν
3017 821 3258 890 τηλαυγῆ
3283 821 3428 887 λέγω
3463 822 3558 873 καὶ
3587 821 3738 891 πύρι-

2177 929 2265 966 νον
2285 912 2430 978 νοῦν,
2457 913 2548 966 τὸν
2573 912 2672 983 τὴν
2705 911 2950 981 γλῶτταν
2975 912 3109 982 ὁμοῦ
3143 914 3237 966 καὶ
3279 912 3348 965 τὰ
3398 911 3555 982 χείλη
3615 927 3739 980 χρυο

2181 1002 2326 1068 οοῦν,
2354 1004 2410 1057 ὲν
2441 1003 2538 1074 μὲν
2563 1003 2640 1072 τῷ
2670 1003 2832 1072 λόγῳ,
2865 1004 2941 1072 τῷ
2969 1005 3046 1064 εἰς
3075 1003 3171 1072 τὴν
3189 1002 3636 1071 Ἓνανθρὼπησιν
3656 1000 3738 1053 τοῦ

2179 1092 2404 1163 Κυρίου,
2426 1094 2517 1147 καὶ
2542 1094 2623 1154 εἰς
2646 1094 2725 1157 τὸ,
2774 1094 3025 1161 Κλίματι
3047 1091 3282 1157 ἑκάστῳ
3321 1092 3563 1163 ἄγγελοι
3589 1091 3738 1160 esset-

2179 1185 2530 1254 στήκεσαν,
2583 1184 2753 1248 οὕτως
2811 1185 3033 1256 εἴρηκεν
3060 1199 3075 1215 ·
3124 1179 3351 1239 *Ηλθεν
3404 1186 3440 1237 ὁ
3504 1183 3738 1250 Χριστὸς

2181 1276 2330 1344 πρὸς
2388 1275 2566 1343 ἡμᾶς,
2605 1276 2829 1330 ἔδωκεν
2860 1276 3004 1344 ἡμῖν
3051 1276 3116 1330 τὸ
3149 1276 3217 1341 ἐξ
3241 1276 3429 1330 αὐτοῦ
3487 1273 3737 1343 Πνεῦμα,

2181 1367 2278 1418 καὶ
2345 1365 2670 1420 ἀνελάϐετο
2724 1365 2790 1419 τὸ
2853 1367 3144 1435 ἡμέτερον
3199 1367 3391 1436 σῶμα.
3448 1365 3586 1419 Καθ’
3637 1366 3741 1418 ἓτε-

2187 1471 2275 1525 ρον
2306 1455 2361 1506 δέ
2391 1472 2452 1523 γε
2481 1455 2588 1508 τῶν
2615 1456 2777 1510 αὑτοῦ
2810 1457 2984 1526 λόγων
3008 1457 3117 1509 τῶν
3131 1456 3548 1518 διδασκαλικῶν,
3566 1455 3624 1516 ὃς
3655 1456 3741 1508 καὶ

2183 1546 2328 1600 οὕτω
2361 1563 2476 1610 πως
2527 1547 2742 1618 πρῶτος
2797 1547 3242 1615 προφυλακτικὸς
3295 1545 3738 1614 ἐπιγέγραπται·

2187 1641 2295 1694 Καὶ
2345 1638 2532 1704 οὕτως
2570 1637 2730 1706 ἡμᾶς
2761 1638 3044 1708 φυλάξω,
3099 1639 3254 1708 φησὶ,
3309 1636 3377 1690 τὸ
3407 1635 3574 1702 παρὰ
3617 1637 3743 1702 Χρι-

2183 1730 2336 1784 στοῦ
2398 1729 2637 1799 Πνεῦμα
2679 1733 2768 1796 εις
2806 1731 2923 1796 τὴν
2970 1729 3194 1798 ἡμέραν
3248 1729 3355 1796 τῆς
3397 1728 3746 1795 μελλούσης

2183 1823 2679 1891 ἀπολυτρώσεως.
2713 1820 2824 1876 Τοῦ
2865 1823 3032 1877 αὐτοῦ
3065 1821 3258 1893 χρόνου
3323 1821 3418 1874 καὶ
3454 1822 3483 1873 ὁ
3517 1820 3748 1886 διορατιο

505 1915 725 1968 tcntavit
778 1931 862 1968 vos
893 1912 1162 1989 Satanas,
1207 1917 1418 1970 mentiri
1464 1915 1694 1985 Spiritui
1737 1927 1918 1972 sancto
1937 1920 2071 1974 "ti

2183 1917 2274 1978 κὸς
2313 1915 2631 1984 Ἐπιοράνιος
2662 1914 2738 1968 ὣν
2763 1917 2821 1968 ὲν
2841 1915 2917 1985 τῷ
2943 1914 3086 1985 λόγῳ
3110 1912 3188 1979 τῷ
3227 1911 3568 1980 ’Δγκυρωτῷ
3603 1911 3748 1980 διαρ-

505 2010 683 2078 aitque
723 2021 740 2058 :
772 2004 928 2059 «Non
960 2023 1011 2059 es
1050 2009 1302 2061 mentitus
1337 2009 1658 2072 hominibus,
1690 2010 1778 2063 sed
1806 2008 1916 2063 Deo
1935 2009 2003 2064 “.
2051 2027 2069 2061 ι

508 2097 649 2169 Ergo
683 2098 822 2152 Deus
857 2115 922 2153 ex
977 2098 1142 2153 Patre
1180 2110 1228 2152 et
1280 2097 1421 2154 Filio
1453 2098 1710 2166 Spiritus,
1754 2103 1838 2154 cui
1872 2100 2078 2154 mentiti

505 2199 649 2254 sunt,
670 2191 760 2260 qui
785 2199 1122 2260 seposuerant
1156 2190 1256 2243 sibi
1308 2191 1371 2245 de
1401 2193 1591 2260 pretio.
1640 2192 1772 2246 Item
1798 2233 1812 2258 ,
1845 2191 2076 2261 Spiritus

503 2291 718 2334 sanctus
749 2295 812 2334 ex
848 2279 1010 2336 Patre
1064 2290 1114 2335 et
1160 2279 1305 2335 Filio
1360 2285 1544 2336 tertius
1583 2285 1958 2352 appellatione.
2013 2283 2081 2338 Et

507 2373 697 2427 multis
761 2373 1064 2442 interjectis
1105 2391 1120 2425 :
1172 2373 1399 2444 Uterque
1454 2374 1716 2429 inhabitat
1766 2377 1820 2429 in
1872 2377 2079 2431 homine

498 2463 666 2532 justo,
697 2462 939 2519 Christus
985 2474 1032 2518 et
1076 2463 1309 2531 Spiritus
1353 2468 1538 2534 ipsius.
1585 2465 1644 2522 Si
1676 2483 1793 2522 vero
1836 2466 2076 2522 Christus

445 2563 460 2569 ”
499 2572 566 2610 ea:
616 2556 778 2612 Patre
829 2559 1067 2612 creditur
1113 2557 1248 2612 Deus
1311 2575 1374 2612 ea;
1432 2559 1574 2623 Deo,
1632 2571 1681 2614 et
1741 2559 1971 2630 Spiritus
2014 2577 2077 2614 ea:

503 2647 712 2703 Christo
743 2691 756 2714 ,
810 2660 902 2703 aut
956 2667 1019 2704 ex
1079 2662 1336 2721 utroque,
1400 2661 1458 2704 ut
1494 2649 1736 2706 Christus
1785 2653 2073 2708 insinuat:

507 2761 525 2793 ι
565 2742 666 2806 Qui
714 2758 779 2796 ea:
829 2741 988 2797 Patre
1047 2743 1371 2812 procedit,“
1417 2762 1433 2796 ι
1477 2753 1527 2798 et
1578 2762 1591 2798 :
1631 2763 1650 2796 ι
1695 2743 1795 2798 llic
1850 2745 1915 2799 de
1962 2761 2074 2799 meo

501 2834 718 2901 accipiet
738 2833 802 2886 “.
849 2853 866 2885 ι
902 2833 1012 2888 Ηοο
1032 2849 1252 2904 quoque
1274 2835 1478 2889 dictum
1514 2836 1569 2890 in
1605 2835 1932 2905 quibusdam
1966 2852 2078 2891 V0-

503 2923 799 2977 luruinibus
830 2923 1203 2978 l'rauJulenter
1233 2925 1305 2978 ita
1347 2935 1631 2979 exaratum
1666 2936 1750 2981 est
1797 2941 1814 2980 :
1854 2926 1916 2980 Si
1956 2942 2076 2980 vero

507 3015 750 3069 Christus
781 3031 844 3070 ex
873 3016 1077 3084 Spiritu
1123 3018 1354 3070 creditur
1392 3017 1526 3072 Deus
1564 3034 1629 3073 ea:
1672 3018 1803 3083 Deo,
1830 3029 1879 3074 et
1903 3017 2074 3088 Spiri-

507 3118 588 3161 tus
611 3123 674 3162 ex
705 3108 937 3173 Christo,
966 3120 1059 3163 aut
1114 3125 1177 3163 ex
1209 3120 1451 3180 utroque.
1510 3111 1577 3166 Et
1607 3111 1758 3166 fraus
1786 3110 2074 3166 manifesta

507 3209 613 3268 est,
645 3211 697 3256 et
727 3203 1039 3272 cuicunque
1067 3203 1406 3271 deprehensa
1434 3205 1662 3258 minime
1681 3203 1939 3269 dillicilis,
1963 3220 2070 3258 non

2183 2006 2352 2077 ρήδην
2383 2007 2474 2059 καὶ
2504 2005 2719 2076 τρανῶς
2773 2005 3114 2076 φθέγγεται·
3153 2006 3352 2073 Φησὶν
3393 1999 3512 2058 οὖν
3570 2005 3604 2055 ὀ
3647 2017 3749 2070 μα-

2179 2097 2384 2164 κάριος
2429 2097 2650 2165 Πέτρος
2681 2097 2807 2163 τοῖς
2834 2098 2967 2164 περὶ
3026 2099 3133 2152 τὸν
3182 2097 3478 2160 Ἀνανίαν,
3519 2113 3539 2144 ι
3580 2094 3642 2146 Tl
3668 2092 3748 2145 ὅτι

2179 2189 2502 2257 eae/paver
2526 2187 2681 2258 ὑμᾶς
2706 2189 2738 2243 ὁ
2765 2187 3394 2256 Σατανᾶςψεύσασθαι
3420 2185 3486 2239 τὸ
3515 2184 3749 2252 Πνεῦμα

2178 2281 2244 2334 τὸ
2271 2281 2482 2351 ἄγιον;
2517 2300 2535 2334 ι
2575 2281 2682 2335 Καί
2713 2298 2900 2352 φησιν,
2938 2300 2957 2334 ι
2997 2284 3118 2336 Οὐκ
3159 2279 3447 2348 ἀνθρώπῳ
3489 2277 3748 2346 ἐψεύσω,

2178 2373 2340 2428 ἀλλὰ
2374 2371 2514 2438 Θεῷ.
2565 2391 2585 2426 ι
2627 2373 2775 2440 ’Δρα
2813 2372 2958 2439 Θεὸς
3014 2373 3084 2427 ἐκ
3117 2373 3346 2440 Πατρός
3375 2371 3478 2423 καὶ
3516 2369 3655 2422 Tch
3690 2367 3750 2420 τὸ

2179 2465 2440 2533 Πνεῦμα,
2493 2459 2542 2533 ᾧ
2597 2465 2940 2534 ἐψεύσαντο
2987 2467 3042 2518 οὶ
3096 2463 3214 2519 ἀπὸ
3271 2462 3376 2517 τοῦ
3424 2460 3748 2530 τιμήματος

2178 2556 2637 2625 νοσφισάμενοι.
2682 2558 2789 2610 Καὶ
2836 2557 3026 2621 αὖθιςο
3081 2556 3150 2611 Td
3191 2555 3433 2623 Πνεῦμα
3466 2554 3536 2608 τὸ
3580 2551 3746 2620 ἅγιον

2177 2649 2244 2701 ἐκ
2273 2649 2379 2702 τοῦ
2411 2648 2640 2716 Πατρὸς
2666 2649 2763 2702 καὶ
2791 2649 2896 2703 τοῦ
2921 2649 3052 2703 Υιοῦ
3093 2650 3293 2716 τρίτον
3321 2645 3394 2714 τῇ
3420 2643 3737 2713 ὀνομασίᾳ.

2182 2739 2289 2791 Καὶ
2319 2740 2457 2806 μετὰ
2494 2739 2662 2791 πολλὰ
2689 2739 2849 2791 πάλιν
2870 2751 2884 2768 ·
2939 2739 3254 2808 Ἆμφότερα
3281 2734 3555 2791 κατοικεῖ
3576 2734 3648 2787 ἐν
3674 2729 3746 2797 τῷ

2179 2830 2468 2899 ἀνθρώπῳ
2493 2829 2572 2894 τῷ
2617 2831 2845 2896 δικαίῳ,
2880 2834 2912 2884 ό
2959 2832 3214 2898 Χριστὸς
3261 2827 3358 2882 καὶ
3389 2827 3459 2881 τὸ
3510 2824 3745 2895 Πνεῦμα

2177 2921 2383 2976 αὐτοῦ.
2411 2925 2478 2975 Et
2511 2922 2580 2974 δὲ
2611 2924 2865 2989 Χριστὸς
2893 2922 2960 2976 ἐκ
3002 2922 3107 2976 τοῦ
3135 2923 3365 2988 Πατρὸς
3402 2920 3743 2974 πιστεύεται

2179 3012 2322 3077 Θεὸς
2356 3011 2424 3065 ἐκ
2467 3011 2637 3077 Θεοῦ,
2678 3013 2775 3066 καὶ
2829 3011 2896 3066 τὸ
2932 3011 3173 3080 Πνεῦμα
3198 3011 3266 3066 ἐκ
3323 3009 3432 3064 τοῦ
3466 3005 3739 3078 Χριστοῦ.

2177 3105 2214 3170 ἢ
2254 3105 2390 3170 παρ’
2429 3104 2797 3173 ἀμφοτέρων,
2829 3104 2911 3170 ὥς
2959 3120 3150 3172 φησιν
3183 3107 3216 3157 ό
3280 3101 3560 3170 Χριστὸς,
3618 3119 3637 3151 ι
3678 3100 3740 3152 Ὃ

2177 3198 2335 3264 παρὰ
2369 3197 2475 3251 τοῦ
2504 3198 2736 3267 Πατρός
2782 3197 3189 3266 ἐκπορεύεται,
3234 3214 3254 3248 ι
3299 3194 3399 3248 καὶ
3425 3234 3440 3257 ,
3486 3211 3507 3246 s
3563 3187 3737 3259 οὗτος

503 3304 712 3350 tantum
747 3296 889 3365 quod
925 3295 1146 3350 omnino
1174 3297 1507 3366 inopinabile
1534 3307 1619 3352 est
1646 3298 1924 3352 Christum
1954 3313 2074 3352 esse

2180 3290 2242 3344 ἐκ
2279 3289 2382 3344 τοῦ
2421 3287 2569 3358 ἐμοῦ
2601 3287 2882 3357 λήψεται.
2913 3307 2933 3341 ι
2976 3289 3086 3343 Καὶ
3116 3287 3176 3342 τὸ
3198 3285 3291 3341 νῦν
3320 3284 3480 3340 τοῦτο
3506 3284 3664 3355 ρήτδν
3686 3285 3736 3335 ἐν

505 3402 570 3442 ex
613 3386 847 3457 Spiritu,
901 3402 1026 3440 cum
1077 3402 1239 3442 nemo
1271 3387 1518 3442 omnium
1571 3403 1699 3442 vere
1734 3388 1786 3443 id
1821 3389 2076 3456 opinatus

504 3477 692 3544 fuerit,
717 3479 809 3533 sed
843 3479 988 3548 quod
1041 3479 1274 3534 alterum
1309 3481 1377 3534 ab
1407 3481 1582 3534 altero
1634 3496 1756 3534 esse
1789 3478 2076 3533 absurdis-

505 3569 701 3624 simum
735 3570 980 3624 omnium
1024 3579 1327 3638 reputatur.
1379 3570 1628 3637 Quonam
1683 3585 1814 3625 vero
1846 3571 1898 3623 in
1952 3569 2075 3624 locu

504 3662 779 3732 quispiam
815 3662 1059 3732 posuerit
1098 3663 1242 3730 quod
1298 3663 1424 3717 inde
1452 3662 1630 3716 oritur
1671 3661 1916 3716 malum?
1965 3660 2077 3716 llac

504 3753 770 3822 siquidem
829 3753 1044 3808 ratione
1093 3763 1147 3808 et
1204 3752 1442 3824 Spiritus
1481 3770 1548 3810 ex
1609 3753 1904 3824 semetipsu
1955 3765 2077 3805 esse

503 3843 960 3912 deprehendetur.
1015 3844 1504 3912 Quomodo?Cum
1559 3845 1754 3901 beatus
1807 3843 2073 3900 dixisset:

501 3946 552 3990 et
593 3934 827 4004 Spiritus
882 3952 945 3990 ex
979 3934 1210 3996 Christo.
1266 3938 1613 4006 postmodum
1641 3936 1895 3993 ocissime
1941 3938 2075 3993 sub-

507 4027 725 4082 iutulit:
760 4039 852 4082 aut
889 4045 951 4082 ea:
993 4037 1231 4098 utroque.
1261 4029 1317 4082 Si
1349 4032 1530 4100 itaque
1565 4029 1644 4084 sic
1678 4030 1752 4083 ibi
1816 4030 2069 4096 habetur,

506 4120 747 4177 Christus
767 4138 830 4175 ea:
853 4119 1076 4192 Spiritu,
1115 4137 1242 4184 non,
1274 4138 1337 4176 ea:
1363 4120 1546 4185 Patre,
1568 4124 1710 4193 quod
1740 4125 1864 4178 inde
1886 4125 2072 4194 sequi-

507 4228 595 4270 tur
647 4216 900 4285 colligat,
961 4217 1271 4286 quicunque
1337 4233 1480 4272 nunc
1533 4217 1648 4272 haec
1702 4218 1876 4274 audit.
1941 4217 2076 4284 Quis

505 4317 790 4378 propterea
824 4324 953 4363 usus
979 4309 1141 4363 fuerit
1184 4309 1512 4380 evangelicae
1536 4309 1840 4380 divinaeque
1881 4309 2078 4364 dictio—

506 4401 614 4462 uis,
645 4415 809 4469 quam
859 4400 1044 4455 statim
1090 4401 1142 4454 in
1170 4401 1546 4456 testimonium
1583 4402 1862 4456 adducens
1900 4401 2077 4471 appli-

503 4502 612 4554 cat,
641 4490 830 4546 dicens
863 4509 876 4545 :
910 4491 977 4546 Ut
1011 4493 1086 4544 ait
1121 4492 1408 4547 Christus:
1449 4511 1466 4545 ι
1509 4494 1670 4558 Quia
1709 4494 1866 4547 Patre
1889 4511 2075 4562 proce-

503 4586 580 4637 dit
617 4587 644 4640 .’
690 4603 708 4638 ι
764 4583 1182 4653 Supervacanca
1250 4601 1478 4655 prorsus
1535 4595 1619 4641 est
1655 4596 1709 4640 ct
1748 4587 2073 4656 incongrua.

507 4675 629 4732 llaec
654 4678 891 4732 absurda
918 4678 1102 4730 omnia
1131 4678 1278 4733 dicto
1309 4680 1611 4748 contigere,
1643 4680 1787 4746 quod
1820 4680 2075 4733 immuta-

506 4778 618 4822 tum
673 4768 745 4822 sit
789 4769 960 4823 illud:
1002 4785 1066 4822 e1:
1124 4767 1324 4834 Patre,
1369 4772 1420 4823 in
1482 4773 1611 4824 illud
1668 4788 1680 4821 :
1728 4787 1792 4824 ex
1847 4771 2072 4839 Spiritu.

507 4859 790 4916 lludenam
828 4876 974 4924 vero,
1015 4871 1068 4914 et
1101 4877 1129 4914 a
1167 4863 1364 4930 quibus
1442 4863 1495 4916 id
1529 4863 1730 4916 factum
1789 4861 1915 4916 est?
1967 4877 2073 4916 non

508 4960 592 5007 est
626 4966 654 5004 α
693 4952 852 5006 nobis
884 4953 1323 5008 discernendum.
1379 4953 1726 5009 Manifestum
1774 4955 1919 5008 enim
1970 4962 2075 5016 est,

507 5042 576 5099 ab
617 5044 944 5098 adversariis
973 5044 1200 5114 hujusce
1241 5062 1385 5099 nunc
1421 5045 1777 5100 demonstrati
1807 5046 2076 5114 dogmatis

507 5134 709 5189 factum
773 5133 982 5198 fuisse,
1065 5136 1207 5204 quod
1271 5136 1487 5202 quidem
1544 5135 1865 5191 facillimum
1933 5136 2070 5202 fuit,

507 5226 674 5280 unius
738 5225 910 5281 solius
961 5226 1212 5281 litterulae
1268 5227 1646 5280 immutatione
1676 5237 1729 5282 et
1765 5225 2073 5281 variatione.

508 5316 854 5387 Propositum
912 5334 1072 5384 vero,
1141 5321 1285 5389 quod
1339 5335 1462 5373 cum
1521 5321 1679 5374 nobis
1737 5320 2071 5374 credendum

509 5423 617 5463 non
642 5421 805 5476 esset,
829 5410 900 5463 ita
930 5425 1024 5465 eos
1049 5426 1078 5464 ει
1111 5421 1260 5466 recto
1292 5411 1544 5481 dogmate
1572 5413 1862 5476 excidisse,
1905 5421 1963 5466 ut
1993 5412 2077 5480 pie

509 5502 1084 5567 tcnerent,Ciiristum
1132 5521 1196 5560 ex
1246 5505 1448 5574 Spiritu
1503 5520 1658 5566 esse,
1719 5505 1952 5560 fortasse
2005 5505 2077 5558 ob

511 5590 650 5645 hanc
696 5594 943 5646 eamdem
1018 5596 1282 5648 rationein
1337 5604 1390 5648 ct
1420 5595 1563 5664 quod
1621 5596 1891 5663 reliquum
1942 5604 2027 5650 est
2058 5632 2074 5658 ,

515 5697 727 5752 nempe,
758 5694 805 5735 et
837 5684 1066 5751 Spiritus
1089 5702 1152 5739 ex
1181 5686 1410 5749 Christo,
1446 5686 1520 5738 uti
1555 5699 1664 5738 non
1705 5687 1840 5739 bene
1869 5687 2074 5740 dictum

587 5861 627 5889 ῃ
667 5863 780 5916 ΑΜ.
821 5881 870 5925 \',
901 5866 951 5918 ὖ.

2180 3380 2383 3449 βίϐλοις
2422 3383 2561 3435 τισὶν
2591 3380 2822 3452 εὓρηται
2856 3380 3182 3450 κακούργως
3225 3379 3425 3432 οὑτωσὶ
3453 3378 3727 3446 κείμενον·

2177 3475 2246 3525 Εἰ
2294 3471 2364 3525 δὲ
2416 3473 2675 3539 Χριστὸς
2729 3471 2797 3525 ἐκ
2845 3471 2951 3524 τοῦ
3012 3471 3358 3538 Πνεύματος
3407 3466 3732 3522 πιστεύεται

2177 3564 2323 3630 Θεὸς
2347 3564 2416 3618 ἐκ
2450 3564 2620 3628 Θεοῦ,
2651 3563 2750 3618 καὶ
2781 3565 2847 3618 τὸ
2871 3561 3111 3632 Πνεῦμα
3143 3562 3212 3616 ἐκ
3257 3561 3362 3614 τοῦ
3389 3559 3669 3628 Χριστοῦ,
3699 3557 3730 3624 ἠ

2179 3657 2318 3723 παρ’
2345 3656 2716 3725 ἀμφοτέρων.
2750 3655 2820 3714 Ἦ
2847 3655 2904 3709 δὲ
2921 3654 3246 3726 ,κακουργία
3275 3655 3476 3723 σαφὴς,
3510 3653 3605 3706 καὶ
3632 3652 3732 3712 τοῖς

2183 3749 2348 3800 πᾶσιν
2379 3745 2716 3818 εὑφώρατος,
2747 3748 2844 3818 οὐχ
2883 3749 2966 3802 ὅτι
2988 3747 3084 3803 καὶ
3127 3747 3290 3813 μόνον
3320 3745 3512 3810 ἄδοξον
3548 3741 3732 3806 ὀλικῶς

2183 3842 2243 3894 τὺ
2271 3840 2563 3910 τυγχάνειν
2605 3840 2697 3893 τὸν
2724 3841 2956 3912 Χριστὸν
2983 3842 3048 3893 ἐκ
3083 3838 3177 3892 τοῦ
3233 3838 3571 3908 Πνεῦματος.
3601 3835 3733 3890 ἐπεὶ·

2183 3950 2288 4002 τςερ
2319 3934 2496 3995 οὐδεὶς
2530 3933 2641 3987 τῶν
2673 3915 2893 3987 πάντων
2924 3933 3000 3996 ὡς
3019 3931 3260 4003 ἀληθῶς,
3307 3933 3458 3996 ὅστις
3483 3932 3632 3985 τουτὶ
3658 3944 3734 3982 το-

2183 4025 2454 4096 παράπαν
2510 4026 2781 4090 ὲδόξασεν,
2818 4025 2932 4079 ἀλλ’
2959 4027 3038 4078 ὅτι
3073 4027 3166 4080 καὶ
3199 4025 3260 4078 τὸ
3287 4024 3464 4076 τελεῖν
3494 4024 3554 4088 ἐξ
3581 4022 3736 4090 αλλή-

2178 4119 2287 4172 λων
2316 4119 2456 4173 αὐτὰ
2497 4120 2604 4172 τῶν
2657 4119 3140 4190 παραλογωτάτων
3186 4117 3367 4186 πάντη
3413 4115 3736 4185 καθέστηκε.

2181 4210 2289 4264 Ποῦ
2317 4211 2374 4264 δέ
2396 4229 2479 4273 τις
2506 4213 2601 4265 καὶ
2649 4211 2803 4283 θήσει
2839 4213 2899 4265 τὸ
2931 4210 3308 4280 ἀναφυόμενον
3368 4207 3620 4260 ἐντεῦθεν
3651 4223 3740 4258 και

2178 4306 2308 4367 κόνς
2349 4302 2424 4356 Τὸ
2457 4302 2678 4372 Πνεῦμα
2708 4305 2815 4374 γὰρ
2867 4302 3011 4356 οὕτω
3045 4303 3143 4356 καὶ
3176 4302 3235 4368 ἐξ
3285 4299 3453 4354 αὑτοῦ
3484 4300 3738 4368 τυγχάνον

2179 4399 2506 4468 φανήσεται.
2575 4395 2734 4462 Πῶςς
2784 4395 2844 4447 '0
2880 4397 3153 4465 μακάριος
3196 4393 3369 4454 οὕτως
3411 4389 3607 4452 εἰπὼν,
3641 4388 3740 4442 Καὶ

2178 4488 2247 4542 τὸ
2281 4490 2524 4556 Πνεῦμα
2561 4490 2630 4542 ἐκ
2660 4488 2768 4542 τοῦ
2789 4488 3066 4554 Χριστοῦ,
3105 4487 3436 4555 μεῡὺστερον
3465 4486 3539 4547 ὡς
3565 4487 3737 4553 ταχος.

2180 4581 2218 4649 ἢ
2275 4582 2406 4649 παρ’
2433 4581 2802 4649 ἀμφοτέρων,
2829 4580 3127 4649 ἐπήγαγεν.
3160 4579 3220 4632 Εἰ
3279 4576 3411 4647 γοῦν
3437 4577 3610 4638 οὕτως
3637 4576 3742 4627 ἐκεῖ

2181 4670 2357 4722 κεῖται
2396 4669 2634 4737 Χριστὸς
2672 4671 2735 4720 ἐκ
2760 4671 2856 4721 τοῦ
2913 4661 3251 4737 Πνεῦματος,
3286 4668 3388 4720 οὐκ
3420 4669 3487 4720 ὲκ
3513 4665 3604 4718 τοῦ
3644 4664 3742 4717 Πα·

2181 4761 2332 4829 τρὸς,
2369 4761 2652 4829 συναγέτω
2679 4762 2738 4813 τὸ
2769 4761 2893 4830 ἑξῆς
2923 4760 3019 4813 τοῦ
3043 4761 3200 4828 λόγου
3232 4762 3342 4823 πᾶς
3369 4761 3397 4812 ὁ
3451 4758 3622 4812 ταῦτα
3655 4755 3741 4810 νῦν

2186 4853 2565 4922 ἀκροώμενος.
2595 4855 2731 4907 Ποία
2760 4853 2815 4906 δὲ
2865 4855 3060 4924 χρῆσις
3091 4853 3187 4905 καὶ
3241 4851 3338 4921 τῆς
3392 4849 3740 4919 εὐαγγελικῆς

2184 4950 2281 5001 καὶ
2309 4947 2458 5010 Θείας
2494 4949 2705 5016 φωνῆς,
2761 4946 2941 5017 ἤνπερ
2985 4946 3261 5016 παρευοὺς
3326 4947 3408 5007 εἰς
3447 4941 3740 5013 μαρτυρίαν

2187 5039 2523 5108 παραλαϐὼν
2557 5039 2762 5108 τίθησι,
2803 5037 2996 5104 λέγων,
3035 5037 3136 5102 Ὠς
3186 5051 3378 5106 φησιν
3402 5039 3436 5089 ό
3475 5034 3737 5103 Χριστὸς.

2185 5149 2202 5182 ι
2247 5132 2316 5183 '0
2351 5134 2510 5199 παρὰ
2544 5132 2652 5184 τοῦ
2706 5130 2934 5198 Πατρός
2965 5130 3398 5196 ἐκπορεύεται;
3440 5148 3460 5181 ι
3513 5127 3738 5196 ﬂagitari;

2178 5222 2396 5284 παντως
2430 5222 2603 5287 ἐστὶν,
2645 5222 2876 5284 οὐδόλως
2921 5222 3203 5291 ἁρμόδιος.
3255 5221 3418 5275 Ἀ).λά
3476 5220 3643 5273 ταῦτα
3679 5220 3741 5270 τὰ

2181 5312 2358 5366 ἄτοπα
2391 5313 2571 5365 πάντα
2611 5311 2931 5383 συμϐέϐηκε
2979 5312 3056 5380 τῷ
3106 5314 3340 5380 τοιούτῳ
3371 5312 3543 5381 ῥητῷ,
3575 5310 3658 5363 διὰ
3685 5308 3739 5360 si

2188 5404 2592 5474 μεταϐληθῆναι
2639 5405 2700 5458 τὸ
2751 5404 2820 5457 ἐκ
2869 5402 3098 5471 Πατρός
3126 5405 3204 5467 εἰς
3242 5403 3304 5456 τὸ
3334 5404 3402 5457 ἐκ
3432 5404 3539 5457 τοῦ
3566 5400 3737 5455 Πνεύ-

2179 5514 2387 5566 ματος.
2421 5496 2591 5549 Πόθεν
2647 5498 2704 5548 δὲ
2742 5496 2900 5550 τοῦτο
2933 5497 3138 5565 ’γέγονε
3194 5497 3289 5549 καὶ.
3346 5496 3501 5564 παρὰ
3541 5493 3734 5551 τίνων;

2183 5591 2390 5660 ἥκιστα
2435 5594 2659 5644 σκοπεῖν
2698 5589 2978 5660 προσῆκον
3027 5591 3195 5660 ἡμᾶς.
3233 5588 3471 5658 Εὔδηλον
3523 5589 3624 5656 γὰρ
3669 5584 3734 5642 ὡς

2193 5685 2324 5752 πρὸς,
2360 5683 2469 5735 τῶν
2499 5682 2774 5752 πολεμίων
2806 5680 2898 5735 τοῦ
2933 5683 3064 5752 παρ’
3098 5677 3622 5750 ὴμῶν-δεικνυμένου
3652 5675 3732 5725 νῦν

1029 5869 1072 5898 ⁶²
1097 5867 1226 5920 ibid.
1261 5869 1305 5920 «ἱ.
1390 5869 1430 5899 ⁸³
1459 5866 1615 5920 Juan.
1651 5884 1734 5929 χι,
1763 5867 1849 5920 "20.
1927 5863 2152 5920 ⁸³10311.
2184 5883 2293 5930 ΜΗ,
2336 5867 2416 5921 Η.
