3974 6604
264 466 402 533 1217

1106 468 1205 528 DE
1248 422 1769 527 Paoccssmus
1805 468 1867 527 s.
1910 466 2279 528 serenus
2319 466 2544 527 ομιτ.
2587 466 2668 527 lI.

3382 465 3520 531 1218

260 587 359 640 καὶ
388 585 498 639 τῶν
551 584 687 638 ὅλων
718 582 793 648 ὡς
828 581 1044 653 ἀληθῶς
1094 580 1536 653 ἀρχοειδὲστερον
1579 580 1840 661 ῥημάτων

1949 583 2027 639 bis
2091 582 2348 637 omnibus
2407 580 2690 651 antiquius
2746 593 2871 634 cum
2914 578 3037 645 sit,
3094 579 3303 650 reliqua
3336 583 3524 637 omnia

256 676 472 738 τελοῦν.
505 676 720 729 ἅπαντα
753 676 819 728 τὰ
850 675 1012 729 λοιπά
1063 674 1269 728 τούτων
1322 672 1667 741 ἁναλυόμενα
1701 672 1839 743 πρὸς

263 767 432 821 ἑαυτὸ
460 766 720 837 δέχεται·
755 767 914 822 τοῦτο
946 767 1002 821 δὲ
1037 766 1098 819 :0
1134 763 1532 835 ἐκπορεύεσθαι
1581 764 1677 818 καὶ
1706 762 1841 817 αὑτὸ

260 860 404 930 πρὸς
463 861 577 922 τοῖς
631 858 813 921 ἄλλοις
875 856 1242 927 ἀναλυόμενον
1298 855 1463 919 ὅλοις,
1505 854 1587 918 εἰς
1619 853 1680 907 :0
1707 854 1840 907 ἐστι

260 950 412 1022 παρὰ
447 950 556 1003 τῶν
583 952 683 1018 τῆς
715 950 1045 1019 Ἐκκλησίας
1066 947 1246 1017 σοφῶν
1274 947 1368 1002 καὶ
1396 945 1733 1001 διδασκάλων
1760 946 1841 1008 είς

255 1044 357 1113 τὴν
395 1043 512 1105 πῶς
548 1041 781 1113 ὕπαρξιν
816 1041 1086 1113 ὲξελήφοη
1118 1038 1212 1093 τοῦ
1240 1040 1579 1110 Πνεύματος,
1601 1036 1699 1107 τὴν
1718 1034 1842 1091 τού·-

258 1149 355 1187 του
391 1134 525 1207 πρὸς
561 1136 652 1186 τὸν
689 1132 817 1185 Υίον
848 1134 1111 1203 ἐμφαῖνον
1160 1129 1466 1201 διαστολὴν.
1498 1129 1592 1182 καὶ
1636 1127 1696 1180 τὸ
1722 1127 1836 1182 διά·

257 1243 428 1297 φορον
489 1213 627 1296 πρὸς
680 1223 841 1278 αὑτὸν
895 1225 993 1294 τῆς
1050 1210 1360 1293 ὑπάρξεως.
1410 1222 1544 1276 Ἵνα
1579 1219 1672 1274 καὶ
1729 1220 1839 1290 γὰρ

255 1320 321 1371 τὸ
351 1318 541 1386 ὄνομα
577 1317 847 1384 παρέλθῃ
883 1314 994 1384 τῆς
1015 1314 1357 1385 γεννήσεως
1389 1314 1427 1381 ἡ
1456 1312 1691 1380 Γραφὴ,
1723 1310 1841 1379 τὴν

256 1411 648 1477 ἐκπόρευσιν,
695 1408 947 1478 Ἰωάννης
976 1410 1003 1461 ό
1044 1406 1435 1477 Χρυσόστομος
1467 1407 1650 1476 φησὶν,
1679 1404 1838 1473 εῑρη-

258 1520 391 1559 κεν.
417 1504 586 1555 Ὅταν
618 1496 710 1555 οὖν
749 1503 1038 1572 πρόκειται
1069 1499 1279 1563 τούτοις
1300 1499 1362 1551 :0
1390 1497 1484 1550 τοῦ
1521 1498 1660 1550 Πνεύ
1671 1514 1839 1567 ματος

257 1598 376 1659 πῶς
419 1596 686 1666 ὑπάρχειν
710 1595 902 1654 εἰπεῖν,
934 1590 1238 1663 τηνικαῦτα
1259 1591 1320 1660 δὴ
1349 1590 1445 1661 τὴν
1475 1589 1838 1658 ἐκπορεύεται

256 1687 408 1755 λέξιν
447 1685 993 1758 παραλαμϐάνουσιν.
1036 1684 1233 1738 Ἦνίκα
1279 1683 1323 1737 δ’
1384 1684 1569 1745 αὐτοῖς
1616 1685 1644 1736 ό
1680 1683 1839 1750 λόγος

260 1780 515 1849 βούλεται
548 1779 676 1848 περὶ
706 1778 803 1845 τῆς
824 1774 1011 1839 ἁπλῶς
1042 1776 1136 1828 καὶ
1170 1774 1339 1846 μόνης
1375 1773 1666 1845 ὑπάρξεως
1707 1773 1838 1829 :06-

257 1888 354 1924 του
388 1870 679 1933 διαλαϐεῖν,
707 1870 826 1922 τότε
858 1869 1028 1939 χωρὶς
1060 1868 1153 1920 τοῦ
1184 1868 1498 1935 γεννᾶσθαι,
1524 1865 1584 1919 :0
1603 1865 1659 1918 δὲ
1698 1864 1839 1918 πάν·

257 1980 369 2027 τως
400 1962 531 2016 ἴδιον
563 1963 657 2015 τοῦ
690 1961 845 2025 Υίοῦ,
886 1959 1126 2031 χρῶνται
1174 1959 1271 2012 καὶ
1301 1960 1413 2017 τοῖς
1464 1957 1671 2020 λοιποῖς
1704 1958 1838 2011 πᾶσι

259 2056 491 2126 ῥήμασι,
518 2054 611 2106 καὶ
643 2054 841 2123 μᾶλλον
872 2052 1093 2106 ἐπειδὰν
1114 2050 1274 2105 τοῦτο
1299 2050 1613 2121 κηρύττωσι
1645 2050 1742 2103 καὶ
1777 2050 1840 2103 ἐκ

255 2149 356 2202 τοῦ
389 2147 543 2211 Tim"),
575 2147 768 2200 καθότι
800 2145 994 2216 μηδεν)⁵
1016 2143 1123 2197 τῶν
1155 2143 1412 2198 ἁπάντων
1445 2144 1473 2196 ό
1497 2130 1699 2213 τρόπος
1732 2140 1841 2211 ἀμ-

257 2242 499 2311 φίδοξος.
530 2241 626 2305 Τίς
653 2240 762 2310 γάρ
792 2255 923 2292 ποτε
960 2238 1020 2292 :0
1054 2237 1277 2308 Πνεῦμα
1308 2237 1367 2291 :0
1396 2238 1554 2304 ἅγιον
1598 2234 1844 2297 ἀκούσας

258 2336 329 2388 ἐκ
364 2334 458 2387 τοῦ
496 2333 624 2386 Υίοῦ
651 2334 907 2402 γέννησιν
949 2331 1128 2383 τελεῖν
1169 2330 1415 2401 ὑπολάϐῃ
1453 2330 1554 2398 τὴν
1591 2327 1649 2393 ἐξ
1676 2325 1840 2381 αὑτοῦ

257 2428 417 2481 θείαν
443 2426 675 2496 ὓπαρξιν
703 2441 717 2490 ;
747 2425 848 2479 Διά
872 2441 954 2478 τοι
984 2424 1144 2477 τοῦτο
1176 2422 1271 2476 καὶ
1299 2422 1374 2485 ὡς
1407 2420 1701 2476 immitem
1732 2420 1842 2481 τοῖς

257 2518 444 2581 ἄλλοις
472 2516 644 2585 αὑτὴν
672 2514 926 2584 δηλοῦσιν
978 2513 1262 2582 όνῦμασιν,
1310 2505 1391 2572 οἷς
1435 2509 1639 2563 ἅπασίν
1693 2510 1841 2560 ἐστιν

259 2610 530 2677 ἑπόμενον
560 2606 619 2672 ἐξ
637 2608 878 2675 ἀνάγκης
916 2607 1056 2658 νοεῖν
1081 2602 1172 2656 τὸν
1195 2603 1392 2672 τρόπον
1414 2601 1510 2671 τῆς
1532 2599 1839 2671 ὑπάρξεως,

258 2701 381 2773 ἢτοι
416 2699 474 2751 :0
505 2696 923 2766 ἐκπορεύεσθαι.
958 2694 1162 2747 Τούτου
1196 2693 1252 2746 δὲ
1301 2693 1438 2762 πρός
1495 2709 1640 2755 τινος
1678 2691 1842 2762 μηδο-

260 2790 483 2846 πωσοῦν
516 2790 804 2859 νοηθέντος
826 2788 1033 2853 αὐτοῖς,
1057 2785 1209 2838 ἐσται
1236 2783 1358 2837 κατ’
1388 2785 1593 2835 ἐκεῖνον
1617 2782 1707 2834 τὸν
1730 2782 1847 2834 ἓτε-

265 2903 384 2957 ρον,
418 2884 555 2957 ἢὼς
591 2885 625 2953 ἡ
653 2883 927 2952 γέννησις.
965 2880 1089 2933 Ἐπὶ
1116 2880 1226 2951 γὰρ
1263 2878 1371 2930 τῶν
1409 2877 1507 2946 τῆς
1537 2876 1697 2944 ἁγίας
1749 2875 1847 2928 καὶ

261 2976 563 3048 Θεαρχικῆς
602 2976 835 3046 Τριὰδος
868 2973 1134 3027 αἰτιατὼν
1167 2973 1236 3025 τὰ
1259 2970 1354 3025 δύο
1385 2970 1542 3024 ταυτὶ
1576 2972 1713 3041 μόνα
1747 2970 1845 3038 τῆς

261 3068 383 3130 πῶς
415 3065 705 3130 ὑπάρξεως
749 3063 1059 3133 σημαντικὰ
1102 3062 1365 3129 πέφυκεν.
1397 3062 1588 3116 Ἔσται
1620 3077 1845 3133 τοιγαρο

262 3159 361 3212 οὖν
398 3157 477 3227 τῷ
515 3157 593 3226 μὴ
648 3155 958 3226 βουλομένῳ
983 3156 1081 3225 τὴν
1117 3154 1445 3225 ἐκπόρευσιν
1479 3153 1567 3207 ἐπ’
1613 3154 1845 3219 ἐκείνοις

1945 690 2282 747 quascunque
2324 675 2416 729 illa
2440 674 2576 740 sint,
2631 671 2874 740 resoluta
2908 672 2962 726 in
2998 686 3125 727 sese
3163 673 3419 741 recipiat.
3456 674 3522 729 Et

1945 770 2049 822 hoc
2077 767 2395 835 procedere,
2430 765 2509 819 uti
2553 764 2767 834 reliqua
2801 764 2904 818 aiia
2952 764 3256 818 resolutum
3298 765 3351 816 in
3384 763 3523 819 illud

1948 867 2049 925 est,
2085 859 2152 913 ab
2186 859 2444 914 Ecclesiae
2474 858 2651 912 doctis
2691 857 3119 927 praeceptoribus
3158 857 3213 911 in
3244 857 3524 912 exsisten-

1953 955 2083 1008 tiam
2147 967 2248 1007 suo
2313 952 2475 1006 nodo
2524 949 2766 1020 Spiritus
2826 950 3153 1014 desumitur,
3214 948 3359 1004 illius
3395 964 3524 1019 erga

1942 1043 2139 1098 Filium
2190 1042 2553 1098 dill'erentiam
2612 1043 2900 1104 indicans,
2945 1050 3000 1097 et
3053 1043 3331 1113 diversum
3395 1056 3523 1113 erga

1941 1152 2065 1194 eum
2098 1137 2431 1192 exsistentia:
2456 1136 2699 1190 modum.
2737 1135 3002 1205 Namque,
3044 1142 3103 1189 ut
3134 1150 3323 1188 nomen
3375 1151 3527 1205 gene-

1943 1212 2166 1283 rationis
2189 1229 2480 1299 pt'teteriret
2509 1226 2812 1293 Scriptura,
2836 1228 3186 1298 processionis
3230 1243 3435 1289 nomen,
3465 1235 3526 1282 ut

1940 1318 2178 1375 Joannes
2236 1318 2663 1389 Chrysostoinus
2745 1318 2952 1381 tradit,
3017 1321 3316 1387 usurpavit.
3384 1317 3524 1372 Cum

1942 1416 2123 1484 itaque
2146 1412 2256 1485 sibi
2303 1420 2637 1483 proponunt,
2668 1411 2906 1481 Spiritus
2932 1411 3267 1488 exsistentiae
3301 1412 3522 1466 modum

1939 1506 2241 1575 exprimere
2275 1546 2288 1569 ,
2353 1511 2464 1556 tum
2518 1502 2887 1572 processionis
2942 1516 3130 1557 vocem
3198 1511 3524 1568 as~umunt;

1940 1616 2063 1657 cum
2097 1602 2162 1656 de
2191 1597 2424 1669 simplici
2454 1598 2678 1669 solaque
2697 1597 3010 1653 exsistentia
3040 1594 3183 1649 illius
3211 1609 3523 1651 sermonem

1942 1691 2169 1754 faciunt,
2219 1702 2330 1746 tum
2389 1704 2495 1744 una
2546 1699 2769 1761 excepta
2797 1687 3165 1759 generatione,
3220 1701 3341 1756 qua:
3394 1699 3528 1755 pro-

1941 1786 2055 1857 pria
2090 1783 2214 1838 Filii
2246 1792 2351 1849 est,
2380 1782 2604 1852 reliquis
2628 1781 2750 1835 aliis
2781 1782 2961 1835 verbis
2986 1788 3237 1844 utuntur,
3274 1786 3328 1833 et
3351 1778 3523 1847 potis-

1941 1878 2138 1933 simum
2177 1890 2301 1931 cum
2326 1874 2477 1928 illum
2506 1888 2569 1927 ex
2613 1866 2754 1933 Filio
2797 1873 3115 1944 praedicant,
3146 1871 3290 1941 quod
3330 1869 3529 1924 modus

1942 1968 2278 2025 exsistentiie
2314 1974 2446 2020 tunc
2486 1966 2619 2020 nulli
2659 1966 2860 2020 dubius
2898 1971 3159 2019 remanet.
3208 1961 3344 2028 Quis
3380 1962 3525 2014 enim

1946 2075 2183 2130 unquam
2229 2058 2454 2114 audiens
2493 2057 2752 2127 Spiritum
2788 2065 3039 2112 sanctum
3079 2070 3143 2111 ex
3177 2054 3336 2119 Filio,
3364 2067 3532 2124 gene-

1944 2153 2208 2207 rationem
2272 2165 2395 2206 esse
2446 2150 2888 2219 comprehendet,
2922 2163 3044 2217 qum
3096 2162 3163 2202 ex
3221 2162 3286 2200 eo
3345 2145 3530 2199 divina

1943 2244 2263 2301 exsistentia
2316 2245 2433 2298 est?
2482 2245 2890 2313 Proptereaque
2949 2251 3010 2297 ut
3070 2241 3363 2310 plurimum
3408 2237 3530 2292 aliis

1944 2354 2063 2394 eam
2100 2337 2432 2392 dictionibus
2482 2336 2762 2400 denotant,
2806 2334 3008 2403 quibus
3052 2332 3307 2386 omnibus
3334 2342 3528 2383 conse-

1944 2439 2175 2501 quenter
2203 2428 2398 2482 modus
2427 2426 2575 2481 illius
2606 2426 2940 2480 exsistentite
2986 2424 3277 2487 indicatur,
3311 2433 3535 2491 proces-

1945 2523 2027 2577 sio
2060 2521 2287 2580 scilicet,
2321 2516 2427 2573 hoc
2451 2518 2496 2571 si
2524 2534 2551 2571 a
2583 2532 2854 2586 quoquam
2881 2530 2947 2570 ex
2975 2516 3166 2569 iisdem
3193 2514 3534 2583 concipiatur

1945 2613 2049 2667 erit
2071 2612 2372 2665 secundum
2406 2606 2569 2660 alium
2602 2607 2828 2661 modum
2861 2603 3151 2674 generatio.
3182 2602 3427 2670 Namque
3477 2602 3530 2654 in

1947 2703 2189 2759 causalis
2238 2702 2290 2755 in
2352 2710 2541 2755 sancta
2597 2710 2650 2753 et
2684 2698 2988 2753 divinitatis
3040 2696 3288 2767 principe
3333 2692 3533 2748 Tnade

1950 2794 2063 2849 hinc
2122 2791 2232 2845 duo
2295 2790 2673 2844 tantummodo
2727 2790 2841 2842 sola
2909 2789 3129 2840 modum
3198 2784 3534 2840 exsistentite

1948 2892 2243 2939 connotare
2278 2874 2400 2953 apta
2438 2890 2560 2935 nata
2602 2888 2751 2935 sunt.
2801 2880 2918 2933 Erit
2953 2879 3118 2946 igitur
3150 2878 3249 2935 illi.
3279 2875 3373 2940 qui
3406 2889 3536 2944 pro-

1949 2980 2252 3035 cessionem
2291 2978 2344 3029 in
2381 2975 2485 3029 illis
2513 2973 2818 3041 intelligere
2856 2974 3077 3035 abnuet,
3106 2970 3346 3040 Spiritus
3399 2982 3532 3023 san-

1950 3082 2069 3124 ctus
2099 3069 2337 3138 genitus,
2383 3081 2493 3137 quo
2547 3074 2793 3136 potestne
2838 3064 3135 3131 excogitari
3199 3058 3535 3115 absurdius?

1951 3160 2041 3218 Sic
2067 3162 2251 3224 verba,
2292 3175 2413 3230 qua:
2450 3173 2546 3230 per
2580 3172 2639 3213 se
2668 3165 2845 3221 stant,
2873 3156 3057 3209 omnia
3088 3153 3435 3224 pronuntiata
3467 3156 3536 3208 de

197 3279 205 3286 -
260 3253 427 3317 νοεῖν,
451 3250 786 3320 γεννώμενον
816 3249 878 3301 :0
914 3246 1137 3316 Πνεῦμα
1165 3248 1225 3300 :0
1258 3250 1429 3316 ἂγιον,
1461 3240 1632 3319 οὗπερ
1662 3248 1715 3300 τί
1750 3247 1844 3316 γὲο

1952 3250 2191 3320 Spiritu,
2229 3248 2403 3302 modis
2470 3246 2723 3301 omnibus
2779 3255 2832 3301 et
2890 3243 3202 3300 necessario
3261 3243 3536 3313 processio

262 3340 398 3395 νοιτ⁹
457 3341 524 3394 ἂν
564 3340 953 3410 ἁτοπώτερον;
1018 3338 1206 3403 Οὕτως
1259 3340 1354 3394 ἐπὶ
1396 3340 1490 3392 τοῦ
1529 3338 1846 3408 Πνεύματος

264 3435 403 3487 πᾶσι
426 3434 495 3505 δὴ
532 3436 645 3495 τοῖς
682 3434 892 3503 ῥήμασι
917 3436 1028 3495 τοῖς
1065 3433 1425 3503 ὑπαρκτικοίς
1455 3434 1871 3503 ἀπαραιτήτως

265 3525 556 3580 ἀκολουθεί
589 3526 685 3578 καὶ
708 3524 830 3578 κατ’
853 3526 1099 3595 ἀνάγκην
1125 3526 1187 3579 :0
1217 3525 1641 3595 ἐκπορεύεσθαι.
1677 3523 1851 3577 Τοῦτο

264 3618 633 3690 γινώσκοντες
672 3620 767 3673 καὶ
817 3619 926 3672 τῶν
981 3618 1258 3688 Ματέρων,
1285 3614 1366 3683 οἷς
1416 3618 1682 3689 ἐχαρίσθη
1712 3618 1848 3688 πρὸς

231 3750 241 3758 -
265 3712 360 3766 τοῦ
391 3708 706 3782 Πνεύματο;
733 3712 794 3764 :0
822 3711 1112 3781 θεολογεῐν,
1132 3713 1435 3783 ἐχρήσαντο
1453 3715 1567 3773 τοῖς
1589 3710 1849 3774 τοιούτοις

268 3805 365 3858 ἐπὶ
392 3805 503 3864 τοῖς
533 3803 718 3866 ἁπλῶς
750 3804 1071 3875 ὑπάρξεως’
1121 3804 1335 3870 τούτου,
1379 3801 1557 3866 καθὼς
1586 3801 1852 3874 προειρή·

268 3913 469 3969 καμεν,
502 3897 597 3949 καὶ
635 3896 839 3966 μᾶλλον
887 3899 945 3950 ἐν
1000 3891 1079 3960 οἷς
1128 3897 1261 3950 αὑτὸ
1300 3896 1671 3967 διετρανωσαν
1709 3892 1850 3947 εἶναι

270 3990 380 4042 κάκ
412 3988 500 4042 τοῦ
538 3989 692 4053 Υἱοῦ,
722 3989 810 4043 διὰ
837 3989 899 4042 :0
941 3988 1016 4061 μὴ
1051 3991 1142 4042 τὸν
1167 3990 1369 4060 τρόπον
1396 3989 1540 4043 οὕτω
1577 3989 1683 4041 τινὶ
1720 4003 1852 4054 τυγ-

269 4080 458 4150 χάνειν
488 4080 804 4149 ἀμφίδοξον.
851 4082 1006 4135 Ἐπεὶ
1034 4081 1094 4135 :0
1126 4084 1281 4150 ἅγιον
1311 4080 1558 4152 ’Πνεῦμα
1598 4081 1852 4148 λέγοντες

271 4172 546 4242 ὑπάρχειν
611 4174 675 4224 ἐκ
722 4171 817 4226 τοῦ
862 4174 1099 4244 Πατρὺς,
1157 4174 1221 4226 :0
1267 4173 1667 4243 ἐκπορεύεσθαι
1718 4171 1852 4224 πᾶσι

267 4265 384 4325 τοῖς
427 4265 629 4327 λοιποῖς
683 4265 942 4328 πολλάκις
987 4265 1355 4336 ἐγκρίνουσιν,
1412 4265 1487 4327 ὡς
1519 4262 1615 4332 τὴν
1659 4261 1852 4315 τούτου

268 4357 406 4427 πρὸς
444 4354 535 4407 τὸν
572 4356 695 4409 Υὶδν
727 4359 993 4426 σημαῖνον
1042 4357 1327 4428 διαφορὰν,
1377 4356 1528 4416 ὅστις
1558 4355 1653 4408 καὶ
1688 4354 1853 4418 αὐτὸς

269 4447 485 4503 ἐκεῖθεν
538 4448 601 4501 ἐκ
637 4448 731 4502 τοῦ
766 4450 980 4521 [Ιατρὺς
1015 4450 1277 4518 πέφηνεν.
1336 4449 1492 4501 Ἔστι
1526 4447 1571 4499 δ’
1619 4440 1681 4499 οὗ
1751 4446 1852 4516 τὴν

267 4540 529 4610 τοιαύτην
557 4534 742 4610 φωνὴν
764 4542 954 4604 καὶὼς
972 4542 1170 4611 χρῆσιν
1193 4540 1436 4594 τιθέασιν
1460 4539 1847 4609 εὑαγγελικὴν,

1949 3344 2306 3412 consequitur
2340 3358 2357 3397 :
2395 3343 2555 3410 idque
2576 3342 2808 3394 scientes
2833 3336 3043 3401 Patres,
3080 3337 3281 3405 quibus
3322 3351 3351 3390 a
3405 3336 3536 3405 Spi-

1952 3438 2055 3491 ritu
2094 3447 2283 3489 sancto
2314 3449 2399 3487 res
2445 3432 2776 3501 lheologicas
2809 3438 3146 3500 pertractare
3191 3431 3374 3483 datum
3426 3436 3531 3493 est,

1949 3530 2016 3584 de
2072 3528 2305 3597 simplici
2347 3526 2667 3580 exsistentia
2710 3508 2807 3577 illa
2850 3533 3224 3592 usurparunt;
3255 3502 3311 3576 ei
3362 3523 3535 3575 multo

1951 3624 2277 3694 preinptius,
2333 3631 2391 3675 ut
2442 3620 2554 3688 jam
2590 3619 2867 3681 diximus,
2915 3632 3037 3671 cum
3088 3615 3352 3686 Spiritum
3408 3628 3536 3669 esse

1950 3733 2016 3773 cx
2051 3716 2186 3772 Filio
2222 3724 2408 3784 aperte
2437 3712 2842 3783 signiﬁcarunt,
2872 3711 3014 3780 quod
3052 3711 3143 3763 illa
3181 3708 3389 3761 ratione
3416 3722 3536 3760 mo-

1951 3810 2054 3863 dus
2088 3824 2117 3861 a
2159 3808 2306 3861 nullo
2348 3807 2402 3860 in
2432 3805 2597 3859 dubio
2627 3787 2941 3875 poneietur.
2989 3801 3236 3872 Namque
3270 3800 3533 3869 Spiritum

1953 3911 2206 3954 sanctum
2252 3907 2565 3953 asserentes
2622 3913 2688 3952 ex
2762 3897 2923 3951 Patre
2970 3895 3273 3959 exsistere,
3333 3895 3535 3963 saepius

1955 3994 2259 4055 procedere
2306 3991 2391 4045 usi
2455 3998 2631 4055 sunt,
2681 3999 2939 4059 tanquam
2976 3988 3123 4059 quod
3172 3989 3314 4041 inter
3355 3988 3534 4056 ipsum

1954 4094 2005 4139 ct
2060 4084 2256 4138 Filium
2315 4083 2611 4138 discrimen
2671 4082 2984 4152 exprimat,
3035 4081 3126 4150 qui
3158 4091 3211 4135 et
3267 4082 3381 4152 ipse
3413 4081 3535 4133 inde

1954 4193 2018 4231 ex
2079 4175 2236 4230 Patre
2308 4184 2490 4229 ortum
2570 4175 2837 4243 agnoscit.
2928 4170 3083 4243 Smpe
3156 4173 3318 4226 etiam
3390 4173 3535 4225 hanc

1954 4268 2248 4323 dictionem
2329 4268 2406 4320 uti
2478 4268 2685 4321 dictum
2763 4266 3139 4336 evangelicum
3206 4266 3525 4327 culiocant,

1954 4363 2282 4416 conlicniare
2335 4361 2580 4413 volentes
2640 4358 2880 4429 Spiritus
2941 4373 3006 4411 ex
3070 4356 3230 4411 Patre
3292 4357 3533 4410 divinam

1954 4453 2349 4524 exsistentiaui,
2405 4449 2871 4520 quemadmodum
2915 4459 2969 4505 et
3019 4450 3223 4504 dictum
3279 4448 3533 4514 alterum,

1955 4544 2031 4599 De
2059 4562 2170 4599 meo
2201 4546 2453 4613 accipiet,
2479 4555 2792 4611 assumunt,
2824 4555 2883 4597 ut
2913 4543 3285 4599 testimonium
3345 4541 3534 4595 Domi-

272 4631 593 4702 βουλόμενοι
627 4633 974 4702 παραστῆσαι
1012 4636 1110 4699 τὴν
1143 4632 1237 4684 τοῦ
1274 4631 1594 4703 [ινεύματος
1649 4634 1715 4684 ἐκ
1756 4630 1850 4684 τοῦ

1956 4638 2175 4705 nicum,
2238 4652 2361 4691 cum
2425 4638 2716 4692 ostendere
2787 4650 3091 4702 conantur,
3155 4637 3534 4689 exsistentiam

272 4724 486 4793 ΙΙατρὺς
518 4724 667 4776 θείαν
713 4723 970 4794 ὕπαρξιν,
999 4723 1191 4794 ὥσπερ
1233 4727 1329 4778 καὶ
1350 4724 1471 4795 τὴν,
1510 4741 1530 4775 ι
1582 4724 1685 4779 Ἐκ
1742 4722 1850 4777 τοῦ

269 4818 419 4888 ἐμοῦ
445 4817 727 4887 λήψεται,
768 4837 787 4870 ι
851 4819 1008 4889 ῥῆσιν
1040 4807 1355 4890 ’ἐσχήκασιν
1412 4818 1488 4882 ὡς
1546 4820 1852 4889 μαρτυρίαν

274 4914 584 4982 Κυριακὴν,
617 4912 895 4977 ἀποδεῖξαι
923 4912 1191 4980 θέλοντες,
1220 4914 1302 4967 ὅτι
1331 4913 1431 4985 τὴν
1467 4912 1703 4983 ὓπαρξιν
1737 4913 1850 4983 ἔχει

271 5003 382 5056 κάκ
425 5001 520 5054 τοῦ
548 5001 679 5055 Υἱοῦ
714 5004 774 5055 :0
798 5002 1020 5072 Πνεῦμα
1050 5004 1111 5056 τὸ
1157 5007 1332 5073 ἆγιον.
1388 5005 1499 5057 Καὶ
1532 5005 1735 5057 τούτων
1772 5005 1852 5066 είς

271 5094 669 5166 ἀναντίρρητον
705 5099 887 5148 πίστιν
906 5097 1238 5167 ἀρκέσουσιν
1285 5100 1417 5167 ἡμῖν
1446 5098 1474 5151 ὅ
1519 5113 1578 5150 τε
1641 5098 1853 5159 κλειν¹ς

288 5186 602 5254 Ἐπιφάνιος
649 5191 745 5240 καὶ
784 5191 813 5240 0
860 5187 1171 5258 θαυμαστὸς
1213 5189 1505 5258 Κύριλλος,
1550 5183 1627 5242 ὢν
1685 5189 1716 5240 0
1754 5189 1854 5259 μὲν

284 5274 607 5342 Ἐπιφάνιος
634 5277 695 5328 ἐν
725 5276 802 5346 τῷ
848 5277 1180 5347 Ἀγκυρωτῷ
1205 5278 1329 5331 τάδε
1358 5278 1655 5347 φθέγγεται
1699 5296 1855 5349 περι-

273 5366 461 5435 φανῶς
491 5368 587 5420 καὶ
619 5369 924 5437 τρανότατα
949 5384 963 5398 ·
983 5368 1228 5439 Πνεῦμα
1260 5369 1434 5439 ἅγιον
1457 5373 1531 5424 οὐ
1555 5371 1856 5425 συνάδελ-

274 5477 417 5531 φον,
442 5464 513 5515 οὐ
539 5459 987 5529 πατράδελςρον,
1018 5463 1158 5517 ἀλλ’
1188 5463 1257 5516 ἐκ
1294 5461 1401 5530 τῆς
1422 5465 1613 5532 αὐτῆς
1637 5465 1854 5532 οὐσίας

275 5554 507 5621 Ηατρὸς
546 5555 644 5608 καὶ
670 5554 828 5627 Υὶοῦ.
851 5556 959 5609 Καὶ
984 5557 1167 5623 αὐτὸς
1183 5558 1293 5627 γὰρ
1323 5557 1722 5628 όΜονογενὴς
1754 5561 1858 5613 .ιέ-

279 5664 386 5716 γει,
400 5665 417 5696 ι
439 5645 479 5699 Τ
480 5645 510 5698 ό
526 5646 770 5715 Πνεῦμα
786 5648 849 5699 τὸ
865 5648 934 5701 ἐκ
949 5647 1055 5701 τοῦ
1074 5651 1306 5717 Πατρός
1317 5649 1812 5720 ἐκπορευόμενον,
1824 5668 1845 5703 ι

272 5740 389 5804 καὶ,
428 5759 446 5790 ι
468 5737 571 5793 Ἐκ
607 5739 714 5795 τοῦ
738 5740 886 5810 ἐμοῦ
914 5740 1198 5810 λήψεται,
1238 5761 1255 5793 ι
1285 5742 1387 5796 ἵνα
1411 5744 1495 5813 μὴ
1528 5746 1854 5812 ἀλλότριον

275 5835 584 5903 νομισθείη
613 5838 840 5904 Πατρός
861 5834 1016 5905 μηδὲ
1046 5836 1201 5891 rivi}.
1226 5837 1336 5892 Kal
1360 5841 1497 5906 μετὰ
1535 5841 1763 5891 πλεῖστα
1788 5839 1851 5892 τὸ

275 5927 436 5996 ῥητὸν
468 5929 605 5997 ὅπερ
638 5928 730 5981 καὶ
770 5928 1201 5998 προτεθείκαμεν
1228 5948 1244 5966 ·
1294 5934 1624 5997 Ἀμςαότερα
1650 5951 1847 5989 κατοι-

1956 4729 2158 4783 ltahcic
2216 4730 2380 4784 etiam
2410 4744 2473 4783 cx
2528 4727 2668 4782 Filio
2704 4728 2965 4797 Spiritum
3001 4738 3275 4781 sanctum.
3331 4724 3537 4797 Hisque

1953 4820 2255 4878 contradici
2286 4823 2511 4875 minimc
2534 4836 2712 4890 posse,
2742 4817 2958 4873 abunde
3016 4821 3324 4891 probabunt
3372 4817 3539 4888 incly-

1956 4924 2043 4969 tus
2072 4913 2433 4982 Epiphanius,
2461 4920 2516 4966 cl.
2538 4912 2880 4966 admirabilis
2906 4910 3167 4982 Cyrillns.
3195 4909 3537 4980 Epiphanius

1954 5010 2095 5064 enim
2135 5009 2187 5061 in
2224 5008 2499 5078 Ancyroto
2555 5007 2903 5076 apertissime
2947 5005 3365 5072 clari:simeque
3423 5004 3537 5056 haec

1952 5098 2475 5171 profert:Spiritus
2533 5110 2747 5151 sanctus
2773 5113 2874 5150 non
2933 5099 3101 5169 frater
3155 5096 3364 5165 fratris,
3431 5110 3535 5146 non

1953 5192 2122 5259 patris
2154 5190 2341 5259 frater,
2384 5191 2472 5243 sed
2516 5206 2579 5243 ex
2601 5191 2785 5243 eadem
2817 5189 3260 5245 essentia'l’atris
3298 5197 3347 5240 et
3377 5184 3534 5240 Filii.

1957 5276 2202 5348 Namque
2231 5289 2279 5331 et
2310 5279 2419 5344 ipse
2449 5276 2760 5350 Unigcnitus
2801 5281 2929 5333 dicit
2968 5295 2987 5334 :
3021 5298 3039 5331 ι
3072 5276 3304 5348 Spiritus
3328 5275 3534 5344 Patris,

1953 5381 2026 5437 et,
2066 5372 2203 5436 «Qui
2239 5387 2305 5424 ex
2329 5369 2494 5425 Patre
2514 5375 2803 5441 procedit,»
2842 5383 2913 5436 et,
2944 5392 2961 5424 ι
2994 5372 3067 5424 De
3086 5386 3196 5424 meo
3229 5371 3470 5439 accipiet,
3512 5386 3530 5420 ι

1957 5483 2020 5522 ne
2056 5469 2262 5522 alienus
2290 5479 2625 5539 reputaretur
2647 5467 2836 5522 Patris
2868 5481 2916 5523 et
2958 5465 3112 5521 Filii.
3134 5467 3200 5520 Et
3231 5466 3414 5521 multis
3441 5446 3536 5519 ad;

1954 5561 2085 5617 ditis
2119 5564 2326 5617 dictum
2353 5574 2509 5617 antea
2543 5578 2762 5633 quoque
2799 5578 2828 5616 a
2864 5561 3021 5616 nobis
3050 5562 3278 5615 allatum
3321 5579 3336 5615 :
3379 5559 3537 5613 Uter-

1954 5671 2054 5724 que
2095 5655 2354 5708 inhabitat
2403 5658 2456 5707 in
2483 5656 2690 5709 homine
2719 5655 2895 5722 justo,
2926 5653 3173 5709 Christus
3210 5664 3259 5707 et
3301 5651 3537 5722 Spiritus

1956 5748 2124 5802 iHius.
2173 5747 2374 5813 Quodsi
2405 5747 2646 5802 Christus
2676 5764 2741 5802 et:
2795 5746 2961 5801 Patre
3004 5748 3242 5801 creditur
3270 5745 3412 5802 Deus
3472 5760 3537 5800 ex

1958 5842 2096 5907 Deo,
2124 5851 2172 5894 et
2213 5840 2443 5909 Spiritus
2474 5857 2537 5894 ea:
2568 5841 2802 5903 Christo,
2846 5851 2940 5895 aut
2970 5841 3039 5895 ab
3068 5854 3312 5913 utroque,
3370 5851 3426 5895 ut
3457 5844 3535 5895 ait

1955 5935 2216 5999 Christus,
2275 5953 2290 5986 ι
2326 5935 2416 5991 aui
2448 5950 2478 5987 a
2516 5933 2677 5989 Putre
2712 5937 2964 6000 orocellit,
2998 5955 3014 5987 ι
3050 5945 3123 6003 et,
3161 5955 3178 5987 ι
3216 5935 3298 5989 hic
3325 5936 3388 5988 de
3424 5949 3534 5987 meo
