3974 6566
188 464 322 528 1233

1035 475 1133 538 DE
1177 470 1697 539 PROCESSIONE
1738 477 1796 539 S.
1844 471 2201 537 SPlRlTUS
2232 474 2451 539 ORAT.
2493 475 2575 540 ῐῐ.
2620 529 2635 539 .

3303 474 3440 538 1234

181 579 743 652 ἀντιδιατιθεμίνους,
780 578 824 639 ὦ
875 579 1045 652 οὗτοι,
1103 573 1415 660 φθέγγομαι
1462 590 1523 645 τὸ
1573 590 1767 664 παρόν.

1883 603 1941 644 ac
1993 589 2241 645 omnium
2291 589 2559 646 bonorum
2607 587 3078 645 absolutissimum
3123 586 3443 660 prodamus,

182 672 536 742 Στερήσομεν
585 678 679 728 τὸν
712 678 934 750 Πατέρα
965 681 1064 748 τῆς
1098 681 1192 735 τοῦ
1235 683 1553 756 Πνεύματος
1580 686 1767 758 ῖχορη-

181 764 328 827 γίας.
356 762 431 826 ὡς
453 764 520 816 ἂν
546 767 692 836 μόνῳ
718 768 1072 840 κερδήσωμεν
1095 771 1244 842 αὐτῷ
1273 773 1374 843 τὴν
1407 775 1764 844 ἐκπόρευσιν;

183 854 296 919 Μὴ,
323 853 428 907 κᾶν
462 857 510 908 εί
535 857 601 910 τὰ
630 857 802 912 πολλὰ
834 862 927 913 καὶ
951 861 1160 931 μεγάλα
1184 863 1563 935 παραδραμεῖν
1589 865 1767 922 ἄτοπα

185 941 468 1012 προσῆκον
501 946 669 1016 ἡμᾶς,
725 947 872 1020 ἅπερ
919 951 1326 1006 ἀνακύπτουσιν
1377 952 1648 1021 ἐντεῦθεν,
1684 952 1766 1019 οἷς

186 1036 429 1102 μεγάλου
473 1042 564 1091 καὶ
621 1040 814 1094 πολλοῦ
855 1042 1015 1110 λόγου
1063 1045 1290 1100 δέονται.
1331 1047 1410 1100 Τὰ
1453 1048 1678 1102 τοιαῦτα
1709 1049 1766 1102 δὲ

183 1130 363 1181 πάντα
397 1135 493 1182 καὶ
547 1136 825 1206 περιφανῆ
858 1137 956 1190 καὶ
983 1137 1238 1210 γνώριμα
1265 1135 1400 1206 ’τοῖς
1436 1142 1581 1207 ὅλοις
1627 1144 1764 1198 καθ-

183 1237 411 1290 εστηκε.
455 1224 546 1294 Μὴ
597 1225 662 1294 δὴ
684 1227 979 1298 γενοίμεθα
1025 1233 1183 1284 κακοὶ
1229 1233 1485 1290 τοσοῦτον
1533 1235 1765 1306 ἔμποροι

181 1316 316 1382 περὶ
341 1315 432 1367 τὸν
463 1317 705 1389 Πατέρα,
741 1320 842 1392 τὴν
874 1322 969 1376 τοῦ
1014 1323 1332 1396 Πνεύματος
1381 1326 1526 1395 λέγω
1557 1329 1764 1399 πηγὴν,

182 1404 259 1465 ὡς
300 1405 359 1456 τὸ
399 1407 615 1476 πρῶτον
667 1412 760 1465 καὶ
802 1412 1138 1470 τελεώτατον
1187 1417 1294 1471 τῶν
1346 1419 1537 1474 τούτου
1591 1421 1773 1476 καλῶν

183 1497 517 1562 προδδόναι,
546 1503 640 1554 καὶ
675 1511 1028 1578 παραχωρεῖν
1049 1510 1129 1572 είς
1163 1511 1472 1582 ἀφαίρεσιν,
1507 1513 1593 1566 ῐνα
1629 1531 1771 1586 παρ-

182 1588 400 1658 ἐξωμεν
435 1594 600 1665 μόνῳ,
647 1597 742 1652 τοῦ
796 1600 924 1654 Υίοῦ
963 1601 1204 1672 δηλονότι
1258 1606 1448 1676 χωρὶς,
1482 1606 1620 1677 ὅπερ
1651 1610 1772 1676 μετ’

182 1681 354 1735 αὑτοῦ
391 1689 734 1758 κεκτημένος
759 1693 912 1748 οὐδὲν
942 1689 1108 1765 ἦττον
1137 1698 1537 1771 πεπλούτηκεν.
1572 1699 1644 1754 Τὸ
1663 1700 1770 1770 γὰρ

175 1775 401 1842 μόνον,
433 1778 506 1843 ὡς
547 1782 936 1840 ἀποδείκνυσιν
989 1789 1045 1841 ἐν
1110 1790 1342 1858 διαλέξει
1375 1795 1439 1863 τῇ
1495 1794 1630 1861 πρὸς
1679 1795 1772 1848 τὸν

1871 683 2262 752 tradamusque
2293 682 2416 738 aliis
2457 682 2961 754 addeslruendum,
2995 689 3054 736 ut
3079 678 3445 736 concedamus

1874 778 2002 845 soli,
2042 779 2252 848 absque
2301 777 2444 833 Filio
2497 778 2730 840 scilicet,
2785 775 2929 847 quod
2971 791 3096 830 cum
3143 774 3236 830 illo
3273 771 3446 842 pOSsi-

1877 873 2016 928 dens
2052 870 2224 927 Filius
2253 885 2366 926 non
2397 870 2604 927 uniuus
2656 871 2921 926 abundat.
2975 869 3217 938 bamque
3251 867 3446 928 solum,

1873 973 1932 1020 ut
1960 965 2305 1019 demonstrat
2337 964 2390 1018 in
2428 963 2706 1032 colloquio
2745 977 2868 1017 cum
2923 961 3053 1016 Ario
3088 959 3231 1015 idem
3272 959 3445 1013 Atha-

1877 1057 2084 1123 nasius,
2116 1057 2209 1126 qui
2243 1055 2357 1110 fere
2398 1057 2711 1126 dogmatum
2760 1070 2960 1125 parens
3005 1063 3105 1116 est,
3137 1067 3238 1106 non
3271 1067 3448 1104 neces-

1871 1151 2016 1203 sario
2065 1150 2378 1204 divisionem
2427 1149 2664 1220 aliquam
2711 1147 2968 1218 simplicis
3018 1156 3068 1201 et
3109 1143 3447 1198 indivisibilis

1877 1241 2094 1297 Triadis
2147 1243 2363 1298 deitatis
2412 1243 2711 1312 principum
2770 1223 3122 1310 hypostaseon
3177 1237 3448 1306 importat.

1878 1335 1998 1390 Pari
2050 1334 2215 1390 modo
2257 1335 2384 1392 licet
2427 1334 2679 1389 nonnulli
2724 1348 2789 1390 ex
2842 1333 2974 1396 illis,
3015 1331 3108 1402 qui
3148 1329 3451 1400 antiquitus

1873 1444 1962 1485 res
1998 1427 2333 1499 theologicas
2382 1435 2810 1497 pertractarunt,
2857 1425 3156 1494 procedere
3185 1424 3448 1494 Spiritum

1874 1529 2130 1576 sanctum
2185 1536 2250 1575 ex
2304 1521 2422 1576 solo
2474 1519 2635 1575 Patre
2679 1521 2940 1581 dixerint,
2998 1533 3107 1586 non
3173 1529 3257 1573 est
3307 1519 3450 1586 quod

1871 1613 2048 1669 obstet
2115 1623 2277 1682 atque
2329 1614 2612 1684 impediat,
2645 1629 2712 1669 ne
2764 1628 2865 1669 nos
2911 1627 3224 1669 asseramus
3282 1620 3336 1667 et
3372 1621 3453 1665 te-
3521 1599 3526 1604 ’

1873 1720 2104 1760 neamus
2157 1705 2421 1774 Spiritum
2476 1716 2726 1762 sanctum
2774 1705 2938 1760 etiam
2974 1718 3040 1758 ex
3088 1703 3227 1759 Filio
3263 1716 3453 1773 proce-

1872 1799 2024 1853 dere.

191 1868 416 1971 ’ξρειοξ
447 1874 474 1926 ό
505 1875 666 1971 αὺτὲς
707 1877 1048 1946 Ἀθανὰσιος,
1071 1885 1098 1936 ὁ
1130 1883 1316 1954 σχεδὸν
1341 1885 1450 1938 τῶν
1480 1886 1767 1954 δογμάτων
1809 1893 2018 1959 πατὴρ,
2063 1893 2187 1944 Οὐκ
2230 1890 2300 1952 ἐξ
2373 1890 2646 1959 ἀνάγκης
2685 1890 2988 1958 διαίρεσιν
3027 1907 3164 1946 τινα
3203 1887 3456 1942 ποιεῖται

184 1965 309 2056 τῶν
339 1965 451 2034 τῆς
483 1969 682 2040 ἁπλῆς
735 1974 836 2028 καί
871 1976 1208 2048 ἀδιαιρέτου
1254 1981 1488 2052 σεπτῆς
1533 1981 1779 2051 Τριάὸος
1819 1985 2152 2056 θεαρχικῶν
2197 1985 2623 2040 ὐποστάσεων.
2675 1985 2863 2048 Οὕτως
2907 1985 3017 2038 οὐδ’
3081 1986 3130 2038 εί
3175 1983 3266 2036 καί
3299 1997 3443 2042 τινες

184 2052 332 2124 ἦσαν
359 2061 466 2113 τῶν
489 2062 728 2120 ἔκπαλαι
759 2067 1207 2143 θεολογησὰντων
1232 2077 1464 2148 ἀνδρῶν,
1514 2052 1933 2150 ἐκπορεύεσθαι⁷
1964 2052 2025 2136 τὸ
2066 2082 2292 2153 Πνεῦμα
2322 2083 2382 2135 τὸ
2441 2079 2596 2148 ἅγιον
2650 2081 2713 2132 ὲκ
2777 2081 2939 2148 μόνου
2965 2081 3062 2132 τοῦ
3109 2075 3319 2147 Πατρδς
3357 2076 3456 2143 φά-

185 2169 438 2218 σκοντες,
468 2159 589 2212 οὐδὲ
616 2161 736 2216 τότε
766 2164 826 2217 τ’)
861 2170 1302 2240 προσιστάμενον
1348 2172 1523 2239 οὐδὲν,
1557 2173 1675 2234 οὐδὲ
1716 2173 1778 2226 τὸ
1818 2174 2028 2229 κωλύον
2059 2177 2207 2246 ἡμᾶς
2246 2173 2340 2228 τοῦ
2410 2172 2736 2244 πρεσϐεύειν
2803 2170 3196 2241 ἐκπορεύεσθαι
3228 2170 3337 2222 κάκ
3364 2167 3458 2223 τοῦ

185 2249 322 2303 Υἰοῦ
352 2251 413 2303 τὸ
441 2253 666 2324 Πνεῦμα
697 2257 754 2310 τὸ
789 2260 966 2328 ἅγιον.

263 2347 365 2413 ).γ’.
403 2346 518 2400 Νῦν
542 2347 600 2400 ’δ’
633 2351 731 2420 ούχ
761 2351 910 2416 ὅπως
931 2356 1331 2426 ἐκπορεύεσθαι
1371 2361 1433 2414 τὸ
1467 2363 1693 2432 Πνεῦμα
1718 2361 1777 2413 τὸ

1952 2359 2040 2412 '55.
2087 2355 2478 2412 Verumtamen
2533 2371 2680 2411 nunc
2713 2371 2875 2410 meum
2907 2370 2971 2410 ex
3011 2355 3268 2412 Patribus
3297 2355 3457 2408 dixit.

185 2437 349 2502 ἅγιον
377 2441 442 2493 ἐκ
496 2441 658 2510 μόνου
689 2443 785 2498 τοῦ
829 2447 1042 2517 Πατρὸς
1071 2451 1174 2504 οὐκ
1205 2451 1398 2522 εἴρηκε
1440 2455 1549 2507 τῶν
1593 2455 1772 2508 ἁπάν-

187 2545 304 2581 των
333 2532 532 2598 οὐδεὶς,
565 2535 700 2588 ἀλλὰ
745 2539 1068 2608 καὶμᾶλλον
1109 2542 1239 2598 ἔνιοι
1263 2544 1370 2599 τῶν
1396 2547 1570 2616 ἁγίων
1611 2551 1774 2602 ἐκπο-

193 2619 452 2686 ρεύεσθαι
477 2623 584 2676 κάκ
616 2627 710 2680 τοῦ
744 2628 874 2681 Υίοῦ
908 2630 1126 2700 λέγουσι
1156 2636 1216 2688 τὸ
1250 2638 1475 2708 Πνεῦμα
1509 2639 1568 2693 τὸ
1597 2640 1773 2706 ἅγιον,

185 2708 266 2764 ὧν
309 2715 528 2769 πάντων
569 2721 616 2773 εί
645 2722 737 2773 καὶ
779 2723 870 2777 νῦν
900 2719 999 2779 ᾆδε
1042 2729 1490 2801 προσκομίσομεν
1520 2733 1586 2786 τὰ
1611 2735 1773 2804 ῥητὰ,

188 2804 490 2875 λυθήσεται
521 2810 589 2862 τὰ
633 2813 730 2881 τῆς
783 2813 1018 2885 ἀπορίας
1056 2821 1170 2880 τοῖς
1213 2820 1605 2889 ἀντιλέγουσιν.
1661 2826 1772 2878 Αὐ-

188 2899 323 2951 τίκα
350 2899 482 2967 ςοῦι.
508 2905 534 2955 ὁ
563 2902 660 2974 τὴν
683 2905 997 2976 ἁγιωσύνην
1032 2912 1196 2974 πολὺς
1247 2914 1600 2980 ’Δναστάσιος
1649 2919 1774 2971 τάδε

193 2992 386 3061 φησὶν,
437 2994 568 3048 ἔνθα
610 2998 747 3067 rep?
772 3000 878 3052 τῶν
933 3001 1054 3056 καθ’
1087 3007 1234 3073 ἡμᾶς
1283 3007 1461 3075 ὀρθῶν
1503 3013 1601 3078 τῆς
1644 3011 1776 3079 ἀλη-

193 3084 347 3148 θείας
392 3087 680 3158 δογμάτων
727 3092 949 3157 διέξεισι
985 3112 997 3124 ·
1039 3097 1150 3152 Kal
1200 3102 1445 3172 Πνεῦμα
1490 3104 1679 3159 πάλιν
1705 3107 1776 3168 ἐξ

189 3179 385 3232 αὑτοῦ
434 3183 941 3252 ἐκπορευόμενον,
992 3189 1088 3243 καί
1133 3192 1670 3266 ἀποστελλόμενον
1704 3201 1778 3254 οὐ

185 3271 385 3338 μόνον
436 3275 595 3342 παρὰ
637 3277 743 3331 τοῦ
803 3281 1054 3348 Πατρός,
1109 3284 1271 3339 ἀλλὰ
1315 3269 1410 3342 καί
1467 3293 1626 3357 παρὰ
1671 3291 1776 3346 τοῦ

192 3363 351 3418 Ποῦ,
386 3367 686 3433 Στίξουσιν,
711 3367 845 3437 οἶδα,
873 3373 982 3448 τῶν
1017 3377 1309 3446 ἐριστικῶν
1353 3381 1403 3432 οἱ
1447 3382 1664 3447 πλείους
1699 3387 1778 3447 είς

190 3456 254 3504 τὸ
275 3453 454 3523 exuo;
469 3462 781 3528 ευόμενον,
816 3463 910 3516 καὶ
942 3463 1113 3526 οὕτως
1151 3466 1557 3535 ἀναγνώσονται
1587 3471 1647 3522 τὸ
1670 3471 1778 3523 λοι-

195 3549 323 3612 πὸν,
383 3549 444 3607 τὸ
499 3552 723 3621 Πνεῦμα
763 3555 820 3608 τὺ
860 3555 1018 3625 ἅγιον
1061 3559 1416 3614 ἀποστέλλειν
1469 3563 1634 3617 οἱονεὶ
1689 3565 1780 3618 καὶ

197 3637 366 3705 μόνον
415 3640 494 3710 τῷ
551 3643 663 3712 Υἱῷ
719 3646 858 3714 μετά
885 3663 946 3712 γε
977 3647 1070 3700 τοῦ
1126 3650 1338 3722 Πατρὸς
1382 3653 1773 3724 ἀπονέμοντες.

205 3731 530 3800 Ἐλέγξειδὲ
557 3737 772 3800 πάντως
793 3740 990 3804 αὐτοὺς
1011 3742 1071 3794 τὸ
1100 3743 1239 3812 μετά
1267 3763 1386 3797 τινα
1411 3747 1567 3800 τοῦτο
1589 3748 1776 3818 ῥηθὲν,

196 3825 340 3892 ὅπερ
387 3825 694 3892 φθάσαντες
729 3829 842 3884 ἄνω
876 3831 970 3885 τοῦ
1003 3832 1097 3888 νῦν
1135 3835 1296 3904 λόγου
1328 3839 1778 3910 προδιελάσομεν,

195 3915 283 3967 ὅτι
325 3917 438 3969 Καὶ
481 3918 611 3988 μὴν
640 3925 672 3974 ὀ
710 3924 928 3993 Κύριος
957 3926 1028 3991 ἐξ
1075 3929 1297 3984 ἑαυτοῦ
1349 3931 1594 4000 δεικνὺς
1631 3937 1779 3990 αὺτύ

198 4005 498 4074 ὑπάρχειν
542 4010 832 4080 ἐμφυσῶν
873 4016 996 4082 τοῖς
1035 4021 1328 4088 μαθηταῖς
1379 4023 1568 4092 ἔλεγε,
1610 4044 1628 4077 ι
1663 4026 1782 4080 Λάο

201 4101 336 4153 σεῖε
400 4103 638 4172 Πνεῦμα
673 4105 860 4176 ἅγιον.
910 4126 927 4160 δ
976 4105 1274 4166 Τοῦτοκαὶ
1317 4111 1432 4185 ’γὰρ
1464 4117 1782 4187 θεολογῆσαι

203 4196 373 4248 κάκεῖ
425 4198 708 4268 συνίστησι
740 4203 831 4254 τὸν
871 4204 1033 4257 αὑτὸν
1065 4209 1154 4259 καὶ
1197 4209 1630 4279 ἐκπορευόμενον
1673 4215 1783 4267 κάκ

201 4286 301 4340 τοῦ
339 4288 469 4342 Υίοῦ
495 4291 554 4342 τὸ
583 4293 804 4363 Πνεῦμα
833 4296 890 4348 τὸ
912 4297 1084 4366 ἅγιον.
1126 4301 1235 4352 Καὶ
1273 4303 1300 4354 ὁ
1345 4303 1442 4366 τὰς
1471 4303 1580 4355 τῶν
1609 4305 1783 4372 ἁγίων

200 4379 259 4432 δὲ
296 4380 572 4444 πολιτείας
599 4385 692 4436 καὶ
717 4385 816 4450 τὰς
843 4387 1024 4440 αὐτῶν
1065 4389 1322 4458 ἀθλήσεις
1351 4391 1784 4463 ἀφηγησάμενος

203 4471 687 4540 μεταφραστικῶς,
719 4477 798 4538 είς
825 4477 885 4529 τὸ
915 4477 1008 4530 τοῦ
1047 4479 1435 4549 Ἀρεοπαγίτου
1484 4486 1783 4556 μαρτύριον

202 4562 508 4626 Διονυσίου,
565 4567 708 4635 φημὶ
759 4567 854 4622 τοῦ
900 4570 1014 4625 τῶν
1043 4574 1373 4644 ἀπορρήτων
1423 4578 1780 4650 ὲκφάντορος,

198 4653 406 4722 δεῆσαν
441 4659 615 4712 εἰπεῖν
649 4661 776 4730 περὶ
805 4662 906 4732 τῆς
938 4665 1252 4733 οἰκονομίας
1285 4669 1526 4736 Χριστοῦ
1558 4673 1695 4742 πρὸς
1723 4674 1784 4726 τὸ

199 4745 358 4808 τῖλος
389 4747 479 4800 ἐπὶ
519 4748 719 4816 λέξεως
767 4751 940 4817 οὕτως
970 4754 1306 4825 ἐφθέγξατο·
1341 4759 1449 4813 Καὶ
1493 4763 1580 4826 είς
1611 4764 1787 4829 οὐρα-

198 4838 352 4903 νοὺς
383 4843 415 4894 ὁ
457 4840 600 4908 ἐμὸς
647 4845 898 4912 Χριστὸς
923 4847 1304 4918 ἀναφέρεται,
1347 4853 1445 4906 καί
1488 4857 1640 4922 πρὸς
1679 4855 1785 4908 τὸν

199 4936 496 4998 πατρικὸν
520 4935 797 4991 ἐπάνεισι
822 4941 1058 5008 θρόνον,
1085 4942 1182 4994 καὶ
1211 4943 1276 4996 τὸ
1305 4943 1783 5016 ἐκπορευόμενον

200 5026 396 5078 αὐτοῦ
429 5027 672 5097 Πνεῦμα
700 5031 797 5083 ἐπὶ
840 5032 913 5099 τῇ
945 5032 1063 5086 τῶν
1086 5036 1359 5089 ἀπίστων
1384 5038 1577 5092 ἐθνῶν
1610 5058 1790 5095 κατα-

209 5121 426 5190 πέμπει
481 5125 606 5183 τοῖς
633 5129 929 5194 μαθηταῖς
957 5131 1187 5198 ὁδηγίᾳ,
1240 5134 1358 5187 Κᾶν
1389 5137 1436 5186 εί
1481 5135 1556 5207 μὴ
1594 5137 1787 5206 πρότε·

205 5231 323 5284 ρον,
357 5217 419 5269 τὸ
451 5217 584 5284 γοῦν
614 5218 710 5273 νῦν
755 5221 874 5291 ἔχον
919 5224 1086 5294 ἐχρῆν
1133 5227 1450 5280 παντάπασι
1499 5231 1786 5298 πεισθῆναι

205 5308 330 5369 τοὺς
359 5307 746 5379 ἀντιλέγοντας
767 5330 782 5346 ο
815 5313 1114 5386 ἐπειδήπερ
1141 5319 1202 5370 τὸ
1231 5318 1319 5371 διὰ
1351 5322 1555 5384 παντὸς
1593 5323 1787 5392 ζητού-

204 5420 373 5472 μενον
398 5403 612 5468 τούτοις
647 5406 744 5460 καὶ¹
775 5409 1074 5490 πανταχοῦ,
1119 5411 1182 5464 τδ
1211 5413 1612 5483 ἐκπορεύεσθαι
1641 5403 1786 5484 λέγω

202 5497 317 5548 κάκ
339 5493 434 5548 τοῦ
465 5495 596 5550 Υίοῦ
625 5498 688 5549 τὸ
719 5499 944 5568 Πνεῦμα
986 5501 1045 5552 τὸ
1085 5502 1262 5570 ἅγιον,
1291 5503 1392 5574 ήδη
1438 5504 1532 5556 καὶ
1582 5522 1788 5576 unper-

201 5590 436 5657 τόμενον
458 5587 670 5656 τρανῶς
697 5589 782 5642 ἐπ’
820 5589 1146 5662 Ἐκκλησίας
1169 5593 1438 5662 εὑρήκασι
1463 5595 1585 5648 κατ’
1605 5596 1786 5648 ἐνιαυ-

200 5680 318 5738 τὸν,
352 5675 412 5730 οὐ
453 5675 615 5744 μόνον
640 5677 714 5739 ὡς
743 5679 808 5732 τὰ
846 5680 1016 5735 πολλὰ
1048 5681 1154 5734 τῶν
1182 5683 1465 5752 δογμάτων
1497 5688 1781 5756 γραφόμε-

200 5783 317 5829 νον,
362 5767 497 5835 πρὸς
527 5767 584 5820 δὲ
619 5773 712 5821 καὶ
767 5772 1212 5842 παραδιδόμενον.
1247 5776 1308 5826 υί
1340 5775 1393 5827 δὲ
1452 5778 1548 5845 τῆς
1602 5777 1780 5846 μάχης

269 5950 315 5979 ⁸⁸
336 5946 492 6005 Joan.
532 5966 617 6014 xx,
645 5951 734 6005 22.

1883 2465 1948 2504 ex
1986 2450 2103 2504 solo
2148 2448 2310 2503 Patre
2337 2448 2600 2519 Spiritum
2651 2459 2906 2502 sanctum
2957 2447 3291 2516 procedere;
3322 2446 3453 2516 quin

1881 2542 1993 2596 imo
2040 2542 2289 2597 nonnulli
2346 2543 2511 2596 etiam
2558 2557 2623 2595 ex
2675 2540 2817 2595 Filio
2847 2541 3140 2610 procedere
3191 2541 3455 2607 Spiritum

1877 2646 2126 2691 sanctum
2165 2643 2439 2690 asserunt.
2491 2635 2736 2700 Quorum
2791 2635 3037 2687 omnimn
3088 2635 3131 2688 si
3179 2633 3319 2687 dicta
3352 2635 3455 2687 huc

1877 2729 2240 2793 adducamus,
2273 2729 2440 2783 dubia
2487 2729 2986 2784 contradicentium
3023 2730 3207 2782 omnia
3261 2727 3456 2781 diss"!-

1879 2831 2094 2876 ventur.
2139 2821 2357 2876 Primus
2407 2822 2587 2890 itaque
2632 2823 2926 2874 sanctitate
2956 2822 3271 2890 praecellens
3315 2819 3448 2874 Ana-

1879 2914 2080 2968 stasius
2113 2914 2233 2967 haec
2261 2913 2444 2976 habet,
2479 2921 2713 2966 tractatu
2759 2911 2829 2964 De
2889 2913 3052 2968 rectis
3093 2929 3214 2981 quze
3259 2929 3458 2965 secun-

1880 3007 2008 3060 dum
2042 3022 2142 3060 nos
2181 3016 2331 3071 sunt,
2378 3005 2628 3060 veritatis
2661 3005 3014 3074 dogmatibus
3065 3024 3078 3059 :
3119 3004 3184 3057 Et
3220 3003 3455 3073 Spiritus

1880 3116 2064 3152 rursus
2109 3101 2197 3168 qui
2229 3116 2292 3152 ex
2325 3100 2439 3167 ipso
2466 3101 2698 3168 procedit
2737 3112 2784 3152 et
2824 3095 3188 3152 mittitur'non
3223 3099 3391 3152 so’um
3427 3117 3456 3149 (ι

1881 3191 2047 3246 Putre
2087 3192 2178 3246 sed
2208 3195 2368 3246 etiam
2415 3208 2480 3245 ea:
2513 3192 2670 3246 Filio.
2715 3193 2926 3246 Puneto
2974 3192 3339 3260 distinguent,
3377 3200 3459 3243 sat

1882 3285 2022 3345 scio,
2047 3284 2226 3352 potior
2265 3283 2739 3337 routentiosorum
2778 3298 2904 3351 pars
2949 3282 3102 3344 illud,
3135 3283 3223 3349 qui
3253 3298 3314 3334 ex
3347 3279 3458 3334 Pu-

1885 3386 1963 3430 tre
2009 3375 2284 3444 procedit;
2334 3376 2682 3444 postmodum
2739 3376 3007 3443 reliquum
3067 3375 3269 3440 legent,
3324 3377 3457 3426 mis-

1884 3468 2096 3521 sionem
2149 3468 2359 3522 scilicet
2416 3467 2658 3536 Spiritus
2714 3469 2888 3522 saurti
2933 3468 3104 3520 solam
3151 3466 3286 3520 Filio
3334 3485 3454 3519 ('llllt

1883 3557 2042 3613 Patre
2077 3561 2487 3623 attribueutes;
2527 3560 2618 3615 sed
2671 3576 2767 3614 eos
2819 3559 3129 3628 retlarguet,
3166 3561 3308 3628 quod
3353 3575 3458 3610 non

1886 3663 2005 3721 post
2033 3653 2204 3705 multa
2241 3653 2404 3705 verba
2439 3652 2767 3714 adnectitur,
2807 3661 2860 3704 et
2891 3652 3034 3721 quod
3070 3667 3234 3720 supra
3271 3652 3324 3704 iu
3359 3653 3462 3705 bac

1887 3747 2074 3800 eadem
2109 3745 2356 3801 oratione
2395 3745 2751 3816 digessimus,
2784 3759 2996 3812 nempe,
3051 3741 3115 3796 Et
3145 3753 3322 3795 tamen
3359 3743 3462 3795 Do-

1886 3840 2058 3892 minus
2085 3853 2151 3892 ea:
2197 3838 2473 3908 semetipso
2521 3854 2629 3891 esse
2660 3837 2960 3900 ostendens,
2995 3835 3266 3905 insit/ﬂans
3299 3836 3461 3887 disci-

1883 3932 2024 4001 pulis
2087 3931 2334 3984 dicebat:
2373 3948 2390 3981 t
2425 3931 2662 4001 Accipite
2747 3930 3008 4000 Spiritum
3062 3941 3301 3983 sanctum
3329 3931 3400 3985 ”.
3440 3949 3456 3980 ι

1887 4022 2134 4093 Namque
2182 4024 2307 4078 inde
2339 4023 2655 4078 decernitur
2690 4033 2743 4076 et
2795 4021 3174 4084 conﬁrmatur,
3207 4022 3461 4076 euuulem

1894 4115 2073 4185 ipsum
2123 4113 2388 4186 Spiritum
2423 4124 2678 4172 sanctum
2731 4131 2794 4169 (χ
2834 4114 2976 4168 Filio
3005 4129 3225 4184 quoque
3269 4130 3461 4182 proce-

1888 4207 2038 4261 dere.
2089 4205 2156 4260 Et
2193 4208 2287 4276 qui
2350 4209 2491 4262 vitas
2539 4215 2594 4260 et
2648 4221 2733 4260 res
2783 4216 2965 4275 gestas
3012 4213 3328 4258 sanctorum
3375 4223 3484 4282 (ευ-γ

1891 4314 2122 4368 rumque
2152 4300 2450 4353 certamina
2489 4309 2696 4352 mutato
2725 4297 2865 4368 style
2906 4299 3204 4357 enarravit.
3240 4297 3292 4350 in
3339 4297 3463 4351 Dio-

1886 4393 2044 4462 nysio
2076 4391 2424 4460 Areopagita,
2447 4391 2540 4460 qui
2576 4391 2771 4445 melius
2796 4390 3094 4452 diceretur,
3125 4398 3460 4444 secretorum

1887 4485 2178 4552 revelator,
2205 4501 2326 4539 cum
2357 4486 2423 4540 de
2457 4485 2763 4542 moonomia
2792 4484 2994 4538 Christi
3029 4499 3210 4538 sermo
3241 4483 3465 4538 incidis-

1888 4585 1994 4639 set.
2034 4579 2088 4632 iu
2139 4579 2247 4633 line
2291 4579 2406 4633 haec
2458 4579 2732 4648 ipsissima
2780 4579 2942 4632 verba
3000 4586 3271 4648 usurpat:
3303 4576 3369 4630 Et
3408 4577 3466 4630 in

1886 4667 2070 4721 caelum
2123 4668 2358 4721 ascendit
2411 4685 2554 4721 meus
2603 4668 2870 4730 Christus,
2919 4677 2967 4720 et
3017 4667 3086 4720 ad
3140 4667 3314 4722 sedem
3365 4684 3463 4736 pa-

1887 4769 2091 4815 ternam
2135 4761 2433 4824 revertitur,
2485 4770 2534 4813 et
2584 4761 2673 4830 qui
2717 4774 2782 4814 ex
2839 4761 2952 4827 ipso
3001 4761 3237 4828 procedit
3289 4759 3466 4828 Spiri-

1889 4864 1999 4907 tum
2049 4854 2281 4907 demittit
2338 4854 2639 4922 discipulis,
2703 4861 2760 4907 ιιι
2807 4867 2972 4908 essent
3029 4855 3185 4908 duces
3231 4855 3468 4924 gentium

1889 4947 2207 5014 inﬁdelium.
2279 4947 2390 5003 Etsi
2450 4964 2557 5001 non
2607 4956 2790 5012 antea,
2839 4957 2986 5002 certe
3036 4963 3182 5002 nunc
3238 4927 3465 5018 prorsus

1889 5038 2157 5092 suadendi
2201 5050 2384 5092 essent
2439 5037 2764 5096 adversarii.
2821 5037 3264 5106 quandoquidem
3321 5035 3468 5106 quod

1894 5132 1995 5200 ipsi
2038 5131 2303 5184 continuo
2359 5139 2413 5184 et
2465 5129 2669 5198 ubique
2725 5130 3092 5200 investigarit,
3148 5127 3463 5198 procedere.

1890 5224 2134 5292 inquam,
2191 5223 2356 5278 etiam
2413 5239 2480 5277 ex
2530 5222 2668 5277 Filio
2716 5221 2977 5292 Spiritum
3035 5232 3308 5286 sanetum,
3350 5220 3464 5290 jam

1890 5318 2107 5370 tandem
2156 5317 2442 5384 perspicue
2496 5318 2549 5369 in
2602 5315 2848 5370 Ecclesia
2891 5315 3330 5385 pronuntiatum,
3355 5313 3469 5368 edi-

1887 5421 2146 5480 clumque
2217 5409 2448 5480 singulis
2497 5409 2679 5474 annis,
2732 5423 2837 5462 non
2892 5417 3104 5462 tantum
3157 5414 3214 5460 ut
3271 5414 3467 5461 caetera

1888 5501 2147 5570 dogmata
2189 5501 2476 5569 scriptum,
2510 5500 2604 5554 sed
2653 5499 2815 5554 etiam
2871 5497 3126 5551 traditum
3161 5495 3464 5550 inveniunt.

1893 5591 1999 5656 Qui
2028 5607 2156 5645 vero
2206 5592 2582 5646 simultatibus
2632 5607 2696 5645 ac
2745 5591 2924 5644 turbis
2975 5589 3324 5652 addicuntur,
3379 5587 3468 5642 hic

1893 5701 2112 5754 quoque
2159 5687 2250 5738 sel
2311 5683 2559 5754 improbe
2613 5683 2894 5736 veritatem
2945 5689 3285 5762 oppugnant,
3341 5696 3468 5734 cou-

1893 5777 2232 5847 tenduntque
2267 5777 2449 5845 potius
2480 5775 2642 5830 etiam
2676 5775 2727 5829 in
2775 5777 2876 5829 hoc
2909 5775 3055 5829 dicto
3101 5774 3332 5846 maligne
3372 5772 3466 5828 ad-
