3882 6562
200 421 327 486 1237-

1019 412 1118 472 DE
1162 407 1685 472 PROCESSIONE
1725 408 1789 470 S.
1835 404 2200 467 SPIRITUS
2241 402 2464 463 ORAT.
2513 402 2599 462 II.

3299 399 3439 465 1238

194 533 385 599 ὀλόγος
415 529 442 579 ὁ
489 526 548 578 τδ
601 526 763 596 ῥητὸν
815 525 956 597 ἔχων
1002 525 1461 594 ἀναγινώσκεται.
1506 525 1757 598 Κὰπειδὴ

1866 531 2051 578 noster
2123 535 2435 577 sermonem
2504 519 2729 574 haberet
2760 556 2774 583 ,
2829 518 3188 587 praesentibus
3249 517 3436 573 multis

175 623 334 677 τοῦτο
364 614 632 671 διαλαθεῖν
661 616 783 678 τοὺς
817 615 1027 680 πάντας
1058 618 1157 670 οὐκ
1193 613 1282 688 ἦν,
1321 617 1443 670 οὐδὲ
1467 618 1747 689 διαδρᾶναι

192 708 494 779 κατ’ἀὺτὴν
524 707 620 777 τὴν
654 708 984 776 ἀνάγνωσιν,
1011 711 1123 774 τοῖς
1156 709 1265 764 τῶν
1303 712 1480 766 ἄλλων
1521 713 1749 766 ἐπιστα-

190 803 486 871 τικωτέροις
535 799 632 871 τὴν
684 800 925 853 διάνοιαν
976 802 1220 872 εὑρεθὲν,
1265 803 1341 866 ὡς
1372 804 1544 875 δῶρόν
1572 824 1624 860 τι
1669 805 1749 877 τῷ

192 895 590 965 θεομεγαλύντῳ
624 892 840 964 βασιλεῖ
868 897 1325 966 προσενήνεκται.
1365 899 1521 953 Κατὰ
1545 899 1750 970 ταύτην

188 991 238 1043 δὲ
269 988 360 1057 τὴν
386 985 595 1056 ἡμέραν
628 985 723 1040 καὶ
754 986 890 1056 πρός
912 1004 1032 1041 τινα
1059 990 1291 1061 μοναχὸν
1308 989 1408 1060 τῆς
1433 993 1748 1064 συμμορίας

190 1080 354 1133 αὐτῶν
393 1076 548 1146 ἔτυχε
601 1077 932 1147 ποιήσασθαι
989 1077 1145 1147 λόγον
1175 1081 1268 1135 τὸν
1300 1078 1557 1152 θεόσοφον
1592 1084 1751 1155 ήμῶν

186 1170 545 1239 αὐτοκράτορα
602 1171 699 1224 σῦν
737 1170 948 1242 ἑτέροις
979 1170 1176 1226 οὐκοῦν
1212 1172 1483 1239 πλείστοις
1526 1176 1755 1248 κομιδῆ,

191 1265 287 1317 καὶ-
303 1263 357 1315 τὸ
379 1261 619 1315 τοιοῦτον
642 1263 806 1333 ῥητὸν
848 1264 1093 1327 εἰπόντος
1120 1265 1215 1319 τοῦ
1250 1265 1537 1337 θεόφρονος
1577 1268 1753 1322 Abeo»

185 1357 391 1425 νάρχου,
424 1356 517 1407 καὶ
552 1355 687 1424 ὁμοῦ
722 1355 1237 1422 δείξαντος,ὲκεῖνος
1285 1359 1454 1429 μηδὲν
1509 1359 1751 1430 μελήσας

190 1442 529 1518 μηδοπωσοῦν
581 1447 915 1517 ἑξεκάλυψεν
960 1449 1130 1515 αὐτοῦ
1176 1450 1237 1503 τὸ
1288 1451 1622 1524 ἀπόρρητον,
1659 1454 1755 1507 καὶ

184 1540 244 1592 δι’
287 1540 446 1607 ὅρκου
500 1540 1029 1610 προπιστωσάμενος
1073 1542 1165 1596 τὸν
1211 1543 1369 1609 λόγον
1419 1546 1608 1611 αὑτοῦ,
1658 1548 1755 1601 Μὰ

190 1632 292 1698 τὴν
333 1632 634 1700 σωτηρίαν
656 1650 800 1701 μου,
835 1634 956 1687 κατ’
1001 1633 1121 1699 ἔθος
1154 1636 1263 1689 τῶν
1311 1639 1563 1709 μοναχῶν
1599 1639 1755 1709 εἴρη-

186 1742 292 1789 κεν,
325 1725 403 1789 ὡς
438 1724 544 1777 τὸν
569 1725 720 1789 ,ϐίίν
746 1726 852 1781 τοῦ
875 1728 1146 1797 μάκαρος
1184 1732 1507 1786 Διονυσίου
1536 1734 1756 1801 καινῶς

186 1817 289 1881 τὴν
311 1814 578 1885 σήμερον
612 1816 705 1870 ἐπ’
728 1818 1064 1887 ἐκκλησίας
1097 1822 1611 1893 ἀνεγινώσκομεν,
1649 1828 1756 1880 τὸν

1855 612 1997 677 aliis,
2039 612 2202 682 idque
2235 612 2442 667 dictum
2477 610 2742 666 recitante
2773 611 2954 666 divina
2984 618 3166 665 mente
3207 608 3438 680 praedito

1859 704 2214 774 imperatore,
2250 712 2304 759 et
2335 703 2500 758 simul
2541 702 2890 769 ostendente,
2930 702 3019 757 ille
3068 702 3211 757 nulla
3258 703 3446 772 posita

1859 809 2010 850 mora
2045 795 2262 849 occulta
2310 795 2512 850 mentis
2555 793 2835 859 rex-etarit,
2876 801 2931 848 et
2956 793 3322 864 jurejurando
3358 792 3442 848 di-

1859 901 1949 945 cta
2003 887 2352 944 conﬁrmavit
2388 907 2401 943 :
2437 886 2544 942 Per
2592 904 2763 942 meam
2833 886 3098 952 salutem,
3145 888 3227 944 sic
3290 904 3441 942 more

1860 979 2260 1046 monachorum
2302 980 2542 1043 locutus,
2577 979 2705 1033 dum
2736 980 2918 1033 statim
2948 980 3109 1033 vitam
3140 979 3289 1033 beati
3312 979 3441 1033 Dio-i

1812 1075 1816 1079 ’
1860 1073 1998 1143 nysii
2045 1071 2252 1143 publice
2292 1074 2444 1128 hodie
2484 1073 2539 1127 in
2573 1073 2795 1127 ecclesia
2846 1073 3184 1140 legebamus,
3218 1083 3440 1128 mentem

1860 1162 2023 1231 ﬁgens
2086 1160 2261 1215 nescio
2320 1175 2421 1229 quo
2477 1159 2634 1213 modo
2696 1162 2748 1211 in
2808 1162 3139 1231 assignatum
3196 1161 3440 1222 dictum,

1859 1253 2107 1308 volumen
2161 1255 2244 1307 ira
2289 1254 2549 1307 exardens
2589 1251 2699 1323 igni
2748 1252 2958 1306 tradere
3007 1249 3338 1316 studueram,
3393 1259 3441 1303 et

1861 1345 1998 1415 forte
2054 1356 2111 1400 ut
2170 1346 2254 1400 ira
2308 1336 2785 1410 subministrabat,
2838 1361 2947 1400 rem
3005 1345 3340 1415 peregissem,
3395 1354 3443 1397 et

1863 1437 2031 1491 animi
2082 1437 2311 1490 consilia
2361 1436 2518 1504 ﬁnem
2556 1433 2877 1500 habuissent,
2936 1432 3043 1487 nisi
3095 1432 3307 1499 plenum
3348 1446 3442 1484 tto--

1862 1541 2038 1585 atrum
2076 1532 2254 1584 orbem
2294 1537 2439 1582 terra
2473 1528 2712 1598 marique
2739 1526 2994 1582 similium
3037 1524 3298 1580 librorum
3337 1539 3446 1577 esse

1864 1620 2160 1676 scivissem.
2225 1619 2438 1674 Similia
2506 1619 2755 1673 narranti
2819 1634 2943 1689 quas
2999 1618 3078 1672 rei
3135 1614 3443 1688 ignorantia

1864 1712 2233 1767 attribuatur?
2264 1712 2437 1778 Quam
2498 1725 2693 1766 rursus
2749 1708 3119 1779 improbitatis
3169 1721 3443 1763 summam

1869 1821 1978 1860 non
2029 1804 2368 1861 excesserit?
2422 1802 2694 1872 Conspexi
2750 1804 2866 1872 ipse
2912 1811 3130 1872 quoque
3177 1799 3437 1854 volumen

181 1908 326 1962 νοῦν
375 1908 743 1976 ἐπιστήσας,
783 1909 912 1976 πῶς
958 1914 1073 1965 οὐκ
1123 1909 1260 1968 οῖδα
1313 1916 1411 1970 καὶ
1462 1918 1647 1984 αὐτὸς
1681 1917 1761 1984 τῷ

1866 1900 2002 1953 satis
2037 1898 2322 1967 antiquum
2370 1906 2534 1967 atque
2582 1907 2878 1960 vetustum,
2928 1894 3116 1948 multis
3152 1892 3445 1960 capitibus,

180 1999 498 2067 δηλωθέντι
538 2000 726 2069 ῥητῷ,
765 2001 831 2057 τὸ
881 2003 1148 2068 βιϐλίον,
1191 2006 1297 2061 τοῦ
1327 2008 1520 2078 θυμοῦ
1550 2009 1761 2071 (duar-

179 2106 294 2156 τος,
321 2091 463 2160 πυρί
500 2092 877 2161 παραδοῦναι
915 2095 1352 2168 βεϐούλευμαι,
1384 2101 1483 2155 καὶ
1527 2101 1655 2173 τάχ’
1685 2101 1765 2159 ἂν

179 2185 252 2249 ὡς
267 2186 385 2248 ὺπη
394 2183 644 2252 γόρευεν
656 2188 687 2239 ό
709 2187 897 2256 θυμὸς
908 2187 1345 2261 διεπραξάμην,
1363 2193 1464 2248 καί
1484 2197 1572 2260 εις
1586 2197 1765 2268 ἔργον

180 2275 404 2328 τέλειον
416 2276 596 2344 ἐξέϐη
615 2277 686 2330 τὰ
702 2275 802 2345 τῆς
821 2279 1087 2349 βουλῆς,
1102 2283 1252 2351 εἰμὴ
1274 2282 1479 2354 πλήρη
1497 2287 1616 2341 τῶν
1632 2273 1761 2346 κατ’

177 2371 312 2422 αἰττὸ
340 2368 581 2449 ,βίϐλων
603 2371 802 2424 τελεῖν
824 2373 1177 2443 ἠπιστάμην
1199 2377 1316 2444 τὴν
1336 2379 1466 2435 καθ’
1490 2379 1650 2451 ημᾶς
1681 2386 1767 2436 οι-

176 2460 474 2526 κουμένην
489 2462 642 2528 πρὸς
672 2461 788 2531 γῆν
811 2464 910 2518 καί
945 2467 1096 2533 πρὸς
1122 2466 1446 2526 θάλατταν.
1477 2472 1660 2527 Ταῦτα
1684 2474 1762 2545 τῷ

178 2552 407 2621 φήσαντι
442 2553 609 2606 ποίαν
634 2553 858 2621 ἄγνοιαν
890 2555 1293 2627 ἐπιμαρτυρεῖς
1326 2562 1493 2625 Ποίας
1517 2563 1571 2618 δὲ
1600 2566 1764 2619 πάλιν

178 2641 479 2715 ὑπερϐολὴν
513 2644 715 2731 κακίας.
742 2646 1079 2713 ἀπέλειπεν;
1126 2645 1282 2703 Εἶδον
1314 2652 1425 2719 ἐγὼ
1455 2657 1550 2708 καὶ
1582 2656 1764 2726 βίϐλον

175 2733 290 2785 τινὰ
332 2732 444 2786 τῶν
490 2733 735 2805 ἀρχαίων
785 2735 879 2788 καὶ
911 2736 1160 2791 παλαιῶν
1209 2739 1561 2813 πολλαχόθεν,
1597 2746 1670 2808 ὡς
1703 2747 1763 2800 τὸ

175 2826 333 2892 εἰκὸς,
374 2827 720 2882 πλουτοῦσαν
758 2830 819 2883 τὸ
846 2830 1179 2901 ἀξιόπιστον,
1207 2835 1329 2907 ἦτις
1359 2838 1417 2888 ὲν
1460 2838 1557 2906 μὲν
1588 2838 1763 2896 ᾶπαν-

175 2934 223 2970 τι
250 2921 448 2990 τουτῳὶ
510 2917 589 2989 τῷ
639 2920 804 2992 λόγῳ.
853 2921 1039 2986 καθὼς
1082 2924 1216 2995 δῆτα
1250 2929 1352 2980 κάν
1396 2931 1507 2994 τοῖς
1535 2929 1761 2995 λοιποῖς,

173 3009 287 3065 οὐδὲ
320 3010 559 3082 κεραίαν
613 3016 800 3082 σχεδὸν
831 3014 1153 3086 ἐξεσμένην,
1187 3019 1261 3089 μή
1295 3019 1375 3072 τοί
1401 3037 1463 3087 γε
1498 3025 1761 3092 στοιχεῖον

172 3095 236 3169 ἦν
266 3101 491 3171 ἔχουσα,
548 3107 688 3157 κατὰ
740 3105 901 3173 μόνον
940 3105 994 3158 δὲ
1024 3107 1085 3160 τὸ
1138 3109 1399 3174 πολλάκις
1448 3114 1577 3183 παρ’
1604 3114 1759 3186 ἡμῶν

174 3191 401 3247 ἐνταῦθα
450 3192 749 3263 διαληφθὲν
810 3197 1132 3269 ἁδιάὸλητον
1168 3203 1301 3253 πᾶσι
1350 3203 1512 3272 ῥητὸν
1538 3204 1761 3277 ἐξεσμέ-

173 3299 258 3334 νον
294 3283 457 3355 ἔφερέ
491 3303 542 3339 τι
572 3288 772 3357 χωρίον
808 3290 1010 3358 μεταξὺ
1039 3291 1130 3344 τοῦ
1158 3294 1643 3364 ἐκπορευόμενον
1666 3301 1760 3351 καὶ

171 3375 268 3446 τῆς
305 3378 502 3433 αὑτοῦ
538 3378 758 3446 λέξεως,
813 3382 870 3433 ὲν
903 3374 1056 3453 ᾧπερ
1098 3383 1406 3455 ἐγέγραπτο
1444 3387 1519 3440 δι’
1543 3405 1556 3416 ·
1603 3388 1761 3444 τοῦτο

168 3468 224 3521 δέ
256 3471 481 3533 πάντως
538 3473 820 3541 πρόθεσις.
872 3475 980 3528 Καὶ
1024 3476 1130 3547 γὰρ
1163 3477 1262 3548 τὴν
1307 3478 1622 3534 τελευταίαν
1664 3481 1759 3535 τοῦ

167 3561 659 3631 ἐκπορευόμενον
678 3564 974 3638 συλλαϐὴν,
996 3568 1236 3637 δηλονότι
1262 3570 1323 3623 τὸ
1344 3589 1474 3635 νον,
1494 3575 1759 3644 πρότερον

167 3655 432 3724 κειμένην
491 3656 659 3710 αὑτοῦ
690 3657 853 3724 ξέσας
898 3676 983 3723 τις
1018 3659 1265 3731 ὕστερον,
1320 3665 1413 3717 καὶ
1443 3666 1535 3717 τοῦ
1576 3666 1759 3737 στίχου

167 3748 278 3809 θεὶς
304 3748 544 3813 ἄνωθεν,
564 3749 639 3813 ὡς
667 3754 762 3805 κει)⁹
790 3753 1066 3823 μακρόθεν
1089 3758 1116 3807 ό
1136 3756 1425 3829 χαρακτὴρ
1449 3758 1557 3815 τῶν
1582 3776 1761 3832 γραμ-

168 3841 353 3909 μάτων
407 3841 739 3912 ὑπέφαινεν,
791 3844 950 3909 ἄλλος
995 3845 1071 3899 ὢν
1106 3848 1254 3918 παρὰ
1287 3849 1378 3902 τὸν
1412 3851 1640 3921 ἀρχαῖον
1670 3854 1762 3908 καὶ

166 3932 421 3998 παλαιὸν,
474 3935 571 3988 καί
600 3952 653 3987 τι
701 3937 951 4007 φανερῶς
996 3938 1093 3992 καὶ
1140 3939 1359 4005 ἀπόζων
1404 3944 1675 4013 νεότητος,
1700 3946 1762 4000 τὸ

161 4022 350 4094 λεχθὲν
400 4023 581 4089 οὕτως
631 4025 840 4097 ἔγραψε
889 4028 966 4082 δι’
1002 4030 1250 4100 θρασέως
1299 4034 1394 4086 καὶ
1446 4035 1759 4107 τολμηρῶς,

162 4112 280 4170 εἶτα
312 4117 414 4173 καὶ
442 4117 795 4188 ἀπόστροφον
826 4120 907 4183 εἰς
938 4120 998 4174 τὸ
1025 4121 1215 4176 αὐτοῦ
1245 4124 1591 4195 διεχάραιξεν,
1618 4125 1760 4185 ὥστε

160 4209 237 4276 μὴ
292 4209 445 4262 κατὰ
487 4210 587 4279 τὴν
626 4211 937 4281 ἔμπροσθεν
983 4214 1132 4290 θέσιν
1175 4216 1236 4267 τὸ
1278 4217 1763 4290 ἐκπορευόμενον

156 4301 393 4368 αὐτοῦ,
449 4304 514 4356 τὸ
575 4303 631 4360 δὲ
684 4287 1169 4376 ἐκπορευόμενον
1218 4308 1296 4364 δι’
1352 4312 1541 4368 αὐτοῦ
1571 4287 1762 4368 ⁷τοῦτο

154 4392 671 4461 ἀναγινώσκεσθαι.
722 4395 832 4468 Τὴν
876 4398 1134 4469 τοιαύτην
1185 4404 1637 4477 μεταφραστικὴν
1672 4405 1757 4477 βί-

155 4483 282 4536 ϐλον
336 4489 444 4538 σ’λν
503 4486 629 4554 ἐμοὶ
683 4486 778 4540 καὶ
822 4486 931 4540 τῶν
987 4488 1259 4557 ἐκκρίτων
1313 4492 1612 4547 ἐθεάσαντο
1660 4496 1760 4564 τῆς

1868 1990 1946 2044 uti
1989 2006 2086 2059 par
2121 1998 2266 2055 erat,
2305 1988 2463 2043 ﬁdem
2514 1988 2617 2043 sibi
2664 1988 2990 2051 concilians,
3026 1987 3171 2055 quod
3221 1986 3275 2039 in
3326 1986 3446 2039 nni-

1868 2097 2025 2137 versa
2091 2081 2193 2135 hac
2250 2082 2518 2146 oratione,
2574 2080 2652 2135 uti
2707 2081 2760 2133 in
2811 2078 3044 2150 reliquis
3096 2078 3222 2134 aliis
3272 2092 3447 2147 neque

1866 2177 2147 2232 minimam
2185 2176 2461 2241 Iineolam,
2497 2177 2888 2245 tantumabcst
2923 2184 2982 2229 ut
3029 2176 3263 2228 litteram
3288 2213 3305 2235 .
3342 2172 3445 2227 ha-

1875 2270 2028 2323 beret
2061 2286 2300 2333 erasam,
2340 2270 2434 2323 sed
2470 2269 2523 2323 in
2563 2270 2667 2322 huc
2701 2268 2901 2336 sspius
2932 2283 2960 2321 a
2991 2268 3156 2321 nobis
3201 2266 3444 2331 laudato,

1869 2359 2132 2428 nulloque
2179 2359 2399 2414 crimini
2438 2359 2680 2412 obnoxio
2719 2357 2870 2412 dicto
2917 2371 3138 2411 erasum
3174 2353 3446 2410 referebat

1865 2450 2101 2518 spatium
2136 2450 2278 2506 inter
2307 2452 2561 2521 procedit,
2589 2461 2644 2506 et
2672 2467 2735 2505 ea:
2766 2451 2878 2521 ipso
2915 2449 3206 2514 dictiones,
3245 2448 3300 2505 in
3338 2464 3447 2518 quo

1871 2548 2136 2616 scriptum
2160 2543 2392 2609 erat.6t‘,
2418 2561 2540 2615 quae
2571 2544 2795 2598 omnino
2808 2544 3121 2614 praepositio
3144 2554 3264 2611 est;
3291 2558 3447 2597 nam-

1866 2653 1971 2707 que
1990 2649 2316 2708 postremam
2344 2636 2606 2693 dictionis
2624 2635 3172 2707 ἐκπορευόμενον,ᾳιιί
3186 2636 3446 2706 procedit,

1868 2729 2159 2801 syllabam,
2193 2746 2281 2782 νον
2314 2744 2534 2799 nempe,
2568 2728 2722 2798 prius
2755 2727 2951 2782 ibidem
2986 2728 3293 2798 appositam
3325 2742 3447 2782 era—

1865 2821 2000 2878 dens
2031 2824 2302 2892 quispiam
2336 2831 2619 2893 postea,et
2642 2836 2808 2892 supra
2837 2806 3037 2876 lineam
3065 2836 3348 2893 apponens
3390 2830 3449 2872 ut

1867 2915 2030 2984 longe
2079 2918 2246 2968 etiam
2305 2911 2620 2983 inspicienti
2662 2922 2803 2966 notae
2840 2912 3147 2967 litterarum
3194 2912 3445 2981 designa-

1865 3008 2019 3071 bant,
2057 3024 2181 3062 cum
2227 3017 2417 3062 essent
2468 3002 2541 3059 ab
2572 3005 2818 3074 antiquis
2859 3003 2964 3058 illis
3007 3014 3176 3073 atque
3217 3003 3447 3057 vetustis

1865 3103 2118 3166 diversae,
2157 3110 2205 3154 et
2259 3098 2619 3154 recentiorem
2671 3113 2892 3151 manum
2930 3098 3104 3167 palam
3162 3094 3443 3166 praescier—

1868 3202 2012 3258 rent,
2066 3193 2273 3247 dictum
2316 3192 2390 3244 ita
2443 3193 2689 3245 exaravit
2730 3190 2818 3256 δι’,
2870 3191 3132 3244 audacter
3175 3191 3338 3244 nimis
3383 3206 3448 3244 ac.

1873 3287 2184 3343 temerarie.
2217 3294 2327 3338 tum
2362 3286 2712 3354 postmodum
2746 3284 3143 3352 apostwphum
3180 3286 3440 3353 superatio

1863 3379 2002 3433 didit
2052 3380 2125 3433 illi
2182 3377 2343 3432 αὑτοῦ
2387 3392 2451 3431 ea:
2507 3379 2829 3443 ipso:adeo
2882 3384 2938 3429 ut
2984 3393 3090 3430 non
3143 3377 3441 3431 secundum

1863 3474 2103 3542 positum
2136 3471 2317 3542 primo
2346 3469 2777 3539 ἐκπορευόμενον
2803 3468 2990 3533 αὑτοῦ,
3024 3469 3117 3523 sed
3149 3469 3446 3541 ἐκπορευό-

1869 3582 2028 3636 μενον
2070 3564 2138 3618 δι’
2168 3561 2334 3617 αὐτοῦ
2385 3564 2512 3618 inde
2566 3564 2860 3634 legeretur.
2912 3563 3025 3618 Hoc
3058 3562 3447 3634 Metaphrasta:

1866 3659 2119 3713 volumen
2152 3673 2257 3712 una
2286 3671 2498 3711 utecum
2521 3673 2588 3710 ex
2616 3658 2995 3711 ecclesiastico
3021 3668 3163 3711 coetu
3193 3657 3444 3711 homines

1866 3750 2112 3820 primarii
2159 3749 2316 3805 multi
2361 3760 2790 3820 conspexerunt,
2827 3757 2955 3804 ante
2990 3764 3120 3804 vero
3171 3764 3362 3805 omnes
3390 3759 3447 3804 et

1870 3856 1997 3896 cum
2035 3841 2291 3897 omnibus
2343 3857 2537 3896 norma
2583 3850 2638 3897 et
2684 3841 2870 3913 regula
2923 3842 3241 3913 dogmatum
3281 3857 3447 3897 vene.

1867 3935 2075 3990 raudus
2132 3943 2319 3989 noster
2371 3934 2687 4005 patriarcha
2747 3934 2984 3990 intuitus
3035 3944 3139 3991 est.
3198 3935 3278 3989 Ex
3332 3950 3444 4004 quo

1866 4043 2097 4096 prorsus
2131 4027 2438 4084 ostenditur
2487 4036 2541 4083 et
2574 4029 2967 4097 quoquomodo
3013 4027 3441 4091 attendentibus,

1863 4127 1920 4173 et
1953 4127 2147 4174 contra
2200 4133 2303 4174 nos
2350 4118 2694 4187 improbitati
2751 4118 2980 4173 minime
3027 4118 3251 4180 deditis,
3288 4118 3442 4179 illud,

1865 4226 1933 4266 ex
1988 4208 2133 4266 Filio
2187 4219 2406 4280 quoqtic
2460 4207 2735 4279 Spiritum
2786 4211 3102 4280 procedere,
3158 4222 3285 4265 ante
3344 4227 3445 4264 nos

1864 4305 2034 4360 etiam
2097 4304 2397 4360 nonnullos
2443 4318 2556 4359 non
2611 4317 2919 4358 recusasse.
2957 4303 3194 4373 Ideoque
3230 4303 3323 4371 qui
3375 4318 3445 4357 ex
3492 4314 3510 4331 °

1866 4398 2173 4454 schismate
2202 4404 2383 4461 erant,
2419 4410 2528 4450 non
2568 4396 2755 4452 minus
2802 4396 2890 4451 his
2916 4394 3010 4464 qui
3048 4410 3198 4450 nunc
3230 4395 3444 4460 vivunt,

1867 4504 1966 4560 pro
2015 4488 2275 4543 facultate
2315 4502 2417 4542 sua
2458 4486 2700 4557 quisque
2740 4486 3039 4553 immutare
3071 4495 3125 4540 et
3171 4486 3442 4539 invertere

166 4574 520 4647 Ἐκκλησίας
572 4577 779 4643 πολλοὶ,
816 4581 922 4634 ποὺ
967 4581 1188 4636 πάντων
1226 4584 1406 4639 δὲκαὶ
1446 4585 1587 4653 μετά
1616 4587 1755 4640 πάν-

1867 4581 2048 4636 conati
2087 4589 2242 4635 sunt.
2298 4578 2391 4634 Sic
2426 4578 2607 4650 palam
2657 4578 2761 4633 hoc
2796 4577 3146 4632 conﬁrmavit
3178 4576 3443 4630 adversus

151 4684 260 4721 των
297 4673 327 4723 ὁ
358 4669 549 4723 κανὼν
592 4671 701 4725 τῶν
749 4673 1061 4745 δογμάτων,
1108 4677 1135 4728 ὁ
1170 4677 1367 4740 σεπτὸς
1413 4670 1572 4741 οὗτος
1596 4678 1754 4749 ἡμῶν

152 4760 522 4832 πατριάρχης
559 4763 826 4833 ἑώρακεν.
869 4767 959 4832 Ἐξ
988 4761 1057 4839 ἧς
1104 4768 1323 4832 πάντως
1352 4768 1630 4824 δείκνυται
1658 4775 1753 4824 καὶ

147 4853 263 4913 τοῖς
308 4852 576 4907 ὁπωσοῦν
634 4856 1010 4923 ἐπιϐάλλουσι,
1061 4860 1157 4912 καὶ
1201 4862 1277 4931 μὴ
1327 4863 1751 4933 συνεσχημένοις

145 4942 285 5012 ὁμοῦ
322 4947 509 5014 κακίᾳ
538 4948 602 5017 τῇ
648 4946 772 5000 καθ’
805 4948 983 5018 ἡμῶν,
1011 4952 1097 5004 ὃτι
1120 4950 1181 5004 τὸ
1226 4953 1660 5024 ἐκπορευόμενον
1687 4956 1752 5010 ὲκ

1865 4689 1991 4730 sese
2024 4683 2365 4743 opponentes
2395 4672 2595 4736 oratio,
2635 4670 3005 4741 processionis
3038 4669 3279 4724 dictione
3306 4684 3446 4722 non-

1866 4767 2045 4823 nullus
2101 4777 2325 4822 sanctos
2374 4781 2504 4820 usos
2557 4763 2751 4829 fuisse,
2810 4780 2936 4819 cum
3001 4761 3266 4834 Spiritum
3313 4778 3442 4818 san-

1863 4870 2011 4917 ctum
2047 4860 2211 4915 etiam
2261 4874 2326 4912 ex
2357 4856 2495 4915 Filio
2537 4857 2914 4919 exsistentiam
2960 4858 3162 4913 habere
3191 4856 3443 4912 decreru-

1860 4962 2010 5008 ιἰιιιι.

146 5034 239 5087 τοῦ
283 5033 429 5088 Υἱοῦ
489 5035 713 5105 Πνεῦμα
763 5039 859 5092 καὶ
906 5038 1016 5091 τῶν
1064 5041 1170 5117 πρὸ
1210 5033 1368 5113 ἡμῶν
1408 5044 1539 5098 ἔνιοι
1566 5046 1747 5114 λέγειν
1784 5044 1844 5099 τὸ
1897 5044 2062 5115 ῥητὸν
2112 5043 2425 5113 νενοήκασι.
2502 5039 2604 5091 Διὰ
2685 5039 2843 5094 τοῦτο
2882 5040 2992 5114 γὰρ
3055 5043 3297 5097 κάκεῖνοι
3351 5042 3446 5097 τοῦ

146 5128 471 5199 σχίσματος
504 5119 655 5192 ὄντες
675 5130 829 5198 οὐδὲν
866 5122 1029 5201 ἦττον
1058 5132 1165 5187 τῶν
1190 5134 1307 5199 νῦν,
1368 5137 1444 5201 ὠς
1478 5132 1645 5209 εἶχον,
1685 5138 1831 5206 αὐτὸ,
1860 5135 2250 5209 μεταποιῆσαι,
2305 5135 2400 5189 καὶ
2453 5134 2777 5207 μεταϐαλεῖν
2833 5136 3227 5207 ἐπειράθησαν.
3282 5135 3440 5189 Οὕτω

143 5222 372 5292 τρανῶς
406 5222 759 5292 παρέστησεν
784 5225 813 5276 ὁ
841 5222 997 5291 λόγος
1026 5228 1139 5289 τοῖς
1200 5228 1568 5284 ἀντιϐαίνουσι
1592 5232 1653 5283 τὸ
1706 5232 1904 5301 παρὸν,
1975 5228 2050 5293 ὼς
2081 5230 2175 5282 καὶ
2222 5231 2291 5301 τῇ
2343 5228 2731 5299 ἐκπορεύεται
2778 5227 2921 5297 λέξει
2962 5230 3102 5292 τινες
3133 5229 3243 5283 τῶν
3276 5230 3447 5298 ἁγίων

144 5315 507 5387 ἐχρήσαντο,
537 5316 607 5387 τὸ,
624 5317 850 5388 Πνεῦμα
878 5320 938 5372 τὸ
971 5320 1128 5389 ἆγιον
1153 5325 1248 5378 καὶ
1281 5325 1344 5376 ὲκ
1372 5324 1468 5377 τοῦ
1502 5324 1635 5378 Υίοῦ
1664 5324 1762 5397 τὴν
1803 5324 2037 5395 ὓπαρξιν
2065 5323 2211 5394 ἔχειν
2252 5323 2698 5392 θεολογήσαντες.

215 5408 316 5464 ).ὃ’.
374 5409 529 5463 Ἀλλ’
573 5412 763 5480 ἐπειδὴ
818 5413 914 5466 καὶ
964 5413 1026 5466 τὸ
1076 5413 1409 5486 ζητούμενον
1462 5417 1759 5488 εὑρηκότες

143 5500 318 5569 ἡμεῖς
370 5500 485 5570 τὴν
529 5502 763 5574 ἀπορίαν
813 5507 994 5569 αὐτοῖς
1041 5510 1125 5569 εἰς
1176 5506 1328 5570 τέλος
1366 5508 1753 5580 διελυσάμεθα,

142 5593 287 5661 φέρε
321 5592 529 5647 λοιπὸν
558 5594 837 5651 κάνταῦθα
872 5599 1199 5669 προθέμενοι
1248 5600 1453 5672 βραχέα
1486 5603 1613 5672 περὶ
1656 5603 1757 5672 τῆς

142 5686 360 5753 λέξεως
421 5686 633 5757 ταύτης
680 5691 878 5755 εἰπεῖν,
920 5692 1143 5763 ἴδωμεν,
1200 5695 1248 5746 εἰ
1302 5695 1468 5760 δοκεῖ,
1519 5694 1757 5765 πρῶτον,

44 5835 49 5841 ,
143 5778 273 5843 πῶς
303 5779 340 5834 ὁ
390 5779 821 5854 Χρυσορρήμων
868 5784 1037 5854 αὐτὴν
1088 5786 1340 5853 Ἰωάννης
1389 5787 1755 5857 ἡρμήνευσεν·

147 5872 312 5941 Ὅτι,
386 5874 586 5946 φησὶν,
651 5873 796 5944 οἶδε,
839 5877 938 5949 τὴν
979 5879 1341 5953 εὐαγγελικὴν
1392 5880 1769 5951 ἐξηγούμενος-

1942 5417 2032 5472 54.
2077 5415 2186 5471 Sed
2214 5416 2434 5486 quando
2462 5417 2764 5486 quaestione
2785 5426 3062 5486 comperta
3092 5432 3196 5473 nos
3225 5417 3445 5474 dubita-

1867 5511 2072 5566 tionem
2115 5511 2337 5566 illorum
2374 5502 2749 5577 dissulvimus,
2782 5524 2882 5581 age
2934 5526 3082 5565 nunc
3116 5512 3281 5565 etiam
3332 5513 3443 5578 hic,

1867 5620 1994 5660 cum
2053 5605 2271 5660 animus
2330 5605 2402 5660 sit
2462 5619 2635 5674 pauca
2685 5605 2754 5659 de
2792 5603 3035 5659 dictione
3087 5605 3191 5659 hac
3236 5604 3440 5667 dicere,

1870 5697 2181 5759 videamus,
2214 5698 2260 5751 si
2296 5698 2499 5766 placet,
2534 5697 2771 5766 primum
2806 5696 3081 5766 quomodo
3114 5710 3233 5751 eam
3276 5712 3440 5752 aurea

1865 5792 2049 5860 lingua
2087 5789 2329 5845 Joannes
2369 5790 2762 5860 interpretatus
2806 5798 2892 5845 est
2923 5807 2939 5846 :
2968 5788 3122 5854 Quod
3162 5790 3324 5851 novit,
3369 5791 3446 5844 ait

1869 5880 2246 5953 evangelieam
2280 5893 2469 5938 vowm
2501 5894 2808 5953 exponens,
2838 5890 2888 5938 et
2912 5882 3178 5953 profunda
3215 5880 3347 5947 Dei;
3388 5890 3443 5936 et
