3974 6566
360 413 495 476 1247

1406 418 1830 477 CONSTANTI
1843 419 1917 478 Νι
1963 417 2512 478 ΜΕΜΤΕΝΙΟΤΕ

3514 405 3653 472 1248

359 547 450 595 per
503 528 700 584 Filium
751 533 968 601 (Πυθίη.
1019 530 1136 585 Non
1177 532 1283 586 alia
1356 544 1537 586 mente
1585 531 1958 586 Damascenus

2080 529 2222 581 Κατά
2266 528 2470 600 ταύτην
2496 529 2597 600 τὴν
2627 529 2839 583 ἔννοιαν
2887 527 2980 582 καὶ
3003 529 3030 581 ὁ
3069 525 3424 598 Δαματκόθεν
3462 525 3648 593 σοφὸςο

360 625 607 693 sapiens.
646 645 664 678 ι
695 625 779 678 Ex
805 624 966 691 Filio,
1002 626 1198 695 inquit,
1226 625 1302 681 uti
1338 641 1404 680 ex
1440 626 1616 695 prima
1651 641 1812 680 causa
1836 639 1942 678 non

367 717 630 772 dicimus.
671 737 687 770 ι
721 719 852 772 Illud
892 733 1055 788 porro
1091 720 1253 771 etiam
1292 735 1355 773 ex
1409 717 1568 781 Filio.
1606 719 1707 774 hoc
1742 727 1824 773 est
1856 734 1947 787 per

367 808 570 862 Filium
603 811 933 865 mediantem
1000 812 1344 874 naturaliter,
1386 812 1494 866 hoc
1524 812 1635 866 fere
1675 814 1742 867 ab
1766 813 1946 866 omnia

366 901 468 955 lms
499 900 962 969 Spiritus'aﬂlatu
1003 901 1356 969 loquentibus
1389 889 1647 956 Palribus
1687 901 1946 955 traditum

372 991 645 1062 nobisque
677 1008 784 1046 non
821 993 1007 1048 minus
1035 994 1201 1049 variis
1238 1009 1426 1048 eorum
1458 992 1682 1062 scriptis
1722 992 1949 1045 relatum

365 1085 529 1138 etiam
566 1085 621 1139 in
653 1083 898 1141 Ecclesia
944 1086 1062 1156 ipsa
1118 1085 1292 1155 magis
1354 1099 1556 1140 sonore
1601 1083 1950 1138 decantatum

367 1187 470 1231 cst.
503 1175 592 1231 Sic
630 1187 820 1247 aperte
853 1178 944 1234 hic
978 1194 1201 1249 quoque
1245 1177 1464 1232 divinus
1510 1175 1758 1230 Melodus
1791 1174 1954 1230 simili

368 1267 613 1336 dogmati
662 1268 846 1337 potius
880 1269 1214 1338 patrocinari
1246 1269 1480 1333 videtur,
1533 1278 1742 1321 tantum
1804 1266 1957 1319 abest

374 1372 432 1415 nt
469 1362 559 1417 ille
605 1361 674 1416 ad
731 1361 864 1418 illud
898 1362 1276 1426 evertendam,
1323 1371 1381 1416 ut
1413 1360 1714 1417 adversarii
1765 1358 1958 1414 existi-

373 1465 551 1518 mant,
584 1455 796 1519 tendat.

449 1546 539 1602 37.
563 1545 752 1602 Solum
787 1549 916 1604 item
953 1546 1171 1603 Patrem
1227 1561 1452 1604 causam
1481 1563 1621 1610 esse.
1663 1549 1828 1604 etiam
1857 1548 1962 1603 llOC

377 1640 558 1710 ipsum
591 1655 620 1694 a
657 1637 893 1696 Numine
922 1641 1194 1696 instructo
1240 1640 1360 1694 viro
1409 1642 1496 1711 pie
1540 1643 1957 1713 pronuntiatum

376 1741 483 1796 est,
511 1747 620 1786 non
651 1747 718 1788 eo
753 1747 924 1802 ερορο
942 1748 1172 1803 prorsus
1205 1743 1263 1787 ut
1287 1733 1557 1800 destruat,
1601 1745 1700 1788 aut
1729 1743 1961 1800 evertat,

377 1824 606 1896 intelligi
637 1826 802 1882 etiam
830 1841 894 1880 ex
930 1825 1069 1881 Filio
1120 1824 1390 1896 Spiritum
1455 1837 1732 1884 sanctum.
1759 1827 1961 1883 Rerum

379 1916 660 1986 siquidem
721 1917 993 1972 factarum
1046 1921 1212 1973 causa
1272 1920 1424 1974 solus
1460 1919 1626 1974 Pater
1671 1919 1959 1983 asseritur,

384 2010 511 2065 licet
559 2011 701 2080 apud
730 2025 926 2066 omnes
948 2011 1000 2065 in
1035 2010 1292 2068 confesso
1333 2021 1429 2072 sit.
1462 2026 1559 2069 eas
1579 2013 1742 2070 etiam
1774 2029 1836 2069 ex
1872 2011 1962 2068 Fi-

380 2103 454 2156 lio
492 2102 943 2160 constitutionem
1002 2104 1305 2174 possidere.
1353 2103 1420 2164 Ut
1460 2119 1591 2163 vero
1641 2121 1710 2161 ne
1740 2107 1808 2162 de
1833 2121 1964 2161 voce

380 2197 526 2253 solus
581 2211 782 2254 rursus
809 2211 1122 2254 sermonem
1180 2198 1500 2263 instituens,
1539 2200 1736 2268 saepius
1772 2199 1960 2256 eadem

383 2301 659 2360 repetens,
711 2297 927 2360 tempus
981 2289 1282 2355 insumam,
1325 2301 1381 2346 et
1419 2292 1611 2347 eadem
1640 2293 1972 2348 circumvol-

382 2397 536 2444 vens,
571 2381 790 2436 modum
837 2383 1105 2439 excedere
1147 2381 1539 2453 videar-“quod
1593 2384 1866 2454 praecipue
1911 2386 1966 2440 in

384 2473 674 2529 antedictis
699 2474 918 2544 longius
967 2486 1295 2546 prosecutus
1331 2491 1471 2543 sum,
1530 2492 1760 2547 magnus
1810 2477 1967 2534 Basi-

385 2566 492 2621 lius
550 2565 784 2622 aﬂirmat
843 2567 1108 2624 adversus
1147 2568 1474 2624 Eunornium
1528 2570 1670 2624 libro
1701 2571 1969 2633 secundo,

388 2659 532 2712 hunc
574 2658 627 2712 in
689 2659 912 2714 modum
983 2676 1294 2716 sermonem
1348 2663 1636 2718 instituens
1690 2673 1742 2717 et
1781 2664 1969 2734 dispo—

388 2760 525 2800 nens
555 2762 569 2798 :
604 2745 759 2812 Quod
801 2766 833 2802 a
869 2747 1013 2803 Filio
1063 2749 1265 2818 factum
1301 2753 1581 2818 asseritur,
1638 2753 1708 2806 ad
1737 2755 1966 2823 primam

393 2851 608 2889 causam
636 2838 900 2906 refertur;
933 2840 1063 2893 adeo
1093 2851 1148 2893 ut
1177 2841 1276 2894 etsi
1303 2844 1478 2896 omnia
1512 2859 1604 2911 per
1636 2842 1797 2896 Deum
1849 2845 1970 2898 Vero

391 2928 512 2980 bum
543 2931 802 2996 producta
831 2948 944 2987 esse
973 2935 1272 2999 credamus,
1302 2936 1391 2990 sed
1425 2952 1640 2992 causam
1666 2949 1968 2992 cunctorum

391 3017 555 3071 Deum
599 3035 709 3075 esse
742 3038 844 3076 non
871 3022 1202 3094 denegamus.
1235 3026 1532 3081 Considera
1581 3027 1819 3094 interim,
1848 3031 1972 3099 qui-

389 3125 614 3180 cunque
666 3113 719 3166 in
768 3117 1064 3184 praesentia
1123 3133 1444 3173 sermonem
1475 3129 1723 3175 nostrum
1787 3124 1970 3187 audis,

2054 639 2075 673 ι
2099 624 2197 675 Ἐκ
2217 620 2324 675 τοῦ
2355 620 2511 682 Ποῦ,
2535 621 2816 691 φησὶνιὼς
2841 621 2899 687 ἐξ
2920 621 3096 690 ἀρχῆς
3131 621 3356 690 πρώτης
3392 619 3457 672 ού
3491 618 3651 685 λέγο-

2056 732 2175 783 μεν.
2196 715 2297 767 »Τὸ
2333 715 2388 768 δὲ
2416 713 2513 768 καί
2538 715 2606 768 ἐκ
2641 713 2747 769 τοῦ
2783 713 2941 778 Υιοῦ,
2968 714 3211 766 τουτέστι
3239 712 3338 765 διὰ
3361 709 3470 764 τοῦ
3510 711 3650 764 Υίοῦ

2057 811 2435 880 μεσιτεύοντος
2476 810 2743 880 φυσικῶς,
2772 809 2929 864 τοῦτο
2982 809 3164 878 σχεδὸν
3201 809 3292 861 καὶ
3325 809 3437 870 τοίς
3479 824 3651 858 πνευ-

2059 904 2464 974 ματοφθόγγοις
2494 903 2670 957 ἅπασι
2693 903 2942 972 Πατράσι
2963 891 3366 970 τεθεολόγηται,
3396 899 3492 953 καὶ
3519 900 3650 969 ἡμῖν

2059 997 2118 1048 ιν
2152 997 2432 1067 διαφόροις
2468 997 2906 1066 συγγράμμασιν
2940 994 3091 1048 οὐδὲν
3126 989 3288 1066 ἦττον
3320 994 3487 1065 ῥηθὲν
3559 993 3651 1046 ἀν-

2057 1088 2320 1159 ύμνηται,
2375 1089 2512 1145 κάπὶ
2561 1091 2662 1158 τῆς
2727 1087 3055 1158 Ἐκκλησίας
3082 1088 3252 1154 αὐτῆς
3308 1085 3651 1158 διαπρύσιον.

2059 1179 2215 1234 Οὕτω
2247 1179 2432 1249 σαφῶς
2459 1181 2554 1234 καὶ
2583 1174 2737 1242 οὗτος
2765 1180 2794 1232 ὁ
2820 1179 3110 1240 θεσπέσιος
3145 1178 3384 1249 μελῳδὸς
3423 1177 3501 1248 τῷ
3531 1179 3657 1244 δόγ-

2065 1291 2195 1344 ματι
2232 1273 2406 1340 τούτῳ
2453 1271 2774 1343 συνηγορῶν
2818 1272 3020 1342 μᾶλλον
3053 1270 3325 1340 φαίνεται,
3356 1273 3434 1342 μὴ
3468 1271 3656 1340 μέντοι

2064 1363 2200 1433 πρὸς
2226 1363 2505 1435 ἀναίρεσιν
2530 1363 2722 1419 τούτου
2754 1363 2948 1437 χωρῶν
2973 1363 3114 1418 κατά
3136 1362 3234 1436 τὴν
3257 1363 3365 1418 τῶν
3391 1363 3656 1416 ἐναντίων

2064 1455 2093 1512 ὖ
2104 1455 2357 1526 πόληψιν.

2135 1548 2239 1613 λζ’.
2275 1547 2401 1603 Ὀτι
2433 1548 2490 1602 δὲ
2533 1548 2630 1603 καὶ
2666 1551 2829 1620 μόνος
2875 1548 3023 1602 ἐστὶν
3054 1547 3228 1611 αῐτιος
3253 1547 3281 1600 ὁ
3314 1547 3530 1617 Πατὴρ,
3564 1546 3658 1599 καί

2065 1638 2210 1695 τοῦτ’
2246 1641 2380 1694 αὐτὸ
2412 1640 2489 1710 τῷ
2522 1640 2768 1710 θεοσόφῳ
2793 1638 2975 1702 καλῶς
3003 1640 3241 1709 εἴρηται,
3273 1637 3415 1708 πλὴν
3444 1637 3548 1691 οὐκ
3573 1637 3659 1690 ἐπ’
3705 1693 3714 1704 ,

2068 1730 2346 1802 ἀναιρέσει
2374 1729 2436 1783 τὸ
2461 1728 2701 1795 σύνολον,
2728 1729 2842 1784 οὐδ’
2868 1730 3151 1799 ἀνατροπῇ
3173 1727 3269 1781 τοῦ
3301 1728 3543 1780 νοεῖσθαι
3565 1729 3660 1782 καὶ

2070 1823 2132 1878 ἐκ
2157 1821 2253 1876 τοῦ
2288 1821 2418 1879 Υίοῦ
2457 1823 2518 1876 τδ
2553 1821 2780 1893 Πνεῦμα
2811 1821 2873 1874 τὸ
2915 1821 3094 1890 ἅγιον.
3130 1820 3243 1876 Καὶ
3268 1819 3380 1874 τῶν
3414 1819 3658 1889 κτισμά-

2067 1931 2176 1969 των
2204 1915 2316 1986 γάρ
2346 1901 2564 1984 λέγεται
2597 1914 2756 1984 μόνος
2784 1914 2956 1976 αἴτιος
2987 1915 3016 1967 ό
3045 1913 3258 1986 Πατὴρ,
3287 1911 3660 1982 ὁμολογουμέο

2067 2024 2174 2069 νως
2205 2008 2315 2061 κάκ
2360 2006 2458 2061 τοῦ
2501 2006 2632 2059 Υίοῦ
2670 2003 3046 2060 πλουτούντων
3071 2005 3172 2075 τὴν
3213 2002 3501 2057 σύστασιν.
3540 2003 3655 2055 Ἱνσ

2066 2094 2122 2150 δὲ
2161 2096 2239 2168 μὴ
2293 2095 2457 2151 πάλιν
2511 2113 2562 2149 τι
2593 2096 2724 2166 περὶ
2773 2095 2867 2150 τοῦ
2917 2097 3109 2166 μόνος
3153 2096 3350 2159 εἰπὼν,
3385 2094 3566 2163 λέγων
3596 2095 3659 2147 τὰ

2069 2189 2212 2243 αὐτὰ
2241 2189 2503 2252 πολλάκις
2537 2189 2963 2260 ὶνδιατρίϐοιμι,
3009 2189 3106 2242 καὶ
3134 2191 3248 2253 τοῖς
3281 2188 3470 2249 αὐτοῖς
3503 2185 3659 2250 αὖθις

2066 2282 2448 2336 ὲπεισκυκλῶν
2477 2280 2622 2336 οὕτω
2673 2283 2929 2354 περιττὸς
2963 2283 3098 2337 πᾶσι
3126 2282 3367 2351 δόξαιμι,
3403 2281 3536 2352 περὶ
3589 2276 3650 2335 οὗ

2071 2377 2310 2447 μάλιστα
2336 2376 2494 2445 λόγον
2551 2376 2744 2447 συχνὸν
2788 2377 2846 2430 έν
2879 2378 2995 2440 τοῖς
3040 2374 3377 2447 προλαϐοῦσι
3425 2375 3661 2430 κατέϐαο

2067 2470 2182 2537 λον,
2231 2471 2260 2522 ὁ
2296 2469 2470 2540 μέγας
2500 2468 2782 2532 Βασίλειος
2813 2467 2972 2524 τοῦτό
3004 2485 3169 2537 φησιν
3199 2470 3257 2521 ὲν
3303 2467 3380 2538 τῷ
3418 2468 3661 2536 δευτέρῳ

2066 2563 2176 2615 τῶν
2210 2562 2345 2634 πρὸς
2384 2560 2672 2632 Εὐνόμιον,
2717 2561 3096 2630 τοιουτρόπως
3134 2560 3408 2614 διαλαϐὼν
3443 2560 3532 2612 τὺ)
3569 2561 3658 2611 λό-

2069 2673 2166 2724 ἶον
2218 2656 2312 2708 καὶ
2358 2654 2714 2724 διαθέμενος*
2771 2655 2841 2708 Τὸ
2885 2657 3045 2720 παρὰ
3076 2652 3185 2707 τοῦ
3239 2654 3376 2708 Υίοῦ
3417 2653 3663 2722 γεγε-νῆ.

2073 2753 2219 2803 σθαι
2279 2748 2614 2817 λεγόμενον
2645 2746 2794 2814 πρέ-ς
2848 2744 2965 2810 τὴν
3009 2744 3252 2813 πρώτην
3291 2745 3491 2799 αἰτίαν
3550 2746 3663 2810 τὴν

2071 2839 2388 2910 ἀναφορὰν
2416 2839 2574 2907 ἔχει·
2637 2837 2816 2901 ὥστε,
2852 2837 2970 2892 κᾶν
3017 2837 3219 2892 πάντα
3254 2841 3340 2904 εις
3391 2839 3457 2892 τὸ
3508 2834 3663 2892 εἶναι

2072 2933 2373 3002 παρῆχθαί
2411 2931 2509 2985 διὰ
2540 2930 2647 2986 τοῦ
2681 2931 2830 2986 Θεοῦ
2856 2933 3052 3000 Λόγου
3080 2934 3470 3003 πιστεύομεν,
3501 2936 3664 2987 ἀλλὰ

2073 3026 2138 3080 τὸ
2175 3025 2420 3080 πάντων
2458 3025 2656 3080 αἴτιον
2687 3025 2844 3079 εἶναι
2883 3025 2990 3079 τόν
3024 3025 3172 3079 Θεὸν
3202 3024 3320 3079 τῶν
3361 3026 3522 3079 ὅλων
3550 3027 3662 3079 οὐκ

2072 3119 2502 3189 ἀφαιρούμεθα.
2555 3117 2756 3172 Σκόπει
2792 3117 3023 3189 μεταξὺ,
3058 3119 3283 3186 σύμπας
3320 3122 3348 3172 ὁ
3382 3120 3489 3172 τῶν
3525 3121 3664 3173 κατά

327 3215 345 3230 ⁴
393 3211 508 3256 tum
545 3203 693 3260 illius
726 3223 758 3259 a
810 3206 964 3268 Filio,
1027 3217 1141 3264 tum
1200 3211 1345 3265 illius
1382 3229 1474 3280 per
1521 3213 1686 3267 Deum
1744 3214 1968 3270 Verbum

2080 3214 2135 3264 τὺ
2190 3212 2364 3283 παρὸν
2393 3211 2704 3282 λεγομένων
2751 3212 3067 3283 ἀκροατὴς,
3108 3213 3201 3265 τοῦ
3234 3230 3292 3266 τε
3352 3213 3512 3282 παρὰ
3561 3213 3665 3266 τοῦ

394 3293 526 3358 vim,
590 3306 648 3349 ut
701 3297 828 3352 inde
867 3301 1028 3354 rebus
1064 3301 1116 3355 in
1153 3305 1412 3359 omnibus
1441 3306 1726 3362 ambarum
1777 3311 1969 3364 Irarum

393 3389 839 3458 praepositionum
874 3393 1018 3450 vires
1050 3398 1290 3463 :cqualcs
1323 3414 1593 3466 agnoscas
1623 3418 1637 3456 ε
1690 3414 1978 3470 maneren-

396 3497 504 3550 que
538 3493 666 3540 ante
716 3486 821 3541 hoc
889 3487 1119 3557 inspice,
1163 3505 1269 3560 qua
1323 3493 1536 3545 ratione
1596 3505 1974 3550 creaturarum

399 3572 642 3642 ipsarum
688 3578 840 3633 solus
865 3578 1026 3633 Pater
1055 3597 1180 3635 vere
1225 3597 1392 3637 causa
1448 3583 1688 3650 exsistit,
1715 3587 1974 3655 quoniam

397 3667 536 3729 quod
583 3672 782 3739 [actum
830 3688 940 3726 esse
969 3674 1170 3726 dicitur
1201 3691 1234 3728 a
1273 3673 1438 3740 Filio,
1473 3675 1544 3729 ad
1586 3678 1838 3746 primam,
1873 3680 1970 3743 ait,

396 3775 610 3811 causam
661 3764 905 3831 refertur,
955 3765 1084 3816 adeo
1147 3775 1202 3817 ut
1273 3768 1372 3819 etsi
1435 3784 1526 3836 per
1589 3767 1792 3822 Filium
1853 3787 1977 3839 pro-

395 3847 560 3900 ducta
597 3866 708 3902 esse
755 3854 1057 3918 credamus,
1089 3855 1178 3906 sed
1232 3869 1546 3912 cunctorum
1600 3876 1818 3914 causam
1869 3878 1981 3916 esse

403 3939 566 3992 Deum
590 3957 703 3994 esse
729 3959 829 3994 non
874 3944 1204 4014 denegemus.
1257 3947 1361 4002 Sed
1408 3965 1473 4003 ne
1529 3952 1780 4006 turbetur
1822 3953 1980 4024 quis-

401 4029 544 4096 piam
594 4030 678 4084 vel
736 4032 1020 4087 minimuni
1077 4050 1165 4089 me
1209 4040 1264 4090 in
1319 4040 1625 4109 exemplum
1687 4041 1981 4100 adduxisse

401 4123 738 4178 creationem
775 4127 840 4180 ad
875 4128 1076 4183 similia
1110 4129 1560 4189 demonsuauda.
1590 4133 1835 4206 Namque
1865 4138 1977 4193 col-

403 4217 649 4285 loquium
678 4217 980 4274 Ortbodoxi
1008 4232 1060 4276 et
1092 4223 1346 4279 Ληοωωί
1381 4225 1668 4296 cujusdam
1703 4243 1983 4300 exponens

402 4308 628 4363 divinus
651 4308 832 4374 Pater.
900 4311 992 4366 cui
1039 4312 1108 4366 ab
1161 4314 1576 4376 immortalitate
1609 4333 1805 4374 nomen
1857 4321 1982 4388 fuit,

405 4402 520 4454 haec
545 4401 704 4456 habet
731 4421 744 4458 :
777 4402 959 4460 Causa
991 4415 1070 4459 est
1109 4405 1207 4460 Dei
1239 4418 1458 4476 natura,
1479 4419 1528 4464 et
1553 4407 1708 4475 Filii,
1736 4423 1783 4465 et
1809 4410 1985 4482 Spiri-

405 4503 488 4546 tus
511 4495 710 4562 sancti,
768 4497 927 4549 etiam
991 4500 1248 4552 universa:
1305 4511 1584 4555 creaturw.
1673 4501 1775 4556 Sed
1861 4505 1988 4559 Filii

2090 3306 2229 3362 Υίοῦ
2264 3306 2454 3360 τούτου
2490 3307 2584 3361 καὶ
2629 3305 2722 3360 τοῦ
2751 3306 2849 3360 διὰ
2893 3305 2999 3361 τοῦ
3033 3306 3184 3361 Θεοῦ
3219 3309 3413 3376 Λόγου
3444 3308 3542 3372 τὴν
3574 3307 3664 3358 δύ-

2079 3416 2267 3470 ναμιν,
2298 3399 2373 3463 ὡς
2413 3399 2480 3453 ἂν
2514 3398 2803 3453 κάνταῦθα
2845 3399 2905 3452 τὸ
2935 3399 3077 3454 κατά
3113 3402 3220 3452 πᾶν
3250 3400 3436 3469 γνοίης
3471 3401 3666 3452 ταυτὸν

2081 3490 2410 3563 ἀμφοτέρων
2444 3508 2506 3559 γε
2542 3491 2652 3545 τῶν
2679 3491 2938 3545 τοιούτων
2966 3490 3310 3561 προθέσεων·
3339 3493 3441 3560 δρα
3465 3493 3521 3545 δὲ
3562 3495 3667 3561 πρὸ

2081 3583 2272 3637 τούτου
2305 3583 2422 3646 πῶς
2451 3582 2545 3638 καὶ
2572 3583 2679 3636 τῶν
2711 3584 3034 3653 ποιημάτων
3062 3585 3244 3637 αὐτῶν
3277 3583 3438 3652 μόνος
3483 3586 3512 3636 ὁ
3546 3586 3664 3636 Πα-

2080 3676 2185 3746 τὴρ
2237 3677 2580 3748 καθέστηκεν
2629 3675 2850 3746 ἀληθῶς
2903 3675 3116 3740 αἴτιος,
3159 3677 3390 3746 ἐπειδὴ,
3447 3678 3518 3730 Τὸ
3578 3695 3666 3745 γε-

2081 3769 2376 3837 γενῆσθαι
2431 3771 2764 3840 λεγόμενον
2797 3767 2960 3837 παρὰ
3011 3769 3118 3824 τοῦ
3175 3770 3312 3824 Υἱοῦ
3349 3771 3500 3838 πρές
3557 3770 3666 3834 τὴν

2083 3861 2344 3931 πρώτην,
2390 3865 2578 3932 φησιν,
2609 3862 2809 3929 αιτίαν
2846 3861 2964 3927 τὴν
2993 3862 3306 3932 ἀναφορὰν
3348 3864 3628 3929 κέκτηται
3649 3880 3664 3896 ο

2081 3953 2175 4008 διὸ
2210 3953 2311 4008 καί
2371 3955 2569 4008 πάντα
2628 3955 2997 4019 πιστεύομεν
3045 3954 3162 4022 μὲν
3212 3953 3517 4022 παρῆχθαι
3571 3954 3669 4008 διὰ

2082 4045 2190 4101 τοῦ
2217 4047 2372 4110 Υίοῦ,
2405 4049 2636 4102 τούτων
2661 4048 2730 4101 δὲ
2769 4048 2960 4102 πάλιν
2991 4049 3184 4102 altior
3227 4049 3337 4100 τὸν
3367 4047 3520 4102 Θεὸν
3554 4047 3670 4100 τῶν

2084 4138 2247 4193 ὅλων
2295 4140 2694 4210 γινώσκομεν.
2744 4140 2910 4193 Ἀλλὰ
2959 4141 3035 4211 μὴ
3066 4141 3358 4212 θροησάτω
3401 4139 3523 4192 τινὰ
3561 4140 3669 4192 τῶν

2087 4231 2346 4284 ἁπάντων
2405 4230 2766 4303 μηδοπωσοῦν
2813 4232 2874 4286 τὸ
2901 4232 3001 4302 τὴν
3046 4232 3223 4286 κτίσιν
3253 4233 3312 4285 ὲν
3339 4231 3552 4296 τούτοις
3573 4304 3586 4308 Α
3605 4250 3670 4302 με

2090 4323 2427 4394 παραλαϐεῖν
2473 4326 2554 4388 εἰς
2597 4325 2983 4396 ιπαράδειγμα.
3037 4325 3145 4378 Καὶ
3196 4325 3306 4394 γὰρ
3374 4324 3670 4395 ἐκθέμενος

2100 4415 2411 4486 Ὀρθοδόξου
2441 4417 2677 4484 διάλεξιν
2715 4419 2809 4472 καὶ
2847 4419 3126 4486 ’Δνομοίου
3161 4418 3304 4482 τινὸς
3330 4421 3358 4471 ό
3390 4418 3534 4481 θεῖος
3566 4420 3673 4472 Ila-

2090 4509 2193 4580 τὴρ
2240 4513 2268 4562 ὁ
2317 4509 2422 4578 τῆς
2475 4511 2776 4572 ἀθανασίας
2832 4509 3122 4580 ἐπώνυμος
3174 4510 3348 4575 οὕτως
3407 4511 3668 4583 εἴρηκεν

406 4588 486 4640 uti
543 4585 746 4644 Verbi:
783 4610 802 4642 ι
843 4588 908 4643 In
962 4591 1225 4662 principio
1272 4593 1411 4646 enim
1473 4608 1586 4650 erat
1661 4593 1886 4650 Verbum
1912 4615 1972 4664 ,°i

2085 4603 2252 4657 Αιτία
2281 4601 2456 4656 ἐστὶν
2481 4605 2518 4669 ἠ
2549 4604 2655 4657 τοῦ
2689 4604 2839 4658 Θεοῦ
2882 4604 3070 4672 φύσις
3107 4603 3206 4657 καὶ
3255 4603 3364 4657 τοῦ
3404 4604 3544 4658 Υιοῦ
3578 4605 3671 4659 καί

407 4678 644 4747 Spiritus
680 4697 818 4746 vero,
856 4692 910 4735 ut
939 4684 1104 4751 ﬂatus
1128 4699 1148 4738 .'
1174 4681 1403 4739 rl’latus
1434 4689 1572 4741 enim
1605 4687 1989 4757 Omnipotentis

403 4772 494 4837 qui
533 4771 712 4825 docuit
747 4789 848 4836 nte;
877 4775 1164 4830 creationis
1201 4791 1343 4841 vero,
1365 4779 1443 4830 uti
1469 4793 1642 4830 rerum
1665 4789 1988 4846 creatarum,

406 4880 470 4917 ea:
504 4865 694 4934 quibus
729 4869 1070 4935 proportione
1098 4871 1331 4939 quatiant
1366 4886 1548 4923 earum
1588 4871 1828 4924 conditor
1871 4873 1992 4940 dig-

407 4960 664 5012 noscitur.
704 4957 802 5014 Hic
843 4975 1007 5014 unam
1063 4970 1115 5015 et
1163 4962 1471 5016 divinitatis
1503 4971 1854 5018 causalarum
1892 4963 1990 5035 hy-

409 5061 725 5118 postaseon,
756 5060 811 5106 et
846 5052 1114 5108 universa:
1155 5063 1424 5108 creaturae
1453 5070 1675 5109 causam
1707 5056 1894 5120 tradit,
1927 5057 1990 5110 li-

407 5153 496 5195 cet
528 5159 652 5198 mox
693 5143 860 5209 illius,
921 5150 974 5200 et
1020 5159 1384 5214 personarum
1426 5145 1652 5201 deitatis
1691 5146 1992 5203 discrimen

409 5251 572 5304 quam
612 5235 915 5290 maximum
966 5237 1351 5307 assignaveril.
1405 5237 1588 5304 Quare
1623 5254 1742 5312 pou
1789 5239 1994 5296 incom-

412 5330 571 5386 mode
600 5345 702 5400 ego
735 5329 902 5386 etiam
929 5345 1086 5400 opem
1123 5331 1359 5384 orationi
1387 5331 1578 5386 terens
1628 5347 1794 5397 nunc,
1843 5348 1996 5387 erea-

414 5424 616 5479 tiouem
651 5423 705 5478 in
746 5423 1058 5494 exemplum
1087 5425 1370 5492 usurpavi.
1403 5424 1472 5477 At
1514 5439 1746 5495 magnus
1772 5426 1861 5480 hic
1887 5440 1991 5480 non

415 5517 597 5573 minus
631 5530 684 5573 et
714 5516 820 5572 alia
846 5533 1067 5588 quoque
1099 5518 1315 5573 ratione
1346 5517 1414 5573 de
1446 5525 1638 5572 nostro
1670 5517 1851 5586 priore
1875 5536 1996 5574 sco-

417 5629 483 5677 po
514 5626 820 5665 sermonem
859 5612 1174 5675 instituens,
1219 5610 1273 5664 in
1305 5611 1392 5666 his
1447 5625 1568 5680 quae
1611 5609 1749 5664 dixit
1797 5626 1990 5680 proce-

416 5705 578 5758 tlt‘ulc
641 5703 895 5758 oratione
954 5705 1193 5772 perfecte
1247 5705 1404 5758 nobis
1457 5701 1737 5772 suppetias
1787 5705 1992 5758 tulerit.

421 5797 663 5868 Namque
685 5799 795 5865 jam
837 5800 983 5854 dicta
1013 5798 1364 5860 COlllilmallS,
1415 5797 1529 5851 haec
1558 5781 1846 5864 perspicue
1880 5814 1998 5852 rur-

421 5891 706 5949 sustradit
749 5907 763 5946 :
815 5889 994 5961 Neque
1035 5907 1226 5959 sermo,
1259 5893 1346 5961 qui
1395 5891 1682 5965 profertur,
1712 5905 1806 5958 per
1838 5907 1992 5944 vora-

2096 4693 2203 4749 τοῦ
2243 4695 2418 4764 ἁγίου
2470 4697 2818 4764 Πνεῦματος
2871 4695 2967 4749 καί
3009 4695 3118 4762 τῆς
3167 4696 3420 4762 κτίσεως
3449 4695 3670 4762 πάσης.

2106 4786 2293 4842 Ἀλλὰ
2333 4786 2439 4840 τοῦ
2469 4787 2589 4855 μὲν
2643 4787 2776 4842 Υἱοῦ
2805 4788 2886 4853 ὡς
2916 4788 3132 4856 Λόγου,
3167 4805 3185 4840 ι
3236 4788 3340 4840 Ἐν
3375 4787 3537 4857 ἀρχῇ
3571 4790 3671 4857 γὰρ

2093 4874 2172 4950 ἦν
2203 4881 2416 4949 Λόγος,
2440 4899 2457 4930 ι
2498 4879 2604 4934 τοῦ
2631 4880 2699 4934 δὲ
2726 4881 3071 4950 Πνεύματος
3098 4881 3179 4948 ὡς
3205 4880 3422 4948 πνοῆς,
3461 4901 3480 4934 ‹
3511 4882 3671 4946 llr-oi)

2095 4971 2206 5039 γὰρ
2265 4971 2772 5040 Παντοκράτορος,
2829 4971 2868 5038 ὴ
2901 4971 3204 5036 διδάξασὰ
3248 4989 3347 5042 με,
3391 4992 3412 5025 ι
3448 4971 3561 5039 τῆς
3611 4973 3676 5026 δὲ

2095 5063 2351 5129 κτίσεως
2389 5064 2471 5127 ὡς
2505 5062 2870 5132 κτισμάτων,
2905 5063 2974 5126 ἐξ
3005 5053 3092 5114 ὧν
3115 5063 3429 5131 ἀναλόγως
3457 5067 3491 5117 ό
3519 5080 3676 5132 τενε-

2095 5155 2382 5224 σιουργός
2415 5154 2616 5209 αὐτῶν
2647 5153 2966 5224 θεωρεῖται.
3003 5155 3151 5210 Μίαν
3178 5155 3243 5225 δὴ
3268 5158 3363 5208 καὶ
3383 5147 3543 5218 οὗτος
3572 5157 3674 5209 τῶν

2095 5249 2193 5316 τῆς
2227 5247 2480 5318 θεότητος
2519 5247 2784 5300 αίτιατῶν
2818 5247 3181 5303 ὑποστάσεων
3226 5249 3326 5300 καὶ
3363 5247 3546 5320 πάσης
3582 5250 3675 5319 τῆς

2097 5338 2326 5397 κτίσεως
2356 5339 2538 5392 αἰτίαν
2559 5339 2711 5409 φησὶ,
2749 5337 2852 5391 κᾶν
2877 5339 3078 5392 αὐτίκα
3111 5339 3212 5409 τὴν
3240 5339 3509 5411 διαφορὰν
3547 5341 3674 5394 ταύ-

2097 5447 2197 5501 της
2220 5446 2280 5483 τε
2309 5431 2404 5484 καὶ
2450 5430 2557 5484 τῶν
2605 5429 2863 5485 τοιούτων
2908 5431 3216 5502 θεαρχικῶν
3265 5432 3576 5503 προσώπων
3605 5432 3675 5494 ὡς

2100 5523 2360 5594 πλείστην
2383 5525 2793 5594 ἐπεσημήνατο.
2838 5525 3040 5579 Λοιπὸν
3063 5524 3162 5578 οὐκ
3200 5525 3419 5586 ἀτόπως
3450 5526 3674 5578 ἐπεκού-

2103 5631 2244 5686 ρησα
2265 5615 2340 5686 τῷ
2366 5615 2509 5685 λόγῳ
2535 5614 2710 5682 κάγὼ,
2737 5613 3142 5684 παραδείγματι
3169 5615 3306 5684 πρὸς
3331 5615 3394 5667 τὸ
3417 5619 3594 5686 παρὸν
3614 5617 3675 5684 τῇ

2102 5707 2276 5762 κτίσει
2325 5707 2690 5778 χρησάμενος.
2735 5704 2797 5759 'U
2841 5708 2896 5759 δὲ
2931 5705 3104 5778 μέγας
3151 5706 3306 5759 οὐδὲν
3337 5706 3558 5758 ἔλαττον
3589 5707 3676 5759 καὶ

2101 5802 2278 5864 ἄλλως
2327 5799 2423 5854 τοῦ
2471 5800 2593 5854 καθ’
2621 5800 2768 5870 ἡμᾶς
2818 5800 3094 5870 ἁψάμενος
3142 5799 3407 5867 προτέρου
3456 5798 3676 5864 σκοποῦ,

2105 5897 2205 5950 κάν
2229 5897 2404 5965 τούτῳ
2454 5893 2518 5946 δι’
2549 5887 2624 5947 ὧν
2665 5891 3029 5962 ὒπηγόρευσε,
3079 5889 3435 5961 παρακατιὼν
3465 5889 3678 5957 τελείως
