3972 6580
510 408 642 477 1251

1568 411 2081 473 CONSTANTINI
2129 412 2678 473 MELITENIOT£

3601 419 3711 482 1252

582 523 674 583 38.
698 524 903 595 Itaque,
932 521 1197 591 inferunt,
1217 522 1387 579 Filius
1401 536 1621 593 quoque
1638 522 1808 579 Deum
1836 531 2056 595 generat
2080 543 2083 576 :

2271 520 2371 593 λη’.
2405 523 2613 577 Οὐκοῦν
2656 523 2796 585 ἐστι,
2834 522 2983 588 φασὶ,
3020 523 3270 591 θεογόνος
3315 522 3405 575 καὶ
3437 523 3463 575 ὀ
3498 524 3625 592 Υἱὸς,
3649 532 3709 582 εἴ.

509 619 555 673 si
589 629 755 674 etiam
784 633 856 673 ex
892 614 1036 671 Filio
1076 616 1314 686 Spiritus
1337 626 1564 673 sanctus
1592 624 1700 684 est,
1731 614 2091 685 quemadmo-

510 713 638 765 dum
669 719 755 768 est
775 725 959 765 rerum
1012 708 1284 765 factarum
1316 710 1596 775 conditor,
1645 711 1792 780 quod
1832 706 2092 767 etiam'ex

507 802 653 859 Filio
684 803 868 859 omnia
910 805 1179 872 producta
1229 812 1359 858 sunt
1398 820 1416 859 :
1451 810 1507 858 et
1540 803 1812 859 bonorum
1842 802 2088 857 omnium

518 895 920 965 suppeditator,
975 894 1119 964 quod
1150 895 1335 949 omnia
1366 894 1532 951 etiam
1565 909 1631 950 ex
1662 893 1804 949 Filio
1830 895 2087 963 suppedi-

512 995 718 1044 ιειηιυτ.
751 985 885 1042 Etsi
927 986 979 1041 id
1002 985 1280 1053 fucrit,uti
1306 986 1481 1044 Filius
1510 996 1755 1057 generat,
1786 985 1868 1041 sic
1898 1000 2091 1042 neces-

505 1079 652 1137 sario
680 1087 737 1135 et
792 1079 1036 1148 Spiritus
1062 1088 1287 1136 sanctus
1309 1088 1555 1151 generat.
1591 1078 1752 1145 Quod
1777 1079 1925 1135 enim
1958 1092 2090 1147 pro-

507 1170 621 1241 prie
643 1171 712 1227 de
742 1171 855 1227 Deo
877 1174 1262 1229 consideratur
1287 1187 1317 1225 a
1356 1172 1518 1229 nobis
1550 1180 1605 1228 et
1635 1172 1861 1236 dicitur,
1891 1184 1985 1225 aut
2005 1181 2090 1227 est

506 1276 802 1319 commune
826 1263 1004 1319 beatae
1031 1271 1086 1319 et
1112 1263 1235 1320 vita:
1256 1262 1523 1335 principis
1553 1263 1789 1328 Triadis,
1817 1270 1913 1319 aut
1937 1262 2089 1317 illius

504 1355 942 1412 venerandarum
978 1356 1355 1429 bypostaseon
1389 1358 1481 1411 uni
1519 1357 1831 1428 proprium,
1857 1356 2007 1427 quod
2033 1357 2087 1411 in

504 1449 595 1503 illa
629 1448 1015 1506 tantummodo
1045 1460 1142 1506 aut
1177 1449 1452 1507 naturalia
1499 1458 1596 1506 aut
1640 1449 1948 1522 personalia
1994 1465 2089 1521 ag-

504 1549 828 1607 noscantur,
853 1543 1059 1613 quibus
1096 1544 1243 1614 apud
1304 1543 1590 1614 theologos
1622 1541 1978 1613 coniungitur
2032 1552 2088 1598 et

500 1632 856 1701 discernitur,
886 1643 943 1693 et
966 1648 1082 1707 pra
1109 1637 1197 1693 his
1252 1637 1464 1693 nullum
1522 1636 1671 1691 aliud
1715 1635 2085 1706 deprehendi-

501 1734 610 1780 tur.
646 1723 830 1792 Quare
879 1742 1004 1782 cum
1070 1729 1238 1784 Deum
1280 1736 1505 1798 generet
1545 1726 1728 1795 Pater,
1777 1737 1837 1782 ut
1892 1740 2086 1783 omnes

501 1822 766 1884 fatentur,
788 1821 837 1876 si
868 1820 1039 1878 Deum
1062 1806 1349 1890 generaret
1386 1829 1441 1876 et
1472 1819 1663 1882 Filius,
1701 1827 1758 1875 et
1791 1833 1902 1875 non
1936 1827 2085 1875 esset

2203 633 2308 686 περ
2336 616 2430 670 καὶ
2476 618 2540 668 ἑκ
2591 615 2683 668 τοῦ
2718 615 2845 669 Υῐοῦ
2896 616 2958 667 τὸ
2993 614 3217 684 Πνεῦμα
3255 616 3317 668 τὸ
3361 614 3523 682 ἅγιον,
3565 618 3713 692 ὥσπερ

2199 706 2536 774 δημιουργὸς
2566 707 2673 759 τῶν
2694 712 3005 776 γενομένων
3036 707 3240 768 αὐτῶν,
3270 707 3351 759 ὅτι
3377 708 3478 760 κάκ
3505 710 3588 762 τοῦ
3612 713 3711 767 Titii

2201 815 2264 848 τα
2300 800 2481 852 πάντα
2522 800 2856 868 συνέστηκεν
2886 816 2899 830 ·
2935 801 3029 852 καὶ
3073 801 3349 870 παροχεῦς
3376 801 3607 857 ἁπάντων
3631 809 3714 862 τῶν

2199 892 2444 957 ἀγαθῶν,
2472 893 2553 945 ὅτι
2586 892 2694 945 κάκ
2738 892 2834 944 τοῦ
2866 891 2997 943 Υιοῦ
3038 892 3215 949 ταῦτα
3247 892 3518 961 νέμονται.
3562 896 3651 950 Καὶ
3678 904 3714 953 ei

2200 984 2377 1047 τοῦτο,
2430 985 2571 1038 κατὰ
2601 986 2693 1036 τθιν
2746 984 2873 1037 Υἰὸν
2923 984 3136 1054 ἀνάγκη
3184 983 3362 1037 τελεῖν
3405 985 3625 1052 Θεογόνον
3646 996 3715 1043 καὶ

2200 1078 2331 1129 αὐτὸ
2363 1079 2423 1129 τὸ
2458 1076 2682 1145 Πνεῦμα
2715 1076 2775 1127 τὸ
2804 1074 2980 1143 ἅγιον.
3009 1076 3191 1129 Ἀπαν
3225 1075 3319 1128 καὶ
3344 1074 3450 1145 γὰρ
3475 1077 3531 1129 τὸ
3558 1082 3717 1148 κυρξως

2201 1172 2293 1223 ἐπὶ
2347 1169 2481 1223 Θεοῦ
2535 1169 2912 1241 Θεωρούμενον
2939 1172 3073 1239 ἡμῖν
3123 1174 3217 1222 καὶ
3269 1169 3606 1239 λεγόμενονῆ
3645 1175 3719 1243 τῆς

2199 1267 2478 1335 μακαρίας
2535 1265 2626 1318 καὶ
2678 1264 2991 1335 ζωαρχικῆς
3043 1263 3275 1335 Τριάδος
3328 1263 3518 1327 κοινὸν,
3564 1265 3593 1334 ἢ
3640 1269 3721 1320 τῶν

2195 1357 2399 1429 ταύτης
2433 1358 2645 1412 σεπτῶν
2683 1359 3037 1413 ὑποστάσεων
3071 1360 3200 1429 μιᾶς
3242 1358 3409 1412 [διον
3455 1359 3531 1411 ὅτι
3558 1366 3722 1427 φυσικὰ

2199 1451 2359 1515 μόνον
2385 1453 2472 1503 ἐπ’
2497 1451 2670 1522 αὐτῆς
2700 1451 2926 1520 οἴδαμεν
2955 1452 3051 1504 καὶ
3076 1450 3432 1522 προσωπικά,
3454 1451 3565 1503 καθ’
3584 1451 3615 1505 ἃ
3635 1456 3720 1516 τοῖς

2197 1540 2543 1610 θεολογοῦσιν
2578 1543 2781 1613 ἥνωται
2805 1559 2866 1596 τε
2896 1544 2991 1596 καὶ
3018 1542 3385 1612 διακέκριται.
3420 1542 3566 1611 Παρὰ
3586 1541 3724 1596 ταῦτα

2194 1633 2240 1687 δ’
2276 1633 2429 1687 οὐδὲν
2472 1634 2602 1693 ἄλλο
2649 1634 3013 1705 γινώσκομεν.
3048 1633 3196 1688 Ὠστ’
3237 1633 3425 1703 ἐπειδὴ
3469 1632 3724 1701 θεογόνοςὸ

2196 1725 2386 1796 Πατὴρ
2414 1726 2864 1798 ὁμολογουμένως
2896 1729 3065 1790 ἔστὶν,
3094 1732 3145 1780 εἰ
3172 1726 3427 1794 Θεογόνος
3454 1730 3541 1778 και
3564 1726 3589 1777 ὸ
3610 1724 3725 1788 Υἰδς,

2196 1818 2290 1869 καὶ
2322 1816 2482 1873 τοῦτο
2511 1819 2606 1872 τοῦ
2629 1820 2844 1889 Πατρὶς
2874 1820 3026 1883 ἴδιον,
3073 1820 3286 1889 ἀνάγκη
3313 1819 3381 1888 δὴ
3421 1818 3645 1884 θεογένον
3662 1836 3728 1872 τε·

501 1910 552 1964 id
589 1910 739 1968 Patri
775 1912 1084 1983 praprium,
1118 1927 1345 1969 necesse
1379 1919 1527 1968 esset
1554 1920 1628 1978 ,et
1654 1908 1924 1982 Spiritum
1959 1927 2083 1967 san-

2193 1910 2302 1962 λείν
2333 1911 2429 1963 καὶ
2482 1912 2543 1965 τὸ
2574 1911 2801 1981 Πνεῦμα
2845 1912 2909 1965 τὸ
2953 1912 3129 1979 ἅγιον,
3176 1914 3273 1966 καὶ
3309 1913 3373 1964 τὸ
3421 1911 3517 1979 τῆς
3543 1911 3730 1983 Τριάδος

501 2009 651 2059 «tum
681 2020 972 2077 generare,
1008 2015 1065 2061 et
1110 2006 1191 2063 sic
1215 2004 1590 2076 quodcunque
1617 2014 1766 2060 esset
1801 2004 1857 2060 in
1879 2002 2083 2059 Triade

501 2099 878 2153 venerandum
912 2113 1009 2168 per
1053 2113 1156 2156 nos
1189 2099 1489 2155 tolleretur.
1536 2096 1604 2152 Et
1656 2097 1952 2168 qualenam
2001 2115 2087 2154 es-

505 2189 780 2258 set,quod
808 2189 878 2247 ab
911 2191 1033 2260 ipso
1057 2191 1434 2247 exsistentiam
1468 2190 1713 2258 haberet,
1758 2192 1804 2246 si
1828 2192 1882 2246 in
1931 2206 2086 2260 quae-

509 2282 691 2337 stione
714 2282 1129 2337 immorandum
1168 2291 1272 2346 est.
1306 2297 1408 2338 nec
1441 2282 1746 2352 ultra,illud
1774 2296 1954 2353 neque
1982 2284 2085 2337 mi-

500 2373 729 2436 nimum,
775 2372 843 2428 ad
884 2374 1200 2430 evitandum
1256 2374 1587 2430 inﬁnitatem
1642 2375 1885 2429 examini
1953 2376 2083 2429 huic

499 2466 793 2533 procedere
838 2466 1005 2521 licet?
1060 2464 1189 2523 Haec
1231 2466 1525 2523 contrariae
1549 2465 1808 2523 factionis
1835 2466 2085 2522 homines

497 2558 659 2613 nobis
695 2566 1066 2629 pr0ponentes
1093 2557 1419 2614 existimant
1446 2574 1514 2613 eo
1554 2557 1828 2614 deducere
1870 2557 2081 2611 oratio-

499 2663 622 2706 ηοω
651 2660 921 2716 nostram,
979 2660 1041 2707 ut
1102 2666 1282 2722 neque
1308 2652 1417 2706 vim
1473 2650 1785 2721 argumenti
1821 2648 2083 2719 ell'ugere,

498 2757 677 2812 neque
707 2754 901 2807 contra
930 2742 1137 2815 aliquid
1162 2759 1441 2814 opponere
1481 2743 1679 2801 valeat.
1749 2742 1864 2798 Nos
1920 2757 2085 2812 porro

497 2846 558 2891 ut
600 2836 796 2892 ordine
820 2851 918 2907 per
952 2838 1103 2908 ipsos
1149 2837 1315 2893 allata
1349 2836 1678 2900 refutemus,
1713 2850 1823 2906 qua
1870 2835 2082 2890 ratione

497 2928 698 2983 Filium
724 2930 890 2984 etiam
919 2931 1087 2986 Deum
1112 2944 1374 2999 generare
1397 2929 1611 2995 dicunt,
1643 2930 1788 2998 quod
1813 2926 1980 2982 etiam
2012 2943 2079 2982 ex

496 3019 636 3076 Filio
662 3020 900 3092 Spiritus
917 3032 1144 3079 sanctus
1172 3022 1302 3078 est?
1331 3020 1396 3076 Et
1417 3030 1598 3076 tamen
1627 3019 1867 3090 Spiritus
1889 3036 1954 3075 ex
1984 3019 2081 3075 Pa-

506 3121 590 3166 tre
632 3112 1018 3184 principaliter
1048 3112 1322 3178 subsistit,
1345 3127 1521 3181 neque
1540 3120 1824 3182 propterea
1851 3127 1882 3166 a
1918 3112 2080 3167 nobis

434 3240 443 3243 -
509 3203 672 3259 Pater
706 3220 970 3273 generare
997 3206 1165 3262 Deum
1191 3204 1413 3270 dicitur,
1447 3205 1540 3260 sed
1574 3203 1919 3260 solummodo
1953 3219 2082 3272 pro-

498 3308 617 3365 pter
654 3299 997 3369 unigenitum
1055 3297 1255 3352 Filium
1314 3298 1407 3368 qui
1452 3298 1522 3352 ab
1580 3297 1701 3367 ipso
1762 3297 2127 3379 generatum:

496 3392 653 3457 Quod
684 3392 730 3445 si
791 3390 959 3445 Deum
1015 3406 1280 3462 generare
1317 3389 1482 3446 Pater
1528 3389 1819 3455 asseritur,
1868 3398 1927 3442 ut
1979 3389 2080 3457 ipsi

495 3486 674 3549 aiunt,
703 3485 850 3555 quod
882 3497 948 3538 ex
976 3483 1096 3553 ipso
1130 3481 1374 3553 Spiritus
1394 3492 1626 3536 sanctus
1644 3491 1747 3545 est,
1784 3495 1853 3536 en
1880 3488 1937 3535 et
1965 3480 2083 3550 ipse

499 3575 777 3631 secundus
818 3573 914 3630 Dei
970 3572 1143 3631 Filius
1196 3572 1384 3639 fuerit,
1445 3573 1679 3641 indeque
1741 3570 2080 3641 unigenitum

495 3665 846 3736 deperdetur.
892 3663 1048 3721 Unde
1081 3665 1228 3719 enim
1262 3661 1436 3720 Filius
1490 3677 1735 3732 unquam
1788 3671 2084 3718 vocaretur

499 3756 837 3828 unigenitus,
893 3771 1020 3812 cum
1073 3754 1250 3812 Filius
1297 3753 1529 3810 exsistat
1576 3752 1886 3807 adorandus
1916 3754 2080 3809 ctiam

497 3850 586 3904 hic
612 3848 902 3919 Spiritus?
944 3847 1052 3905 Sed
1089 3848 1316 3903 minime
1373 3847 1576 3902 mirum
1615 3854 1722 3910 est,
1764 3860 1863 3899 eos
1915 3845 2081 3900 simili

497 3958 690 3997 errore
720 3942 1014 4012 implicari,
1040 3942 1170 3996 dum
1194 3941 1366 3997 Deum
1406 3954 1671 4011 generare
1695 3939 2080 3996 universorum

503 4041 668 4089 “eum
701 4035 909 4103 opinati
942 4042 1093 4099 sunt,
1123 4033 1271 4103 quod
1295 4047 1364 4088 ex
1400 4032 1517 4102 ipso
1562 4030 1808 4101 Spiritus
1855 4041 2082 4087 sanctus

495 4134 601 4193 est,
632 4126 727 4197 qui
746 4127 1010 4181 luminum
1046 4124 1266 4180 Patrem
1296 4139 1423 4179 eum
1458 4125 1794 4180 vocitantem
1836 4120 2085 4194 Scriptu-

498 4237 612 4276 ram
656 4221 967 4287 audientes,
1033 4222 1241 4275 lumina
1276 4218 1480 4275 Filium
1540 4227 1597 4273 et
1634 4216 1898 4287 Spiritum
1955 4232 2083 4271 san-

495 4324 643 4369 ctum
671 4327 779 4370 non
808 4314 1017 4383 absque
1061 4312 1218 4383 gravi
1265 4326 1455 4368 errore
1509 4311 1958 4380 interpretantur.
2016 4310 2082 4363 Et

501 4410 615 4462 hac
647 4422 756 4462 non
784 4408 837 4462 in
867 4407 1012 4462 hanc
1054 4404 1382 4462 sententiam
1418 4403 1617 4471 accipi,
1675 4401 1930 4473 exemplo
1957 4416 2081 4457 ease

497 4511 694 4569 potest,
729 4500 876 4569 quod
901 4499 1072 4553 Deum
1130 4496 1342 4551 Patrem
1373 4495 1860 4550 misericordiarum
1895 4494 2082 4563 appel-

2199 2001 2395 2071 σεμνὸν
2426 2002 2550 2056 ὅσον
2576 2003 2638 2057 τδ
2667 2003 2747 2066 si;
2775 2004 2918 2072 ὑμᾶς
2958 2003 3199 2076 οἴχεται..
3231 2002 3377 2073 Πλὴν
3410 2004 3555 2055 ποῖον
3583 2003 3662 2055 καὶ
3681 2003 3727 2056 τὸ

2188 2093 2253 2158 ἐξ
2284 2093 2450 2149 αὐτοῦ
2479 2098 2821 2167 κεκτημένον
2845 2100 2944 2166 τὴν
2978 2096 3234 2168 ὓπαρξιν,
3268 2097 3316 2148 εἰ
3343 2095 3540 2165 μέχρις
3560 2093 3728 2147 ἐκείνου

2194 2188 2373 2257 χρεὼν
2404 2188 2690 2260 στῆναιτά
2730 2191 2831 2259 τῆς
2874 2190 3175 2262 ζητήσεως,
3210 2190 3304 2242 καὶ
3347 2189 3427 2258 μὴ
3467 2187 3728 2256 περαιτέρω

2196 2279 2488 2347 προϐῆναι,
2534 2279 2658 2349 μηδ’
2690 2279 2943 2335 ὁπωσοῦν
2966 2281 3066 2351 τὴν
3093 2278 3347 2345 ἐξέτασιν
3379 2278 3577 2348 ταύτην
3598 2277 3670 2330 διὰ
3687 2277 3750 2342 τι,

2193 2372 2452 2441 ἄπειρον;
2490 2373 2730 2428 Τοιαῦτα
2758 2374 3012 2442 λέγοντες
3036 2375 3083 2427 oi
3108 2373 3209 2444 τῆς
3250 2372 3454 2444 μοίρας
3475 2372 3579 2423 τῶν
3616 2371 3729 2423 ἀντι-

2194 2466 2582 2538 διατιθεμλνων
2613 2471 2768 2539 ἡμῖν,
2794 2472 2872 2533 εἰς
2903 2470 3153 2540 ἀνάγκην
3177 2468 3423 2537 ἄφυκτον
3454 2467 3601 2536 ἄγειν
3624 2466 3733 2520 οἷον.

2194 2576 2284 2613 ται
2332 2562 2421 2613 τὸν
2466 2561 2622 2627 λόγον
2674 2562 2769 2614 καὶ
2814 2562 3228 2632 ἀναντίρρητον.
3268 2559 3464 2631 Ἡμεῖς
3498 2559 3541 2612 δ’
3578 2560 3653 2612 ἵνα
3683 2558 3734 2613 τά

2200 2657 2327 2721 παρ’
2357 2654 2540 2707 αὐτῶν
2597 2654 2738 2706 κατά
2766 2654 2923 2718 τάξιν
2979 2654 3313 2726 ὲλέγξωμεν,
3367 2653 3491 2715 πῶς
3530 2652 3737 2720 οεογύνον

2195 2746 2394 2796 καὶτὸν
2428 2744 2552 2797 rem
2574 2741 2713 2799 εἶναι
2741 2763 2928 2813 φασιν,
2950 2746 3031 2799 ὅτι
3056 2749 3165 2800 κάκ
3190 2745 3285 2800 τοῦ
3314 2744 3452 2798 Υἰοῦ
3477 2745 3535 2797 τὸ
3555 2744 3739 2813 Πνεῦμα

2194 2839 2252 2888 τὺ
2283 2836 2472 2904 ἆγιονς
2508 2830 2617 2893 Καῖ
2654 2840 2762 2911 μὴν
2812 2840 3149 2910 καθέστηκεν
3184 2840 3316 2893 αὐτὸ
3354 2840 3741 2910 προηγουμένως

2194 2932 2257 2980 ἐκ
2290 2929 2384 2982 τοῦ
2413 2932 2648 3000 Πατρὸς,
2679 2932 2740 2983 οῦ
2765 2931 2850 2985 διὰ
2879 2914 3042 2986 τοῦτο
3071 2932 3115 2984 δ’
3143 2934 3279 3002 ἡμῖν
3317 2931 3570 3000 Θεογόνος
3597 2932 3622 2983 ὀ
3648 2930 3741 2983 Πα·

2195 3024 2297 3089 τηρ
2328 3023 2565 3092 εἴρηται,
2592 3022 2679 3076 διά
2703 3022 2761 3077 δὲ
2783 3023 2874 3076 τὸν
2907 3024 3173 3095 μονογενῆ
3200 3026 3430 3088 πάντως
3458 3024 3597 3087 Υζον,
3620 3023 3743 3087 ὅστις

2148 3152 2155 3161 .
2195 3112 2254 3176 ἐξ
2293 3114 2456 3166 αὐτοῦ
2518 3116 2774 3184 τυγχάνει
2835 3116 3196 3186 γεννώμενος.
3257 3116 3323 3170 ει
3356 3116 3418 3170 δὲ
3473 3116 3744 3185 θεογόνοςὸ

2198 3204 2387 3274 Πατὴρ
2418 3205 2634 3273 λέγεται
2662 3205 2784 3260 κατ’
2815 3207 3035 3274 αὐτοὺς,
3066 3209 3372 3280 ἐπειδήπερ
3402 3207 3467 3273 ἐξ
3491 3207 3645 3262 αὑτοῦ
3665 3208 3743 3261 καὶ

2134 3298 2157 3321 ⁴
2189 3297 2249 3349 τὸ
2282 3298 2507 3368 Πνεῦμα
2544 3300 2603 3353 τὸ
2653 3302 2834 3368 ἅγιον,
2896 3302 3007 3355 ἰδοῦ
3063 3303 3160 3355 καὶ
3197 3302 3358 3355 τοῦτο
3406 3302 3648 3373 δεύτερός
3675 3319 3744 3364 τις

2186 3392 2342 3457 γόνος
2374 3392 2533 3449 Θεοῦ.
2565 3394 2877 3448 Κάντεῦθεν
2913 3395 2975 3449 τὸ
3004 3396 3292 3465 μονογενὲς
3316 3396 3631 3468 διερρύηιιε.
3653 3396 3743 3449 Καὶ

2187 3481 2295 3551 γὰρ
2331 3481 2494 3534 πόθεν
2514 3484 2542 3536 ὁ
2574 3482 2699 3546 Υἱὸς
2729 3484 2795 3538 ἄν
2821 3501 2953 3536 ποτε
2988 3484 3213 3555 κληθείη
3249 3484 3571 3556 μονογενὴς,
3600 3484 3743 3552 ὑπάρ-

2186 3590 2373 3643 χοντος
2400 3575 2559 3642 γόνου
2601 3578 2694 3629 καὶ
2734 3576 2828 3630 τοῦ
2873 3576 3249 3647 προσκυνητοῦ
3289 3577 3491 3631 τούτου
3523 3576 3741 3646 Πνεύμι-

2187 3680 2311 3728 το;;
2357 3663 2495 3716 Ἀλλ’
2552 3666 2613 3718 ού
2648 3666 2951 3737 θαυμάζειν
2993 3666 3075 3719 δεῖ
3115 3668 3177 3720 τὸ
3207 3668 3481 3738 παράπαν
3526 3668 3679 3736 ἡμᾶς,
3703 3668 3740 3718 ει

2187 3756 2393 3827 ταύτην
2425 3758 2581 3812 αὐτοὶ
2612 3758 2711 3828 τὴν
2740 3760 2948 3831 πλάνην
2981 3760 3382 3830 πεπλάνηνται,
3412 3758 3739 3827 Θεογόνονδό-

2188 3850 2376 3914 ξωιτες
2408 3856 2496 3907 τὸν
2526 3855 2634 3906 τῶν
2676 3854 2935 3907 ἁπάντων
2965 3854 3118 3917 Θεὸν,
3146 3854 3264 3909 ἀνθ’
3287 3848 3484 3924 ὦνπερ
3508 3853 3570 3918 ἐξ
3600 3850 3738 3906 αὑτοῦ

2189 3945 2282 3997 καὶ
2321 3944 2381 3998 τὸ
2408 3945 2637 4016 Πνεῦμα
2662 3948 2723 4000 τὸ
2758 3947 2937 4014 ἆγιον,
2966 3946 3015 4000 οἶ
3040 3948 3137 4005 καὶ
3166 3945 3285 4001 τῶν
3304 3949 3526 4016 φώτων
3552 3943 3744 3999 ἁκούον·

2184 4054 2273 4101 τες
2310 4037 2543 4109 Πατέρα
2576 4042 2672 4110 τῆς
2701 4039 2922 4111 Γραφῆς
2968 4040 3233 4115 λεγούσης
3257 4040 3450 4102 αὑτὸν,
3481 4038 3641 4109 φῶτα
3668 4037 3746 4091 τὸν

2188 4132 2315 4186 Υιὸν
2344 4133 2670 4203 ἐξηγοῦνται
2697 4134 2981 4205 σφαλερῶς
3015 4138 3111 4190 καί
3137 4135 3201 4189 τδ
3247 4133 3483 4205 Πνεῦμα
3514 4135 3572 4186 τὸ
3596 4134 3747 4201 ἅγιον.

2187 4225 2298 4279 Καὶ
2324 4226 2499 4280 ταῦτα
2534 4227 2886 4297 παράδειγμα
2914 4226 3008 4282 τοῦ
3053 4227 3128 4298 μὴ
3158 4226 3302 4281 κατά
3342 4225 3596 4280 τοιοῦτον
3620 4226 3752 4293 λέγε-

2184 4316 2310 4370 σθαι
2348 4315 2507 4371 τοῦτο
2563 4316 2709 4381 νοῦν,
2758 4320 2853 4371 καὶ
2885 4317 2948 4372 τὸ
2992 4316 3228 4386 Πατέρα
3276 4314 3401 4369 τῶν
3457 4311 3751 4382 οἰκτιρμῶν

2184 4408 2546 4478 ὀνομάζεσθαι
2596 4414 2705 4465 τὸν
2749 4410 2901 4465 θεὸν
2937 4410 3177 4481 ἔχοντες.
3221 4408 3331 4464 Καὶ
3369 4409 3489 4479 γὰρ
3520 4406 3748 4473 καθάπερ

2182 4502 2391 4571 Πατὴρ
2425 4503 2670 4559 καλεῖται
2714 4502 2835 4561 τῶν
2864 4502 3204 4571 οἰκτιρμῶν,
3236 4503 3314 4565 ὡς
3359 4504 3540 4564 αττιος
3569 4501 3748 4567 οἰκτιρ-

498 4597 634 4647 lant.
690 4593 942 4663 Namque
999 4591 1076 4646 uti
1114 4588 1280 4644 Pater
1305 4587 1798 4643 misericordiarum
1828 4596 2078 4651 vocatur,

2193 4596 2305 4664 μῶν
2339 4596 2601 4666 ὑπάρχων
2643 4596 2737 4651 καὶ
2767 4588 3057 4666 πρύτανις,
3084 4593 3230 4646 οὕτω
3278 4594 3375 4648 καὶ
3421 4588 3629 4658 Πατὴρ
3654 4590 3746 4642 τῶν

498 4687 648 4755 quod
679 4702 844 4743 causa
871 4687 943 4741 sit
971 4684 1479 4741 misericordiarum
1511 4691 1565 4737 et
1597 4681 1967 4750 dispensator,
2000 4682 2080 4736 sic

494 4790 555 4834 ct
582 4778 749 4833 Pater
781 4779 1042 4833 luminum
1073 4779 1350 4833 exsislens
1380 4776 1486 4829 hoc
1517 4774 1698 4843 ipsum
1731 4772 1900 4829 etiam
1932 4777 2075 4827 toci-

494 4883 665 4927 tatur.
702 4871 927 4925 Lumina
956 4886 1187 4942 prorsus
1221 4876 1378 4939 sunt;
1406 4866 1864 4931 illuminationes,
1910 4874 2078 4922 coale-

499 4967 606 5021 stia
642 4966 825 5019 ontnia
854 4968 996 5021 dona
1034 4965 1172 5029 haec,
1203 4970 1266 5017 ut
1288 4961 1577 5031 Scriptura
1615 4960 1802 5024 tradit,
1832 4969 1885 5014 ct
1921 4960 2077 5015 bonae

492 5063 767 5126 dationes,
790 5073 845 5115 et
870 5058 1111 5130 perfecta
1158 5072 1347 5113 revera
1379 5071 1632 5114 munera.
1666 5054 1872 5109 [lorum
1893 5064 2075 5108 autem

498 5155 881 5209 universorum
946 5152 1091 5207 Deus
1156 5151 1371 5221 genitor
1403 5160 1508 5215 est,
1584 5157 1639 5205 et
1667 5148 1849 5212 dator,
1909 5148 2075 5202 etiam

494 5249 776 5309 omnibus,
830 5264 953 5318 quae
1020 5262 1186 5316 supra
1244 5245 1506 5300 mundum
1542 5254 1694 5307 sunt,
1757 5241 2075 5295 virtutibus.

494 5346 866 5401 Nihilominus
898 5345 952 5399 hi
990 5360 1019 5398 a
1052 5343 1355 5413 Scriptum:
1397 5348 1581 5396 mente
1608 5340 1772 5409 longe
1807 5337 2101 5394 deciden--

497 5437 837 5501 tes,lumina
894 5434 1289 5489 intellexerunt
1334 5433 1532 5488 Filium
1563 5439 1617 5484 et
1641 5429 1909 5499 Spiritum
1945 5441 2076 5481 san-

490 5545 668 5591 ctum.
692 5546 919 5602 prorsus
949 5546 1055 5585 nou
1094 5529 1469 5599 concipientes
1491 5525 1685 5580 eadem
1733 5522 1949 5579 ratione
2006 5522 2075 5574 ab

490 5626 630 5695 ipsis
659 5625 767 5681 dici
798 5623 998 5679 Filium
1038 5634 1089 5678 et
1122 5623 1303 5694 ipsum
1341 5620 1603 5691 Spiritum
1653 5627 1930 5674 sanctum.
1957 5613 2064 5682 Qui

490 5720 681 5790 itaque
723 5719 893 5775 etiam
946 5717 1002 5773 in
1038 5717 1145 5774 hoc
1197 5732 1227 5773 a
1265 5732 1389 5772 vera
1424 5712 1698 5770 sententia
1749 5710 2075 5766 aberrarunt

489 5812 650 5874 adeo,
703 5821 762 5866 ut
796 5810 966 5866 Deum
1009 5808 1274 5867 adorandi
1331 5806 1573 5879 Spiritus
1606 5803 1823 5862 Patrem
1852 5818 2069 5858 assere-

492 5916 635 5971 reut,
652 5913 1051 5974 consequenter
1064 5903 1224 5958 etiam
1241 5903 1295 5956 in
1317 5901 1420 5955 hoc
1442 5899 1584 5972 quod
1602 5899 1746 5955 hunc
1769 5900 1822 5953 in
1841 5912 2071 5953 examen

2185 4688 2394 4755 φώτων
2421 4688 2517 4749 ὢν,
2547 4690 2640 4742 καὶ
2667 4688 2823 4743 τοῦτο
2853 4687 3312 4756 κατονομάζεται.
3345 4684 3527 4739 Φῶτα
3550 4684 3608 4737 δὲ
3638 4682 3751 4735 πάν-

2185 4799 2290 4844 τως
2314 4784 2369 4835 αἱ
2400 4782 2695 4851 ἐλλάμψεις
2720 4782 2850 4844 εἰσὶ,
2876 4782 2941 4835 τὰ
2965 4781 3193 4850 οὐράνια
3220 4779 3401 4834 πάντα
3453 4778 3753 4849 χαρίσματα

2184 4870 2379 4936 ταῦτα,
2408 4873 2548 4926 κατά
2578 4874 2677 4940 τὴν
2706 4872 2745 4924 Γ
2752 4873 2955 4943 ραφὴν,
2979 4870 3076 4924 καὶ
3102 4870 3281 4933 δόσεις
3310 4869 3548 4937 ἁγαθαὶ,
3571 4868 3659 4921 καὶ
3681 4866 3752 4919 τέ-

2185 4966 2303 5021 λεια
2336 4968 2403 5035 τῇ
2459 4964 2689 5036 ἀληθείᾳ
2737 4964 3058 5035 δωρήματα.
3098 4961 3319 5019 Τούτων
3359 4962 3418 5017 δὲ
3478 4963 3690 5016 πάντων
3728 4961 3751 5009 ὁ

2182 5058 2314 5122 Θεὸς
2342 5059 2569 5127 γενέτης
2596 5061 2690 5110 καὶ
2736 5057 3119 5127 χορηγὸςίκαὶ
3164 5055 3371 5117 πάσαις
3420 5056 3621 5116 αὑταῖς
3650 5055 3748 5109 ταῖς

2182 5150 2573 5223 ὑπερκοσμιοις
2597 5148 2916 5218 δυνάμεσιν.
2940 5149 3128 5219 Ὅμως
3147 5147 3194 5200 δ’
3220 5146 3317 5201 οῦν
3337 5148 3386 5200 οἱ
3408 5146 3648 5200 τοιοῦτοι
3672 5143 3749 5196 τοῦ

2180 5248 2281 5315 τῆς
2309 5246 2530 5314 Γραφῆς
2562 5245 2888 5307 ἐκπεσόντες
2914 5243 3141 5307 σκοποῦ,
3160 5243 3318 5313 φῶτα
3346 5243 3443 5296 τὸν
3467 5242 3599 5298 Υιὸν
3623 5241 3753 5308 ἐνόη-

2182 5354 2282 5390 σαν
2315 5339 2410 5389 καὶ
2439 5338 2500 5389 τὸ
2531 5335 2754 5407 Πνεῦμα
2787 5336 2849 5389 τὺ
2879 5336 3057 5404 ἆγιον,
3099 5335 3176 5406 μὴ
3235 5334 3520 5399 συνιέντες
3555 5334 3616 5389 τὸ
3645 5333 3757 5386 σύν-

2179 5431 2320 5495 ολον,
2347 5430 2422 5491 ὡς
2471 5430 2899 5499 τοιουτοτρόπως
2931 5429 3062 5491 Υἱὸς
3110 5428 3260 5499 παρὰ
3286 5427 3508 5492 τούτοις
3550 5427 3755 5494 λέγεται

2180 5524 2273 5577 καὶ
2300 5523 2431 5578 αὐτὸ
2458 5522 2519 5576 τὸ
2566 5522 2791 5591 Πνεῦμα
2820 5523 2881 5575 τὸ
2912 5522 3091 5599 ᾁγιον.
3141 5524 3205 5578 Οἱ
3237 5522 3339 5592 τῆς
3385 5523 3606 5584 ἑννοίας
3640 5516 3758 5588 γοῦν

2178 5616 2599 5684 ἁμαρτήσαντας
2632 5617 2734 5668 κάν
2765 5613 2941 5685 τούτῳ
2985 5614 3085 5684 τῆς
3120 5612 3378 5675 ἀληθοῦς,
3402 5611 3489 5675 ὡς
3517 5612 3614 5666 καὶ
3653 5608 3754 5661 Πα-

2177 5712 2311 5778 τέρα
2340 5706 2431 5761 τὸν
2470 5707 2601 5762 Θεὸν
2634 5707 2814 5775 λέγειν
2838 5705 2932 5759 τοῦ
2982 5704 3364 5776 προσκυνητοῦ
3416 5700 3760 5772 Πνεύματος.

2177 5801 2487 5865 ἀκολούθως
2530 5801 2666 5872 κάτει
2723 5799 2817 5853 τοῦ
2864 5799 2999 5870 πρὸς
3049 5796 3299 5857 ἐξέτασιν
3354 5794 3757 5866 προσκειμένου

2176 5897 2270 5949 νῦν
2302 5896 2399 5965 τῆς
2438 5892 2693 5966 ἀληθείας
2726 5889 2882 5957 αὖθις
2926 5893 3019 5945 καὶ
3062 5891 3159 5961 τῆς
3198 5889 3365 5961 ὀρθῆς
3413 5886 3637 5948 ἑννοίας
3689 5880 3762 5934 διο
