3974 6562
228 401 364 468 1253

1086 385 1746 479 οιιῬιιοεΕδεῐοΝε
1788 419 1849 483 s.
1895 422 2262 487 SPIRlTUS
2302 425 2529 489 ORAT.
2573 428 2657 491 11.

3364 435 3507 501 125i‘

217 518 492 588 ήμαρτον,
528 522 654 574 ἐπεὶ
677 523 925 591 πυγόνος
984 525 1011 576 ὁ
1070 524 1282 595 Πατὴρ,
1325 527 1449 579 ἐπεὶ
1476 527 1816 599 γεννώμενος

1922 535 2269 605 proponitur,
2308 552 2339 592 a
2373 545 2603 595 veritate
2636 548 2898 623 rectaque
2939 546 3208 604 sententia
3269 542 3502 623 delapsi.

216 611 280 677 ἐξ
300 611 474 664 αὑτοῦ
515 614 762 679 πέφυκεν
805 618 833 669 ὁ
864 615 1013 677 Υἱὸς,
1050 616 1150 687 οὐχ
1182 617 1262 670 ὅτι
1304 617 1361 672 δὲ
1395 620 1644 689 πρόεισιν
1685 620 1807 692 ἕχον

216 702 315 772 τὴν
347 702 583 777 ὓπαρξιν
618 708 676 769 ἐξ
710 707 879 761 αὐτοῦ
929 709 1026 761 καὶ
1053 709 1116 762 τὸ
1151 708 1378 780 Πνεῦμα
1413 710 1477 764 τὸ
1524 712 1701 781 ἅγιον.
1747 711 1807 766 '0

215 796 273 847 δὲ
306 795 433 861 Υἱὸς
479 798 542 851 οὐ
586 799 834 867 θεογόνος
886 800 1095 869 σαφῶς,
1148 800 1451 873 καθότιπερ
1507 804 1640 872 μηδὲ
1679 804 1807 856 Υἱδν

216 889 505 960 κέκτηται.
533 893 734 945 Λοιπὸν
773 895 834 946 οὐ
869 892 1118 960 θεογόνον
1151 894 1290 946 κατὰ
1322 892 1412 945 τὸν
1445 895 1572 947 Υἰὸν
1600 893 1800 949 οῦκουν

213 982 327 1034 οὐδ’
357 983 494 1037 αὐτὸ
529 985 590 1037 τὸ
619 985 848 1056 Πνεῦμα
875 984 939 1038 τὸ
965 986 1122 1052 ἅγιον
1145 1002 1158 1015 ·
1197 991 1292 1038 καὶ
1318 985 1466 1039 ἐστιν
1498 988 1630 1040 ῖόιον
1651 987 1810 1042 τοῦτο

219 1073 456 1142 μάλιστα
504 1075 600 1127 τοῦ
660 1076 895 1146 Πατρὸς,
959 1078 1052 1130 καὶ
1100 1077 1199 1145 τῆς
1230 1077 1586 1141 ὑποστάσεως
1635 1080 1803 1132 αὑτοῦ

214 1168 339 1219 κατ’
374 1165 675 1238 ἐξαίρετον.
713 1168 970 1221 Τοιοῦτον
1002 1168 1063 1222 τὸ
1093 1171 1216 1222 καθ’
1241 1170 1402 1240 ἡμῶν
1427 1172 1523 1225 καὶ
1549 1171 1651 1241 τῆς
1677 1172 1813 1243 ἀλη-

215 1258 372 1323 θείας
407 1262 576 1333 αὐτῆς
611 1271 762 1335 παρὰ
794 1264 904 1318 τῶν
942 1264 1281 1320 ὑπεναντίων
1311 1266 1656 1322 ἀναπλασθὲν
1685 1269 1812 1322 ἄτο-

108 1350 113 1355 ’
212 1366 338 1402 πον.
374 1350 535 1405 Οὕτω
575 1353 676 1422 τῆς
711 1355 882 1426 ἀρχῆς
921 1355 1278 1427 ὑποτεθείσης
1315 1355 1569 1427 ψευδοῦς.
1617 1361 1713 1412 καὶ
1749 1360 1814 1414 τδ

215 1451 594 1519 συμπέρασμα
618 1450 819 1520 ψεῦδος
845 1450 1208 1523 καθέστηκεν.

283 1646 387 1701 λθ’.
421 1642 549 1702 Οἷον
580 1649 636 1703 δὲ
670 1652 912 1717 κάκεῖνο,
957 1650 1027 1707 δι’
1053 1647 1114 1708 οῦ
1145 1654 1301 1708 τοῦτο
1351 1657 1646 1725 συνάγουσι
1678 1658 1805 1712 συλ-

211 1735 564 1804 λογιστικῶς,
614 1739 752 1811 ὅπερ
780 1741 874 1794 καὶ
928 1740 1171 1796 τιθέασιν
1220 1743 1296 1808 ὡς
1350 1747 1417 1799 ἀν
1448 1745 1665 1818 ἀξίωμα
1713 1750 1808 1803 καὶ

212 1828 405 1899 κοινὴν
462 1830 715 1895 ἐννοιανς
749 1832 953 1900 Ἂπαν,
1009 1837 1166 1904 φασὶ,
1200 1837 1261 1890 τὺ
1308 1839 1516 1910 κυρίως
1542 1841 1634 1894 ἐπὶ
1667 1841 1806 1895 Θεοῦ

1916 624 1971 679 in
2000 627 2366 683 maximarum
2386 643 2567 684 rerum
2583 622 2929 703 ignoratione
2960 638 3161 693 versati
3188 649 3339 696 sunt.
3381 622 3506 698 ideo

1911 715 2059 772 enim
2076 719 2244 774 Deum
2259 722 2649 792 generatPater
2661 724 2807 795 quod
2824 727 3037 796 genitus
3049 744 3113 785 ex
3134 744 3201 785 eo
3212 731 3384 789 Filius
3399 744 3506 801 est,

1918 824 2025 864 non
2041 812 2185 880 quod
2205 816 2579 885 progreditur,
2614 833 2679 872 ex
2707 818 2829 888 ipso
2866 807 3244 878 easistentiam
3297 825 3505 883 habens

1918 899 2159 969 Spiritus
2178 914 2426 960 sanctus.
2461 905 2637 962 Filius
2662 916 2842 964 autem
2884 910 2976 966 Dei
2998 913 3212 982 genitor
3254 930 3361 971 non
3396 927 3501 983 est,

1911 1006 2037 1046 cum
2068 991 2207 1049 Filio
2242 1006 2429 1052 careat
2462 999 2578 1055 :sic
2605 1016 2707 1056 nec
2740 1003 2833 1057 Dei
2855 1005 3072 1073 genitor
3087 1017 3194 1072 est,
3224 1008 3301 1063 uti
3327 1025 3504 1080 neque

1916 1085 2096 1144 Filius
2130 1098 2209 1145 est
2249 1088 2492 1161 Spiritus
2523 1104 2771 1152 sanctus.
2810 1095 2873 1150 Et
2904 1099 3115 1155 esthoc
3147 1104 3503 1171 proprium‘et

1916 1183 2252 1253 praecipuum
2280 1183 2481 1251 Patris,
2516 1196 2571 1242 et
2603 1187 2913 1259 hypostasis
2946 1191 3096 1248 illius
3126 1195 3501 1251 excellentiori

1917 1278 2153 1346 quodam
2182 1278 2368 1335 modo.
2402 1278 2468 1335 Et
2503 1282 2668 1351 lmjns
2701 1293 2895 1339 contra
2931 1300 3033 1340 nos
3063 1296 3115 1341 et
3150 1286 3323 1358 ipsam
3359 1290 3504 1343 veri-

1914 1376 2080 1422 tatem
2159 1369 2229 1423 ab
2315 1371 2659 1429 adversariis
2731 1375 2961 1431 ahsurdi
3041 1377 3307 1447 conﬁcti,
3374 1396 3498 1436 cum

1916 1457 2247 1529 principium
2309 1458 2509 1517 falsum
2599 1464 2988 1533 supponatur,
3081 1467 3500 1550 conclusioyem

1916 1550 2045 1604 item
2114 1552 2460 1608 mendacium
2507 1555 2793 1612 continere
2855 1573 3081 1616 necesse
3109 1568 3212 1617 est.

1988 1643 2080 1700 39.
2111 1643 2282 1714 Quale
2315 1647 2447 1703 item
2476 1657 2582 1717 est,
2616 1652 2762 1720 quod
2798 1652 2877 1707 illi
2912 1652 3306 1712 ratiocinantes
3351 1656 3502 1713 colli-

1916 1747 2074 1808 gunt,
2116 1750 2171 1794 et
2195 1739 2272 1793 uti
2328 1742 2745 1811 pronuntiatum
2782 1750 2838 1799 et
2871 1758 3222 1803 communem
3282 1759 3501 1804 sentcn-

1919 1831 2051 1884 tiam
2083 1832 2446 1901 proponunt?
2490 1832 2793 1903 Quidquid,
2840 1836 3124 1905 inquiunt,
3173 1840 3395 1910 proprie
3433 1846 3501 1897 de

211 1919 595 1991 θεωρούμενον
642 1925 775 1994 ὴμῖν
829 1928 925 1981 καὶ
968 1927 1261 1998 λεγόμενον
1310 1930 1479 2002 ἢτῆς
1521 1935 1812 2006 ’μακαρίας

1919 1921 2030 1978 Deo
2058 1923 2448 1980 consideratur
2480 1940 2509 1980 a
2544 1924 2706 1981 nobis
2740 1937 2795 1983 et
2847 1928 3072 1995 dicitur,
3103 1940 3199 1985 aut
3238 1941 3323 1987 est
3366 1932 3500 1988 bea-

212 2011 313 2063 καὶ
340 2010 659 2083 ζωαρχικῆς
684 2014 914 2086 Τριάδος
943 2017 1142 2084 κοινὸν,
1173 2018 1206 2090 ἢ
1230 2020 1339 2074 τῶν
1360 2021 1564 2095 ταύτης
1593 2026 1809 2080 σεπτῶν

212 2103 576 2157 ὑποστάσεων
615 2107 744 2174 μιᾶς
778 2107 933 2175 ἴδιον,
960 2109 1035 2172 ὡς
1067 2112 1350 2178 ἀναγκαία
1375 2130 1459 2179 τις
1491 2116 1524 2185 ἡ
1556 2116 1808 2187 παροῦσα

214 2192 317 2248 νῦν
348 2196 496 2261 θέσις
532 2198 736 2254 αὐτῶν.
775 2201 971 2255 Ἔνθεν
1010 2219 1094 2256 τοι
1124 2205 1217 2258 καὶ
1260 2206 1648 2262 ἀναπόδεικτον
1675 2211 1811 2263 ταύ-

211 2304 318 2358 την
357 2290 716 2362 προφέρουσι.
743 2291 892 2365 Πλὴν
928 2295 1066 2366 πρὸς
1103 2295 1299 2350 τούτου
1335 2300 1687 2371 ὲρωτήσομεν
1716 2303 1808 2357 δύο

208 2379 370 2445 τινὰς
397 2386 697 2455 ἐρωτήσεις
726 2388 909 2457 ἡμεῖς,
959 2388 1053 2442 ἐὰν
1081 2390 1187 2462 ἄρα
1232 2389 1500 2445 δύνωνται
1539 2394 1675 2465 πρὸς
1710 2396 1807 2467 τὴν

207 2473 474 2546 δευτέραν
506 2476 933 2548 ἀποκρίνασθαι.
974 2480 1050 2533 Τὸ
1092 2483 1339 2536 αἱτιατδν
1388 2484 1646 2553 λέγεσθαι
1674 2504 1804 2557 τυγ-

154 2602 160 2608 ›
208 2568 401 2636 χάνειν
454 2570 547 2623 ἐπὶ
584 2570 718 2623 Θεοῦ
770 2572 988 2635 πάντως
1036 2571 1102 2627 ἂν
1155 2575 1298 2629 κατὰ
1346 2579 1448 2639 τὰς
1492 2576 1598 2630 τῶν
1634 2579 1806 2648 ἁγίων

207 2661 399 2743 φωνὰς
454 2663 674 2731 φαίητε.
733 2663 906 2717 Τοῦτο
958 2665 1013 2718 δὲ
1069 2667 1303 2739 πότερον
1350 2668 1453 2739 τῆς
1506 2668 1808 2744 θεαρχικῆς

206 2736 443 2822 Τριάδος
474 2752 674 2812 κοινὸν.
708 2754 741 2825 ἢ
785 2755 896 2808 τῶν
944 2754 1152 2827 ταύτης
1186 2758 1403 2812 σεπτῶν
1450 2760 1806 2816 ὑποστάσεων

211 2844 348 2911 μιᾶς
383 2842 558 2910 ἴδιον;
601 2844 692 2909 Ὠς
715 2846 849 2917 ὁρῶ,
883 2848 1146 2920 κεχήνασι
1170 2850 1233 2903 τδ
1272 2852 1446 2923 παρὸν
1487 2855 1805 2921 ἁτονοῦντες

207 2936 352 3005 πρὸς
396 2935 495 3007 τὴν
544 2938 874 3008 ἀπόκρισιν·
914 2942 1149 3011 ἐπείπερ
1203 2944 1305 2997 οὐκ
1356 2947 1571 3018 ἔχουσιν
1621 2950 1803 3003 εἰπεῖν

204 3024 484 3095 οῦμενουν
518 3030 727 3083 τούτων
758 3030 1067 3103 οὐδέτερον.
1099 3034 1170 3087 Τὸ
1207 3035 1316 3108 γὰρ
1363 3039 1607 3092 αἰτιατδν
1635 3041 1806 3105 ὅντως

203 3119 307 3171 ἰπὶ
330 3117 468 3173 Θεοῦ
500 3120 890 3193 καθορώμενον
918 3124 1055 3195 ὁμοῦ
1070 3126 1183 3205 ,καὶ
1213 3127 1511 3199 λεγόμενον
1550 3132 1675 3184 οὒτε
1703 3134 1804 3203 τῆς

205 3208 528 3281 ζωπρχικῆς
560 3213 767 3282 πέφηνε
795 3214 1027 3285 Τριάδος
1056 3218 1255 3285 κοινὸν,
1292 3219 1418 3275 οῦτε
1457 3222 1567 3275 τῶν
1598 3224 1802 3296 ταύτης
1832 3257 1873 3314 c

204 3301 569 3358 ὐποστάσεων
601 3307 735 3374 μιᾶς
783 3306 937 3372 ἴδιον,
967 3309 1074 3362 τῶν
1123 3310 1220 3364 δύο
1272 3311 1328 3365 δὲ
1364 3314 1567 3383 μόνων,
1611 3316 1688 3382 ὡς
1737 3319 1803 3371 ἂν

200 3394 354 3448 εἴποι
398 3412 507 3459 τις,
542 3397 675 3451 ι’διον
708 3399 804 3452 καὶ
853 3400 1055 3466 κοινὸν,
1101 3404 1353 3458 τουτέστι
1382 3405 1479 3460 τοῦ
1528 3407 1661 3462 Υῑοῦ
1708 3413 1806 3466 καὶ

199 3486 301 3540 τοῦ
333 3485 484 3541 θείου
531 3489 626 3542 καὶ
660 3493 1009 3562 παντουργοῦ
1051 3494 1391 3566 Πνεῦματος.
1462 3500 1624 3555 Ὥστε
1675 3520 1809 3557 κατ-

212 3577 427 3649 εόλήθη
458 3579 553 3632 νῦν
569 3581 631 3632 τὸ
661 3580 868 3636 τούτων
897 3583 1136 3655 ἀξίωμα,
1166 3588 1263 3641 καὶ
1281 3588 1342 3641 τὸ
1374 3588 1477 3660 τῆς
1505 3593 1694 3662 κοινῆς
1724 3598 1807 3646 εν-

199 3672 355 3736 νοίας
385 3673 567 3725 αὐτῶν
601 3676 754 3744 παρὰ
806 3674 1027 3733 πάντων
1061 3681 1548 3749 καταπεπάτηται.
1588 3684 1710 3749 Πῶς
1737 3688 1801 3741 ἄν

200 3781 341 3817 ποτε
382 3763 641 3835 τοιαύτην
695 3765 967 3838 σύντομον
1014 3769 1177 3839 νίκην
1207 3773 1450 3843 νικήσειὲ
1495 3791 1602 3840 τις,
1641 3778 1691 3830 εἰ
1726 3779 1802 3850 μὴ

198 3857 438 3927 δυνάμει
459 3859 556 3911 τοῦ
576 3859 915 3929 ἐμπνέοντος
939 3860 1036 3913 καὶ
1062 3864 1173 3925 τοῖς
1205 3867 1421 3936 νεκροῖς
1448 3866 1800 3941 Πνεῦματοςς

207 3948 316 4012 Ὠς
357 3950 427 4003 ἂν
473 3948 529 4002 δὲ
559 3950 647 4004 διὰ
677 3951 891 4007 πολλῶν
940 3951 1035 4007 τὸν
1080 3954 1239 4025 λόγον
1291 3960 1675 4032 συστήσωμεν,
1708 3964 1802 4016 καὶ

204 4043 414 4110 μᾶλλον
462 4043 644 4098 αὐτῶν
693 4044 803 4098 τῶν
845 4045 1075 4116 ἔγγιστα
1106 4048 1203 4102 τοῦ
1253 4051 1457 4104 σκοποῦ
1487 4053 1555 4105 τὰ
1612 4058 1802 4127 πόρρω

200 4136 306 4190 καὶ
353 4134 425 4188 τὰ
474 4137 695 4207 μακρὰν
728 4137 1182 4208 καταλείψαντες,
1236 4141 1297 4194 τὸ
1353 4143 1710 4201 ἀποστέλλειν
1739 4148 1802 4202 τὸ

200 4230 367 4297 ἅγιον
398 4229 623 4301 Πνεῦμα
664 4229 758 4283 τοῦ
802 4232 1017 4303 Πατρδς
1050 4234 1170 4303 ἃμα
1201 4235 1295 4288 καὶ
1332 4236 1425 4288 τοῦ
1471 4236 1638 4290 Υῐοῦ’
1672 4240 1798 4294 τού·
1842 4235 1854 4246 ”

203 4339 304 4374 τσυ
361 4321 418 4375 δὲ
468 4325 563 4375 τοῦ
616 4321 761 4375 θείου
822 4323 1145 4395 Πνεύματος
1203 4326 1302 4381 οὐκ
1346 4327 1495 4381 ἔστιν
1549 4330 1801 4402 οὐδαμῶς

200 4404 329 4467 οὐδὲ
371 4414 614 4483 λέγεται,
650 4414 739 4469 διὰ
774 4416 834 4469 τὸ
868 4416 943 4487 μὴ
972 4416 1033 4471 τὸ
1065 4418 1203 4470 ἀὖτό
1243 4419 1501 4487 καθάπαξ
1535 4423 1800 4495 ἐγχωρεῖν

199 4510 538 4567 ἁποστέλλον
588 4504 907 4567 τελείνκαὶ
962 4513 1469 4584 ἀποστελλόμενονο
1523 4518 1631 4571 οὐδ’
1666 4520 1799 4573 ἁπο-

1914 2026 1981 2072 ιαε
2025 2017 2261 2087 vitaeque
2295 2019 2562 2091 principis
2592 2018 2813 2077 Triadis
2858 2036 3176 2091 commune,
3211 2037 3305 2081 aut
3333 2029 3498 2083 unius

1912 2112 2242 2167 venerandae
2273 2113 2588 2183 Itypostasis
2630 2114 2937 2184 proprium.
2988 2115 3055 2173 Et
3100 2121 3241 2173 hanc
3271 2121 3497 2188 positio-

1915 2218 2036 2256 nem
2068 2202 2236 2256 veluti
2268 2204 2637 2259 necessariam
2664 2205 2874 2275 absque
2898 2206 3007 2260 ulla
3028 2207 3500 2266 demonstratione

1912 2298 1966 2349 in
2009 2295 2252 2350 medium
2323 2296 2633 2365 proferunt.
2690 2296 2800 2353 Nos
2850 2299 3212 2358 nihilominus
3266 2303 3498 2375 hujusce

1913 2403 2078 2443 causa
2106 2389 2218 2444 duo
2252 2389 2322 2443 ab
2348 2388 2482 2457 ipsis
2514 2399 2785 2460 petemus,
2809 2392 2854 2446 si
2882 2402 3062 2448 tamen
3090 2396 3159 2449 ad
3192 2401 3495 2453 secundum

1912 2494 2104 2533 eorum
2136 2480 2472 2548 respondere
2497 2490 2784 2550 poterunt:
2809 2483 3108 2553 Causatum
3132 2504 3253 2544 esse
3277 2490 3331 2545 in
3361 2491 3493 2559 Deo,

1913 2571 1958 2626 si
1996 2581 2321 2627 sanctorum
2358 2588 2523 2629 voces
2558 2575 2711 2645 sequi
2751 2593 2859 2631 non
2903 2580 3166 2643 abnuitis,
3205 2582 3310 2639 hoc
3343 2595 3496 2639 estne

1915 2664 2223 2720 divinitatis
2271 2665 2539 2736 principis
2584 2667 2800 2724 Triadis
2857 2685 3170 2735 commune.
3228 2691 3295 2729 an
3338 2679 3503 2731 reve:

1914 2758 2098 2812 rendze
2125 2757 2276 2815 illius
2308 2744 2625 2831 hyposfasis
2656 2763 2818 2832 unius
2850 2768 3179 2836 proprium?
3208 2767 3277 2825 Ut
3313 2770 3492 2836 rideo,

1907 2853 2023 2921 jam
2084 2860 2277 2923 aperto
2315 2868 2411 2908 ore
2450 2855 2623 2920 hiant,
2676 2861 3023 2927 responsioni
3069 2862 3327 2932 impares,
3367 2882 3489 2920 cum

1910 2952 2166 2998 neutrum
2218 2945 2402 3000 dicere
2433 2949 2672 3003 valeant.
2713 2947 2962 3021 Namque
3002 2964 3284 3009 causatum
3344 2960 3489 3027 quod

1914 3051 2040 3092 vere
2078 3038 2131 3092 in
2175 3037 2288 3094 Deo
2340 3042 2706 3111 conspicitur,
2756 3046 2911 3100 etde
2951 3048 3268 3118 eodicitur,
3314 3067 3493 3121 neque

1909 3123 2035 3178 vitae
2064 3126 2328 3195 principis
2377 3127 2594 3185 Triadis
2633 3147 2926 3188 commune
2961 3147 3069 3202 est,
3119 3154 3296 3210 neque
3329 3146 3491 3198 unius

1908 3216 2054 3270 illius
2088 3218 2454 3288 hyposmseon
2480 3223 2800 3293 proprium;
2831 3231 2924 3281 sed
2958 3231 3210 3294 duarum,
3244 3241 3303 3287 ut
3339 3212 3487 3304 quis-

1908 3311 2052 3378 piam
2082 3310 2314 3377 diceret,
2347 3316 2631 3384 proprium
2667 3326 2721 3371 et
2759 3333 3072 3385 commune,
3125 3320 3248 3379 Filii
3297 3343 3491 3398 nempe

1906 3410 1959 3455 et
1991 3400 2163 3456 divini
2190 3406 2489 3475 omniaque
2520 3408 2802 3478 operantis
2831 3408 3097 3481 Spiritus.
3129 3414 3312 3481 Quare
3339 3434 3486 3475 nunc

1906 3509 2097 3549 eorum
2140 3499 2557 3565 pronuntiatum
2615 3516 2891 3569 eversum,
2932 3513 2985 3560 et
3035 3511 3346 3566 communis
3389 3528 3488 3567 eo-

1907 3586 2158 3641 rumdem
2243 3592 2515 3646 sententia
2570 3593 2638 3648 ab
2698 3596 2957 3653 omnibus
3009 3602 3328 3658 conculcata
3382 3620 3486 3662 est.

1908 3677 2157 3744 Quanam
2224 3680 2437 3737 ratione
2492 3683 2631 3739 adeo
2691 3687 3142 3760 compendiosam
3198 3694 3486 3752 victoriam

1906 3771 2204 3840 quispiam,
2234 3772 2338 3829 nisi
2364 3773 2629 3846 Spiritus,
2663 3778 2755 3848 qui
2795 3780 2959 3836 etiam
2985 3782 3286 3842 demortuis
3308 3787 3487 3860 inspi-

1904 3875 2010 3929 rat,
2064 3864 2326 3923 facultate
2393 3872 2825 3939 consequeretur
2856 3872 2887 3927 ?
2941 3873 3009 3930 Ut
3058 3891 3188 3932 vero
3241 3878 3494 3951 pluribus

1904 3957 2208 4012 orationem
2230 3959 2676 4028 corroboremus,
2708 3965 2776 4021 iis
2810 3959 3161 4038 potissimum
3214 3990 3336 4044 qua:
3362 3990 3491 4046 pro-

1906 4050 2084 4119 posito
2117 4050 2367 4117 proxima
2416 4063 2568 4116 sunt,
2600 4062 2653 4107 et
2681 4070 2801 4125 qua:
2849 4057 3010 4133 longe
3044 4064 3352 4135 proculque
3386 4064 3485 4120 ab-
3549 4059 3552 4061 Α

1903 4151 2050 4207 sunt,
2095 4144 2380 4212 neglectis,
2432 4155 2650 4201 mittere
2719 4147 2984 4218 Spiritum
3020 4145 3273 4209 sanctum
3303 4158 3492 4213 Patris

1903 4243 1957 4288 et
1988 4232 2109 4287 Filii
2134 4244 2235 4295 est,
2259 4235 2488 4304 hujusce
2519 4253 2647 4292 vero
2672 4238 2912 4310 Spiritus
2936 4246 3114 4299 sancti
3143 4247 3291 4301 nullo
3317 4251 3488 4305 modo

1902 4340 2005 4392 est,
2043 4343 2218 4398 neque
2246 4328 2470 4395 dicitur,
2508 4331 2652 4400 quod
2690 4333 2807 4389 lieri
2862 4339 3071 4408 nequit,
3112 4350 3172 4394 ut
3227 4343 3369 4397 idem
3409 4344 3487 4400 sit

1884 4423 2125 4478 *mittens
2155 4433 2206 4476 et
2243 4422 2446 4479 missus
2476 4442 2498 4490 ;·
2534 4440 2711 4496 neque
2748 4427 2894 4483 aliud
2948 4431 3226 4501 quidpiam
3266 4436 3483 4494 mittere

1905 4528 2132 4584 prorsus
2197 4512 2486 4584 gloriatur,
2551 4518 2697 4587 quod
2766 4520 3011 4590 ejusdem
3044 4524 3118 4578 sit
3152 4540 3278 4580 cum
3328 4544 3396 4585 eo
3428 4540 3485 4587 et

208 4601 459 4657 στέλλειν
489 4604 676 4673 ἕτερόν
702 4621 751 4657 τι
777 4604 836 4656 τὸ
863 4605 1128 4675 παράπαν
1159 4606 1336 4677 αὐχεῖ,
1369 4608 1637 4679 τυγχάνον
1662 4610 1794 4682 ὁμό-

1908 4608 2084 4676 glorim
2112 4617 2165 4662 et
2194 4608 2442 4664 honoris.
2488 4608 2629 4676 Quid
2664 4612 2770 4667 hoc
2806 4614 2873 4668 ad
2913 4631 3073 4683 quem
3111 4619 3242 4673 mihi
3271 4621 3340 4677 ab
3374 4622 3482 4678 ini-

199 4695 359 4761 δοξον
396 4695 490 4748 καὶ
518 4697 781 4765 ὁμότιμον
810 4697 1001 4751 αὐτοῦ.
1033 4697 1099 4750 Τί
1130 4715 1218 4767 μοι
1242 4699 1304 4751 τὸ
1330 4701 1503 4770 παρὸν
1535 4702 1670 4772 πρὸς
1699 4704 1791 4756 τὸν

201 4785 449 4858 ἀρχῆθεν
490 4789 726 4851 σκοπόν;
763 4787 999 4858 ἐχόμενα
1029 4789 1223 4842 τούτου
1254 4792 1347 4843 καὶ
1379 4791 1786 4866 πλησιαίτερον.

199 4881 347 4935 Αὐτὸ
400 4882 626 4952 Πνεῦμα
693 4883 754 4936 τὸ
791 4882 947 4952 ἅγιον
1004 4883 1225 4953 πνεῦμα
1272 4886 1367 4939 τοῦ
1423 4888 1636 4959 Πατρὸς
1695 4891 1789 4943 καὶ

200 4975 425 5044 πνεῦμα
472 4974 563 5028 τοῦ
599 4975 750 5039 Υἱοῦ,
796 4975 1014 5046 πνεῦμα
1043 4977 1101 5029 δὲ
1152 4977 1246 5030 τοῦ
1280 4979 1623 5050 ηΠνεύματος
1662 4981 1786 5036 οὔτε

198 5071 471 5137 πέφυκεν,
499 5065 623 5120 οὔτε
661 5067 769 5137 μὴν
816 5067 1162 5138 ὀνομάζεται,
1192 5069 1283 5122 διὰ
1309 5072 1370 5124 τὸ
1419 5073 1555 5144 μηδὲ
1602 5074 1787 5147 ῦπαρ·

199 5181 320 5232 χειν
369 5159 584 5221 ἑαυτοῦ,
640 5159 761 5230 μηδ’
806 5161 1157 5229 εὑρίσκεσθαι
1207 5151 1378 5217 τοῦτο’
1425 5165 1785 5237 καλούμενον.

200 5255 340 5307 esse
376 5253 555 5308 πάλιν»
583 5254 925 5324 καθέστηκεν
954 5253 1048 5306 τοῦ
1078 5254 1217 5307 Πνεύ
1228 5273 1394 5326 ματος
1423 5257 1552 5311 ἄλλο
1580 5275 1656 5323 τι,
1682 5260 1786 5329 τῆς

198 5350 453 5419 ίεεότητος
497 5347 789 5417 ἱσταμένης
823 5350 879 5399 ὲν
924 5351 1106 5417 τρισὶν
1140 5348 1527 5405 ὑποστάσεσιν.
1581 5353 1786 5406 Λοιπὸν

196 5442 293 5493 ,αἱ
337 5442 437 5511 τὴν
469 5438 705 5510 ὕπαρξιν
754 5439 1018 5491 πλουτοῦν
1065 5439 1128 5491 τὸ
1174 5440 1402 5511 Πνεῦμα
1431 5436 1491 5496 τὸ
1535 5443 1693 5512 ἅγιον
1718 5447 1784 5499 ἐκ

192 5534 287 5586 τοῦ
323 5535 532 5604 Πατρὶς
564 5531 681 5602 ἅμα
715 5535 809 5585 καὶ
840 5530 935 5584 τοῦ
965 5531 1119 5597 Υῑοῦ,
1159 5534 1367 5602 ταύτην
1398 5537 1461 5589 οὐ
1493 5537 1783 5611 κέκτηται,

199 5626 294 5680 καὶ
322 5628 458 5697 παρ’
502 5625 693 5678 ἑαυτοῦ
726 5627 785 5677 τὸ
818 5624 1039 5678 σύνολον
1088 5628 1208 5680 οὐδὲ
1239 5627 1383 5698 ἔχειν
1415 5632 1527 5694 τοῖς
1564 5636 1779 5698 πιστοῖς

198 5718 662 5787 καταγγέλλεται⁹
696 5718 830 5770 διότι
861 5717 996 5787 μηδὲ
1037 5719 1284 5782 δυνατὸν,
1329 5719 1455 5791 μηδ’
1492 5722 1781 5794 ἐνδεχόμε-

197 5830 288 5867 νον
318 5810 589 5878 ὁπωσοῦν,
620 5812 778 5865 τοῦτο
804 5813 904 5882 τῆς
937 5811 1226 5881 ὑπάρξεως
1268 5813 1381 5898 τῆς,
1397 5815 1604 5880 οἰκείας
1635 5814 1778 5874 εἶναι

198 5907 508 5977 παραίτιον.
542 5906 652 5977 τῆς
702 5905 758 5959 δὲ
790 5904 1019 5976 Τριάδος
1071 5907 1131 5958 τὸ
1177 5904 1384 5960 τέλειον
1416 5910 1689 5981 φερούσης
1720 5914 1779 5968 ἐν

1902 4700 1980 4753 tio
2007 4714 2235 4771 scopum
2289 4716 2684 4771 proposueram
2709 4701 2733 4756 Ἰ
2769 4705 2994 4776 propius
3019 4708 3084 4762 ad
3126 4709 3301 4778 ipsum
3325 4726 3485 4769 acce-

1900 4794 2114 4850 damus.
2155 4793 2392 4865 Spiritus
2419 4805 2651 4853 sanctus
2672 4797 2900 4868 spiritus
2930 4798 3129 4866 Patris,
3169 4814 3223 4859 et
3256 4806 3489 4875 Spiritus

1901 4883 2046 4951 Filii,
2072 4887 2299 4955 spiritus
2322 4902 2452 4943 vero
2485 4888 2721 4957 Spiritus
2748 4906 2922 4961 neque
2943 4903 3028 4948 est
3064 4911 3241 4966 neque
3280 4900 3491 4955 νοεῖτε-ν

1903 4988 2013 5043 tur,
2044 4980 2190 5049 quod
2228 4996 2338 5034 non
2381 4990 2466 5035 est
2498 4982 2580 5036 sui
2635 4982 2833 5052 ipsius,
2866 5002 3043 5058 neque
3068 4992 3380 5061 reperiatur
3407 4996 3485 5049 ita

1899 5082 2272 5141 nuncupatus.
2292 5071 2482 5143 Neque
2508 5090 2702 5131 rursus
2728 5077 2876 5132 aliud
2909 5082 3190 5151 quidpiam
3233 5086 3481 5155 assigna-

1900 5172 1989 5217 tur
2020 5164 2120 5231 ipsi
2144 5164 2390 5235 Spiritui,
2420 5180 2543 5220 cum
2570 5167 2753 5224 Deitas
2789 5169 2843 5223 in
2883 5173 3060 5229 tribus
3093 5175 3479 5246 hypostnsibus

1896 5256 2181 5311 consistat.
2221 5256 2403 5323 Quare
2429 5274 2556 5312 cun-
2593 5261 2971 5317 exsistentiam
3003 5266 3202 5320 haheat
3235 5264 3485 5335 Spiritus

1897 5357 2125 5401 sanctus
2154 5363 2219 5401 ex
2258 5346 2417 5406 Patre
2445 5349 2608 5405 simul
2650 5362 2706 5406 et
2736 5351 2895 5415 Filio,
2926 5353 3049 5409 ‘cam
3081 5372 3187 5411 non
3228 5358 3479 5428 posside-—

1895 5441 1974 5495 bit
2007 5442 2232 5497 omnino
2286 5443 2450 5497 etiam
2511 5462 2541 5499 a
2578 5449 2898 5516 semetipso,
2964 5464 3140 5519 neque
3208 5451 3474 5506 habercn

1896 5535 2145 5590 ﬁdelibus
2207 5538 2621 5606 pronuntiatur,
2674 5541 2821 5611 quod
2875 5542 2991 5597 tieri
3045 5543 3251 5614 nequit,
3299 5561 3484 5615 neque

1890 5631 2117 5687 omnino
2143 5631 2303 5686 liceat
2325 5632 2435 5687 ullo
2458 5632 2640 5695 modo,
2694 5634 2839 5687 hunc
2887 5635 3224 5692 exsistentiie
3244 5640 3478 5710 preprim

1892 5740 2114 5782 causam
2149 5738 2294 5779 esse.
2322 5723 2458 5779 Cum
2500 5739 2631 5778 vero
2659 5725 2817 5780 Trias
2845 5726 3239 5796 perfectionem
3273 5750 3385 5803 prae
3412 5752 3472 5788 se

1889 5819 2031 5873 {erat
2060 5816 2224 5872 rebus
2246 5815 2505 5871 omnibus
2534 5816 2588 5870 in
2623 5816 2851 5881 Deitate,
2890 5835 3125 5889 persona
3161 5824 3265 5880 alia
3290 5842 3474 5883 essen-

1892 5911 2093 5968 tialiter
2120 5924 2185 5965 ex
2219 5908 2514 5979 semetipsa
2537 5925 2644 5966 non
2667 5911 2877 5983 prodit,
2907 5913 2973 5970 ad
2997 5917 3145 5999 quod
3175 5922 3476 5975 absurdum
