3974 6566
514 410 652 476 1255

1573 405 2082 466 CONSTANTINI
2125 403 2663 464 MELlTENlO'l‘zE

3631 400 3766 464 1255

505 525 679 579 retrusa
705 520 1138 576 adversariorum
1164 519 1338 574 oratio
1360 533 1463 572 nos
1488 517 1869 588 compellebat.
1911 518 2069 587 idque

2182 516 2395 586 θεότητι
2428 517 2566 570 κατὰ
2616 518 2744 579 πᾶν,
2773 514 2894 568 οὐδὲ
2925 515 3218 585 πρόσωπον
3266 513 3546 575 comosa;
3579 512 3763 583 ἕτερον

510 615 666 686 plane
689 612 913 666 minime
931 607 1192 664 adorandi
1207 606 1444 679 Spiritus
1460 608 1770 662 imminutio
1783 616 2083 678 est,quem-

509 705 802 761 admodum
858 717 1052 757 rursus
1102 700 1251 756 nulla
1289 698 1560 768 Uuigeniti
1589 699 1926 764 extenuatio,
1954 713 2079 752 cum

510 797 672 852 Pater
705 795 868 851 habet
906 792 1103 848 Filium
1136 801 1190 847 et
1211 790 1476 862 Spiritum
1501 799 1753 846 sanctum
1785 805 1815 845 a
1852 805 1910 846 se
1935 791 2077 860 ipso,

508 888 770 957 Spiritum
794 895 1046 941 sanctum
1069 884 1244 939 solum
1268 898 1298 938 a
1327 896 1387 938 se
1411 883 1528 952 ipso
1555 879 1753 935 Filium
1775 881 2073 950 possidere.

502 979 643 1043 Quid
668 975 1268 1048 prazterea‘ipersonalia
1293 988 1323 1027 a
1346 972 1690 1027 naturalibus
1711 972 2076 1042 distinguunt,

507 1087 613 1126 non
657 1069 1021 1138 intelligentes
1052 1067 1107 1120 in
1136 1065 1248 1121 Deo
1277 1066 1438 1120 etiam
1474 1064 1841 1136 proprietates
1875 1071 2074 1118 natura

506 1162 708 1225 inesse,
745 1174 870 1214 cum
910 1155 1163 1212 accidens
1192 1154 1266 1209 ibi
1303 1155 1482 1209 locum
1511 1169 1616 1208 non
1656 1153 1873 1217 habeat,
1900 1164 1954 1208 et
1982 1153 2072 1207 ille

504 1253 655 1308 omni
687 1250 1083 1321 compositione
1120 1251 1370 1318 superior
1396 1245 1490 1312 sit,
1526 1255 1579 1300 et
1597 1246 1832 1316 amplius
1869 1245 2075 1314 magis-

505 1362 613 1418 que
629 1345 846 1416 proprie
871 1356 1206 1412 unaquieque
1227 1355 1466 1412 persona
1491 1340 1791 1395 divinitatis
1805 1340 2076 1411 princeps,

514 1449 570 1494 et
602 1437 944 1494 solummodo
986 1435 1370 1505 proprietatem
1399 1433 1712 1503 propriam,
1764 1435 1896 1502 quae'
1928 1435 2079 1489 nullo

504 1531 665 1587 modo
687 1543 924 1599 unquam
956 1527 1182 1597 incepit,
1205 1526 1500 1596 possideat.
1531 1527 1935 1596 Proptereaque
1968 1543 2067 1581 na-

503 1635 625 1677 tura
661 1620 819 1674 Pater
853 1635 980 1674 vere
1012 1626 1166 1688 pater
1187 1628 1292 1681 est,
1338 1617 1443 1672 hoc
1473 1617 1618 1671 enim
1647 1617 1748 1672 soli
1790 1619 2071 1689 proprium

499 1724 585 1770 est
622 1724 676 1769 et
716 1722 1039 1782 perpetuum
1074 1728 1090 1777 ;
1129 1721 1184 1765 et
1212 1708 1386 1765 Filius
1423 1719 1621 1764 natura
1653 1709 1796 1764 [ilius
1823 1719 1924 1770 est.
1952 1725 2075 1764 om-

504 1811 591 1861 nia
623 1804 796 1860 Patris
825 1803 1132 1873 possidens,
1174 1816 1339 1856 unam
1395 1803 1440 1856 si
1474 1801 1719 1871 excipias
1773 1800 2079 1871 patet-nita-

2185 609 2244 674 ἑξ
2277 609 2440 661 αὑτοῦ
2490 608 2680 662 τούτου
2714 609 2947 678 πρόεισι,
2980 607 3114 676 πρὸς
3139 609 3276 676 ὅπερ
3316 609 3518 661 ἄτοπον
3551 610 3582 658 6
3613 607 3765 674 λόγος

2185 699 2214 749 6
2254 699 2418 762 πολὺς
2457 701 2566 752 τῶν
2612 701 3010 768 ἀντικειμένων
3054 701 3201 768 ἡμᾶς
3238 699 3568 764 συνήλαυνε.
3597 698 3764 751 Τοῦτο

2185 797 2240 848 δὲ
2272 797 2493 857 πάντως
2523 797 2624 864 οὐχ
2661 794 2855 864 ὕφεσις
2887 792 2982 846 τοῦ
3033 791 3410 863 προσκυνητοῦ
3446 792 3762 860 Πνεῦματός

2186 905 2292 950 τις,
2315 887 2504 954 ὥσπερ
2529 886 2574 938 δ’
2600 885 2668 938 αὖ
2694 885 2920 954 οὐδεμία
2941 884 3035 938 τοῦ
3060 883 3396 951 Μοιιογενοῦς
3420 883 3586 936 πάλιν
3613 882 3763 936 ἐλάτ-

2185 995 2374 1040 τωσις,
2406 980 2486 1030 ὅτι
2514 976 2611 1030 τοῦ
2644 976 2852 1046 Πατρὸς
2885 975 3097 1045 ἔχοντος
3123 974 3213 1026 τὸν
3244 975 3375 1028 Υίὸν
3400 974 3496 1026 καὶ
3520 974 3585 1026 τὸ
3611 973 3763 1038 ἅγιον

2185 1069 2408 1138 Πνεῦμα
2440 1069 2568 1140 παρ’
2600 1066 2819 1132 ἑαυτοῦ,
2851 1065 2912 1118 τὸ
2948 1064 3172 1134 Πνεῦμα
3197 1064 3258 1116 1:6
3286 1064 3443 1131 άγιον
3470 1062 3600 1132 παρ’
3633 1064 3761 1114 ἑαυο

2182 1161 2275 1214 τοῦ
2315 1162 2475 1230 μόνον
2505 1160 2600 1212 καὶ
2629 1163 2657 1213 ὁ
2691 1159 2816 1222 Υἱὸς
2847 1151 3002 1222 οὗτος
3058 1158 3342 1226 κέκτηται.
3373 1156 3439 1208 Ti
3475 1155 3610 1222 πρὸς
3640 1154 3760 1206 τοῦ.

2180 1269 2293 1315 τοις
2325 1255 2417 1306 καὶ
2443 1252 2550 1305 τῶν
2586 1250 2967 1304 ὑποστατικῶν
2997 1250 3383 1319 άντιδιαιροῦσι
3428 1248 3499 1300 τά
3538 1247 3760 1315 φυσικά,

2186 1347 2260 1413 μὴ
2317 1344 2567 1404 νοοῦντες
2605 1343 2678 1404 ὡς
2736 1345 2827 1395 ἐπὶ
2857 1343 2992 1394 Θεοῦ
3045 1343 3138 1392 καὶ
3175 1343 3232 1394 αξ
3283 1339 3545 1408 ἰδιότητες
3603 1340 3762 1403 φύσει

2181 1438 2504 1506 πρόσεισιν;
2559 1437 2681 1488 ἐπεὶ
2717 1435 2838 1506 μηδ’
2900 1435 3012 1504 ἔχει
3071 1435 3133 1487 τὸ
3184 1431 3530 1502 συμϐεϐηκὸς
3580 1431 3760 1500 χώραν

2182 1532 2315 1593 ἐκεῖ,
2348 1529 2531 1599 πάσης
2578 1526 2744 1581 αὐτοῦ
2803 1525 3106 1589 συνθέσεως
3149 1525 3301 1586 ὄντος
3355 1521 3636 1583 ἐπέκεινα,
3670 1520 3764 1570 καὶ

2181 1620 2240 1673 τὸ
2266 1620 2450 1690 μεῖζον
2478 1619 2572 1672 καὶ
2605 1617 2940 1690 κυριώτερον
2969 1616 3202 1668 ἑκάστου
3231 1614 3294 1684 δὴ
3318 1613 3429 1666 τῶν
3457 1609 3764 1682 προσώπων

2181 1714 2404 1784 ἔχοντος
2437 1712 2543 1764 τῶν
2573 1711 2878 1780 θεαρχικῶν
2913 1709 3007 1761 καὶ
3050 1707 3223 1776 μόνως
3253 1706 3354 1775 τὴν
3388 1704 3633 1770 ἰδιότητα
3662 1704 3762 1771 τὴν

2180 1805 2413 1869 οἰκείαν,
2455 1805 2549 1858 καὶ
2602 1800 2960 1873 μηδοπωσοῦν
2989 1799 3300 1871 ἀρξαμένην
3341 1798 3637 1868 μηδέποτε.
3673 1795 3763 1846 Δ.ὸ

502 1909 656 1965 tem;
699 1898 858 1953 sicuti
913 1904 966 1950 et
1019 1895 1258 1965 Spiritus
1292 1903 1521 1948 sanctus
1566 1903 1761 1949 natura
1817 1903 1899 1948 est
1935 1895 2069 1964 quod

2183 1898 2323 1950 κατὰ
2358 1896 2521 1966 φύσιν
2547 1897 2574 1948 6
2621 1893 2810 1963 Πατὴρ
2858 1891 3026 1955 ὅντως
3083 1891 3285 1960 πατὴρ,
3320 1889 3478 1942 τοῦτο
3523 1890 3621 1940 καὶ
3653 1888 3760 1953 γάρ

505 1997 870 2057 nuncupatur,
924 1985 1051 2040 licet
1105 1998 1282 2054 neque
1325 1984 1703 2054 paternitatem
1756 1986 2070 2056 partieipet,

505 2095 677 2149 neque
719 2078 1032 2134 ﬁliationem
1069 2077 1300 2131 sortitus
1337 2076 1429 2130 sit.
1464 2075 1666 2130 Natura
1725 2077 1910 2148 itaque
1945 2087 2070 2131 sunt

503 2175 556 2225 in
590 2171 815 2225 minime
858 2169 1162 2241 composita
1210 2179 1262 2222 et
1315 2183 1479 2236 quam
1539 2167 1776 2222 maxime
1834 2169 2070 2238 simplici

503 2261 857 2330 Triadeipsae
896 2259 1221 2315 differentiae
1273 2257 1710 2326 uniuscujusque
1764 2258 2070 2329 hypostasis

500 2364 550 2410 et
584 2354 965 2425 proprietates,
996 2352 1211 2408 etiamsi
1249 2351 1362 2421 jam
1386 2351 1516 2406 dicti
1550 2366 1676 2405 cum
1703 2351 1926 2420 reliquis
1951 2354 2072 2407 aliis

504 2448 660 2516 plane
699 2449 748 2502 id
783 2448 1176 2518 ignoraverint.

2185 1989 2331 2058 μόνῳ
2369 1985 2518 2058 αὐτῷ
2553 1987 2648 2042 καὶ
2692 1987 2886 2047 ἀΐδιον,
2922 1984 3016 2038 καὶ
3063 1985 3179 2046 υἱὸς
3219 1983 3361 2036 κατὰ
3394 1981 3558 2050 φύσιν
3589 1980 3760 2043 uigu-

2181 2097 2276 2134 κεν
2305 2082 2333 2133 6
2359 2080 2503 2144 Υἱὸς,
2527 2080 2702 2134 πάντα
2731 2080 2798 2132 τὰ
2831 2077 2925 2131 τοῦ
2959 2077 3170 2146 Πατρὺς
3197 2075 3334 2146 ἔχων
3365 2073 3504 2141 πλὴν
3528 2076 3630 2140 τῆς
3658 2087 3757 2122 παν

2179 2175 2456 2245 τρότητος,
2483 2173 2555 2236 ὡς
2592 2173 2686 2226 καὶ
2718 2171 2776 2224 is
2803 2170 3030 2240 Πνεῦμα
3057 2169 3117 2224 τὸ
3148 2171 3304 2238 ἅγιον
3331 2170 3468 2238 ὅπερ
3491 2165 3754 2235 ὀνομάζεο

2178 2283 2266 2320 ται
2292 2269 2433 2319 κατὰ
2460 2265 2620 2334 φύσιν
2648 2265 2784 2329 ἐστὶ,
2811 2266 2947 2335 μήτε
2976 2264 3068 2316 τοῦ
3100 2262 3287 2332 Πατὴρ
3318 2261 3590 2331 ὑπάρχειν
3624 2275 3753 2327 μετ·

2184 2357 2454 2428 εσχηκὼς,
2490 2360 2628 2427 μήτε
2662 2359 2723 2410 τὸ
2755 2359 2880 2421 Υἱὸς
2926 2355 3370 2425 κληρωσάμενον.
3399 2354 3570 2406 Φΰσει
3627 2351 3752 2420 γοῦν

2172 2448 2266 2501 ἐπὶ
2295 2449 2392 2518 τῆς
2437 2449 2732 2503 ἀσυνθέτου
2770 2447 2867 2502 καὶ
2909 2447 3085 2517 ἁπλῆς
3129 2446 3368 2517 μάλιστα
3404 2443 3639 2515 Τριάδος
3663 2442 3756 2494 αὖ.

502 2546 602 2614 τῆς
630 2541 689 2595 αἱ
725 2559 783 2594 τε
851 2539 974 2593 καθ’
1011 2541 1307 2594 ὑπόστασιν
1356 2540 1591 2612 ἑκάστην
1640 2539 1897 2614 διαφοραὶ
1924 2543 2018 2595 καὶ
2091 2541 2158 2596 τὰ
2227 2543 2523 2615 ἰδιώματα,
2580 2546 2682 2599 κᾶν
2733 2546 2782 2598 ol
2828 2544 3156 2614 δηλωθέντες
3215 2542 3354 2613 μετά
3397 2542 3506 2594 τῶν
3559 2541 3756 2592 λοιπῶν

500 2635 776 2707 ἠγνόησαν
804 2637 898 2689 καὶ
932 2635 1091 2688 τοῦτο
1122 2637 1496 2689 παντάπασιν.

573 2731 660 2785 40.
697 2729 841 2783 Satis
865 2729 1192 2798 abundeque
1229 2731 1297 2784 de
1338 2731 1440 2785 hoc
1494 2731 1878 2788 disseruimus.
1937 2733 2070 2788 Pos-

502 2839 623 2875 sum
659 2821 1018 2875 nihilominus
1059 2831 1110 2874 et
1163 2821 1284 2876 aliis
1349 2823 1538 2877 multis
1594 2823 1800 2893 scripto
1856 2826 2072 2879 traditis

502 2913 834 2984 testimoniis
858 2912 1258 2979 demonstrare,
1329 2914 1591 2982 Spiritum
1624 2926 1878 2972 sanctum
1905 2920 2070 2972 etiam

501 3020 565 3058 ex
595 3000 734 3056 Filio
755 3002 1126 3056 exsistentiam
1150 3004 1369 3068 trahere,
1399 3021 1520 3076 quae
1538 3009 1722 3062 omnia
1741 3024 1902 3077 quam
1919 3013 2076 3066 ocius

501 3111 602 3148 suo
627 3095 818 3148 ordine
850 3109 995 3148 nunc
1029 3094 1083 3148 in
1115 3093 1353 3150 medium
1413 3097 1668 3160 allerens,
1723 3103 2069 3167 postmodum

504 3189 557 3240 iu
591 3185 1514 3242 adversariorumconsultationem
1543 3199 1595 3243 et
1631 3190 2068 3245 adhortationem

502 3293 824 3341 convert-us,
859 3277 912 3331 iu
945 3276 1286 3333 moderatam
1321 3280 1532 3336 laudent
1566 3280 1682 3348 Dei,
1715 3292 1768 3336 et
1827 3285 2072 3353 particu-

501 3373 672 3422 tarem
700 3368 994 3438 gratiarum
1043 3371 1338 3434 actionem,
1386 3372 1461 3426 uti
1511 3384 1723 3443 potero,
1771 3377 2073 3430 orationem

503 3464 554 3513 iu
590 3476 858 3514 summam
899 3462 1164 3531 redigam,
1193 3465 1271 3518 uti
1311 3465 1379 3518 ab
1409 3464 1565 3521 initio
1615 3466 1742 3520 mihi
1777 3481 2076 3536 proposue-

503 3565 709 3619 ram,et
734 3555 786 3609 in
804 3554 1055 3626 prooemii
1079 3556 1426 3626 aggressione
1454 3558 1616 3628 primi
1650 3561 1754 3614 mei
1786 3560 2076 3615 Commen-

499 3648 624 3701 tarii
673 3647 1093 3714 constitueram,
1142 3649 1332 3718 sicque
1369 3651 1764 3708 addecentibus
1815 3654 2072 3724 precibus

499 3739 712 3804 eﬂusis,
782 3741 860 3795 uti
924 3756 1024 3811 par
1074 3749 1178 3806 est,
1255 3742 1477 3810 dignum
1553 3745 1736 3799 divina
1800 3755 2074 3800 annuente

500 3846 602 3899 ope
645 3831 772 3886 huic
803 3847 923 3886 meo
949 3832 1120 3888 labori
1146 3834 1304 3888 linem
1335 3835 1636 3903 imponam.
1669 3836 1774 3891 Sed
1793 3838 1906 3908 jam
1931 3838 2073 3892 dicta

498 3921 824 3990 compendio
882 3925 1203 3991 opponenda
1289 3934 1441 3992 sunt,
1484 3935 1539 3980 et
1591 3929 1668 3982 uti
1725 3943 1786 3984 se
1845 3930 2071 3988 habent.

499 4009 639 4063 Ante
665 4009 804 4064 alios
832 4025 1063 4080 magnus
1089 4010 1328 4069 Basilius
1351 4014 1406 4068 in
1434 4016 1600 4072 rebus
1662 4018 1866 4076 divinis
1897 4035 2068 4090 espo-

503 4103 699 4159 nendis
715 4103 1253 4173 praecellen'tissimus
1280 4107 1526 4164 oratione
1553 4111 1620 4165 de
1644 4109 1749 4166 llde
1777 4112 1890 4167 haec
1905 4115 2070 4168 certis

506 4194 683 4248 verbis
713 4195 962 4249 enuntiat
997 4212 1013 4253 :
1055 4215 1072 4248 ι
1124 4195 1362 4254 Vidimus
1403 4201 1578 4269 enim,
1614 4203 1690 4256 ait
1719 4203 2064 4274 evangelista,

501 4289 722 4358 gloriam
755 4287 893 4356 ejus,
935 4291 1163 4359 gloriam
1197 4293 1352 4362 quasi
1384 4291 1652 4364 Unigeniti
1675 4313 1709 4349 α
1741 4295 1903 4351 Patre
1933 4297 2002 4364 ⁸⁸,
2045 4316 2063 4350 s

499 4387 594 4433 hoc
613 4388 689 4433 est
726 4396 829 4432 non
857 4395 920 4433 ea:
953 4397 1164 4436 munere
1190 4387 1254 4436 de
1275 4400 1405 4438 novo
1423 4385 1503 4438 illi
1530 4387 1744 4440 tributis
1767 4387 2066 4450 miraculis,

2255 2731 2328 2806 μ’.
2373 2733 2590 2797 Ίκανῶς
2625 2733 2719 2786 καὶ⁵
2755 2731 3066 2804 ἀρκούντως
3103 2733 3232 2800 ἡμῖν
3276 2731 3368 2783 καὶ
3396 2730 3523 2799 περὶ
3551 2730 3754 2783 τούτων

2179 2827 2490 2881 διείλεκται.
2526 2825 2671 2896 Πλὴν
2702 2825 2810 2895 ἔχω
2837 2825 2930 2877 καὶ
2959 2824 3047 2878 διά
3079 2823 3287 2876 πολλῶν
3323 2823 3524 2892 ἐτέρων
3556 2841 3756 2893 γραφι-

2181 2916 2290 2969 κῶν
2319 2913 2485 2980 δεῖξαι
2515 2915 2696 2986 ῥητῶν
2727 2915 2803 2976 ὼς
2840 2914 2897 2966 τὸ
2943 2912 3166 2984 Πνεῦμα
3199 2912 3257 2965 τὸ
3309 2913 3462 2981 ἅγιον
3504 2913 3614 2965 κάκ
3660 2911 3753 2963 τοῦ

2182 3009 2311 3062 Υίοῦ
2339 3009 2494 3079 φέρει
2518 3008 2615 3077 τὴν
2646 3006 2900 3078 ὕπαρξιν,
2925 3006 2960 3060 ἃ
2986 3007 3163 3059 πάντα
3189 3007 3372 3076 τάχιον
3401 3006 3611 3075 ἀπάρτι
3635 3005 3753 3057 καθ’

2181 3101 2369 3172 εἱρμὸν
2421 3103 2477 3153 έν
2507 3099 2584 3169 τῷ
2620 3100 2770 3169 μέσῳ
2821 3098 3065 3169 προθεὶς,
3115 3093 3232 3151 εἶτα
3265 3099 3400 3168 πρὸς
3445 3097 3755 3166 συμόουλὴν

2177 3195 2286 3247 τῶν
2311 3193 2568 3252 ἐναντίων
2605 3194 2835 3264 τραπεὶς
2887 3193 2980 3245 καὶ
3034 3191 3352 3255 παραίνεσιν
3390 3191 3469 3252 είς
3521 3189 3752 3261 μετρίαν

2179 3287 2385 3340 αῖνεσιν
2417 3286 2509 3338 τὸν
2551 3286 2711 3353 λόγον
2743 3284 2819 3347 ὡς
2857 3284 3085 3353 δύναμις
3134 3280 3620 3352 ἁνακεφαλαιὼσω,
3659 3285 3752 3335 καὶ

2181 3376 2410 3447 μερικὴν
2443 3376 2794 3446 εὐχαριστίαν
2840 3373 2999 3440 Θεοῦ,
3034 3375 3175 3427 κατὰ
3205 3374 3294 3426 τὸν
3342 3373 3579 3444 ἀρχῆθεν
3625 3389 3750 3425 σκο-

2180 3475 2300 3532 πῶν,
2330 3471 2423 3522 καὶ
2446 3470 2543 3540 τὴν
2571 3473 2628 3522 ἐν
2655 3468 2731 3538 τῷ
2763 3467 3029 3538 προοιμίῳ
3063 3467 3429 3536 μεταχείρισιν
3459 3464 3555 3518 τοῦ
3615 3468 3750 3536 ἠμε-

2175 3559 2348 3614 δλποῦ
2381 3559 2594 3633 πρώτου
2621 3560 3022 3629 συντάγματος,
3054 3559 3146 3611 καὶ
3173 3558 3343 3620 οὕτως
3379 3557 3746 3627 ἐπευξάμενος

2175 3658 2240 3706 τὰ
2273 3654 2478 3718 εἰκότα,
2535 3653 2838 3723 καθαπερεὶ
2876 3652 3034 3719 θέμις
3086 3651 3256 3712 ἐστὶν,
3297 3649 3448 3716 ἄξιον
3483 3651 3585 3701 σὺν
3630 3650 3746 3716 Θεῷ

2179 3750 2346 3817 πέρας
2377 3745 2622 3800 ὲπιῦαλῶ
2651 3745 2727 3814 τῷ
2753 3746 2981 3814 παρόντι
3014 3742 3302 3813 πονήματι.
3339 3744 3449 3796 Καὶ
3473 3743 3537 3812 δὴ
3577 3759 3742 3814 προσ-

2176 3840 2357 3892 θετέον
2381 3839 2450 3892 ea
2479 3839 2589 3893 τῶν
2614 3838 2792 3910 ῥητῶν
2818 3839 2875 3890 ὲν
2914 3839 3163 3906 συντόμῳ
3187 3838 3278 3890 καὶ
3301 3834 3484 3898 καθὼς
3510 3835 3742 3906 ἔχουσιν.

2187 3931 2272 3983 Ἐν
2309 3929 2544 4000 πρώτοις
2578 3929 2606 3980 6
2633 3929 2806 3998 μέγας
2834 3927 3114 3989 Ιτασίλειος
3143 3929 3171 3978 6
3206 3927 3300 3979 καὶ
3329 3926 3400 3979 τὰ
3426 3927 3546 3979 θεῖα
3579 3926 3746 3988 πολὺς

2174 4025 2230 4075 ὲν
2279 4024 2355 4094 τῷ
2401 4025 2530 4091 περὶ
2575 4021 2814 4084 Πίστεως
2844 4021 2985 4090 λόγῳ
3032 4020 3212 4092 ῥητῶς
3240 4019 3413 4071 ταῦτα
3448 4016 3701 4081 διέξεισιν
3727 4029 3741 4043 ⁸

2177 4138 2193 4169 ι
2244 4115 2642 4185 Ἐθεασάμεθα
2679 4115 2806 4184 γὰρ,
2832 4113 3030 4182 φησιν
3058 4116 3090 4167 ὁ
3111 4111 3590 4181 Εὐαγγελιστὴς,
3636 4110 3748 4178 τὴν

2170 4211 2356 4274 δόξαν
2370 4209 2575 4272 αὑτοῦ,
2599 4207 2786 4272 δόξαν
2798 4208 2877 4273 ὡς
2890 4207 3270 4276 Μονογενοῦς
3285 4206 3443 4276 παρὰ
3456 4207 3709 4275 Πατρός,
3721 4224 3740 4257 ι

2170 4299 2482 4354 τουτέστιν
2517 4301 2628 4352 οὐκ
2664 4299 2731 4352 ἐκ
2762 4296 2985 4366 δωρεᾶς
3027 4298 3123 4350 καὶ
3167 4297 3408 4366 χάριτος
3446 4296 3747 4352 δοθέντων

2168 4390 2327 4456 αὐτῷ
2353 4389 2469 4444 τῶν
2489 4390 2819 4460 θαυμάτων,
2836 4389 2973 4443 ἀλλ’
3003 4389 3070 4442 ἐκ
3093 4385 3204 4457 τῆς
3233 4388 3383 4441 κατὰ
3411 4390 3604 4458 φύσιν
3626 4405 3744 4442 κοι-

499 4472 591 4526 sed
625 4489 689 4526 ea:
742 4475 1108 4530 communione
1154 4478 1438 4532 secundum
1479 4490 1727 4533 naturam
1766 4482 2063 4551 possidente

2177 4485 2383 4551 moria;-
2409 4483 2658 4551 ἔχοντος
2687 4481 2794 4535 τοῦ
2838 4480 2973 4535 Υίοῦ
3001 4479 3107 4548 τῆς
3136 4479 3426 4548 πατρικῆς
3455 4483 3734 4550 θεότητος

505 4561 650 4616 Filio
690 4575 923 4634 paterna:
979 4566 1192 4621 deitatis
1241 4569 1575 4637 dignitatem.
1618 4573 1861 4642 Accipere
1895 4575 2058 4642 siqui-

501 4657 618 4710 dem
649 4673 924 4711 commune
943 4659 1069 4729 quid
1093 4670 1170 4713 est
1204 4662 1364 4714 etiant
1422 4674 1700 4729 creaturw,
1750 4665 1839 4720 sed
1871 4681 1936 4719 ex
1969 4683 2064 4719 na-

500 4763 620 4804 tura
667 4751 854 4806 habere
895 4756 1167 4822 praprium
1217 4765 1292 4807 est
1324 4756 1506 4824 geniti.
1563 4755 1651 4810 Uti
1674 4759 1851 4828 itaque
1896 4755 2066 4810 Filius

500 4843 824 4896 naturaliter
859 4845 1089 4913 possidet
1127 4861 1446 4916 quaecunque
1463 4845 1648 4902 Patris
1675 4859 1819 4911 sunt,
1850 4849 1927 4902 uti
1951 4864 2064 4904 vero

503 4930 817 5004 Unigenitus
867 4937 1043 4989 omnia
1089 4937 1145 4989 in
1196 4937 1468 5006 semetipso
1516 4949 1832 5008 congregata
1886 4941 2063 5007 habet,

2165 4577 2229 4630 τὸ
2249 4576 2495 4646 ἀξίωμα.
2530 4575 2600 4629 Τὸ
2612 4574 2728 4645 μὲν
2752 4575 2861 4644 γὰρ
2879 4574 3085 4629 λαϐεῖν
3107 4574 3312 4627 κοινὸν
3330 4573 3596 4642 καὶπρὸς
3615 4575 3725 4641 τὴν

2165 4668 2382 4733 κτίσιν,
2429 4667 2496 4720 τὸ
2524 4666 2592 4720 δὲ
2619 4667 2783 4737 ἔχειν
2812 4667 2880 4719 ἐκ
2928 4667 3166 4735 φύσεως
3198 4665 3351 4719 ἴδιον
3389 4664 3500 4720 τοῦ
3529 4683 3731 4736 γεννηο

2165 4757 2391 4824 θέντος.
2431 4758 2526 4825 Ὠς
2549 4757 2664 4827 μὲν
2693 4752 2801 4812 οὖν
2862 4758 2993 4824 Υἱὸς
3037 4756 3308 4827 φυσικῶς
3340 4758 3620 4826 κέκτηται
3663 4759 3731 4811 τὰ

2164 4851 2270 4906 τοῦ
2297 4852 2548 4921 Πατρός,
2586 4852 2666 4917 ὠς
2687 4851 2754 4904 δὲ
2780 4853 3127 4920 Μονογενὴς
3154 4851 3265 4905 ὅλα
3290 4851 3417 4920 ἔχει
3459 4853 3530 4906 ὲν
3549 4850 3732 4916 ἑαυτῷ

2165 4945 2510 5009 συλλαϐὼν,
2559 4945 2808 5010 οὐδενὸς
2856 4943 3384 5015 καταμεριζομένου
3431 4947 3584 5013 πρὸς
3614 4945 3731 4997 ἑτε-

497 5028 644 5081 nullo
684 5027 737 5082 in
764 5030 928 5081 alium
957 5030 1146 5084 diviso.
1185 5027 1243 5082 In
1277 5046 1386 5084 uno
1409 5031 1634 5085 secundi
1673 5030 2060 5087 Thesaurorum

2177 5053 2291 5090 :ror.
2329 5035 2424 5089 'Ev
2456 5052 2561 5088 τινι
2592 5035 2699 5090 τῶν
2734 5037 3044 5104 κεφαλαίων
3081 5035 3173 5088 τοῦ
3201 5036 3455 5106 δευτέρου
3484 5036 3604 5089 τῶν
3628 5042 3730 5100 θη-

497 5119 676 5188 capite
713 5119 863 5174 hisce
893 5136 1001 5174 nou
1031 5121 1253 5176 dissona
1277 5122 1619 5178 admirabilis
1670 5125 1858 5178 scribit
1889 5127 2061 5197 Cyrno

498 5213 581 5265 lus
614 5230 626 5265 :
667 5211 1106 5278 Quomodo‘inter
1141 5229 1222 5267 res
1249 5214 1421 5281 factas
1467 5215 1927 5279 annumerabitur,
1974 5218 2064 5287 qui

492 5304 686 5359 divinae
723 5314 1056 5375 paternasque
1114 5305 1353 5360 assentire
1378 5322 1557 5360 omnes
1587 5307 1640 5359 in
1677 5323 1730 5360 se
1759 5310 2065 5375 complecti-

496 5411 580 5447 ίαν
611 5398 927 5451 naturaliter
962 5397 1143 5452 Patris
1206 5399 1555 5467 proprietates
1583 5416 1645 5454 ac
1675 5399 2011 5454 excellentius
2036 5403 2060 5454 ?

496 5489 560 5540 Et
589 5504 780 5544 rursus
815 5490 870 5544 in
893 5487 1009 5544 ilio
1046 5507 1060 5544 :
1095 5489 1372 5556 Quomodo
1402 5507 1502 5544 non
1529 5493 1626 5546 erit
1665 5490 1840 5546 Filius
1888 5498 2058 5547 vivens

492 5596 557 5632 ex
581 5581 774 5636 vivente
832 5581 1017 5647 Patre,
1063 5599 1182 5637 cum
1224 5585 1275 5638 in
1312 5585 1484 5652 ipsum
1547 5585 1866 5640 naturaliter
1907 5602 2060 5655 gene-

495 5675 659 5728 rantis
713 5675 1007 5742 proprietas
1059 5677 1265 5730 inuncet
1300 5677 1323 5729 ?
1356 5676 1454 5730 llic
1491 5675 1545 5730 in
1608 5677 1814 5732 dictum
1871 5678 2000 5732 illud
2043 5695 2056 5730 ε

561 5851 606 5882 "
626 5851 785 5911 Joan.
823 5870 860 5922 ι,
889 5857 975 5912 14.

2163 5125 2408 5195 σίιυρῶν
2432 5127 2622 5180 τούτου
2660 5129 2868 5198 συνῳδᾶ
2896 5130 2990 5182 καὶ
3021 5129 3048 5180 6
3095 5128 3393 5197 θαυμάσιος
3444 5127 3590 5195 λέγει
3620 5127 3726 5180 Κύ-

2167 5222 2373 5287 ριλ).ος⁶
2405 5219 2534 5286 Πῶς
2570 5221 2644 5275 ἂν
2667 5221 2762 5289 εἴη
2797 5220 2917 5275 τῶν
2942 5221 3247 5290 γεννητῶν
3283 5225 3316 5276 ὀ
3349 5223 3459 5290 τῆς
3488 5222 3645 5286 θείας
3671 5237 3726 5272 τε

2163 5312 2263 5365 καὶ
2291 5312 2570 5380 Πατρῴας
2601 5315 2812 5380 οὐσίας
2843 5314 2996 5383 ἔχων
3029 5315 3098 5368 ἐν
3130 5315 3320 5380 ἐαυτῷ
3366 5314 3637 5385 φυσικῶς
3661 5314 3725 5364 τὰ

2168 5405 2273 5459 τοῦ
2303 5406 2528 5474 Πατρός
2556 5405 2677 5460 ἴδια
2700 5407 2795 5460 καί
2815 5408 3127 5477 ἑξαίρετα;
3155 5409 3264 5461 Καὶ
3296 5408 3457 5462 πάλιν
3484 5408 3541 5460 ὲν
3567 5408 3720 5474 ille?

2167 5495 2298 5562 Πῶς
2327 5498 2439 5550 οὐκ
2478 5497 2649 5552 ἔσται
2677 5500 2804 5565 Υιὸς
2848 5498 2959 5559 ζῶν
2979 5500 3046 5554 ἐκ
3090 5498 3304 5566 ζῶντος
3328 5501 3575 5568 Πατρός,
3605 5498 3724 5550 diuo

2168 5590 2494 5656 ὄαινούσης
2542 5592 2629 5656 εἰς
2675 5591 2862 5644 αὐτὸν
2908 5589 3179 5659 φυσικῶς
3228 5591 3337 5659 τῆς
3374 5591 3481 5646 τοῦ
3519 5588 3720 5660 γεννή-

2166 5699 2390 5749 σαντος
2464 5682 2790 5752 ἰδιότητος;
2834 5678 3002 5746 Οὗτος
3063 5685 3142 5747 είς
3195 5684 3254 5736 τὸ
3311 5687 3470 5754 ῥητὸν
3525 5684 3602 5746 τὸ,
3645 5686 3721 5735 Οὐ
