3972 6580
280 308 394 377 1231

1086 291 1193 367 ὀε
1233 304 1750 368 PROCESSIONE
1793 306 1849 366 s.
1898 302 2258 364 SPlRlTUS
2299 300 2519 364 ORAT.
2563 299 2649 359 Ιῐ.

3360 289 3498 352 1282

275 425 354 476 θεν
384 413 757 487 προτεθείσαις
783 414 936 486 ἡμῖν.
970 414 1173 476 αἵτινες
1205 413 1505 484 ἀναφανδὸν
1534 415 1829 486 κυρύττου-

1945 429 2122 481 ruam,
2163 413 2253 482 qui
2288 411 2425 466 alios
2453 408 2721 478 sapientia
2754 418 3036 478 superant,
3070 416 3122 460 et
3154 405 3205 458 in
3251 404 3465 471 Scripzu

275 532 350 568 σιν
396 510 655 578 ὑπάρχειν
689 508 795 560 κάκ
846 507 942 560 τοῦ
1003 507 1133 560 Υίιῦ
1164 508 1224 561 τδ
1279 510 1504 578 Πνεῦμα
1551 508 1611 562 τὸ
1646 508 1819 575 ἅγιον.

272 603 523 669 Τοιαύτην
555 600 618 654 τὸ
649 600 821 668 παρδν
868 601 1047 670 δόγμα
1091 601 1199 654 κάκ
1232 602 1342 654 τῶν
1391 600 1573 672 ῥητῶν
1619 600 1825 654 τούτων

271 697 355 752 νῦν
392 695 508 763 ἔσχε
541 692 639 761 τὴν
692 693 967 758 ἀπόδειξιν
996 693 1115 763 ἃμα
1147 695 1243 747 καὶ
1292 693 1391 760 τὴν
1441 692 1824 763 συγκρότησιν,

268 792 393 855 ὅπερ
420 785 513 838 καὶ
544 785 649 854 πρὸ
689 784 868 837 αὐτῶν
906 786 1088 838 πᾶσαν
1134 784 1234 857 τὴν
1266 783 1524 854 ἀλήθειαν
1559 783 1703 854 ἔχειν
1748 783 1827 849 ὡς

271 880 417 950 ὀρθὸν
456 876 754 931 ἄπταιστον
781 892 840 930 τε
870 878 966 931 καὶ
996 878 1232 945 ἀσφαλὲς
1272 876 1360 931 διὰ
1394 875 1662 929 πλείστων
1690 874 1824 947 χρή-

268 988 394 1025 σεων
415 970 613 1039 ἐτέρων
636 970 923 1038 πατρικῶν
950 969 1317 1038 ἀποχρώντως
1340 967 1436 1020 καὶ
1460 967 1660 1030 ἱκανῶς
1686 982 1828 1036 παρ-

265 1063 582 1130 εστήσαμεν,
663 1059 932 1129 μηδαμῶς
966 1059 1288 1129 ἐξηγήσεως
1340 1057 1612 1127 δεομένων
1657 1057 1826 1122 τινος,

269 1154 383 1225 μηδ’
431 1150 723 1221 ἑρμηνείας
758 1152 1031 1221 μηδεμιᾶς
1064 1151 1143 1214 είς
1200 1149 1532 1221 κατάληψιν,
1574 1149 1635 1204 οῦ
1683 1148 1828 1217 λέγω

265 1246 369 1306 τοῖς
400 1242 507 1295 τῶν
543 1240 749 1293 πολλῶν
782 1240 1194 1311 ὑπερκειμένοις
1242 1241 1333 1294 τὸν
1361 1239 1508 1302 νοῦν,
1548 1240 1639 1294 καί¹
1664 1240 1828 1293 πλέον

265 1339 318 1389 ἐν
350 1338 463 1398 ταῖς
510 1334 753 1405 Γραφαῖς
801 1333 907 1385 τῶν
937 1333 1113 1387 ἀλλων
1143 1333 1523 1401 γινώσκουσιν,
1575 1333 1711 1386 ἀλλά
1737 1332 1829 1385 καὶ

264 1432 366 1492 τοῖς
396 1427 744 1496 ἁμελετήτως
778 1426 962 1496 έχουσι
1000 1427 1109 1480 τῶν
1135 1427 1307 1495 λόγων
1332 1427 1516 1488 αὐτοῖς
1542 1441 1558 1457 ⁸
1603 1428 1697 1480 καὶ
1719 1428 1831 1489 τοῖς

262 1520 511 1582 τοιούτοις
546 1520 653 1588 γὰρ
707 1519 762 1571 αί
817 1519 1034 1582 πλείους
1083 1523 1382 1591 σαφηνείας
1432 1520 1492 1573 ού
1546 1519 1826 1590 χρῄζουσι.

263 1612 465 1673 Ταύτας
496 1610 555 1663 δὲ
586 1608 972 1680 συλλεξάμενοι
1007 1610 1140 1678 παρ’
1182 1610 1322 1664 ὅλων
1354 1609 1692 1676 ἁπαξαπλῶς
1719 1609 1829 1663 τῶν

261 1702 354 1770 τῆς
383 1697 664 1761 εὐσεϐείας
717 1699 1099 1769 μυσταγωγῶν
1149 1697 1604 1769 προτεθείκαμεν.
1641 1697 1831 1763 Οῦτως

1929 508 2006 562 ris
2042 503 2433 578 dignoscendis
2476 502 2596 571 plus
2647 494 2770 554 aliis
2814 498 3019 563 valent,
3068 496 3161 551 sed
3214 495 3280 550 iis
3312 495 3500 559 etiam,

1928 599 2020 669 qui
2079 601 2226 653 circa
2282 608 2574 651 sermones
2613 607 2806 662 segnes
2844 600 3010 661 atque
3056 588 3278 644 hebetes
3323 597 3500 642 sunt:

1927 690 2130 744 horum
2188 686 2463 756 siquidem
2499 682 2703 753 potiori
2732 682 2872 752 parti
2909 679 3183 749 expositio
3214 692 3352 746 opus
3395 690 3502 729 non

1932 780 2116 836 fuerit.
2164 778 2228 831 Et
2272 778 2389 831 haec
2447 776 2676 831 collecta
2725 790 2789 827 ex
2834 773 3091 827 omnibus
3143 773 3254 824 fere
3290 768 3504 837 pietatis

1929 870 2263 944 mystagcgis
2299 869 2715 938 proposuimus.
2756 863 2884 920 Haec
2941 877 3134 919 omnes
3178 859 3501 932 diviniloqui

1930 970 1983 1017 et
2014 960 2252 1016 Numine
2285 958 2676 1013 amati‘Patres
2725 955 2921 1020 nostri,
2972 954 3173 1024 quibus
3216 966 3505 1008 sacrorum

1933 1053 2481 1122 venerandorumque
2526 1051 2842 1120 dogmatutn
2891 1063 3120 1104 examen
3174 1059 3322 1100 curae
3377 1043 3503 1105 fuit,

1931 1147 2156 1202 stabiles
2223 1146 2520 1215 solidaeque
2560 1143 2821 1199 Ecclesiae
2872 1143 3167 1203 columnae,
3211 1148 3267 1193 et
3314 1138 3508 1192 incon-

1931 1254 2091 1294 cussa
2112 1253 2176 1293 ac
2207 1237 2523 1294 ﬁrmissima
2561 1236 2806 1291 veritatis
2841 1232 3272 1304 propugnacula,
3304 1228 3505 1299 smpios

1933 1332 1987 1384 in
2021 1329 2138 1386 suis
2175 1330 2593 1385 commentariis
2635 1329 3018 1390 decreverunt,
3049 1334 3103 1379 et
3133 1332 3379 1393 patenter
3408 1322 3510 1376 ad-

1935 1423 2182 1484 modum,
2218 1422 2387 1476 etiam
2417 1438 2482 1476 ex
2515 1420 2657 1475 Filio
2691 1420 3067 1475 exsistentiam
3096 1417 3300 1473 habere
3333 1415 3509 1485 Spiri—

1932 1523 2049 1569 tum
2093 1523 2365 1580 sanctnm,
2395 1514 2598 1584 quibus
2628 1512 2812 1581 plane,
2853 1522 2911 1564 ut
2942 1510 2996 1564 in
3033 1511 3155 1565 aliis
3186 1508 3510 1578 tlteologicis

1932 1623 2124 1662 eorum
2156 1606 2343 1672 dictis,
2377 1621 2570 1660 onmes
2603 1605 2762 1659 [idem
2795 1604 2959 1658 etiam
2999 1603 3050 1656 in
3085 1603 3190 1656 hoc
3221 1599 3508 1661 adbibere,

1935 1710 1988 1756 et
2036 1700 2366 1755 sententiam
2416 1698 2568 1768 sequi
2613 1698 2859 1760 addecet,
2906 1711 3029 1751 cum
3083 1694 3216 1764 ipsis
3263 1692 3316 1746 in
3365 1705 3502 1753 uno,

262 1765 492 1855 ἅπαντες
530 1793 578 1844 σί
613 1765 866 1860 θεηγόροι
897 1765 1339 1860 καὶ-θεόφθογγοι
1369 1792 1611 1861 Πατέρες
1653 1791 1828 1861 ἡμῶν,

1945 1792 2004 1846 de
2031 1806 2143 1861 quo
2177 1806 2321 1845 nunc
2353 1791 2589 1860 agimus,
2622 1787 3020 1852 contradicere,
3058 1785 3111 1838 in
3154 1782 3412 1838 omnibus
3442 1782 3511 1834 ab

260 1883 399 1946 ὅσοις
429 1886 461 1953 ἡ
492 1884 603 1936 τῶν
658 1884 823 1954 ἱερῶν
857 1883 1093 1954 ἐμέλησε
1148 1884 1241 1936 καὶ
1284 1883 1496 1936 σεπτῶν
1548 1884 1832 1953 δογμάτων

257 1977 518 2041 ἐξέτασις,
558 1976 609 2029 οἱ
640 1979 739 2045 τῆς
778 1975 1103 2045 Ἐκκλησίας
1131 1977 1347 2047 στερροὶ
1375 1975 1557 2029 στῦλοι
1583 1977 1676 2030 καὶ
1699 1994 1834 2047 κρα-

258 2069 413 2131 ταιοὶ,
446 2068 515 2121 τά
552 2068 865 2138 ἀκράδαντα
895 2068 996 2138 τῆς
1023 2068 1281 2139 ἀληθείας
1314 2068 1653 2139 προπύργια,
1700 2070 1832 2122 πολ-

257 2160 409 2224 λάκις
437 2163 494 2215 ὲν
544 2163 657 2225 τοῖς
694 2162 874 2217 αὐτῶν
900 2162 1076 2231 λόγοις
1126 2161 1507 2232 έδογμόιτισαν,
1541 2162 1635 2216 κοιὶ
1673 2177 1828 2231 περι-

260 2251 460 2320 φανῶς,
494 2252 579 2305 ὅτι
628 2254 736 2307 κάκ
774 2252 868 2305 τοῦ
924 2251 1052 2306 Υίοῦ
1087 2252 1149 2306 τὸ
1178 2250 1403 2322 Πνεῦμα
1432 2251 1494 2304 τὺ
1536 2251 1689 2319 ἆγιον
1717 2249 1834 2322 ἔχει

255 2343 350 2412 τὴν
384 2345 641 2414 ὓπαρξιν,
672 2339 754 2410 οἷς
787 2346 945 2416 δῆτα,
988 2344 1171 2407 καθὼς
1213 2346 1270 2398 ὲν
1320 2344 1522 2407 πάσαις
1566 2346 1691 2408 ταῖς
1720 2343 1832 2399 λοι-

257 2437 380 2498 παῖς
409 2434 717 2505 θεολογίαις
750 2437 955 2501 αὐτῶν,
985 2438 1112 2500 τοὺς
1144 2437 1351 2499 πάντας
1385 2436 1669 2490 πείθεσθαι
1701 2437 1833 2491 κάν-

255 2528 427 2582 ταῦθα
464 2532 562 2582 καὶ
592 2529 1006 2585 κατακολουθεῖν
1029 2530 1239 2584 δίκαιον
1268 2544 1282 2559 ⁶
1317 2529 1506 2600 ἐπειδὴ
1533 2530 1594 2583 τὸ
1622 2529 1833 2596 τούτοις

258 2622 436 2686 αὐτοῖς
463 2623 772 2691 ἀντιλέγειν
798 2625 855 2677 ἐν
884 2623 986 2687 ἐνὶ,
1012 2622 1260 2677 τουτέστι
1288 2621 1368 2693 τῷ
1392 2621 1505 2688 νῦν,
1534 2623 1591 2675 έν
1625 2622 1830 2677 ἅπασιν

1934 1883 2138 1938 eisdem
2168 1881 2396 1937 Deitatis
2444 1880 2795 1951 dogmatibus
2842 1876 3225 1933 contradicere
3281 1875 3374 1930 sit.
3406 1872 3514 1939 Qui

1936 1985 2119 2031 autem
2185 1976 2290 2031 hoc
2348 1976 2600 2045 peragit,
2652 1974 2809 2045 plane
2870 1980 3062 2028 saneto
3122 1968 3515 2037 adorandoquo

1938 2067 2189 2139 Spiritui,
2224 2085 2252 2122 a
2293 2083 2400 2140 quo
2447 2077 2507 2121 ut
2540 2068 2860 2137 plurimum,
2896 2063 3143 2135 quinimo
3194 2061 3512 2117 indesinen-

1942 2169 2025 2214 ter
2086 2158 2298 2228 agitati,
2357 2168 2411 2214 et
2467 2167 2527 2213 ιιι
2580 2158 2762 2226 aptius
2810 2155 3014 2219 diram,
3073 2152 3261 2219 amati,
3325 2151 3513 2207 divina

1942 2266 2214 2322 sacraque
2266 2258 2432 2306 rectae
2469 2250 2588 2304 tidei
2629 2249 2887 2320 dogmata
2933 2246 3090 2302 nobis
3141 2244 3511 2315 e'tpnnebaut,

1942 2343 2181 2407 obsistit,
2215 2342 2269 2396 id
2315 2341 2500 2398 multis
2545 2341 2797 2397 amentize
2849 2343 3090 2410 signum,
3122 2338 3351 2393 insania:
3389 2335 3512 2390 aliis

1944 2437 2209 2493 indicium
2248 2447 2353 2504 est,
2392 2434 2536 2506 quod
2567 2451 2634 2491 ne
2675 2435 2950 2506 patiamur
2984 2434 3039 2488 in
3088 2432 3248 2485 tinem
3286 2429 3518 2499 supplex

1941 2546 2135 2598 exoro,
2170 2546 2346 2601 neque
2376 2530 2524 2602 quod
2556 2529 2681 2584 inde
2709 2528 2957 2584 imminet
2985 2526 3182 2581 animae
3212 2520 3511 2594 periculurn

1942 2626 2259 2680 subeamus.

257 2714 563 2783 ἀντιλέγειν
612 2716 728 2769 ἐστὶ
759 2717 871 2779 τοῖς
913 2714 1154 2787 ῥηθεῖσιν
1199 2715 1290 2768 ὑπ’
1328 2714 1513 2769 αὐτῶν
1559 2714 1844 2785 δόγμασιν.
1898 2716 1956 2770 ’0
1988 2716 2048 2772 δὲ
2119 2717 2278 2770 τοῦτο
2308 2715 2477 2769 ποιῶν
2520 2717 2836 2775 ἀντιπίπτει
2872 2712 3057 2782 σαφῶς
3102 2711 3182 2780 τῷ
3233 2710 3373 2781 ἁγίῳ
3403 2708 3499 2763 καὶ

258 2811 625 2883 προσκυνητῷ
676 2811 977 2882 Πνεύματι,
1010 2812 1144 2882 παρ’
1179 2805 1239 2865 οὗ
1284 2811 1348 2864 τὺ
1414 2809 1577 2864 πλέον
1625 2809 2030 2883 ὲνεργούμενοι,
2098 2812 2304 2882 κυρίως
2337 2811 2382 2864 δ’
2446 2812 2642 2878 εἰπεῖν,
2669 2808 3033 2881 ὲμπνεόμενοι
3082 2805 3409 2875 καὶμᾶλλον
3437 2804 3499 2857 τί)

259 2907 366 2959 πᾶν
401 2905 472 2959 τὰ
518 2904 640 2958 θεῖα
692 2906 788 2959 καὶ
828 2904 952 2977 ίερά
997 2907 1097 2976 τῆς
1143 2904 1312 2975 ὀρθῆς
1363 2906 1561 2960 ἐκεῖνοι
1608 2904 1844 2971 πίστεως
1885 2904 2157 2971 ὲξετίθουν
2189 2907 2320 2976 ἡμῖν
2353 2905 2600 2976 δόγματα
2626 2919 2641 2935 ⁸
2672 2903 2733 2956 τδ
2801 2902 2856 2981 δὲ
2892 2900 3320 2971 παρανρρυσύνης
3353 2897 3495 2966 γνώο
3545 2892 3549 2897 ’

259 3011 427 3067 ρισμα
454 2999 572 3059 τοῖς
615 2996 849 3061 πολλοῖς,
892 2995 1091 3067 μανίας
1120 2997 1179 3050 δέ
1222 3013 1362 3051 τισιν
1391 2997 1603 3067 ἀφάτου
1629 2997 1952 3069 τεκμήριον,
1984 2997 2012 3052 δ
2074 2999 2168 3052 καὶ
2200 2999 2276 3069 μὴ
2305 2996 2596 3068 πάθοιμεν,
2666 2995 2910 3064 ἀδελφοὶ,
2978 2992 3066 3046 διὰ
3095 2992 3306 3056 τέλους,
3339 3007 3523 3061 παρα-

254 3093 425 3159 καλῶ,
484 3094 626 3165 mea
659 3093 750 3148 τὸν
795 3093 1046 3148 ἐντεῦθεν
1097 3094 1474 3164 ὑποσταίημεν
1510 3095 1612 3165 τῆς
1658 3094 1839 3166 ψυχῆς
1870 3093 2138 3149 κίνδυνον.

327 3195 438 3260 μα’.
468 3189 675 3259 Τρέπω
702 3188 811 3258 γὰρ
838 3188 1040 3260 ἀπάρτι
1065 3188 1243 3254 καλῶς
1270 3188 1332 3242 τὸ
1360 3188 1455 3242 τοῦ
1484 3189 1644 3256 λόγου
1675 3189 1841 3258 πρόσ-

2020 3188 2111 3242 41.
2158 3186 2435 3243 Converto
2480 3184 2751 3254 siquidem
2806 3196 2953 3237 nunc
2998 3181 3066 3234 ad
3114 3194 3212 3234 vus
3255 3176 3523 3233 orationis

248 3299 397 3335 ωπον
447 3281 594 3353 πρὸς
637 3282 800 3349 ὑμᾶς,
847 3280 975 3343 τοὺς
1042 3283 1207 3352 μέχρι
1256 3280 1350 3335 τοῦ
1406 3279 1502 3336 νῦν
1547 3280 1683 3352 πρὸς
1732 3280 1832 3350 τὴν

253 3371 520 3443 ἀλήθειαν
574 3370 761 3434 κακῶς
816 3369 1241 3435 ἀντιϐαίνοντας,
1272 3370 1480 3441 οὕσπερ
1519 3368 1628 3423 οὐδ’
1685 3368 1835 3422 ἀδελ-

252 3464 405 3530 φοὺς.
419 3462 758 3531 αἰσχύνομαι
788 3462 886 3515 καὶ
908 3462 1069 3517 πάλιν
1095 3465 1304 3529 καλεῖν,
1339 3463 1444 3517 κᾶν
1466 3464 1555 3516 ἐπὶ
1581 3464 1835 3517 τοσοῦτον

250 3552 413 3620 ἡμῶν
453 3554 557 3606 καὶ
589 3552 792 3622 ταύτης
835 3554 1099 3617 διέστητε.
1138 3556 1595 3626 Προσοικειοῦμαι
1640 3557 1697 3610 δὲ
1736 3557 1837 3628 μά-

249 3643 409 3699 λιστα
446 3648 553 3700 καὶ
593 3646 653 3699 τὸ
684 3648 856 3711 πάθος
886 3648 1061 3717 ὑμῶν,
1110 3651 1209 3720 οὐχ
1240 3643 1401 3727 ἦττον
1435 3651 1491 3705 δὲ
1522 3650 1618 3704 καὶ
1656 3650 1747 3703 τὸν
1773 3652 1837 3704 ἐκ

250 3735 446 3789 τούτου
475 3736 713 3808 ψυχικὸν
741 3738 983 3809 ὄλεθρον,
1012 3740 1163 3810 νόμῳ
1190 3741 1289 3810 τῆς
1318 3736 1383 3813 ἧς
1413 3741 1547 3811 πρὸς
1576 3740 1837 3813 ἀλλήλους

248 3824 554 3894 ὀφείλομεν
584 3827 804 3894 ἀγάπης
836 3830 884 3881 οἱ
916 3829 1418 3900 προσαγορεύεσθαι
1444 3832 1700 3903 λαχόντες
1731 3830 1838 3885 ἀπὸ

249 3915 524 3985 Χριστοῦ,
560 3918 651 3970 καὶ
677 3918 778 3987 τῆς
812 3920 1085 3991 προτέρας
1128 3920 1542 3991 κατ’ὲξαίρετόν
1586 3924 1733 3976 ἐστιν
1780 3925 1839 3975 ἐν

248 4003 333 4071 οἷς
364 4009 480 4063 ἀπὸ
514 4009 735 4063 πάντων
764 4011 917 4081 ὑμῶν
942 4013 1123 4077 φιλίας
1156 4015 1249 4067 καὶ
1275 4014 1564 4078 διαθέσεως
1582 4030 1597 4046 ο
1624 4017 1719 4068 καὶ
1743 4033 1843 4070 κα-

247 4100 504 4154 ταλείπω
551 4102 648 4172 τὴν
684 4102 870 4174 κοινὴν
910 4102 1073 4172 φύσιν
1107 4104 1284 4175 ἡμῶν,
1330 4106 1450 4177 ἥτις
1491 4107 1595 4176 πρὸ
1639 4108 1841 4163 τούτων

247 4193 385 4247 αὐτὸ
417 4193 801 4264 παραδίδωσιν
828 4212 842 4225 ’
878 4195 957 4250 ἔτι
988 4196 1051 4250 τὸ
1081 4198 1218 4268 πρὸς
1244 4200 1341 4267 τῆς
1376 4198 1528 4267 ίερᾶς
1567 4198 1842 4269 κολυμϐή-

249 4284 389 4356 θρας
415 4287 652 4358 γνήσιον
684 4286 932 4359 περιέπω
961 4290 1057 4342 καὶ
1082 4290 1340 4356 συγγενές
1358 4305 1372 4321 ο
1396 4290 1476 4343 ἔτι
1501 4290 1598 4361 τὴν
1623 4290 1840 4359 ὁμιλίαν

247 4370 327 4431 ὧν
353 4378 502 4448 ἔφην
537 4377 796 4449 αἰδοῦμαι
828 4380 970 4434 κατὰ
997 4380 1056 4432 τὸ
1074 4380 1220 4444 εἰκὸς
1247 4381 1341 4434 καὶ
1360 4380 1669 4451 συνήθειαν,
1706 4379 1841 4449 μέλη

246 4470 310 4522 τὸ
366 4471 510 4541 πρὶν
544 4471 814 4542 ἡμέτερα,
870 4475 962 4525 καὶ
996 4473 1046 4525 εἰ
1095 4472 1424 4544 διετμήθητε
1476 4473 1584 4543 πρὸ
1624 4471 1842 4537 πολλοῦ,

1951 3279 2169 3344 faciem,
2217 3278 2284 3332 ad
2336 3277 2440 3332 hoc
2479 3292 2654 3347 usque
2701 3285 2915 3344 tempus
2950 3274 3198 3343 improbe
3236 3271 3519 3326 veritatem

1949 3381 2355 3441 oppugnantes,
2394 3385 2535 3439 quos
2564 3367 2762 3422 fratres
2793 3366 3122 3435 compellare
3145 3378 3358 3426 rursus,
3396 3362 3522 3419 liect

1949 3464 2290 3517 tantumdem
2337 3476 2367 3517 a
2421 3460 2578 3516 nobis
2628 3468 2684 3515 et
2737 3461 2806 3515 ab
2863 3459 2975 3533 ipsa
3025 3455 3375 3523 dissociatos,
3410 3470 3518 3510 non

1957 3556 2145 3624 pudet.
2200 3552 2427 3609 Vestros
2480 3567 2609 3607 vero
2663 3552 2795 3606 mihi
2857 3550 3106 3615 allectus,
3157 3565 3256 3605 nec
3315 3549 3520 3611 minus,

1951 3662 2075 3716 quae
2095 3661 2160 3700 ex
2187 3646 2289 3701 lzoc
2319 3646 2494 3700 oritur
2527 3644 2725 3700 anima:
2756 3641 3051 3714 perniciem
3085 3656 3247 3710 opere
3276 3640 3522 3694 maximo

1950 3737 2172 3793 vindico
2225 3737 2343 3808 iege
2398 3736 2686 3791 charitatis
2729 3749 2848 3804 qum
2901 3734 3039 3788 inter
3089 3746 3192 3787 nos
3225 3748 3254 3786 a
3301 3729 3524 3786 Christo

1951 3846 2152 3885 nomen
2213 3831 2441 3886 sortitos
2498 3827 2836 3885 intercedere
2900 3826 3081 3888 debet,
3143 3833 3197 3878 et
3249 3822 3525 3894 przeclpuo

1954 3923 2199 3978 onmium
2245 3922 2504 3977 amicitiae
2576 3929 2632 3975 et
2678 3917 3099 3979 benevolentiae,
3150 3925 3207 3971 et
3258 3921 3525 3985 praeterea

1957 4028 2307 4070 communem
2342 4024 2619 4076 naturam,
2654 4026 2772 4080 quae
2804 4019 2932 4065 ante
2967 4009 3074 4063 alia
3105 4008 3157 4062 id
3204 4007 3362 4062 nobis
3391 4004 3528 4060 insi-

1956 4115 2227 4169 nuat,tum
2256 4115 2382 4159 ante
2406 4118 2628 4175 propter
2652 4118 2870 4158 sacrum
2900 4103 3178 4155 lavacrum
3205 4112 3526 4168 germanum

1955 4206 2119 4267 atque
2157 4196 2340 4263 aliine,
2392 4205 2506 4251 tum
2557 4194 2899 4251 consortium
2948 4202 3002 4248 et
3050 4190 3525 4253 consuetudinem,

1956 4304 2144 4343 eorum
2171 4302 2309 4355 quos
2344 4295 2403 4342 ut
2430 4287 2542 4341 dixi
2574 4302 2850 4352 revereor,
2887 4285 3129 4340 membra
3157 4292 3365 4347 nostra,
3400 4282 3530 4340 licet

1960 4380 2188 4433 multum
2223 4389 2352 4433 ante
2399 4386 2615 4447 tempus
2666 4378 2901 4441 abscisa,
2950 4378 3194 4431 membra
3235 4374 3530 4444 aliquando

1959 4466 2300 4532 honoranda,
2335 4466 2439 4522 etsi
2474 4467 2632 4536 longe
2665 4476 2791 4520 ante
2851 4464 3153 4534 deperdita.
3188 4463 3323 4529 Quis
3356 4460 3531 4516 male-

250 4561 393 4632 μέλη
418 4529 597 4616 ,ποτέ
642 4529 821 4633 τίμιοι,
861 4565 953 4619 καὶ
988 4566 1036 4618 εἰ
1079 4565 1187 4617 ἀπὸ
1216 4529 1452 4634 ’μακροῦ
1498 4529 1847 4634 διεφθάρητεί

1958 4562 2093 4616 licus
2123 4560 2358 4625 datmon,
2388 4560 2515 4629 quis
2545 4560 2743 4614 bonum
2770 4573 3070 4629 pacemque
3105 4557 3259 4611 vobis
3292 4554 3532 4610 maxime

246 4656 346 4719 Τίς
377 4656 603 4724 δαίμων
660 4656 861 4725 τελχὶν,
905 4659 1054 4719 ποῖος
1089 4656 1181 4710 τοῦ
1214 4655 1382 4709 καλοῦ
1433 4655 1655 4727 καὶτῆς
1691 4655 1846 4726 εἰρή-

244 4764 350 4817 νης
405 4745 609 4810 δεινῶς
669 4747 950 4818 βασκηνας
1000 4749 1145 4819 ἡμᾶς
1201 4747 1294 4801 τοῦ
1329 4746 1579 4817 σώματος
1620 4749 1721 4819 τῆς
1752 4747 1844 4802 τοῦ

244 4841 510 4909 Χριστου
565 4839 711 4901 θείας
761 4839 1059 4909 καθολικῆς
1132 4839 1465 4910 Ἐκκλησίας
1516 4838 1844 4903 διέσπασεν,

244 4933 396 4988 ὥστε
423 4933 578 4985 κατά
601 4932 691 4985 τὶν
718 4932 1012 4984 ἀπόστολον
1052 4931 1261 4985 Παῦλον
1287 4930 1470 4984 λοιπὸν
1489 4931 1552 4985 τὸ
1579 4931 1849 4986 σύνολον

242 5024 319 5091 τῇ
356 5025 621 5090 ἀλεθείῃ
662 5023 749 5092 μὴ
783 5025 1133 5089 πείθεσθαι;
1180 5024 1315 5077 Πότε
1348 5022 1851 5094 συγκολληθήσεσθε

244 5118 423 5171 πάλιν
466 5116 624 5185 αὑτῷ
650 5134 665 5181 ;
704 5115 830 5168 πότε
858 5115 1034 5185 τούτῳ
1065 5113 1703 5185 συναρμολογηθήσεσθε,
1730 5113 1852 5167 δόν-

238 5225 336 5270 τες
377 5202 625 5270 ιῼυτοὺς
681 5206 906 5277 ὁμονοίᾳ
942 5208 1007 5277 τῇ
1046 5206 1179 5275 προς
1213 5206 1379 5273 ἡμᾶς,
1424 5206 1517 5258 καὶ
1542 5204 1721 5258 τέλεον
1750 5204 1853 5272 τῆς

242 5298 534 5370 ἀληθείας
579 5300 903 5367 γενόμενοι;
936 5298 1157 5363 Τούτοις
1208 5299 1274 5369 δὴ
1308 5297 1583 5360 πείθεσθε,
1615 5299 1709 5350 καὶ
1755 5314 1853 5351 κα-

240 5390 653 5446 τακολουθεῖτε
687 5393 799 5454 τιιίς
829 5392 933 5462 πρὸ
964 5392 1140 5461 ἡμῶν,
1176 5392 1393 5454 οἵτινες,
1420 5390 1495 5452 ὡς
1525 5387 1670 5459 εἶχον
1693 5388 1854 5443 δυνά.⁸

245 5504 435 5557 μεως,
466 5488 728 5540 ἀντεῖπον
756 5485 833 5556 τῷ
869 5486 1121 5555 δόγματι,
1150 5484 1351 5552 καλῶς,
1379 5484 1540 5555 εἰπερ
1566 5483 1719 5537 αὐτοὶ
1748 5482 1856 5537 πά-

240 5580 334 5633 λιν
370 5579 692 5641 ἐπείθοντο,
734 5578 827 5632 καὶ
877 5578 1312 5649 κατηκολούθουν
1355 5581 1465 5642 τοῖς
1509 5579 1616 5650 πρὸ
1655 5578 1853 5645 αὐτῶν,

337 5755 389 5793 ⁸⁸
411 5754 603 5811 Calai.
640 5772 689 5818 ν,
727 5753 777 5807 7.

1956 4651 2208 4706 invidens
2256 4665 2285 4703 a
2342 4664 2571 4721 corpore
2621 4658 2825 4703 sancta:
2886 4647 3278 4716 catltolicmque
3323 4642 3529 4700 Christi

1955 4742 2216 4798 Ecclesiae
2272 4740 2549 4808 distraxit,
2611 4739 2683 4793 ita
2743 4746 2823 4803 ιιι,
2882 4754 3005 4793 cum
3063 4737 3307 4807 apostolo
3359 4724 3558 4790 Pauln'

1954 4836 2200 4905 loquor,
2275 4849 2493 4900 prorsus
2564 4831 2779 4885 raritati
2845 4846 2949 4885 non
3026 4829 3388 4900 obtemperetis
3433 4829 3530 4881 ⁸δῖ

1956 4927 2187 4994 Quando
2216 4927 2414 4980 iterum
2452 4924 2554 4994 ipsi
2585 4920 3137 4992 conglutinabimini,
3162 4920 3389 4990 quando
3423 4918 3557 4989 ipsi

1956 5018 2389 5088 eonjungemini,
2431 5016 2793 5083 vosmetipsos
2824 5012 3130 5067 concordia:
3179 5022 3378 5065 nostra:
3413 5016 3528 5062 tra~

1954 5112 2146 5166 dentes
2192 5118 2247 5164 et
2297 5108 2535 5179 perfecto
2596 5106 2882 5161 veritatem
2946 5102 3221 5174 amplexi?
3270 5102 3374 5155 Eos
3428 5114 3525 5154 vos

1957 5204 2159 5259 auditis
2218 5214 2272 5257 et
2331 5200 2656 5271 sequimini,
2714 5199 2804 5268 qui
2870 5206 2999 5252 ante
3062 5211 3196 5259 vos,
3258 5194 3334 5247 uti
3394 5194 3526 5262 ipsis

1961 5298 2194 5352 facultas
2247 5296 2371 5361 fuit,
2421 5297 2617 5365 dogma
2684 5300 3105 5362 oppugnarunt;
3158 5297 3412 5356 recteque
3474 5285 3529 5340 id

1963 5389 2218 5459 ageretis,
2275 5388 2319 5442 si
2375 5387 2477 5457 ipsi
2530 5401 2725 5440 rursus
2773 5384 3028 5438 audirent
3072 5388 3123 5434 et
3169 5385 3532 5447 sequerentur

1962 5481 2321 5550 antiquiores,
2366 5480 2458 5549 qui
2505 5476 2753 5547 ampliori
2820 5487 3073 5529 mensura
3123 5480 3175 5525 et
3223 5468 3382 5523 rebus
3411 5468 3535 5532 a'iig

1965 5574 2221 5628 omnibus
2281 5573 2623 5643 ειροιίἱειίιιιο
2676 5572 2834 5625 l.osc:
2885 5571 3227 5640 exsuperant,
3290 5573 3529 5638 quorum
