3974 6562
436 339 571 406 126-3

1453 359 1931 427 CONSTANTIN
1943 369 1965 427 l
2009 368 2347 436 MELITEN
2360 375 2550 436 [ΟΤΕ

3553 381 3691 447 1264

431 455 542 510 vita
575 470 853 513 sermones
880 463 1220 531 comprobat,
1251 476 1304 523 et
1330 482 1616 528 sermones
1647 473 1814 528 vitam
1849 490 1966 530 com

2075 526 2080 540 ,
2111 480 2305 545 οἵτινες
2338 483 2516 555 πολλῷ
2543 486 2619 557 τῷ
2654 486 2856 560 μέτρῳ,
2883 491 2975 544 καὶ
3007 491 3145 546 κατά
3167 494 3273 546 πᾶν
3298 492 3505 548 τούτων
3527 496 3690 565 ἐναρ-

438 548 726 617 mendant,
762 551 854 621 qui
909 555 1203 612 multorum
1237 558 1462 615 deorum
1511 564 1746 621 tenebris
1777 566 2005 636 dissipa-

434 638 527 704 tis,
558 648 612 694 et
652 640 928 698 haereseon
974 645 1230 702 universa
1265 648 1498 718 caligine
1528 652 1779 723 disjecta,
1812 656 2004 712 solari-

432 739 536 787 ous
573 732 742 789 radiis
783 734 835 789 in
865 737 1072 793 mundo
1102 739 1398 798 dilucidius
1433 743 1835 814 praefulserunt,
1867 750 2003 807 adeo

432 832 491 879 ut
527 824 594 880 de
644 834 877 896 utroque
920 826 1177 885 Satanam
1216 835 1494 903 puduerit,
1542 851 1733 892 eorum
1780 838 1887 895 vim
1946 841 2001 896 in

430 913 582 971 hisce
617 916 1072 988 conspicientem,
1117 931 1173 977 et
1207 939 1349 994 quos
1384 927 1754 998 augelicarum
1808 932 2004 986 cohor-

427 1004 561 1058 tium
606 1004 744 1061 ordo
773 1010 1015 1077 probans
1050 1011 1249 1068 mirum
1296 1015 1349 1070 in
1384 1017 1607 1072 modum
1640 1030 1754 1075 turn
1783 1031 1993 1092 propter

425 1093 479 1148 in
527 1106 762 1167 utroque
797 1096 1108 1155 ﬁrmitatem
1155 1104 1431 1172 eximiam,
1475 1117 1590 1163 tum
1639 1120 1862 1181 propter
1892 1112 1999 1167 im-

425 1202 669 1243 mensam
698 1189 1082 1250 fortitudinem
1116 1197 1420 1255 admiratus
1467 1210 1572 1258 est.
1606 1202 1670 1257 Et
1708 1205 1852 1273 quod
1879 1204 1995 1275 jam

422 1278 568 1334 dicta
621 1282 801 1337 omnia
848 1295 1091 1355 superat,
1145 1296 1196 1344 et
1261 1298 1520 1361 tanquam
1577 1307 1769 1348 eorum
1825 1296 1996 1368 magis

421 1375 705 1444 proprium
734 1377 788 1431 in
822 1377 978 1435 laude
1008 1382 1252 1452 ponitur,
1293 1399 1482 1440 eorum
1514 1389 1906 1443 commentaria
1940 1398 1996 1445 et

419 1464 628 1534 scripta
686 1465 851 1522 veluti
904 1466 1171 1526 Mosaicas
1225 1472 1439 1530 tabulas
1492 1485 1545 1531 et
1608 1491 1734 1532 vere
1782 1477 1996 1534 divinas

418 1568 583 1611 voces
648 1554 769 1626 Dei,
824 1559 1067 1618 Ecclesia
1099 1564 1385 1635 excipiens
1436 1567 1764 1624 reverendas
1832 1568 1994 1624 nobis

410 1650 933 1723 exosculandasque
984 1657 1348 1714 concredidit.
1402 1658 1459 1715 Si
1514 1660 1617 1716 hos
1668 1660 1834 1732 igitur
1894 1676 1995 1717 au-

415 1739 626 1798 dientes
657 1759 1042 1816 scquerentur,
1078 1749 1156 1804 uti
1200 1766 1299 1821 par
1336 1759 1443 1815 est,
1474 1752 1764 1809 addeeeret
1798 1768 1991 1820 rursus

413 1843 468 1889 et
518 1850 619 1892 nos
656 1852 847 1894 omnes
877 1840 1097 1897 eosdem
1131 1843 1309 1913 sequi,
1339 1854 1391 1898 et
1422 1858 1613 1900 eorum
1660 1845 1824 1902 doctis
1855 1861 1989 1902 sua.

415 1924 533 1981 deri
564 1935 617 1982 et
645 1930 984 1987 credere.'Et
1012 1932 1117 1989 hoc
1147 1949 1371 2013 prorsus
1401 1946 1560 1993 antea
1593 1937 1748 1992 nullo
1786 1946 1990 2008 puncto

415 2019 681 2087 temporis
720 2021 1037 2082 intermisso
1082 2040 1205 2080 cum
1241 2026 1397 2083 vobis
1433 2029 1766 2099 peregimus,
1815 2030 1990 2087 donec

376 2111 691 2166 —contraria
735 2112 789 2167 hi
839 2125 1171 2184 asserentes,
1214 2120 1592 2175 communium
1626 2119 1849 2177 Patrum
1893 2139 1986 2178 vc-

410 2201 594 2273 stigiis
654 2203 911 2263 insistere
962 2210 1337 2280 cognovimus.
1382 2209 1781 2271 Verumtamen
1837 2230 1987 2271 nunc

409 2302 557 2348 esset
597 2295 888 2353 manifesta
917 2298 1147 2356 dimotio
1182 2302 1404 2369 mentis,
1444 2312 1498 2360 ct
1546 2314 1738 2376 aperta
1770 2308 1981 2381 cogita—

406 2383 619 2440 tionum
684 2387 975 2457 alienatio,
1034 2391 1081 2448 si
1142 2402 1365 2452 sanctos
1421 2399 1703 2453 communi
1766 2399 1983 2457 calculo

406 2486 657 2547 receptos
693 2480 1028 2550 deserentes,
1060 2485 1212 2556 ipsos
1241 2501 1617 2557 sequeremur,
1648 2489 1741 2561 qui
1777 2491 1846 2547 ob
1883 2490 1983 2548 do-

377 2568 651 2625 ~minandi
705 2569 989 2629 libidinem
1020 2614 1035 2642 ,
1095 2586 1148 2631 et
1200 2580 1346 2648 quod
1399 2577 1662 2636 Romana:
1719 2581 1981 2640 Ecclesiae

330 2655 333 2657 “
378 2662 689 2736 privilegia
722 2667 1031 2739 antiquitus
1056 2681 1111 2726 et
1138 2686 1235 2743 per
1256 2687 1419 2730 omne
1444 2685 1659 2748 tempus
1688 2691 1975 2744 concessa,

406 2754 482 2810 uti
525 2771 645 2813 mos
687 2768 794 2827 est,
847 2774 1145 2832 agnoscere
1189 2774 1454 2832 renuunt,
1501 2768 1685 2824 omnia
1743 2769 1978 2825 conluu-

378 2846 595 2905 dentes
630 2858 684 2905 et
742 2853 1032 2911 temerarie
1065 2857 1471 2926 perlurhantes,
1500 2860 1976 2927 contradixerunt,

396 2940 545 3010 quod
576 2941 783 2999 utinam
822 2944 1029 3001 factum
1074 2962 1183 3004 non
1216 2948 1431 3019 fuisset,
1460 2956 1513 3007 et
1544 2951 1782 3024 dogmati
1814 2967 1976 3010 recta:

398 3033 612 3104 piaeque
649 3046 850 3093 nostrae
892 3038 1018 3095 ﬁdei
1047 3042 1232 3099 sensui
1267 3043 1461 3099 innixo
1488 3045 1806 3101 scandalum
1838 3045 1965 3101 uni-

2108 571 2222 640 γῶς
2253 574 2692 644 ὑπερϐαίνουσιν,
2716 571 2792 635 ὧν
2821 583 2849 633 ὁ
2885 580 2997 651 βίος
3029 582 3128 653 μὲν
3156 583 3231 653 τῷ
3256 583 3401 655 λόγῳ
3432 601 3689 655 συμμαρ-

2105 668 2281 735 τυρεῖ,
2331 670 2425 723 καὶ
2467 672 2495 723 ό
2536 669 2692 739 λόγος
2727 672 2784 725 δὲ
2817 673 2907 727 τὸν
2941 674 3059 745 βίον
3103 675 3438 747 συνίστησιν,
3481 674 3564 743 οἷς
3593 681 3688 732 καὶ

2103 756 2214 811 τῶν
2246 758 2394 828 ἡλίου
2428 764 2811 833 μαρμαρυγῶν
2855 765 3110 839 ἔλαμψαν
3135 772 3194 823 ὲν
3234 772 3429 843 κόσμῳ
3457 774 3685 843 φαιδρό-

2103 865 2297 919 τερον,
2357 853 2538 909 πᾶσαν
2585 852 3012 925 ἑξαφανίσαντες
3071 862 3170 932 τὴν
3232 864 3331 933 τῆς
3390 863 3685 928 πολυθεῒας

2102 939 2292 1011 ἀχλὺν.
2325 944 2422 998 καὶ
2450 945 2543 1000 τὸν
2577 945 2743 1018 ζόφον
2768 949 2876 1003 τῶν
2901 951 3164 1022 αἱρέσεων
3189 954 3368 1010 πάντα
3394 956 3684 1010 διασκεδά-

2105 1047 2318 1097 σαντες,
2349 1034 2423 1099 ὡς
2460 1037 2816 1109 αἰσχυνθῆναι
2852 1043 2947 1096 καὶ
2976 1044 3097 1098 κατ’
3121 1046 3433 1118 ἀμφότερον
3454 1048 3549 1102 τὸν
3576 1049 3683 1101 Σει-

2100 1124 2223 1189 τάν,
2254 1125 2354 1197 τὴν
2384 1130 2442 1183 ὲν
2464 1127 2677 1194 τούτοις
2706 1130 2937 1204 δύναμιν
2976 1136 3152 1189 αὐτῶν
3182 1136 3546 1209 θεασάμενον,
3584 1141 3682 1206 οὓς

2098 1216 2468 1290 διαφερόντως
2500 1222 2595 1275 καὶ
2626 1223 2737 1276 τῶν
2760 1225 3069 1294 ἀγγελικῶν
3093 1231 3391 1297 ταγμάτων
3418 1234 3452 1300 ἡ
3489 1231 3678 1285 διακόο

2100 1323 2302 1378 σμησις
2350 1311 2670 1384 ἀγασαμένη
2714 1315 2853 1369 κάπὶ
2889 1318 3025 1372 πολὺ
3073 1321 3174 1389 τῆς
3221 1320 3676 1393 ὑπερϐαλλούσης

2099 1400 2454 1470 στερρότητος
2493 1404 2550 1456 ἐν
2603 1404 2906 1476 ἑκατέροις,
2940 1409 3032 1462 καὶ
3081 1410 3185 1480 τῆς
3218 1411 3535 1484 ὑπερφυοῦς
3577 1416 3675 1468 ἀντ

2095 1489 2247 1559 δρίας
2277 1491 2724 1564 ὑπερεθαύμασε.
2759 1497 2832 1550 Τὸ
2863 1500 3082 1555 πάντων
3117 1502 3377 1571 μέγιστον
3426 1505 3538 1558 τῶν
3568 1508 3676 1575 ῥη-

2097 1581 2296 1638 θέντων
2339 1584 2455 1652 νῦν,
2483 1588 2578 1640 καὶ
2634 1588 2696 1642 τὸ
2730 1590 2934 1660 μᾶλλον
2976 1592 3156 1647 αὗτῶν
3196 1594 3553 1666 κυριώτερον,
3595 1591 3673 1651 ὧν

2092 1672 2161 1727 τά
2189 1675 2598 1748 συγγράμματα
2627 1679 2722 1733 καὶ
2754 1682 2881 1745 τοὺς
2909 1682 3099 1751 λόγους
3156 1683 3233 1749 ῶς
3261 1702 3415 1749 τινας
3443 1687 3674 1742 Μοισαῖ-

2094 1764 2195 1830 κάς
2226 1765 2443 1831 πλάκας
2471 1768 2753 1842 ἄντικρυς,
2783 1772 2879 1826 καὶ
2903 1772 3055 1837 θείας
3086 1775 3270 1845 φωνὰς
3298 1778 3331 1848 ή
3370 1778 3674 1847 Ἐκκλησία

2092 1855 2189 1910 τοῦ
2237 1856 2373 1911 Θεοῦ
2426 1858 2697 1932 δεξαμένη
2734 1861 3063 1928 σεϐάζεσθαι
3106 1866 3202 1920 καὶ
3234 1867 3484 1939 κατέχειν
3536 1871 3672 1939 ἡμῖν

2092 1949 2428 2021 παρέδωκεν.
2460 1953 2524 2007 Ei
2573 1955 2686 2017 τοῖς
2728 1956 2992 2021 τοιούτοις
3021 1956 3116 2011 οῦν
3158 1952 3306 2013 οὗτοι
3349 1962 3671 2031 πειθόμενοι

2089 2041 2548 2111 κατηκολούθουν,
2587 2045 2663 2110 ὡς
2690 2046 2749 2100 τὸ
2780 2048 2947 2114 εἰκὸς,
2971 2048 3091 2104 δέον
3118 2046 3188 2124 ἦν
3222 2050 3377 2113 αὖθις
3398 2054 3492 2107 καὶ
3520 2054 3668 2123 ἡμεῖς

2088 2131 2294 2198 πάντας
2323 2135 2743 2191 κατακολουθεῖν
2772 2138 2987 2204 τούτοις
3018 2141 3113 2194 καὶ
3160 2142 3470 2198 πείθεσθαι.
3507 2142 3582 2197 Τὸ
3608 2144 3666 2196 δὲ

2086 2224 2305 2290 πάντως
2336 2227 2396 2280 ού
2431 2227 2746 2298 διελίπομεν
2790 2230 3073 2297 τελοῦντες
3109 2233 3227 2301 μεθ’
3275 2234 3434 2304 ὑμῶν
3470 2235 3667 2305 πρότε-

2086 2329 2179 2389 ρον
2203 2319 2296 2373 καὶ
2331 2319 2508 2385 αὐτοὶ,
2541 2320 2731 2392 μέχρις
2759 2320 2827 2376 ἂν
2851 2323 3114 2378 τάναντία
3149 2325 3412 2394 λέγοντας
3437 2328 3663 2391 τούτους

2081 2414 2195 2476 τοῖς
2224 2416 2424 2477 κοινοῖς
2453 2415 2731 2484 Πατράσιν
2760 2415 3105 2486 ἐγνώκαμεν.
3128 2417 3329 2473 Novae
3348 2436 3414 2487 γε
3448 2434 3664 2490 προφα-

2080 2501 2179 2574 νὴς
2207 2502 2463 2568 ἔκστασις
2496 2505 2605 2559 τῶν
2637 2507 2871 2578 φρενῶν,
2905 2510 2999 2562 καὶ
3033 2509 3335 2580 κατάδηλος
3364 2515 3662 2583 παραπλη-

2082 2593 2170 2659 ξία
2200 2595 2308 2650 τῶν
2349 2595 2649 2667 λογισμῶν,
2682 2601 2731 2652 εί
2761 2601 2888 2665 τοὺς
2920 2601 3389 2673 ὁμολογουμένους
3414 2604 3662 2657 καταλεί-

2076 2683 2282 2755 ψαντες
2311 2685 2500 2753 ἁγίους
2534 2687 2721 2751 αὐτοῖς
2752 2688 2966 2753 τούτοις
2997 2689 3459 2761 ἀκολουθήσομεν.
3496 2692 3547 2745 οῖ
3568 2691 3661 2746 διὰ

2076 2776 2373 2848 φιλαρχίαν
2405 2781 2500 2833 καὶ
2551 2779 2612 2833 τὸ
2663 2780 2738 2851 μὴ
2774 2780 3061 2851 βούλεσθαι
3095 2782 3164 2836 τά
3206 2784 3305 2853 τῆς
3341 2783 3660 2856 Ῥωμαῖκῆς

2089 2868 2419 2940 Ἐκκλησίας
2445 2870 2716 2925 ἀνέκαθεν
2748 2858 3015 2944 πρεσϐεῖά
3060 2873 3149 2928 διὰ
3179 2876 3402 2940 παντὸς,
3434 2877 3511 2938 ὡς
3534 2875 3656 2942 ἔθος

2074 2954 2163 3030 ἦν,
2194 2960 2490 3031 ἀπονέμειν
2520 2950 2657 3034 αὐτῇ
2696 2965 3024 3034 συγχέαντες
3054 2964 3125 3020 τά
3156 2968 3356 3032 πάντα,
3392 2969 3491 3022 καὶ
3523 2985 3657 3036 συγ-

2072 3051 2415 3122 κυκήσαντες
2444 3052 2637 3120 ἀδεῶς,
2671 3055 2950 3123 ἀντεῖπον,
2985 3058 3061 3121 ὡς
3096 3058 3172 3129 μὴ
3206 3056 3430 3127 ὤφελον,
3462 3060 3556 3112 καὶ
3575 3059 3655 3130 τῷ

395 3127 631 3192 versale,
670 3128 969 3201 turbasque
1000 3133 1260 3190 omnibus
1295 3134 1609 3193 hominibus
1645 3150 1969 3195 communes

2075 3143 2192 3197 κατ’
2224 3143 2389 3216 ὀρθὴν
2439 3144 2685 3201 διάνοιαν
2742 3146 2843 3217 τῆς
2897 3127 3155 3213 εὐσεϐοῦς
3199 3150 3356 3221 ἡμῶν
3411 3127 3654 3213 πίστεως

394 3230 777 3288 procurantes,
827 3231 883 3278 ct
929 3234 1123 3279 contra
1174 3218 1307 3280 illud
1365 3239 1691 3298 pugnantes,
1754 3230 1963 3284 nullum

394 3309 556 3365 tinem
588 3309 862 3380 fecerunt,
913 3314 1275 3372 absurdarum
1319 3321 1720 3377 sententiarum
1766 3338 1966 3380 causas

397 3402 794 3475 contingentes,
848 3407 1023 3462 donec
1053 3408 1344 3465 dissidium
1388 3411 1532 3468 inter
1559 3414 1749 3471 ambas
1780 3414 1967 3471 Eccle-

390 3495 523 3561 sias,
573 3495 627 3550 in
676 3496 1105 3556 destructionem
1154 3502 1370 3571 generis
1408 3505 1606 3575 nostri,
1642 3524 1724 3564 vae
1790 3510 1959 3565 mihi!

388 3584 836 3658 disseminarunt,
896 3599 950 3647 et
996 3594 1294 3650 multorum
1329 3596 1624 3667 inscitiam,
1666 3602 1747 3657 vel
1783 3602 1963 3671 potius

388 3680 702 3737 divinarum
741 3682 1147 3756 Seripturarum
1199 3688 1600 3759 ignorationem
1643 3693 1713 3749 ad
1754 3695 1859 3751 hoc
1907 3697 1958 3750 in

387 3774 654 3830 auxilium
711 3776 817 3830 sibi
875 3790 1264 3846 assumentes,
1312 3790 1366 3836 et
1423 3786 1628 3855 proprii
1694 3789 1959 3858 propositi

385 3867 569 3922 socias
622 3867 723 3923 sibi
781 3869 1164 3941 adjungentes,
1229 3876 1390 3944 cujus
1453 3890 1642 3942 causa,
1710 3887 1770 3933 ut
1824 3880 1959 3935 mihi

386 3959 558 4029 probe
607 3960 837 4025 suadeo,
884 3964 1068 4018 omnia
1118 3980 1222 4021 nos
1273 3970 1624 4036 postmodum
1672 3972 1831 4025 noxia
1866 3973 1956 4027 illa

385 4066 727 4123 oppressere,
788 4062 848 4110 ut
904 4054 1161 4111 delictum
1220 4059 1288 4113 ab
1344 4059 1474 4127 illis,
1527 4062 1622 4132 qui
1679 4071 1803 4118 ante
1855 4081 1957 4122 nos

385 4144 557 4212 luere,
602 4151 861 4202 audacter
909 4147 961 4201 in
1010 4146 1220 4205 Numen
1271 4150 1599 4208 intentatum
1644 4154 1953 4211 vindicare-

384 4245 492 4293 tur.
549 4235 878 4293 Dominandi
943 4253 1109 4309 porro
1177 4233 1456 4319 libidinem
1509 4255 1562 4301 et
1621 4245 1952 4323 desiderium

383 4343 506 4386 sese
541 4344 766 4400 prorsus
808 4347 837 4385 a
870 4331 1076 4404 judicio
1112 4332 1257 4390 illius
1301 4336 1572 4393 cximendi
1602 4339 1953 4408 tempestatis

386 4422 552 4494 hujus
590 4439 969 4494 sazvorumque
999 4424 1264 4481 ﬂuctuum
1306 4430 1528 4485 causam
1561 4429 1755 4494 fuisse,
1788 4445 1952 4502 quam

2069 3232 2311 3304 ἐχομένῳ
2335 3234 2568 3305 δόγματι
2592 3236 2765 3304 τούτῳ
2790 3236 3086 3291 σκάνδαλον
3109 3228 3489 3307 οίκουμενικον
3512 3257 3653 3308 παγ-

2064 3324 2294 3396 ικόσμιόν
2322 3342 2383 3377 τε
2411 3325 2657 3396 ταραχὴν
2684 3325 2933 3382 ἐντεῦθεν
2971 3330 3517 3401 πραγματευόμενοι,
3552 3332 3651 3385 καὶ

2070 3416 2192 3469 κατ’
2248 3415 2413 3469 αὐτοῦ
2468 3418 2833 3487 πολεμοῦντες
2878 3419 2981 3472 ούκ
3033 3420 3346 3476 ἐπαύσαντο
3394 3422 3465 3476 δι’
3525 3423 3649 3478 ὅλου

2069 3508 2393 3572 πλάττοντες
2429 3509 2524 3562 καὶ
2558 3510 2886 3581 παραλόγων
2907 3512 3128 3567 ἐννοιῶν
3160 3498 3342 3577 τέλεον
3367 3516 3645 3586 ἀφορμὰς,

2066 3602 2169 3666 ἕως
2198 3594 2259 3656 οὗ
2292 3603 2495 3675 σχίσμα
2528 3604 2737 3674 μεταξὺ
2773 3605 2883 3660 τῶν
2929 3606 3259 3678 ἀμφοτέρων
3305 3607 3648 3678 Ἐκκλησιῶν

2066 3696 2152 3748 ἐπ’
2179 3696 2445 3768 ἀπωλείᾳ,
2477 3696 2615 3767 (per?!
2654 3696 2746 3751 τοῦ
2791 3698 2980 3767 γένους
3014 3699 3171 3769 ἡμῶν
3204 3699 3642 3772 κατεπράξαντο,

2064 3789 2162 3843 καὶ
2189 3789 2288 3858 τὴν
2324 3787 2429 3842 τῶν
2464 3788 2676 3843 πολλῶν
2703 3790 2968 3861 ἀμαθίαν,
2998 3792 3031 3863 ἢ
3058 3791 3261 3862 μᾶλλον
3290 3791 3392 3864 τὴν
3422 3793 3646 3863 ἄγνοιαν

2060 3878 2162 3948 τὴν
2201 3876 2343 3931 κατά
2397 3878 2494 3943 τὰς
2551 3879 2703 3944 θείας
2750 3879 2978 3951 Γραφάς
3023 3883 3316 3955 ἐπίκουρον
3351 3886 3433 3947 είς
3486 3883 3644 3938 τοῦτο

2065 3968 2499 4040 προσλαϐόμενοι
2530 3970 2623 4025 καὶ
2647 3972 2915 4043 συνεργὸν
2937 3972 3037 4042 τῆς
3064 3974 3273 4038 οἰκείας
3306 3973 3640 4053 προθέσεως,

2063 4059 2123 4115 οὒ
2155 4062 2334 4133 χάριν,
2372 4062 2445 4125 ὡς
2491 4062 2735 4131 ἀκριϐῶς
2769 4061 3096 4136 πέπεισμαι,
3134 4068 3229 4121 καὶ
3267 4072 3446 4122 πάντα
3478 4069 3641 4122 atati-

2062 4151 2224 4205 λαϐεν
2255 4154 2405 4224 ἡμᾶς
2435 4154 2768 4227 μεθύστερον
2802 4157 2985 4212 ἐκεῖνα
3024 4158 3091 4211 τὰ
3143 4159 3357 4230 χαλεπά
3387 4161 3524 4231 πρὸς
3553 4162 3641 4213 ἔκ-

2060 4257 2201 4295 τισιν
2230 4241 2324 4296 τοῦ
2355 4242 2792 4317 σκαιωρηθέντος
2821 4248 2933 4310 τοῖς
2963 4248 3068 4317 πρὸ
3087 4250 3121 4319 ἡ
3130 4247 3246 4319 μῶν
3278 4252 3487 4314 τούτοις
3518 4250 3635 4302 τολ-

2064 4331 2254 4403 μηρῶς
2291 4333 2369 4397 είς
2422 4335 2484 4388 το
2522 4333 2678 4389 Θεῖον
2714 4335 2846 4389 αύτδ
2883 4336 3381 4410 πλημμελήματος.
3414 4339 3538 4395 ὀτι
3580 4340 3638 4394 δὲ

2058 4422 2322 4495 φιλαρχία
2361 4426 2455 4479 καὶ
2496 4426 2556 4480 τὸ
2589 4425 2878 4497 βούλεσθαι
2909 4428 3135 4493 τούτους
3166 4430 3447 4495 παντελῶς
3498 4436 3634 4486 ἀνα-

383 4524 436 4569 et
482 4515 733 4584 specioso
786 4516 1012 4572 nomine
1069 4518 1360 4584 adornant,
1412 4527 1472 4575 ut
1530 4522 1760 4590 posteris
1844 4537 1951 4577 non

2075 4510 2351 4588 ρακρίτους
2398 4517 2667 4572 διατελεῖν
2699 4521 2800 4591 τῆς
2852 4521 3109 4592 τοιαύτης
3142 4523 3479 4593 ἐχρημάτισε
3524 4540 3638 4596 τρια

386 4607 594 4678 absquc
639 4609 852 4664 ratione
884 4607 1093 4665 factum
1129 4618 1498 4681 reputaretur,
1532 4612 1697 4683 hujus
1728 4615 1955 4686 dogma-

384 4699 455 4754 tis
482 4698 821 4755 eversionem
848 4716 972 4757 cum
1006 4702 1129 4759 aliis
1163 4704 1343 4760 noxiis
1375 4706 1615 4776 aggressi
1643 4716 1794 4773 sunt,
1830 4715 1957 4762 ante

383 4789 652 4863 plurimos
705 4807 883 4849 annos
936 4802 1099 4850 actate
1149 4795 1329 4851 Photii
1375 4798 1698 4866 patriarcha
1739 4798 1956 4853 facinus

385 4891 567 4950 atrox,
596 4885 861 4950 stentoris
891 4886 1066 4942 instar
1110 4902 1304 4959 magna
1337 4904 1472 4946 voce
1517 4889 1725 4955 reboat,
1762 4891 1956 4947 diluci-

384 4977 561 5046 deque
602 4986 1025 5035 commonstrat.
1074 4980 1177 5035 Hic
1230 4982 1433 5036 etenim
1493 4998 1605 5038 non
1655 4982 1822 5038 aliam
1884 4983 1955 5039 ob

385 5082 608 5124 causam
657 5069 820 5141 primi
863 5072 1178 5129 schismatis
1219 5083 1414 5130 auctor
1441 5073 1643 5139 factus,
1699 5083 1754 5130 et
1786 5075 1952 5132 εἱιιιὶιί

385 5158 629 5230 dogmati
662 5175 786 5214 eum
824 5160 947 5216 aliis
975 5176 1075 5232 pro
1108 5162 1317 5219 viribus
1366 5163 1778 5231 contradiccns,
1825 5178 1951 5219 cum
1982 5166 1997 5173 ‘

383 5266 576 5307 eorum
616 5251 684 5308 de
713 5253 914 5323 quibus
946 5270 976 5309 a
1018 5254 1265 5311 Romana
1293 5253 1537 5311 Ecclesia
1566 5255 1950 5321 accusabatur,

383 5359 506 5414 quae
549 5343 639 5402 ille
687 5354 845 5402 antea
889 5345 942 5401 in
981 5346 1128 5402 illam
1163 5348 1533 5411 commiserat,
1571 5347 1639 5403 ad
1676 5346 1951 5403 Constan-

383 5437 804 5507 tinopolitanum
863 5439 1166 5494 maximum
1231 5440 1487 5494 thronum
1545 5440 1949 5510 obtinendum,

381 5530 491 5587 line
534 5529 724 5587 litibus
771 5532 951 5601 posito
1008 5533 1223 5588 veniam
1279 5532 1640 5594 obtinuisset.
1694 5540 1751 5588 et
1799 5544 1948 5604 post-

379 5622 601 5677 modum
635 5624 975 5695 benignitate
1006 5626 1301 5694 praesulum
1350 5623 1633 5694 propriam
1669 5625 1721 5678 in
1759 5626 1942 5680 sedem

380 5712 670 5770 restitutus
701 5713 915 5783 fuisset,
948 5716 1206 5772 omnibus
1251 5715 1472 5771 silentio
1522 5715 1804 5781 involutis,
1838 5732 1940 5772 nec

377 5800 493 5858 ullo
547 5803 615 5859 de
669 5804 923 5876 dogmate
976 5807 1144 5863 simili
1196 5820 1450 5863 sermone
1511 5808 1733 5877 habito,
1793 5811 1955 5883 omni

2063 4609 2265 4680 κυμίας
2299 4609 2393 4663 καὶ
2422 4608 2516 4663 τοῦ
2550 4609 2823 4675 κλύδωνος
2845 4610 2940 4665 τοῦ
2972 4612 3217 4666 τοιούτου
3251 4614 3313 4668 τὸ
3346 4616 3541 4679 αῐτιον,
3579 4614 3636 4681 ἐξ

2061 4696 2139 4757 ὧν
2170 4701 2311 4755 κατά
2346 4701 2621 4771 πρόφασιν
2649 4703 2900 4775 εὐπρεπῆ
2927 4703 3110 4776 δῆθεν,
3138 4706 3549 4779 εύαπολόγητόν
3575 4727 3633 4764 τε

2058 4796 2172 4860 τοῖς
2202 4795 2320 4866 μετ’
2350 4795 2571 4862 αὐτοὺς,
2595 4796 2691 4850 καὶ
2714 4797 2850 4867 προς
2881 4796 2981 4870 τὴν
3006 4797 3101 4852 τοῦ
3132 4801 3401 4868 παρόντος
3433 4802 3630 4873 δόγμα-

2058 4904 2148 4950 τος
2181 4887 2498 4959 ἀνατροπὴν
2538 4888 2636 4943 σὺν
2664 4890 2775 4952 τοῖς
2804 4887 2985 4954 ἄλλοις
3018 4893 3213 4955 κακοῖς
3253 4891 3544 4965 ὥρμησαν,
3576 4895 3633 4949 τὸ

2060 4978 2275 5048 συμϐὰν
2296 4980 2392 5033 ἐπὶ
2419 4979 2625 5033 Φωτίου
2658 4980 2754 5035 τοῦ
2778 4982 3320 5055 πατριαρχεύσαντος
3349 4988 3455 5057 πρὸ
3482 4988 3630 5041 πλείο

2060 5088 2203 5125 στων
2230 5070 2370 5125 ἐτῶν
2402 5070 2689 5143 στέντορος
2738 5072 2897 5143 δίκην
2945 5075 3152 5147 ἀναϐοᾷ
3205 5077 3628 5149 μεγαλοφὼνως,

2057 5165 2152 5219 καὶ
2184 5164 2458 5235 λαμπρῶς
2497 5162 2791 5219 δείκνυσιν.
2826 5166 2998 5231 Οοτος
3044 5169 3140 5222 καὶ
3180 5167 3290 5239 γὰρ
3343 5169 3435 5224 διὰ
3461 5170 3631 5227 ταῦτα

2054 5257 2348 5327 γενόμενος
2396 5254 2494 5308 τοῦ
2526 5255 2748 5328 πρώτου
2799 5260 3101 5329 σχῖσματος
3131 5261 3399 5331 ἀρχηγὸς,
3431 5264 3527 5317 καὶ
3551 5262 3623 5333 τῷ

2052 5346 2284 5418 τοιούτῳ
2331 5346 2563 5418 δόγματι
2619 5347 2759 5419 μετά
2791 5349 2901 5403 τῶν
2948 5349 3126 5405 ἀλλων
3165 5354 3439 5407 ἀντειπὼν
3485 5355 3621 5408 κατὰ

2050 5439 2302 5511 δύναμιν,
2333 5439 2565 5510 ἐπείπερ
2597 5438 2681 5509 ἐφ’
2718 5433 2799 5505 οἷς
2831 5440 3140 5496 ἐνεκαλεῖτο
3171 5443 3324 5515 παρὰ
3347 5445 3450 5516 τῆς
3488 5445 3623 5499 Ῥω-

2056 5530 2258 5599 μαῖκῆς
2295 5527 2625 5598 Ἐκκλησίας
2655 5528 3091 5602 διαπραξάμενος
3119 5536 3196 5596 εἰς
3227 5536 3318 5587 τὸν
3343 5535 3442 5605 τῆς
3473 5536 3624 5591 Κωνο

2052 5620 2334 5676 σταντίνου
2372 5622 2628 5691 μέγιστον
2666 5620 2856 5694 θρόνον
2882 5624 2942 5676 τὸ
2977 5623 3107 5695 πρὶν
3147 5625 3482 5699 συγγνώμης
3504 5628 3622 5681 ἐτυ-

2049 5734 2179 5787 χεν,
2220 5717 2278 5769 ἐν
2342 5716 2589 5789 ὑστέροις
2652 5716 2712 5784 ἐξ
2769 5718 2939 5791 αὐτῆς
2998 5720 3246 5793 ταύτης,
3324 5726 3420 5778 καὶ
3484 5724 3621 5778 κατά

2054 5807 2463 5877 συγκατάϐασιν
2519 5809 2834 5883 ἀρχιερεῦσι
2876 5813 3261 5884 προσήκουσαν
3311 5815 3617 5887 παραδοχῆς
3650 5814 3666 5831 ⁸
