  <div class='ocr_page' id='page_1' title='image "/cluster/home/n/w/nwhite01/storage/ocr_20150623/141/hvd.32044019208313/640.png"; bbox 0 0 3974 6564; ppageno 0'>
   <div class='ocr_carea' id='block_1_1' title="bbox 292 507 433 569">
    <p class='ocr_par' dir='ltr' id='par_1_1' title="bbox 292 507 433 569">
     <span class='ocr_line' id='line_1_1' title="bbox 292 507 433 569; baseline 0 0"><span class='ocrx_word' id='word_1_1' title='bbox 292 507 433 569; x_wconf 74' lang='grc'><strong>1265</strong></span> 
     </span>
    </p>
   </div>
   <div class='ocr_carea' id='block_1_2' title="bbox 1135 508 2669 575">
    <p class='ocr_par' dir='ltr' id='par_1_2' title="bbox 1135 508 2669 575">
     <span class='ocr_line' id='line_1_2' title="bbox 1135 508 2669 575; baseline 0.001 -7"><span class='ocrx_word' id='word_1_2' title='bbox 1135 508 1232 569; x_wconf 88' lang='lat' dir='ltr'><strong>DE</strong></span> <span class='ocrx_word' id='word_1_3' title='bbox 1270 509 1787 573; x_wconf 81' lang='lat' dir='ltr'><strong>PRCCESSIONE</strong></span> <span class='ocrx_word' id='word_1_4' title='bbox 1824 513 1886 575; x_wconf 91' lang='lat' dir='ltr'><strong>S.</strong></span> <span class='ocrx_word' id='word_1_5' title='bbox 1923 513 2280 575; x_wconf 82' lang='lat' dir='ltr'><strong>SPIRITUS</strong></span> <span class='ocrx_word' id='word_1_6' title='bbox 2317 511 2540 573; x_wconf 83' lang='lat' dir='ltr'><strong>ORAT.</strong></span> <span class='ocrx_word' id='word_1_7' title='bbox 2584 509 2669 570; x_wconf 86' lang='lat' dir='ltr'><strong>Il.</strong></span> 
     </span>
    </p>
   </div>
   <div class='ocr_carea' id='block_1_3' title="bbox 3413 495 3549 561">
    <p class='ocr_par' dir='ltr' id='par_1_3' title="bbox 3413 495 3549 561">
     <span class='ocr_line' id='line_1_3' title="bbox 3413 495 3549 561; baseline 0 0"><span class='ocrx_word' id='word_1_8' title='bbox 3413 495 3549 561; x_wconf 72' lang='lat'><strong>1266</strong></span> 
     </span>
    </p>
   </div>
   <div class='ocr_carea' id='block_1_4' title="bbox 289 614 1898 695">
    <p class='ocr_par' dir='ltr' id='par_1_4' title="bbox 289 615 1875 695">
     <span class='ocr_line' id='line_1_4' title="bbox 289 615 1875 695; baseline 0.003 -25"><span class='ocrx_word' id='word_1_9' title='bbox 289 615 648 687; x_wconf 75' lang='grc' dir='ltr'>κατηξίωται,</span> <span class='ocrx_word' id='word_1_10' title='bbox 704 617 1022 673; x_wconf 85' lang='grc' dir='ltr'>καταλιπὼν</span> <span class='ocrx_word' id='word_1_11' title='bbox 1055 619 1123 673; x_wconf 78' lang='grc' dir='ltr'>τὰ</span> <span class='ocrx_word' id='word_1_12' title='bbox 1175 621 1373 688; x_wconf 89' lang='grc' dir='ltr'>πάντα,</span> <span class='ocrx_word' id='word_1_13' title='bbox 1429 621 1525 676; x_wconf 79' lang='grc' dir='ltr'>καὶ</span> <span class='ocrx_word' id='word_1_14' title='bbox 1577 622 1711 695; x_wconf 74' lang='grc' dir='ltr'>μηδὲ</span> <span class='ocrx_word' id='word_1_15' title='bbox 1746 622 1875 691; x_wconf 73' lang='grc' dir='ltr'>περὶ</span> 
     </span>
    </p>
   </div>
   <div class='ocr_carea' id='block_1_5' title="bbox 1987 614 3550 695">
    <p class='ocr_par' dir='ltr' id='par_1_5' title="bbox 1987 614 3550 685">
     <span class='ocr_line' id='line_1_5' title="bbox 1987 614 3550 685; baseline -0.008 -3"><span class='ocrx_word' id='word_1_16' title='bbox 1987 633 2176 682; x_wconf 83' lang='lat' dir='ltr'><strong>conatu</strong></span> <span class='ocrx_word' id='word_1_17' title='bbox 2207 639 2271 680; x_wconf 92' lang='lat' dir='ltr'><strong>ac</strong></span> <span class='ocrx_word' id='word_1_18' title='bbox 2301 623 2494 680; x_wconf 86' lang='lat' dir='ltr'><strong>sedulo</strong></span> <span class='ocrx_word' id='word_1_19' title='bbox 2524 620 2709 680; x_wconf 90' lang='lat' dir='ltr'><strong>studio</strong></span> <span class='ocrx_word' id='word_1_20' title='bbox 2739 618 2806 675; x_wconf 90' lang='lat' dir='ltr'><strong>ad</strong></span> <span class='ocrx_word' id='word_1_21' title='bbox 2836 617 3018 676; x_wconf 84' lang='lat' dir='ltr'><strong>foedus</strong></span> <span class='ocrx_word' id='word_1_22' title='bbox 3067 614 3215 673; x_wconf 82' lang='lat' dir='ltr'><strong>illico</strong></span> <span class='ocrx_word' id='word_1_23' title='bbox 3250 627 3550 685; x_wconf 79' lang='lat' dir='ltr'><strong>pacemque</strong></span> 
     </span>
    </p>
   </div>
   <div class='ocr_carea' id='block_1_6' title="bbox 289 705 1871 790">
    <p class='ocr_par' dir='ltr' id='par_1_6' title="bbox 289 705 1871 790">
     <span class='ocr_line' id='line_1_6' title="bbox 289 705 1871 790; baseline 0.006 -29"><span class='ocrx_word' id='word_1_24' title='bbox 289 705 385 761; x_wconf 78' lang='grc' dir='ltr'><strong>τοῦ</strong></span> <span class='ocrx_word' id='word_1_25' title='bbox 423 707 693 781; x_wconf 85' lang='grc' dir='ltr'>δόγματος</span> <span class='ocrx_word' id='word_1_26' title='bbox 718 709 909 765; x_wconf 89' lang='grc' dir='ltr'>τούτου</span> <span class='ocrx_word' id='word_1_27' title='bbox 931 710 1301 783; x_wconf 79' lang='grc' dir='ltr'><strong>ποιησάμενος</strong></span> <span class='ocrx_word' id='word_1_28' title='bbox 1332 712 1490 782; x_wconf 90' lang='grc' dir='ltr'>λόγον</span> <span class='ocrx_word' id='word_1_29' title='bbox 1526 715 1672 783; x_wconf 80' lang='grc' dir='ltr'>τινὰ,</span> <span class='ocrx_word' id='word_1_30' title='bbox 1703 714 1871 790; x_wconf 85' lang='grc' dir='ltr'>Ιπάσῃ</span> 
     </span>
    </p>
   </div>
   <div class='ocr_carea' id='block_1_7' title="bbox 292 800 1872 879">
    <p class='ocr_par' dir='ltr' id='par_1_7' title="bbox 292 800 1872 879">
     <span class='ocr_line' id='line_1_7' title="bbox 292 800 1872 879; baseline 0.004 -25"><span class='ocrx_word' id='word_1_31' title='bbox 292 801 500 872; x_wconf 82' lang='grc' dir='ltr'>σπουδῇ</span> <span class='ocrx_word' id='word_1_32' title='bbox 536 800 633 855; x_wconf 77' lang='grc' dir='ltr'>καὶ</span> <span class='ocrx_word' id='word_1_33' title='bbox 659 800 937 874; x_wconf 78' lang='grc' dir='ltr'><strong>προθυμίᾳ</strong></span> <span class='ocrx_word' id='word_1_34' title='bbox 981 803 1118 874; x_wconf 81' lang='grc' dir='ltr'>πρὸς</span> <span class='ocrx_word' id='word_1_35' title='bbox 1150 802 1248 873; x_wconf 79' lang='grc' dir='ltr'>τήν</span> <span class='ocrx_word' id='word_1_36' title='bbox 1298 804 1642 877; x_wconf 83' lang='grc' dir='ltr'>καταλλαγήν</span> <span class='ocrx_word' id='word_1_37' title='bbox 1677 806 1872 879; x_wconf 86' lang='grc' dir='ltr'>ἀθρόον</span> 
     </span>
    </p>
   </div>
   <div class='ocr_carea' id='block_1_8' title="bbox 291 892 1871 971">
    <p class='ocr_par' dir='ltr' id='par_1_8' title="bbox 291 892 1871 971">
     <span class='ocr_line' id='line_1_8' title="bbox 291 892 1871 971; baseline 0.006 -24"><span class='ocrx_word' id='word_1_38' title='bbox 291 893 391 947; x_wconf 68' lang='grc' dir='ltr'>καὶ</span> <span class='ocrx_word' id='word_1_39' title='bbox 410 892 510 965; x_wconf 74' lang='grc' dir='ltr'><strong>τήν</strong></span> <span class='ocrx_word' id='word_1_40' title='bbox 531 893 755 967; x_wconf 78' lang='grc' dir='ltr'><strong>εἰρήνην</strong></span> <span class='ocrx_word' id='word_1_41' title='bbox 780 894 1045 968; x_wconf 76' lang='grc' dir='ltr'>ἐχώρησε.</span> <span class='ocrx_word' id='word_1_42' title='bbox 1069 898 1178 954; x_wconf 72' lang='grc' dir='ltr'><strong>Καὶ</strong></span> <span class='ocrx_word' id='word_1_43' title='bbox 1203 899 1615 971; x_wconf 79' lang='grc' dir='ltr'>παρατρέχωτὰ</span> <span class='ocrx_word' id='word_1_44' title='bbox 1641 903 1762 970; x_wconf 88' lang='grc' dir='ltr'>μετ’</span> <span class='ocrx_word' id='word_1_45' title='bbox 1785 903 1871 956; x_wconf 82' lang='grc' dir='ltr'>αῖ-</span> 
     </span>
    </p>
   </div>
   <div class='ocr_carea' id='block_1_9' title="bbox 293 983 1872 1064">
    <p class='ocr_par' dir='ltr' id='par_1_9' title="bbox 293 983 1872 1064">
     <span class='ocr_line' id='line_1_9' title="bbox 293 983 1872 1064; baseline 0.007 -28"><span class='ocrx_word' id='word_1_46' title='bbox 293 983 421 1048; x_wconf 79' lang='grc' dir='ltr'>δοῦς</span> <span class='ocrx_word' id='word_1_47' title='bbox 464 985 562 1040; x_wconf 77' lang='grc' dir='ltr'>καὶ</span> <span class='ocrx_word' id='word_1_48' title='bbox 607 985 951 1056; x_wconf 79' lang='grc' dir='ltr'>σεόάσματος</span> <span class='ocrx_word' id='word_1_49' title='bbox 981 988 1119 1060; x_wconf 77' lang='grc' dir='ltr'>πρὸς</span> <span class='ocrx_word' id='word_1_50' title='bbox 1155 990 1246 1043; x_wconf 75' lang='grc' dir='ltr'><strong>τὸν</strong></span> <span class='ocrx_word' id='word_1_51' title='bbox 1292 991 1552 1061; x_wconf 77' lang='grc' dir='ltr'><strong>τηνικάδε</strong></span> <span class='ocrx_word' id='word_1_52' title='bbox 1605 992 1872 1064; x_wconf 79' lang='grc' dir='ltr'><strong>πρόεδρον</strong></span> 
     </span>
    </p>
   </div>
   <div class='ocr_carea' id='block_1_10' title="bbox 291 1071 1874 1150">
    <p class='ocr_par' dir='ltr' id='par_1_10' title="bbox 291 1071 1874 1150">
     <span class='ocr_line' id='line_1_10' title="bbox 291 1071 1874 1150; baseline 0.007 -25"><span class='ocrx_word' id='word_1_53' title='bbox 291 1071 393 1126; x_wconf 82' lang='grc' dir='ltr'><strong>τοῦ</strong></span> <span class='ocrx_word' id='word_1_54' title='bbox 424 1072 786 1128; x_wconf 87' lang='grc' dir='ltr'>ἀποστολικοῦ</span> <span class='ocrx_word' id='word_1_55' title='bbox 825 1075 1015 1147; x_wconf 80' lang='grc' dir='ltr'>θρόνου</span> <span class='ocrx_word' id='word_1_56' title='bbox 1061 1077 1369 1150; x_wconf 81' lang='grc' dir='ltr'>γράμματα</span> <span class='ocrx_word' id='word_1_57' title='bbox 1411 1080 1602 1134; x_wconf 92' lang='grc' dir='ltr'>τούτου</span> <span class='ocrx_word' id='word_1_58' title='bbox 1651 1082 1874 1147; x_wconf 77' lang='grc' dir='ltr'>καὶτὰς</span> 
     </span>
    </p>
   </div>
   <div class='ocr_carea' id='block_1_11' title="bbox 295 1162 1872 1246">
    <p class='ocr_par' dir='ltr' id='par_1_11' title="bbox 295 1162 1872 1246">
     <span class='ocr_line' id='line_1_11' title="bbox 295 1162 1872 1246; baseline 0.008 -32"><span class='ocrx_word' id='word_1_59' title='bbox 295 1162 614 1231; x_wconf 67' lang='grc' dir='ltr'>ἐπιστολάς,</span> <span class='ocrx_word' id='word_1_60' title='bbox 648 1164 777 1219; x_wconf 73' lang='grc' dir='ltr'>ἔνθα</span> <span class='ocrx_word' id='word_1_61' title='bbox 832 1167 1032 1238; x_wconf 81' lang='grc' dir='ltr'>πολλὴν</span> <span class='ocrx_word' id='word_1_62' title='bbox 1060 1169 1253 1242; x_wconf 76' lang='grc' dir='ltr'>ἐκείνῳ</span> <span class='ocrx_word' id='word_1_63' title='bbox 1302 1174 1743 1244; x_wconf 81' lang='grc' dir='ltr'><strong>προσμαρτυρῶν</strong></span> <span class='ocrx_word' id='word_1_64' title='bbox 1773 1173 1872 1246; x_wconf 83' lang='grc' dir='ltr'><strong>τὴν</strong></span> 
     </span>
    </p>
   </div>
   <div class='ocr_carea' id='block_1_12' title="bbox 299 1253 1873 1333">
    <p class='ocr_par' dir='ltr' id='par_1_12' title="bbox 299 1253 1873 1333">
     <span class='ocr_line' id='line_1_12' title="bbox 299 1253 1873 1333; baseline 0.006 -26"><span class='ocrx_word' id='word_1_65' title='bbox 299 1253 635 1327; x_wconf 86' lang='grc' dir='ltr'>ἁγιωσύνην,</span> <span class='ocrx_word' id='word_1_66' title='bbox 672 1257 911 1328; x_wconf 88' lang='grc' dir='ltr'>συνεχῶς</span> <span class='ocrx_word' id='word_1_67' title='bbox 957 1257 1216 1329; x_wconf 80' lang='grc' dir='ltr'>εύχεσθαι</span> <span class='ocrx_word' id='word_1_68' title='bbox 1257 1261 1352 1315; x_wconf 73' lang='grc' dir='ltr'>καὶ</span> <span class='ocrx_word' id='word_1_69' title='bbox 1386 1263 1529 1333; x_wconf 81' lang='grc' dir='ltr'>ὑπὲρ</span> <span class='ocrx_word' id='word_1_70' title='bbox 1563 1264 1726 1318; x_wconf 86' lang='grc' dir='ltr'>αὐτοῦ</span> <span class='ocrx_word' id='word_1_71' title='bbox 1758 1265 1873 1319; x_wconf 81' lang='grc' dir='ltr'>δέε-</span> 
     </span>
    </p>
   </div>
   <div class='ocr_carea' id='block_1_13' title="bbox 296 1343 1873 1424">
    <p class='ocr_par' dir='ltr' id='par_1_13' title="bbox 296 1343 1873 1424">
     <span class='ocr_line' id='line_1_13' title="bbox 296 1343 1873 1424; baseline 0.01 -28"><span class='ocrx_word' id='word_1_72' title='bbox 296 1359 413 1408; x_wconf 85' lang='grc' dir='ltr'>ται,</span> <span class='ocrx_word' id='word_1_73' title='bbox 447 1343 627 1409; x_wconf 86' lang='grc' dir='ltr'>καθὼς</span> <span class='ocrx_word' id='word_1_74' title='bbox 664 1349 778 1410; x_wconf 85' lang='grc' dir='ltr'>τοῖς</span> <span class='ocrx_word' id='word_1_75' title='bbox 826 1349 1133 1418; x_wconf 89' lang='grc' dir='ltr'>φιλοπόνοις</span> <span class='ocrx_word' id='word_1_76' title='bbox 1183 1351 1499 1424; x_wconf 79' lang='grc' dir='ltr'>ἐξήτασται.</span> <span class='ocrx_word' id='word_1_77' title='bbox 1548 1353 1741 1410; x_wconf 84' lang='grc' dir='ltr'>Καίτοι</span> <span class='ocrx_word' id='word_1_78' title='bbox 1770 1355 1873 1411; x_wconf 82' lang='grc' dir='ltr'><strong>ποῦ</strong></span> 
     </span>
    </p>
   </div>
   <div class='ocr_carea' id='block_1_14' title="bbox 297 1432 1874 1511">
    <p class='ocr_par' dir='ltr' id='par_1_14' title="bbox 297 1432 1874 1511">
     <span class='ocr_line' id='line_1_14' title="bbox 297 1432 1874 1511; baseline 0.009 -24"><span class='ocrx_word' id='word_1_79' title='bbox 297 1432 513 1488; x_wconf 71' lang='grc' dir='ltr'>δίκαιον</span> <span class='ocrx_word' id='word_1_80' title='bbox 568 1435 840 1491; x_wconf 78' lang='grc' dir='ltr'><strong>συνελθεῖν</strong></span> <span class='ocrx_word' id='word_1_81' title='bbox 899 1439 1210 1511; x_wconf 79' lang='grc' dir='ltr'>ἀνθρώποις</span> <span class='ocrx_word' id='word_1_82' title='bbox 1259 1442 1422 1497; x_wconf 71' lang='grc' dir='ltr'>αὐτὸν</span> <span class='ocrx_word' id='word_1_83' title='bbox 1477 1444 1537 1498; x_wconf 78' lang='grc' dir='ltr'>ὲν</span> <span class='ocrx_word' id='word_1_84' title='bbox 1593 1445 1874 1509; x_wconf 82' lang='grc' dir='ltr'>εὐσεϐείας</span> 
     </span>
    </p>
   </div>
   <div class='ocr_carea' id='block_1_15' title="bbox 300 1527 1875 1609">
    <p class='ocr_par' dir='ltr' id='par_1_15' title="bbox 300 1527 1875 1609">
     <span class='ocr_line' id='line_1_15' title="bbox 300 1527 1875 1609; baseline 0.007 -29"><span class='ocrx_word' id='word_1_85' title='bbox 300 1527 734 1596; x_wconf 87' lang='grc' dir='ltr'>προσπταίουσιν</span> <span class='ocrx_word' id='word_1_86' title='bbox 781 1529 917 1594; x_wconf 85' lang='grc' dir='ltr'>ὅλως</span> <span class='ocrx_word' id='word_1_87' title='bbox 964 1532 1213 1605; x_wconf 78' lang='grc' dir='ltr'><strong>δόγματι,</strong></span> <span class='ocrx_word' id='word_1_88' title='bbox 1269 1534 1344 1606; x_wconf 81' lang='grc' dir='ltr'>μὴ</span> <span class='ocrx_word' id='word_1_89' title='bbox 1398 1534 1555 1590; x_wconf 87' lang='grc' dir='ltr'>τοῦτο</span> <span class='ocrx_word' id='word_1_90' title='bbox 1613 1538 1875 1609; x_wconf 86' lang='grc' dir='ltr'>πρότερον</span> 
     </span>
    </p>
   </div>
   <div class='ocr_carea' id='block_1_16' title="bbox 301 1619 1879 1698">
    <p class='ocr_par' dir='ltr' id='par_1_16' title="bbox 301 1619 1879 1698">
     <span class='ocr_line' id='line_1_16' title="bbox 301 1619 1879 1698; baseline 0.008 -26"><span class='ocrx_word' id='word_1_91' title='bbox 301 1619 768 1690; x_wconf 76' lang='grc' dir='ltr'>ἀποδαλλομὲνοις</span> <span class='ocrx_word' id='word_1_92' title='bbox 804 1623 987 1688; x_wconf 89' lang='grc' dir='ltr'>καλῶς</span> <span class='ocrx_word' id='word_1_93' title='bbox 1018 1625 1112 1678; x_wconf 80' lang='grc' dir='ltr'>καὶ</span> <span class='ocrx_word' id='word_1_94' title='bbox 1160 1627 1258 1697; x_wconf 74' lang='grc' dir='ltr'><strong>τήν</strong></span> <span class='ocrx_word' id='word_1_95' title='bbox 1300 1627 1511 1698; x_wconf 74' lang='grc' dir='ltr'>αἰρεσιν</span> <span class='ocrx_word' id='word_1_96' title='bbox 1540 1628 1719 1683; x_wconf 83' lang='grc' dir='ltr'>αὐτῶν</span> <span class='ocrx_word' id='word_1_97' title='bbox 1748 1630 1879 1684; x_wconf 82' lang='grc' dir='ltr'>ἀνα-</span> 
     </span>
    </p>
   </div>
   <div class='ocr_carea' id='block_1_17' title="bbox 301 1709 1878 1788">
    <p class='ocr_par' dir='ltr' id='par_1_17' title="bbox 301 1709 1878 1788">
     <span class='ocr_line' id='line_1_17' title="bbox 301 1709 1878 1788; baseline 0.008 -25"><span class='ocrx_word' id='word_1_98' title='bbox 301 1709 633 1782; x_wconf 81' lang='grc' dir='ltr'>θεματίσασι</span> <span class='ocrx_word' id='word_1_99' title='bbox 661 1730 676 1781; x_wconf 89' lang='grc'><strong>;</strong></span> <span class='ocrx_word' id='word_1_100' title='bbox 707 1713 817 1768; x_wconf 81' lang='grc' dir='ltr'><strong>Καὶ</strong></span> <span class='ocrx_word' id='word_1_101' title='bbox 858 1715 965 1787; x_wconf 83' lang='grc' dir='ltr'>μὴν</span> <span class='ocrx_word' id='word_1_102' title='bbox 995 1715 1107 1771; x_wconf 82' lang='grc' dir='ltr'>οὐδ’</span> <span class='ocrx_word' id='word_1_103' title='bbox 1135 1717 1247 1788; x_wconf 71' lang='grc' dir='ltr'>ἔχει</span> <span class='ocrx_word' id='word_1_104' title='bbox 1270 1736 1352 1783; x_wconf 89' lang='grc' dir='ltr'><strong>τις</strong></span> <span class='ocrx_word' id='word_1_105' title='bbox 1385 1718 1553 1785; x_wconf 79' lang='grc' dir='ltr'>δείξαι</span> <span class='ocrx_word' id='word_1_106' title='bbox 1584 1721 1756 1775; x_wconf 87' lang='grc' dir='ltr'>πολλά</span> <span class='ocrx_word' id='word_1_107' title='bbox 1780 1739 1878 1788; x_wconf 81' lang='grc' dir='ltr'>μο-</span> 
     </span>
    </p>
   </div>
   <div class='ocr_carea' id='block_1_18' title="bbox 303 1804 1880 1885">
    <p class='ocr_par' dir='ltr' id='par_1_18' title="bbox 303 1804 1880 1885">
     <span class='ocr_line' id='line_1_18' title="bbox 303 1804 1880 1885; baseline 0.008 -29"><span class='ocrx_word' id='word_1_108' title='bbox 303 1804 485 1874; x_wconf 80' lang='grc' dir='ltr'>γήσας</span> <span class='ocrx_word' id='word_1_109' title='bbox 514 1806 636 1859; x_wconf 85' lang='grc' dir='ltr'>κατ’</span> <span class='ocrx_word' id='word_1_110' title='bbox 669 1805 898 1877; x_wconf 73' lang='grc' dir='ltr'>ἔρευναν</span> <span class='ocrx_word' id='word_1_111' title='bbox 926 1809 1021 1862; x_wconf 75' lang='grc' dir='ltr'>καὶ</span> <span class='ocrx_word' id='word_1_112' title='bbox 1052 1809 1266 1880; x_wconf 86' lang='grc' dir='ltr'>καμὼν,</span> <span class='ocrx_word' id='word_1_113' title='bbox 1291 1812 1368 1876; x_wconf 86' lang='grc' dir='ltr'><strong>ὡς</strong></span> <span class='ocrx_word' id='word_1_114' title='bbox 1412 1812 1694 1885; x_wconf 79' lang='grc' dir='ltr'>διόρθωσιν</span> <span class='ocrx_word' id='word_1_115' title='bbox 1722 1807 1880 1879; x_wconf 72' lang='grc' dir='ltr'>οὗτός</span> 
     </span>
    </p>
   </div>
   <div class='ocr_carea' id='block_1_19' title="bbox 303 1897 1877 1975">
    <p class='ocr_par' dir='ltr' id='par_1_19' title="bbox 303 1897 1877 1975">
     <span class='ocr_line' id='line_1_19' title="bbox 303 1897 1877 1975; baseline 0.007 -27"><span class='ocrx_word' id='word_1_116' title='bbox 303 1912 430 1950; x_wconf 86' lang='grc' dir='ltr'>τινα</span> <span class='ocrx_word' id='word_1_117' title='bbox 456 1897 549 1951; x_wconf 88' lang='grc' dir='ltr'><strong>τοῦ</strong></span> <span class='ocrx_word' id='word_1_118' title='bbox 581 1898 897 1970; x_wconf 79' lang='grc' dir='ltr'>σφάλματος</span> <span class='ocrx_word' id='word_1_119' title='bbox 926 1901 1135 1955; x_wconf 76' lang='grc' dir='ltr'>ἐκεῖθεν</span> <span class='ocrx_word' id='word_1_120' title='bbox 1160 1903 1465 1975; x_wconf 76' lang='grc' dir='ltr'><strong>ἀπῄτησεν,</strong></span> <span class='ocrx_word' id='word_1_121' title='bbox 1489 1904 1611 1958; x_wconf 77' lang='grc' dir='ltr'>οὔτε</span> <span class='ocrx_word' id='word_1_122' title='bbox 1637 1905 1877 1960; x_wconf 84' lang='grc' dir='ltr'>λίϐελλον</span> 
     </span>
    </p>
   </div>
   <div class='ocr_carea' id='block_1_20' title="bbox 303 1978 1956 2071">
    <p class='ocr_par' dir='ltr' id='par_1_20' title="bbox 303 1978 1956 2071">
     <span class='ocr_line' id='line_1_20' title="bbox 303 1978 1956 2071; baseline 0.007 -30"><span class='ocrx_word' id='word_1_123' title='bbox 303 1987 509 2059; x_wconf 77' lang='grc' dir='ltr'>δηλαδὴ</span> <span class='ocrx_word' id='word_1_124' title='bbox 538 1989 775 2056; x_wconf 86' lang='grc' dir='ltr'>πίστεως</span> <span class='ocrx_word' id='word_1_125' title='bbox 803 1993 1081 2061; x_wconf 77' lang='grc' dir='ltr'>εὐσεϐοῦς,</span> <span class='ocrx_word' id='word_1_126' title='bbox 1106 1995 1228 2049; x_wconf 73' lang='grc' dir='ltr'>οὔτε</span> <span class='ocrx_word' id='word_1_127' title='bbox 1259 1997 1319 2050; x_wconf 76' lang='grc' dir='ltr'>τὸ</span> <span class='ocrx_word' id='word_1_128' title='bbox 1353 1996 1689 2071; x_wconf 73' lang='grc' dir='ltr'>βραχύτατον</span> <span class='ocrx_word' id='word_1_129' title='bbox 1720 1999 1882 2070; x_wconf 68' lang='grc' dir='ltr'>ψιλὴν</span> <span class='ocrx_word' id='word_1_130' title='bbox 1917 1978 1956 2032; x_wconf 71' lang='grc' dir='ltr'><strong><em>Β</em></strong></span> 
     </span>
    </p>
   </div>
   <div class='ocr_carea' id='block_1_21' title="bbox 305 2082 1883 2164">
    <p class='ocr_par' dir='ltr' id='par_1_21' title="bbox 305 2082 1883 2164">
     <span class='ocr_line' id='line_1_21' title="bbox 305 2082 1883 2164; baseline 0.008 -29"><span class='ocrx_word' id='word_1_131' title='bbox 305 2082 410 2136; x_wconf 77' lang='grc' dir='ltr'>κᾶν</span> <span class='ocrx_word' id='word_1_132' title='bbox 449 2082 742 2155; x_wconf 76' lang='grc' dir='ltr'>ὑπόσχεσιν</span> <span class='ocrx_word' id='word_1_133' title='bbox 768 2101 784 2118; x_wconf 79' lang='grc'><em>’</em></span> <span class='ocrx_word' id='word_1_134' title='bbox 814 2087 896 2141; x_wconf 86' lang='grc' dir='ltr'><strong>δτι</strong></span> <span class='ocrx_word' id='word_1_135' title='bbox 923 2087 979 2143; x_wconf 71' lang='grc' dir='ltr'>δὶ</span> <span class='ocrx_word' id='word_1_136' title='bbox 1025 2090 1194 2162; x_wconf 86' lang='grc' dir='ltr'>μόνην</span> <span class='ocrx_word' id='word_1_137' title='bbox 1219 2090 1317 2163; x_wconf 70' lang='grc' dir='ltr'>τὴν</span> <span class='ocrx_word' id='word_1_138' title='bbox 1349 2092 1691 2164; x_wconf 79' lang='grc' dir='ltr'>καταλλαγὴν</span> <span class='ocrx_word' id='word_1_139' title='bbox 1724 2094 1883 2164; x_wconf 81' lang='grc' dir='ltr'>ἔσχεν</span> 
     </span>
    </p>
   </div>
   <div class='ocr_carea' id='block_1_22' title="bbox 305 2174 1881 2259">
    <p class='ocr_par' dir='ltr' id='par_1_22' title="bbox 305 2174 1881 2259">
     <span class='ocr_line' id='line_1_22' title="bbox 305 2174 1881 2259; baseline 0.01 -31"><span class='ocrx_word' id='word_1_140' title='bbox 305 2174 513 2245; x_wconf 74' lang='grc' dir='ltr'>εὑρεῖν,</span> <span class='ocrx_word' id='word_1_141' title='bbox 547 2174 1126 2254; x_wconf 87' lang='grc' dir='ltr'>ἀπολυπραγμονήτως</span> <span class='ocrx_word' id='word_1_142' title='bbox 1166 2184 1330 2249; x_wconf 85' lang='grc' dir='ltr'>εὐθὺς</span> <span class='ocrx_word' id='word_1_143' title='bbox 1362 2186 1566 2256; x_wconf 84' lang='grc' dir='ltr'>ταύτην</span> <span class='ocrx_word' id='word_1_144' title='bbox 1611 2188 1881 2259; x_wconf 71' lang='grc' dir='ltr'>ἣρπασεν.</span> 
     </span>
    </p>
   </div>
   <div class='ocr_carea' id='block_1_23' title="bbox 306 2265 1884 2351">
    <p class='ocr_par' dir='ltr' id='par_1_23' title="bbox 306 2265 1884 2351">
     <span class='ocr_line' id='line_1_23' title="bbox 306 2265 1884 2351; baseline 0.007 -30"><span class='ocrx_word' id='word_1_145' title='bbox 306 2265 467 2321; x_wconf 75' lang='grc' dir='ltr'>Οῦτω</span> <span class='ocrx_word' id='word_1_146' title='bbox 512 2268 717 2336; x_wconf 81' lang='grc' dir='ltr'>Φώτιος</span> <span class='ocrx_word' id='word_1_147' title='bbox 746 2273 775 2325; x_wconf 89' lang='grc' dir='ltr'><strong>ό</strong></span> <span class='ocrx_word' id='word_1_148' title='bbox 827 2288 923 2327; x_wconf 91' lang='grc' dir='ltr'><strong>του</strong></span> <span class='ocrx_word' id='word_1_149' title='bbox 962 2273 1180 2347; x_wconf 84' lang='grc' dir='ltr'>πρώτου</span> <span class='ocrx_word' id='word_1_150' title='bbox 1226 2276 1523 2351; x_wconf 57' lang='lat' dir='ltr'><strong>existimo;</strong></span> <span class='ocrx_word' id='word_1_151' title='bbox 1558 2277 1820 2350; x_wconf 77' lang='grc' dir='ltr'>ἀρχηγὸς,</span> <span class='ocrx_word' id='word_1_152' title='bbox 1855 2280 1884 2332; x_wconf 86' lang='grc' dir='ltr'>ὁ</span> 
     </span>
    </p>
   </div>
   <div class='ocr_carea' id='block_1_24' title="bbox 312 2360 1885 2442">
    <p class='ocr_par' dir='ltr' id='par_1_24' title="bbox 312 2360 1885 2442">
     <span class='ocr_line' id='line_1_24' title="bbox 312 2360 1885 2442; baseline 0.013 -30"><span class='ocrx_word' id='word_1_153' title='bbox 312 2360 523 2415; x_wconf 83' lang='grc' dir='ltr'>τούτων</span> <span class='ocrx_word' id='word_1_154' title='bbox 555 2363 697 2418; x_wconf 86' lang='grc' dir='ltr'><strong>κατά</strong></span> <span class='ocrx_word' id='word_1_155' title='bbox 749 2365 883 2419; x_wconf 78' lang='grc' dir='ltr'>πολὺ</span> <span class='ocrx_word' id='word_1_156' title='bbox 925 2369 994 2421; x_wconf 87' lang='grc' dir='ltr'><strong>τά</strong></span> <span class='ocrx_word' id='word_1_157' title='bbox 1022 2369 1079 2432; x_wconf 77' lang='grc' dir='ltr'>ἐς</span> <span class='ocrx_word' id='word_1_158' title='bbox 1125 2368 1318 2438; x_wconf 81' lang='grc' dir='ltr'>λόγους</span> <span class='ocrx_word' id='word_1_159' title='bbox 1366 2368 1695 2442; x_wconf 81' lang='grc' dir='ltr'>σοφώτερος,</span> <span class='ocrx_word' id='word_1_160' title='bbox 1749 2371 1885 2442; x_wconf 76' lang='grc' dir='ltr'>πρὸς</span> 
     </span>
    </p>
   </div>
   <div class='ocr_carea' id='block_1_25' title="bbox 311 2449 1885 2530">
    <p class='ocr_par' dir='ltr' id='par_1_25' title="bbox 311 2449 1885 2530">
     <span class='ocr_line' id='line_1_25' title="bbox 311 2449 1885 2530; baseline 0.002 -18"><span class='ocrx_word' id='word_1_161' title='bbox 311 2449 451 2523; x_wconf 77' lang='grc' dir='ltr'>ἔριν,</span> <span class='ocrx_word' id='word_1_162' title='bbox 484 2454 544 2507; x_wconf 80' lang='grc' dir='ltr'><strong>οὐ</strong></span> <span class='ocrx_word' id='word_1_163' title='bbox 572 2457 709 2527; x_wconf 77' lang='grc' dir='ltr'>πρὸς</span> <span class='ocrx_word' id='word_1_164' title='bbox 746 2458 1002 2530; x_wconf 85' lang='grc' dir='ltr'>ἀλήθ-ιαν</span> <span class='ocrx_word' id='word_1_165' title='bbox 1035 2459 1232 2514; x_wconf 71' lang='grc' dir='ltr'>οὔκουν</span> <span class='ocrx_word' id='word_1_166' title='bbox 1264 2461 1631 2529; x_wconf 80' lang='grc' dir='ltr'>οὐδοπωσοῦν,</span> <span class='ocrx_word' id='word_1_167' title='bbox 1662 2463 1885 2516; x_wconf 81' lang='grc' dir='ltr'>ἀντεῖπε</span> 
     </span>
    </p>
   </div>
   <div class='ocr_carea' id='block_1_26' title="bbox 312 2543 1889 2629">
    <p class='ocr_par' dir='ltr' id='par_1_26' title="bbox 312 2543 1889 2629">
     <span class='ocr_line' id='line_1_26' title="bbox 312 2543 1889 2629; baseline 0.008 -33"><span class='ocrx_word' id='word_1_168' title='bbox 312 2543 409 2597; x_wconf 78' lang='grc' dir='ltr'>καὶ</span> <span class='ocrx_word' id='word_1_169' title='bbox 433 2545 514 2616; x_wconf 79' lang='grc' dir='ltr'><strong>τῷ</strong></span> <span class='ocrx_word' id='word_1_170' title='bbox 543 2548 724 2607; x_wconf 78' lang='grc' dir='ltr'>καλῶς</span> <span class='ocrx_word' id='word_1_171' title='bbox 756 2550 934 2621; x_wconf 75' lang='grc' dir='ltr'>ἔχοντι</span> <span class='ocrx_word' id='word_1_172' title='bbox 980 2553 1156 2623; x_wconf 84' lang='grc' dir='ltr'>τούτῳ</span> <span class='ocrx_word' id='word_1_173' title='bbox 1189 2554 1443 2626; x_wconf 87' lang='grc' dir='ltr'>δόγματι.</span> <span class='ocrx_word' id='word_1_174' title='bbox 1475 2555 1588 2626; x_wconf 82' lang='grc' dir='ltr'><strong>Τῆς</strong></span> <span class='ocrx_word' id='word_1_175' title='bbox 1616 2554 1746 2624; x_wconf 89' lang='grc' dir='ltr'>γοῦν</span> <span class='ocrx_word' id='word_1_176' title='bbox 1784 2572 1889 2629; x_wconf 83' lang='grc' dir='ltr'>τοι-</span> 
     </span>
    </p>
   </div>
   <div class='ocr_carea' id='block_1_27' title="bbox 311 2636 1888 2719">
    <p class='ocr_par' dir='ltr' id='par_1_27' title="bbox 311 2636 1888 2719">
     <span class='ocr_line' id='line_1_27' title="bbox 311 2636 1888 2719; baseline 0.008 -30"><span class='ocrx_word' id='word_1_177' title='bbox 311 2636 485 2708; x_wconf 87' lang='grc' dir='ltr'>αύτης</span> <span class='ocrx_word' id='word_1_178' title='bbox 503 2638 688 2693; x_wconf 74' lang='grc' dir='ltr'>ἕνεκεν</span> <span class='ocrx_word' id='word_1_179' title='bbox 714 2643 890 2707; x_wconf 86' lang='grc' dir='ltr'>αίτίας</span> <span class='ocrx_word' id='word_1_180' title='bbox 916 2644 1007 2699; x_wconf 72' lang='grc' dir='ltr'>καὶ</span> <span class='ocrx_word' id='word_1_181' title='bbox 1032 2647 1081 2700; x_wconf 82' lang='grc' dir='ltr'><strong>οῖ</strong></span> <span class='ocrx_word' id='word_1_182' title='bbox 1111 2648 1230 2718; x_wconf 78' lang='grc' dir='ltr'>μετ’</span> <span class='ocrx_word' id='word_1_183' title='bbox 1252 2648 1413 2703; x_wconf 77' lang='grc' dir='ltr'>αὐτὸν</span> <span class='ocrx_word' id='word_1_184' title='bbox 1436 2648 1649 2719; x_wconf 80' lang='grc' dir='ltr'>χρόνοις</span> <span class='ocrx_word' id='word_1_185' title='bbox 1672 2651 1888 2719; x_wconf 83' lang='grc' dir='ltr'>συχνοῖς</span> 
     </span>
    </p>
   </div>
   <div class='ocr_carea' id='block_1_28' title="bbox 311 2723 1888 2815">
    <p class='ocr_par' dir='ltr' id='par_1_28' title="bbox 311 2723 1888 2815">
     <span class='ocr_line' id='line_1_28' title="bbox 311 2723 1888 2815; baseline 0.008 -32"><span class='ocrx_word' id='word_1_186' title='bbox 311 2723 481 2796; x_wconf 78' lang='grc' dir='ltr'>οῦτοι,</span> <span class='ocrx_word' id='word_1_187' title='bbox 516 2732 643 2802; x_wconf 79' lang='grc' dir='ltr'>περὶ</span> <span class='ocrx_word' id='word_1_188' title='bbox 693 2726 766 2788; x_wconf 80' lang='grc' dir='ltr'>ὧν</span> <span class='ocrx_word' id='word_1_189' title='bbox 797 2734 921 2804; x_wconf 84' lang='grc' dir='ltr'>ἄρτι</span> <span class='ocrx_word' id='word_1_190' title='bbox 970 2737 1174 2808; x_wconf 75' lang='grc' dir='ltr'>φαμὲν,</span> <span class='ocrx_word' id='word_1_191' title='bbox 1206 2739 1304 2811; x_wconf 83' lang='grc' dir='ltr'><strong>τὴν</strong></span> <span class='ocrx_word' id='word_1_192' title='bbox 1351 2740 1480 2811; x_wconf 85' lang='grc' dir='ltr'>μίαν</span> <span class='ocrx_word' id='word_1_193' title='bbox 1524 2740 1888 2815; x_wconf 73' lang='grc' dir='ltr'>ἀποστολικὴν</span> 
     </span>
    </p>
   </div>
   <div class='ocr_carea' id='block_1_29' title="bbox 314 2821 1889 2905">
    <p class='ocr_par' dir='ltr' id='par_1_29' title="bbox 314 2821 1889 2905">
     <span class='ocr_line' id='line_1_29' title="bbox 314 2821 1889 2905; baseline 0.008 -29"><span class='ocrx_word' id='word_1_194' title='bbox 314 2821 479 2890; x_wconf 84' lang='grc' dir='ltr'>άγίαν</span> <span class='ocrx_word' id='word_1_195' title='bbox 514 2826 607 2878; x_wconf 68' lang='grc' dir='ltr'><strong>καλ⁸</strong></span> <span class='ocrx_word' id='word_1_196' title='bbox 642 2825 934 2899; x_wconf 83' lang='grc' dir='ltr'>καθολικὴν</span> <span class='ocrx_word' id='word_1_197' title='bbox 976 2826 1301 2902; x_wconf 78' lang='grc' dir='ltr'>Ἐκκλησίαν</span> <span class='ocrx_word' id='word_1_198' title='bbox 1342 2832 1653 2905; x_wconf 74' lang='grc' dir='ltr'>διέρρηξαν,</span> <span class='ocrx_word' id='word_1_199' title='bbox 1688 2834 1781 2888; x_wconf 72' lang='grc' dir='ltr'>καὶ</span> <span class='ocrx_word' id='word_1_200' title='bbox 1811 2836 1889 2899; x_wconf 84' lang='grc' dir='ltr'><strong>είς</strong></span> 
     </span>
    </p>
   </div>
   <div class='ocr_carea' id='block_1_30' title="bbox 314 2914 1888 2993">
    <p class='ocr_par' dir='ltr' id='par_1_30' title="bbox 314 2914 1888 2993">
     <span class='ocr_line' id='line_1_30' title="bbox 314 2914 1888 2993; baseline 0.01 -28"><span class='ocrx_word' id='word_1_201' title='bbox 314 2914 461 2984; x_wconf 79' lang='grc' dir='ltr'>μέρη</span> <span class='ocrx_word' id='word_1_202' title='bbox 481 2917 796 2988; x_wconf 78' lang='grc' dir='ltr'>κατέτεμον,</span> <span class='ocrx_word' id='word_1_203' title='bbox 819 2919 1008 2989; x_wconf 83' lang='grc' dir='ltr'>λόγους</span> <span class='ocrx_word' id='word_1_204' title='bbox 1039 2925 1282 2993; x_wconf 80' lang='grc' dir='ltr'>μακροὺς</span> <span class='ocrx_word' id='word_1_205' title='bbox 1309 2925 1614 2993; x_wconf 83' lang='grc' dir='ltr'>ὲκθὲμενοι,</span> <span class='ocrx_word' id='word_1_206' title='bbox 1641 2927 1736 2980; x_wconf 76' lang='grc' dir='ltr'>καὶ</span> <span class='ocrx_word' id='word_1_207' title='bbox 1759 2925 1888 2980; x_wconf 86' lang='grc' dir='ltr'>πολ-</span> 
     </span>
    </p>
   </div>
   <div class='ocr_carea' id='block_1_31' title="bbox 315 3004 1889 3091">
    <p class='ocr_par' dir='ltr' id='par_1_31' title="bbox 315 3004 1889 3091">
     <span class='ocr_line' id='line_1_31' title="bbox 315 3004 1889 3091; baseline 0.008 -33"><span class='ocrx_word' id='word_1_208' title='bbox 315 3004 445 3070; x_wconf 76' lang='grc' dir='ltr'>λοὺς</span> <span class='ocrx_word' id='word_1_209' title='bbox 471 3008 605 3076; x_wconf 75' lang='grc' dir='ltr'>μετὰ</span> <span class='ocrx_word' id='word_1_210' title='bbox 630 3008 737 3063; x_wconf 88' lang='grc' dir='ltr'><strong>τῶν</strong></span> <span class='ocrx_word' id='word_1_211' title='bbox 764 3011 939 3068; x_wconf 86' lang='grc' dir='ltr'>ἄλλων</span> <span class='ocrx_word' id='word_1_212' title='bbox 970 3015 1172 3082; x_wconf 82' lang='grc' dir='ltr'>κακῶν,</span> <span class='ocrx_word' id='word_1_213' title='bbox 1213 3016 1307 3070; x_wconf 75' lang='grc' dir='ltr'>καὶ</span> <span class='ocrx_word' id='word_1_214' title='bbox 1331 3019 1472 3073; x_wconf 79' lang='grc' dir='ltr'>κατὰ</span> <span class='ocrx_word' id='word_1_215' title='bbox 1494 3017 1590 3071; x_wconf 87' lang='grc' dir='ltr'><strong>τοῦ</strong></span> <span class='ocrx_word' id='word_1_216' title='bbox 1621 3018 1889 3091; x_wconf 79' lang='grc' dir='ltr'>παρόντος</span> 
     </span>
    </p>
   </div>
   <div class='ocr_carea' id='block_1_32' title="bbox 320 3098 1889 3178">
    <p class='ocr_par' dir='ltr' id='par_1_32' title="bbox 320 3098 1889 3178">
     <span class='ocr_line' id='line_1_32' title="bbox 320 3098 1889 3178; baseline 0.01 -29"><span class='ocrx_word' id='word_1_217' title='bbox 320 3099 459 3167; x_wconf 73' lang='grc' dir='ltr'>πρὸς</span> <span class='ocrx_word' id='word_1_218' title='bbox 489 3098 768 3155; x_wconf 79' lang='grc' dir='ltr'>εὐσέϐειαν</span> <span class='ocrx_word' id='word_1_219' title='bbox 790 3103 1064 3174; x_wconf 78' lang='grc' dir='ltr'>ἀσφαλοῦς</span> <span class='ocrx_word' id='word_1_220' title='bbox 1092 3106 1383 3178; x_wconf 86' lang='grc' dir='ltr'>δόγματος,</span> <span class='ocrx_word' id='word_1_221' title='bbox 1423 3107 1504 3173; x_wconf 76' lang='grc' dir='ltr'>οἷς</span> <span class='ocrx_word' id='word_1_222' title='bbox 1538 3110 1668 3174; x_wconf 76' lang='grc' dir='ltr'>ἴσως</span> <span class='ocrx_word' id='word_1_223' title='bbox 1691 3110 1720 3161; x_wconf 84' lang='grc' dir='ltr'><strong>ό</strong></span> <span class='ocrx_word' id='word_1_224' title='bbox 1755 3111 1889 3174; x_wconf 82' lang='grc' dir='ltr'>Θεὸς</span> 
     </span>
    </p>
   </div>
   <div class='ocr_carea' id='block_1_33' title="bbox 315 3189 1887 3272">
    <p class='ocr_par' dir='ltr' id='par_1_33' title="bbox 315 3189 1887 3272">
     <span class='ocr_line' id='line_1_33' title="bbox 315 3189 1887 3272; baseline 0.009 -30"><span class='ocrx_word' id='word_1_225' title='bbox 315 3189 415 3243; x_wconf 79' lang='grc' dir='ltr'><strong>τοῦ</strong></span> <span class='ocrx_word' id='word_1_226' title='bbox 447 3191 794 3262; x_wconf 69' lang='grc' dir='ltr'>ἐγκλήματος</span> <span class='ocrx_word' id='word_1_227' title='bbox 824 3197 916 3249; x_wconf 80' lang='grc' dir='ltr'>καὶ</span> <span class='ocrx_word' id='word_1_228' title='bbox 952 3196 1169 3263; x_wconf 80' lang='grc' dir='ltr'>τούτοις</span> <span class='ocrx_word' id='word_1_229' title='bbox 1199 3200 1479 3264; x_wconf 83' lang='grc' dir='ltr'>ἀποδιδοὺς</span> <span class='ocrx_word' id='word_1_230' title='bbox 1510 3201 1611 3272; x_wconf 83' lang='grc' dir='ltr'>τῆς</span> <span class='ocrx_word' id='word_1_231' title='bbox 1655 3202 1887 3268; x_wconf 83' lang='grc' dir='ltr'>ἀτοπίας</span> 
     </span>
    </p>
   </div>
   <div class='ocr_carea' id='block_1_34' title="bbox 313 3284 1887 3367">
    <p class='ocr_par' dir='ltr' id='par_1_34' title="bbox 313 3284 1887 3367">
     <span class='ocr_line' id='line_1_34' title="bbox 313 3284 1887 3367; baseline 0.008 -30"><span class='ocrx_word' id='word_1_232' title='bbox 313 3284 628 3352; x_wconf 70' lang='grc' dir='ltr'>ἀνενεγκεῖν</span> <span class='ocrx_word' id='word_1_233' title='bbox 653 3287 856 3356; x_wconf 79' lang='grc' dir='ltr'>ταύτης</span> <span class='ocrx_word' id='word_1_234' title='bbox 891 3289 1088 3353; x_wconf 76' lang='grc' dir='ltr'>αὐτοὺς</span> <span class='ocrx_word' id='word_1_235' title='bbox 1132 3291 1232 3345; x_wconf 82' lang='grc' dir='ltr'><strong>οὐκ</strong></span> <span class='ocrx_word' id='word_1_236' title='bbox 1271 3292 1574 3365; x_wconf 82' lang='grc' dir='ltr'>ηὐδόκησεν</span> <span class='ocrx_word' id='word_1_237' title='bbox 1598 3307 1612 3323; x_wconf 85' lang='lat'><strong><em>°</em></strong></span> <span class='ocrx_word' id='word_1_238' title='bbox 1639 3294 1721 3348; x_wconf 83' lang='grc' dir='ltr'>ὅτι</span> <span class='ocrx_word' id='word_1_239' title='bbox 1750 3293 1887 3367; x_wconf 81' lang='grc' dir='ltr'>μηδὲ</span> 
     </span>
    </p>
   </div>
   <div class='ocr_carea' id='block_1_35' title="bbox 315 3375 1886 3459">
    <p class='ocr_par' dir='ltr' id='par_1_35' title="bbox 315 3375 1886 3459">
     <span class='ocr_line' id='line_1_35' title="bbox 315 3375 1886 3459; baseline 0.01 -31"><span class='ocrx_word' id='word_1_240' title='bbox 315 3375 645 3432; x_wconf 81' lang='grc' dir='ltr'>κλέπτεσθαι</span> <span class='ocrx_word' id='word_1_241' title='bbox 695 3380 952 3448; x_wconf 73' lang='grc' dir='ltr'>πολλάκις</span> <span class='ocrx_word' id='word_1_242' title='bbox 991 3384 1156 3453; x_wconf 85' lang='grc' dir='ltr'>φιλεῖ,</span> <span class='ocrx_word' id='word_1_243' title='bbox 1188 3383 1292 3440; x_wconf 80' lang='grc' dir='ltr'>κᾶν</span> <span class='ocrx_word' id='word_1_244' title='bbox 1321 3386 1371 3438; x_wconf 86' lang='grc' dir='ltr'><strong>εί</strong></span> <span class='ocrx_word' id='word_1_245' title='bbox 1417 3386 1727 3459; x_wconf 82' lang='grc' dir='ltr'>καθέστηκε</span> <span class='ocrx_word' id='word_1_246' title='bbox 1765 3387 1886 3443; x_wconf 87' lang='grc' dir='ltr'>λίαν</span> 
     </span>
    </p>
   </div>
   <div class='ocr_carea' id='block_1_36' title="bbox 321 3472 1888 3547">
    <p class='ocr_par' dir='ltr' id='par_1_36' title="bbox 321 3472 1888 3547">
     <span class='ocr_line' id='line_1_36' title="bbox 321 3472 1888 3547; baseline 0.008 -25"><span class='ocrx_word' id='word_1_247' title='bbox 321 3472 721 3544; x_wconf 81' lang='grc' dir='ltr'>φιλάνθρωπος.</span> <span class='ocrx_word' id='word_1_248' title='bbox 751 3476 824 3530; x_wconf 89' lang='grc' dir='ltr'>Οὐ</span> <span class='ocrx_word' id='word_1_249' title='bbox 854 3477 997 3547; x_wconf 83' lang='grc' dir='ltr'>λέγω</span> <span class='ocrx_word' id='word_1_250' title='bbox 1040 3480 1095 3532; x_wconf 81' lang='grc' dir='ltr'>δὲ</span> <span class='ocrx_word' id='word_1_251' title='bbox 1127 3479 1334 3544; x_wconf 84' lang='grc' dir='ltr'>πάντας</span> <span class='ocrx_word' id='word_1_252' title='bbox 1365 3480 1491 3545; x_wconf 77' lang='grc' dir='ltr'>τοὺς</span> <span class='ocrx_word' id='word_1_253' title='bbox 1511 3481 1649 3536; x_wconf 83' lang='grc' dir='ltr'>κατὰ</span> <span class='ocrx_word' id='word_1_254' title='bbox 1676 3482 1767 3537; x_wconf 69' lang='grc' dir='ltr'><strong>τὸν</strong></span> <span class='ocrx_word' id='word_1_255' title='bbox 1793 3480 1888 3536; x_wconf 89' lang='grc' dir='ltr'><strong>τοῦ</strong></span> 
     </span>
    </p>
   </div>
   <div class='ocr_carea' id='block_1_37' title="bbox 318 3565 1890 3647">
    <p class='ocr_par' dir='ltr' id='par_1_37' title="bbox 318 3565 1890 3647">
     <span class='ocr_line' id='line_1_37' title="bbox 318 3565 1890 3647; baseline 0.007 -30"><span class='ocrx_word' id='word_1_256' title='bbox 318 3565 618 3636; x_wconf 86' lang='grc' dir='ltr'>σχίσματος</span> <span class='ocrx_word' id='word_1_257' title='bbox 648 3568 807 3633; x_wconf 74' lang='grc' dir='ltr'>ὄντας</span> <span class='ocrx_word' id='word_1_258' title='bbox 833 3569 1042 3641; x_wconf 74' lang='grc' dir='ltr'>καιρὸν,</span> <span class='ocrx_word' id='word_1_259' title='bbox 1077 3571 1374 3647; x_wconf 78' lang='grc' dir='ltr'>ἐπειδήπερ</span> <span class='ocrx_word' id='word_1_260' title='bbox 1414 3572 1535 3626; x_wconf 79' lang='grc' dir='ltr'>οὐδὲ</span> <span class='ocrx_word' id='word_1_261' title='bbox 1565 3576 1890 3645; x_wconf 76' lang='grc' dir='ltr'>κατηγορεῖν</span> 
     </span>
    </p>
   </div>
   <div class='ocr_carea' id='block_1_38' title="bbox 318 3659 1889 3737">
    <p class='ocr_par' dir='ltr' id='par_1_38' title="bbox 318 3659 1889 3737">
     <span class='ocr_line' id='line_1_38' title="bbox 318 3659 1889 3737; baseline 0.007 -27"><span class='ocrx_word' id='word_1_262' title='bbox 318 3659 539 3712; x_wconf 78' lang='grc' dir='ltr'>πάντων</span> <span class='ocrx_word' id='word_1_263' title='bbox 567 3660 632 3732; x_wconf 78' lang='grc' dir='ltr'>δὴ</span> <span class='ocrx_word' id='word_1_264' title='bbox 665 3660 872 3716; x_wconf 83' lang='grc' dir='ltr'>τούτων</span> <span class='ocrx_word' id='word_1_265' title='bbox 900 3664 1073 3731; x_wconf 80' lang='grc' dir='ltr'>ἀξιον.</span> <span class='ocrx_word' id='word_1_266' title='bbox 1114 3664 1238 3718; x_wconf 68' lang='grc' dir='ltr'>Εἰσὶ</span> <span class='ocrx_word' id='word_1_267' title='bbox 1259 3665 1367 3737; x_wconf 85' lang='grc' dir='ltr'><strong>γάρ</strong></span> <span class='ocrx_word' id='word_1_268' title='bbox 1395 3682 1561 3732; x_wconf 85' lang='grc' dir='ltr'>τινες,</span> <span class='ocrx_word' id='word_1_269' title='bbox 1590 3667 1749 3735; x_wconf 82' lang='grc' dir='ltr'>είσὶν,</span> <span class='ocrx_word' id='word_1_270' title='bbox 1773 3668 1889 3736; x_wconf 84' lang='grc' dir='ltr'>οἵγε</span> 
     </span>
    </p>
   </div>
   <div class='ocr_carea' id='block_1_39' title="bbox 315 3751 1892 3831">
    <p class='ocr_par' dir='ltr' id='par_1_39' title="bbox 315 3751 1892 3831">
     <span class='ocr_line' id='line_1_39' title="bbox 315 3751 1892 3831; baseline 0.006 -26"><span class='ocrx_word' id='word_1_271' title='bbox 315 3751 412 3805; x_wconf 83' lang='grc' dir='ltr'><strong>τοῦ</strong></span> <span class='ocrx_word' id='word_1_272' title='bbox 444 3752 564 3805; x_wconf 88' lang='grc' dir='ltr'>κατ’</span> <span class='ocrx_word' id='word_1_273' title='bbox 596 3754 792 3818; x_wconf 74' lang='grc' dir='ltr'>αὐτοὺς</span> <span class='ocrx_word' id='word_1_274' title='bbox 827 3756 1030 3821; x_wconf 82' lang='grc' dir='ltr'>πάθους</span> <span class='ocrx_word' id='word_1_275' title='bbox 1056 3757 1320 3829; x_wconf 83' lang='grc' dir='ltr'>ἀνώτεροι</span> <span class='ocrx_word' id='word_1_276' title='bbox 1363 3758 1620 3828; x_wconf 78' lang='grc' dir='ltr'>φανέντες</span> <span class='ocrx_word' id='word_1_277' title='bbox 1656 3763 1731 3824; x_wconf 80' lang='grc' dir='ltr'>ὡς</span> <span class='ocrx_word' id='word_1_278' title='bbox 1761 3760 1892 3831; x_wconf 78' lang='grc' dir='ltr'>άλη-</span> 
     </span>
    </p>
   </div>
   <div class='ocr_carea' id='block_1_40' title="bbox 294 3843 1887 3924">
    <p class='ocr_par' dir='ltr' id='par_1_40' title="bbox 294 3843 1887 3924">
     <span class='ocr_line' id='line_1_40' title="bbox 294 3843 1887 3924; baseline 0.007 -29"><span class='ocrx_word' id='word_1_279' title='bbox 294 3843 443 3917; x_wconf 26' lang='grc' dir='ltr'>θθῶς.</span> <span class='ocrx_word' id='word_1_280' title='bbox 484 3844 562 3915; x_wconf 80' lang='grc' dir='ltr'>τῷ</span> <span class='ocrx_word' id='word_1_281' title='bbox 589 3847 812 3918; x_wconf 80' lang='grc' dir='ltr'>τοιούτῳ</span> <span class='ocrx_word' id='word_1_282' title='bbox 844 3848 1073 3920; x_wconf 84' lang='grc' dir='ltr'>δόγματι</span> <span class='ocrx_word' id='word_1_283' title='bbox 1108 3850 1470 3923; x_wconf 86' lang='grc' dir='ltr'>συνηγοροῦσι</span> <span class='ocrx_word' id='word_1_284' title='bbox 1503 3851 1785 3924; x_wconf 80' lang='grc' dir='ltr'>κραταιῶς</span> <span class='ocrx_word' id='word_1_285' title='bbox 1829 3855 1887 3907; x_wconf 77' lang='grc' dir='ltr'>ἐν</span> 
     </span>
    </p>
   </div>
   <div class='ocr_carea' id='block_1_41' title="bbox 317 3934 1892 4015">
    <p class='ocr_par' dir='ltr' id='par_1_41' title="bbox 317 3934 1892 4015">
     <span class='ocr_line' id='line_1_41' title="bbox 317 3934 1892 4015; baseline 0.006 -29"><span class='ocrx_word' id='word_1_286' title='bbox 317 3934 594 4006; x_wconf 73' lang='grc' dir='ltr'>διαφόροις</span> <span class='ocrx_word' id='word_1_287' title='bbox 626 3937 804 3991; x_wconf 81' lang='grc' dir='ltr'>αὐτῶν</span> <span class='ocrx_word' id='word_1_288' title='bbox 850 3943 1297 4011; x_wconf 84' lang='grc' dir='ltr'>συγγράμμασιν,</span> <span class='ocrx_word' id='word_1_289' title='bbox 1330 3944 1379 3996; x_wconf 76' lang='lat' dir='ltr'><strong>oi</strong></span> <span class='ocrx_word' id='word_1_290' title='bbox 1427 3943 1526 4013; x_wconf 83' lang='grc' dir='ltr'>μὲν</span> <span class='ocrx_word' id='word_1_291' title='bbox 1557 3942 1892 4015; x_wconf 83' lang='grc' dir='ltr'>ἀπερικαλύ-</span> 
     </span>
    </p>
   </div>
   <div class='ocr_carea' id='block_1_42' title="bbox 314 4028 1888 4105">
    <p class='ocr_par' dir='ltr' id='par_1_42' title="bbox 314 4028 1888 4105">
     <span class='ocr_line' id='line_1_42' title="bbox 314 4028 1888 4105; baseline 0.007 -26"><span class='ocrx_word' id='word_1_292' title='bbox 314 4045 470 4090; x_wconf 84' lang='grc' dir='ltr'>πτως</span> <span class='ocrx_word' id='word_1_293' title='bbox 496 4028 588 4082; x_wconf 79' lang='grc' dir='ltr'>καὶ</span> <span class='ocrx_word' id='word_1_294' title='bbox 621 4031 870 4105; x_wconf 81' lang='grc' dir='ltr'>φανερῶς</span> <span class='ocrx_word' id='word_1_295' title='bbox 900 4033 995 4086; x_wconf 78' lang='grc' dir='ltr'>ἅτε</span> <span class='ocrx_word' id='word_1_296' title='bbox 1028 4034 1384 4104; x_wconf 80' lang='grc' dir='ltr'>τυγχάνοντες</span> <span class='ocrx_word' id='word_1_297' title='bbox 1413 4035 1548 4100; x_wconf 86' lang='grc' dir='ltr'>δλως</span> <span class='ocrx_word' id='word_1_298' title='bbox 1575 4036 1668 4090; x_wconf 87' lang='grc' dir='ltr'><strong>τοῦ</strong></span> <span class='ocrx_word' id='word_1_299' title='bbox 1715 4036 1888 4090; x_wconf 84' lang='grc' dir='ltr'>Πνεύ-</span> 
     </span>
    </p>
   </div>
   <div class='ocr_carea' id='block_1_43' title="bbox 317 4120 1886 4196">
    <p class='ocr_par' dir='ltr' id='par_1_43' title="bbox 317 4120 1886 4196">
     <span class='ocr_line' id='line_1_43' title="bbox 317 4120 1886 4196; baseline 0.006 -26"><span class='ocrx_word' id='word_1_300' title='bbox 317 4135 514 4190; x_wconf 83' lang='grc' dir='ltr'>ματος,</span> <span class='ocrx_word' id='word_1_301' title='bbox 564 4120 613 4172; x_wconf 79' lang='lat' dir='ltr'><strong>oi</strong></span> <span class='ocrx_word' id='word_1_302' title='bbox 663 4121 720 4174; x_wconf 77' lang='grc' dir='ltr'>δὲ</span> <span class='ocrx_word' id='word_1_303' title='bbox 761 4125 1255 4191; x_wconf 83' lang='grc' dir='ltr'>συνεσκιασμὲνως,</span> <span class='ocrx_word' id='word_1_304' title='bbox 1306 4127 1483 4180; x_wconf 78' lang='grc' dir='ltr'>εἰπεῖν</span> <span class='ocrx_word' id='word_1_305' title='bbox 1535 4127 1592 4181; x_wconf 83' lang='grc' dir='ltr'>δὲ</span> <span class='ocrx_word' id='word_1_306' title='bbox 1647 4128 1886 4196; x_wconf 84' lang='grc' dir='ltr'>κάλλιον,</span> 
     </span>
    </p>
   </div>
   <div class='ocr_carea' id='block_1_44' title="bbox 311 4211 1888 4289">
    <p class='ocr_par' dir='ltr' id='par_1_44' title="bbox 311 4211 1888 4289">
     <span class='ocr_line' id='line_1_44' title="bbox 311 4211 1888 4289; baseline 0.006 -25"><span class='ocrx_word' id='word_1_307' title='bbox 311 4211 693 4284; x_wconf 71' lang='grc' dir='ltr'>οἰκονομικῶς,</span> <span class='ocrx_word' id='word_1_308' title='bbox 726 4211 814 4267; x_wconf 74' lang='grc' dir='ltr'>οἷα</span> <span class='ocrx_word' id='word_1_309' title='bbox 857 4217 953 4270; x_wconf 74' lang='grc' dir='ltr'>καὶ</span> <span class='ocrx_word' id='word_1_310' title='bbox 989 4218 1143 4270; x_wconf 74' lang='grc' dir='ltr'>αὐτοὶ</span> <span class='ocrx_word' id='word_1_311' title='bbox 1172 4217 1343 4281; x_wconf 87' lang='grc' dir='ltr'>πάθος</span> <span class='ocrx_word' id='word_1_312' title='bbox 1389 4216 1747 4289; x_wconf 85' lang='grc' dir='ltr'>ἀνθρώπινον,</span> <span class='ocrx_word' id='word_1_313' title='bbox 1779 4219 1888 4273; x_wconf 87' lang='grc' dir='ltr'>δει-</span> 
     </span>
    </p>
   </div>
   <div class='ocr_carea' id='block_1_45' title="bbox 312 4301 1889 4380">
    <p class='ocr_par' dir='ltr' id='par_1_45' title="bbox 312 4301 1889 4380">
     <span class='ocr_line' id='line_1_45' title="bbox 312 4301 1889 4380; baseline 0.006 -26"><span class='ocrx_word' id='word_1_314' title='bbox 312 4301 437 4358; x_wconf 82' lang='grc' dir='ltr'>λίαν</span> <span class='ocrx_word' id='word_1_315' title='bbox 466 4304 630 4375; x_wconf 72' lang='grc' dir='ltr'>φημὶ,</span> <span class='ocrx_word' id='word_1_316' title='bbox 677 4305 999 4376; x_wconf 60' lang='grc' dir='ltr'>πάσχοντες.</span> <span class='ocrx_word' id='word_1_317' title='bbox 1033 4309 1151 4362; x_wconf 82' lang='grc' dir='ltr'>Ἵνα</span> <span class='ocrx_word' id='word_1_318' title='bbox 1193 4309 1252 4362; x_wconf 82' lang='grc' dir='ltr'>δὲ</span> <span class='ocrx_word' id='word_1_319' title='bbox 1281 4308 1740 4380; x_wconf 61' lang='grc' dir='ltr'>παρώηλὼσαιμι</span> <span class='ocrx_word' id='word_1_320' title='bbox 1785 4309 1889 4364; x_wconf 73' lang='grc' dir='ltr'>πά-</span> 
     </span>
    </p>
   </div>
   <div class='ocr_carea' id='block_1_46' title="bbox 262 4396 1891 4472">
    <p class='ocr_par' dir='ltr' id='par_1_46' title="bbox 262 4396 1891 4472">
     <span class='ocr_line' id='line_1_46' title="bbox 262 4396 1891 4472; baseline 0.008 -28"><span class='ocrx_word' id='word_1_321' title='bbox 262 4416 265 4417; x_wconf 52' lang='grc' dir='ltr'><strong>ν</strong></span> <span class='ocrx_word' id='word_1_322' title='bbox 315 4411 403 4446; x_wconf 88' lang='grc' dir='ltr'><strong>σιν</strong></span> <span class='ocrx_word' id='word_1_323' title='bbox 431 4396 564 4464; x_wconf 71' lang='grc' dir='ltr'>ἡμῖν</span> <span class='ocrx_word' id='word_1_324' title='bbox 597 4396 691 4449; x_wconf 74' lang='grc' dir='ltr'>καὶ</span> <span class='ocrx_word' id='word_1_325' title='bbox 732 4399 831 4464; x_wconf 76' lang='grc' dir='ltr'>τὴν</span> <span class='ocrx_word' id='word_1_326' title='bbox 858 4399 1175 4466; x_wconf 71' lang='grc' dir='ltr'>οἰκονομίαν</span> <span class='ocrx_word' id='word_1_327' title='bbox 1213 4400 1405 4472; x_wconf 76' lang='grc' dir='ltr'>αὐτὴν,</span> <span class='ocrx_word' id='word_1_328' title='bbox 1436 4401 1495 4455; x_wconf 81' lang='grc' dir='ltr'>ὲν</span> <span class='ocrx_word' id='word_1_329' title='bbox 1537 4403 1891 4472; x_wconf 83' lang='grc' dir='ltr'>προσχήματι</span> 
     </span>
    </p>
   </div>
   <div class='ocr_carea' id='block_1_47' title="bbox 311 4486 1890 4566">
    <p class='ocr_par' dir='ltr' id='par_1_47' title="bbox 311 4486 1890 4566">
     <span class='ocr_line' id='line_1_47' title="bbox 311 4486 1890 4566; baseline 0.007 -26"><span class='ocrx_word' id='word_1_330' title='bbox 311 4486 565 4555; x_wconf 81' lang='grc' dir='ltr'>δ.αλόγου</span> <span class='ocrx_word' id='word_1_331' title='bbox 594 4490 1061 4561; x_wconf 75' lang='grc' dir='ltr'>παῤῥησιάζοντάι</span> <span class='ocrx_word' id='word_1_332' title='bbox 1104 4494 1316 4563; x_wconf 82' lang='grc' dir='ltr'>τρανῶς</span> <span class='ocrx_word' id='word_1_333' title='bbox 1362 4495 1461 4565; x_wconf 84' lang='grc' dir='ltr'>τὴν</span> <span class='ocrx_word' id='word_1_334' title='bbox 1489 4495 1765 4566; x_wconf 83' lang='grc' dir='ltr'>ἀλήθειαν,</span> <span class='ocrx_word' id='word_1_335' title='bbox 1796 4497 1890 4561; x_wconf 81' lang='grc' dir='ltr'>οὓς</span> 
     </span>
    </p>
   </div>
   <div class='ocr_carea' id='block_1_48' title="bbox 312 4579 1889 4658">
    <p class='ocr_par' dir='ltr' id='par_1_48' title="bbox 312 4579 1889 4658">
     <span class='ocr_line' id='line_1_48' title="bbox 312 4579 1889 4658; baseline 0.006 -29"><span class='ocrx_word' id='word_1_336' title='bbox 312 4579 659 4652; x_wconf 81' lang='grc' dir='ltr'>ἀμφοτέρους</span> <span class='ocrx_word' id='word_1_337' title='bbox 693 4579 790 4634; x_wconf 85' lang='grc' dir='ltr'>ίδοι</span> <span class='ocrx_word' id='word_1_338' title='bbox 814 4597 897 4645; x_wconf 90' lang='grc' dir='ltr'><strong>τις</strong></span> <span class='ocrx_word' id='word_1_339' title='bbox 925 4582 992 4636; x_wconf 85' lang='grc' dir='ltr'>ἂν</span> <span class='ocrx_word' id='word_1_340' title='bbox 1019 4584 1084 4636; x_wconf 83' lang='grc' dir='ltr'>ὲκ</span> <span class='ocrx_word' id='word_1_341' title='bbox 1113 4584 1220 4639; x_wconf 90' lang='grc' dir='ltr'><strong>τῶν</strong></span> <span class='ocrx_word' id='word_1_342' title='bbox 1250 4583 1624 4640; x_wconf 86' lang='grc' dir='ltr'>θεοπνεύστων</span> <span class='ocrx_word' id='word_1_343' title='bbox 1653 4586 1889 4658; x_wconf 84' lang='grc' dir='ltr'>Γραφῶν</span> 
     </span>
    </p>
   </div>
   <div class='ocr_carea' id='block_1_49' title="bbox 1978 706 3552 787">
    <p class='ocr_par' dir='ltr' id='par_1_49' title="bbox 1978 706 3552 787">
     <span class='ocr_line' id='line_1_49' title="bbox 1978 706 3552 787; baseline -0.009 -14"><span class='ocrx_word' id='word_1_344' title='bbox 1978 716 2246 774; x_wconf 77' lang='lat' dir='ltr'><strong>cucurrit.</strong></span> <span class='ocrx_word' id='word_1_345' title='bbox 2283 715 2352 771; x_wconf 87' lang='lat' dir='ltr'><strong>Et</strong></span> <span class='ocrx_word' id='word_1_346' title='bbox 2393 724 2659 787; x_wconf 59' lang='lat' dir='ltr'><strong>praetereo</strong></span> <span class='ocrx_word' id='word_1_347' title='bbox 2684 717 2829 785; x_wconf 81' lang='lat' dir='ltr'><strong>quas</strong></span> <span class='ocrx_word' id='word_1_348' title='bbox 2870 711 2959 768; x_wconf 91' lang='lat' dir='ltr'><strong>ille</strong></span> <span class='ocrx_word' id='word_1_349' title='bbox 3008 717 3332 765; x_wconf 78' lang='lat' dir='ltr'><strong>reverenter</strong></span> <span class='ocrx_word' id='word_1_350' title='bbox 3356 706 3552 762; x_wconf 48' lang='lat' dir='ltr'><strong>adma.</strong></span> 
     </span>
    </p>
   </div>
   <div class='ocr_carea' id='block_1_50' title="bbox 1978 797 3554 876">
    <p class='ocr_par' dir='ltr' id='par_1_50' title="bbox 1978 797 3554 876">
     <span class='ocr_line' id='line_1_50' title="bbox 1978 797 3554 876; baseline -0.008 -13"><span class='ocrx_word' id='word_1_351' title='bbox 1978 808 2109 863; x_wconf 91' lang='lat' dir='ltr'><strong>dum</strong></span> <span class='ocrx_word' id='word_1_352' title='bbox 2154 807 2541 876; x_wconf 86' lang='lat' dir='ltr'><strong>submisseque</strong></span> <span class='ocrx_word' id='word_1_353' title='bbox 2574 812 2686 859; x_wconf 89' lang='lat' dir='ltr'><strong>tum</strong></span> <span class='ocrx_word' id='word_1_354' title='bbox 2721 801 2787 858; x_wconf 89' lang='lat' dir='ltr'><strong>ad</strong></span> <span class='ocrx_word' id='word_1_355' title='bbox 2825 798 3139 873; x_wconf 70' lang='lat' dir='ltr'><strong>apostolica:</strong></span> <span class='ocrx_word' id='word_1_356' title='bbox 3169 798 3315 855; x_wconf 85' lang='lat' dir='ltr'><strong>sedis</strong></span> <span class='ocrx_word' id='word_1_357' title='bbox 3361 797 3554 869; x_wconf 59' lang='lat' dir='ltr'><strong>prasi~</strong></span> 
     </span>
    </p>
   </div>
   <div class='ocr_carea' id='block_1_51' title="bbox 1976 888 3550 969">
    <p class='ocr_par' dir='ltr' id='par_1_51' title="bbox 1976 888 3550 969">
     <span class='ocr_line' id='line_1_51' title="bbox 1976 888 3550 969; baseline -0.008 -13"><span class='ocrx_word' id='word_1_358' title='bbox 1976 900 2101 956; x_wconf 90' lang='lat' dir='ltr'><strong>dem</strong></span> <span class='ocrx_word' id='word_1_359' title='bbox 2141 899 2402 969; x_wconf 87' lang='lat' dir='ltr'><strong>epistolas</strong></span> <span class='ocrx_word' id='word_1_360' title='bbox 2429 897 2744 967; x_wconf 85' lang='lat' dir='ltr'><strong>scriptaque</strong></span> <span class='ocrx_word' id='word_1_361' title='bbox 2775 893 2945 959; x_wconf 88' lang='lat' dir='ltr'><strong>dedit,</strong></span> <span class='ocrx_word' id='word_1_362' title='bbox 2987 890 3083 947; x_wconf 89' lang='lat' dir='ltr'><strong>ubi</strong></span> <span class='ocrx_word' id='word_1_363' title='bbox 3137 889 3364 946; x_wconf 89' lang='lat' dir='ltr'><strong>multam</strong></span> <span class='ocrx_word' id='word_1_364' title='bbox 3401 888 3550 944; x_wconf 85' lang='lat' dir='ltr'><strong>illius</strong></span> 
     </span>
    </p>
   </div>
   <div class='ocr_carea' id='block_1_52' title="bbox 1977 980 3605 1057">
    <p class='ocr_par' dir='ltr' id='par_1_52' title="bbox 1977 980 3605 1057">
     <span class='ocr_line' id='line_1_52' title="bbox 1977 980 3605 1057; baseline -0.008 -8"><span class='ocrx_word' id='word_1_365' title='bbox 1977 994 2322 1051; x_wconf 83' lang='lat' dir='ltr'><strong>sanctitatem</strong></span> <span class='ocrx_word' id='word_1_366' title='bbox 2377 998 2720 1055; x_wconf 85' lang='lat' dir='ltr'><strong>contestans,</strong></span> <span class='ocrx_word' id='word_1_367' title='bbox 2768 997 2829 1043; x_wconf 90' lang='lat' dir='ltr'><strong>ut</strong></span> <span class='ocrx_word' id='word_1_368' title='bbox 2861 987 2929 1043; x_wconf 89' lang='lat' dir='ltr'><strong>de</strong></span> <span class='ocrx_word' id='word_1_369' title='bbox 2971 999 3038 1040; x_wconf 91' lang='lat' dir='ltr'><strong>eo</strong></span> <span class='ocrx_word' id='word_1_370' title='bbox 3071 998 3262 1055; x_wconf 92' lang='lat' dir='ltr'><strong>preces</strong></span> <span class='ocrx_word' id='word_1_371' title='bbox 3310 980 3551 1038; x_wconf 84' lang='lat' dir='ltr'><strong>effundat</strong></span> <span class='ocrx_word' id='word_1_372' title='bbox 3600 1052 3605 1057; x_wconf 22' lang='grc' dir='ltr'><em>Α</em></span> 
     </span>
    </p>
   </div>
   <div class='ocr_carea' id='block_1_53' title="bbox 1981 1074 3554 1153">
    <p class='ocr_par' dir='ltr' id='par_1_53' title="bbox 1981 1074 3554 1153">
     <span class='ocr_line' id='line_1_53' title="bbox 1981 1074 3554 1153; baseline -0.008 -13"><span class='ocrx_word' id='word_1_373' title='bbox 1981 1086 2266 1149; x_wconf 87' lang='lat' dir='ltr'><strong>continue,</strong></span> <span class='ocrx_word' id='word_1_374' title='bbox 2303 1080 2595 1153; x_wconf 88' lang='lat' dir='ltr'><strong>supplicat,</strong></span> <span class='ocrx_word' id='word_1_375' title='bbox 2629 1079 2790 1136; x_wconf 89' lang='lat' dir='ltr'><strong>sicuti</strong></span> <span class='ocrx_word' id='word_1_376' title='bbox 2818 1078 2888 1135; x_wconf 89' lang='lat' dir='ltr'><strong>ab</strong></span> <span class='ocrx_word' id='word_1_377' title='bbox 2915 1075 3201 1133; x_wconf 88' lang='lat' dir='ltr'><strong>industriis</strong></span> <span class='ocrx_word' id='word_1_378' title='bbox 3237 1074 3554 1130; x_wconf 86' lang='lat' dir='ltr'><strong>hominibus</strong></span> 
     </span>
    </p>
   </div>
   <div class='ocr_carea' id='block_1_54' title="bbox 1980 1165 3553 1238">
    <p class='ocr_par' dir='ltr' id='par_1_54' title="bbox 1980 1165 3553 1238">
     <span class='ocr_line' id='line_1_54' title="bbox 1980 1165 3553 1238; baseline -0.005 -11"><span class='ocrx_word' id='word_1_379' title='bbox 1980 1171 2351 1227; x_wconf 75' lang='lat' dir='ltr'><strong>examinatum</strong></span> <span class='ocrx_word' id='word_1_380' title='bbox 2402 1176 2505 1225; x_wconf 85' lang='lat' dir='ltr'><strong>est.</strong></span> <span class='ocrx_word' id='word_1_381' title='bbox 2546 1167 2613 1223; x_wconf 81' lang='lat' dir='ltr'><strong>Et</strong></span> <span class='ocrx_word' id='word_1_382' title='bbox 2657 1177 2840 1224; x_wconf 90' lang='lat' dir='ltr'><strong>tamen</strong></span> <span class='ocrx_word' id='word_1_383' title='bbox 2882 1183 2993 1238; x_wconf 89' lang='lat' dir='ltr'><strong>quo</strong></span> <span class='ocrx_word' id='word_1_384' title='bbox 3038 1166 3160 1236; x_wconf 80' lang='lat' dir='ltr'><strong>iure</strong></span> <span class='ocrx_word' id='word_1_385' title='bbox 3209 1165 3301 1222; x_wconf 91' lang='lat' dir='ltr'><strong>ille</strong></span> <span class='ocrx_word' id='word_1_386' title='bbox 3342 1173 3553 1236; x_wconf 80' lang='lat' dir='ltr'><strong>poterat</strong></span> 
     </span>
    </p>
   </div>
   <div class='ocr_carea' id='block_1_55' title="bbox 1982 1259 3593 1331">
    <p class='ocr_par' dir='ltr' id='par_1_55' title="bbox 1982 1259 3593 1331">
     <span class='ocr_line' id='line_1_55' title="bbox 1982 1259 3593 1331; baseline -0.005 -12"><span class='ocrx_word' id='word_1_387' title='bbox 1982 1280 2106 1320; x_wconf 90' lang='lat' dir='ltr'><strong>cum</strong></span> <span class='ocrx_word' id='word_1_388' title='bbox 2194 1259 2508 1318; x_wconf 87' lang='lat' dir='ltr'><strong>hominibus</strong></span> <span class='ocrx_word' id='word_1_389' title='bbox 2588 1261 2643 1317; x_wconf 88' lang='lat' dir='ltr'><strong>in</strong></span> <span class='ocrx_word' id='word_1_390' title='bbox 2719 1260 2943 1331; x_wconf 87' lang='lat' dir='ltr'><strong>pietatis</strong></span> <span class='ocrx_word' id='word_1_391' title='bbox 3002 1260 3254 1329; x_wconf 82' lang='lat' dir='ltr'><strong>dOgmatc</strong></span> <span class='ocrx_word' id='word_1_392' title='bbox 3329 1270 3593 1329; x_wconf 75' lang='lat' dir='ltr'><strong>prorsus‘</strong></span> 
     </span>
    </p>
   </div>
   <div class='ocr_carea' id='block_1_56' title="bbox 1982 1348 3555 1421">
    <p class='ocr_par' dir='ltr' id='par_1_56' title="bbox 1982 1348 3555 1421">
     <span class='ocr_line' id='line_1_56' title="bbox 1982 1348 3555 1421; baseline -0.004 -10"><span class='ocrx_word' id='word_1_393' title='bbox 1982 1354 2372 1411; x_wconf 78' lang='lat' dir='ltr'><strong>aberranlibus</strong></span> <span class='ocrx_word' id='word_1_394' title='bbox 2410 1351 2726 1419; x_wconf 80' lang='lat' dir='ltr'><strong>convenire,</strong></span> <span class='ocrx_word' id='word_1_395' title='bbox 2777 1351 2833 1406; x_wconf 89' lang='lat' dir='ltr'><strong>ni</strong></span> <span class='ocrx_word' id='word_1_396' title='bbox 2881 1350 3035 1421; x_wconf 89' lang='lat' dir='ltr'><strong>prius</strong></span> <span class='ocrx_word' id='word_1_397' title='bbox 3080 1349 3210 1403; x_wconf 89' lang='lat' dir='ltr'><strong>illud</strong></span> <span class='ocrx_word' id='word_1_398' title='bbox 3258 1348 3427 1419; x_wconf 84' lang='lat' dir='ltr'><strong>probe</strong></span> <span class='ocrx_word' id='word_1_399' title='bbox 3470 1365 3555 1404; x_wconf 88' lang='lat' dir='ltr'><strong>rc-</strong></span> 
     </span>
    </p>
   </div>
   <div class='ocr_carea' id='block_1_57' title="bbox 1978 1439 3556 1515">
    <p class='ocr_par' dir='ltr' id='par_1_57' title="bbox 1978 1439 3556 1515">
     <span class='ocr_line' id='line_1_57' title="bbox 1978 1439 3556 1515; baseline -0.003 -16"><span class='ocrx_word' id='word_1_400' title='bbox 1978 1445 2267 1515; x_wconf 87' lang='lat' dir='ltr'><strong>jecissent,</strong></span> <span class='ocrx_word' id='word_1_401' title='bbox 2310 1454 2367 1499; x_wconf 87' lang='lat' dir='ltr'><strong>et</strong></span> <span class='ocrx_word' id='word_1_402' title='bbox 2398 1442 2652 1499; x_wconf 66' lang='lat' dir='ltr'><strong>haeresim</strong></span> <span class='ocrx_word' id='word_1_403' title='bbox 2685 1442 2963 1514; x_wconf 87' lang='lat' dir='ltr'><strong>propriam</strong></span> <span class='ocrx_word' id='word_1_404' title='bbox 2992 1440 3327 1495; x_wconf 82' lang='lat' dir='ltr'><strong>anathemati</strong></span> <span class='ocrx_word' id='word_1_405' title='bbox 3369 1439 3556 1509; x_wconf 66' lang='lat' dir='ltr'><strong>subjeo</strong></span> 
     </span>
    </p>
   </div>
   <div class='ocr_carea' id='block_1_58' title="bbox 1981 1533 3552 1605">
    <p class='ocr_par' dir='ltr' id='par_1_58' title="bbox 1981 1533 3552 1605">
     <span class='ocr_line' id='line_1_58' title="bbox 1981 1533 3552 1605; baseline -0.003 -12"><span class='ocrx_word' id='word_1_406' title='bbox 1981 1539 2232 1594; x_wconf 85' lang='lat' dir='ltr'><strong>cissent?</strong></span> <span class='ocrx_word' id='word_1_407' title='bbox 2290 1545 2342 1593; x_wconf 86' lang='lat' dir='ltr'><strong>et</strong></span> <span class='ocrx_word' id='word_1_408' title='bbox 2400 1536 2763 1592; x_wconf 87' lang='lat' dir='ltr'><strong>nihilominus</strong></span> <span class='ocrx_word' id='word_1_409' title='bbox 2820 1536 2949 1591; x_wconf 84' lang='lat' dir='ltr'><strong>licet</strong></span> <span class='ocrx_word' id='word_1_410' title='bbox 2991 1534 3265 1605; x_wconf 82' lang='lat' dir='ltr'><strong>quispiam</strong></span> <span class='ocrx_word' id='word_1_411' title='bbox 3319 1533 3552 1588; x_wconf 88' lang='lat' dir='ltr'><strong>multum</strong></span> 
     </span>
    </p>
   </div>
   <div class='ocr_carea' id='block_1_59' title="bbox 1978 1627 3552 1700">
    <p class='ocr_par' dir='ltr' id='par_1_59' title="bbox 1978 1627 3552 1700">
     <span class='ocr_line' id='line_1_59' title="bbox 1978 1627 3552 1700; baseline -0.005 -14"><span class='ocrx_word' id='word_1_412' title='bbox 1978 1630 2308 1687; x_wconf 88' lang='lat' dir='ltr'><strong>laboraverit</strong></span> <span class='ocrx_word' id='word_1_413' title='bbox 2357 1639 2410 1685; x_wconf 88' lang='lat' dir='ltr'><strong>et</strong></span> <span class='ocrx_word' id='word_1_414' title='bbox 2458 1627 2821 1700; x_wconf 90' lang='lat' dir='ltr'><strong>perquirendo</strong></span> <span class='ocrx_word' id='word_1_415' title='bbox 2867 1627 3215 1690; x_wconf 80' lang='lat' dir='ltr'><strong>delassctur,</strong></span> <span class='ocrx_word' id='word_1_416' title='bbox 3276 1640 3552 1695; x_wconf 78' lang='lat' dir='ltr'><strong>nunquam</strong></span> 
     </span>
    </p>
   </div>
   <div class='ocr_carea' id='block_1_60' title="bbox 1980 1716 3558 1794">
    <p class='ocr_par' dir='ltr' id='par_1_60' title="bbox 1980 1716 3558 1794">
     <span class='ocr_line' id='line_1_60' title="bbox 1980 1716 3558 1794; baseline -0.004 -16"><span class='ocrx_word' id='word_1_417' title='bbox 1980 1723 2214 1794; x_wconf 76' lang='lat' dir='ltr'><strong>reperiet</strong></span> <span class='ocrx_word' id='word_1_418' title='bbox 2259 1737 2383 1777; x_wconf 88' lang='lat' dir='ltr'><strong>eum</strong></span> <span class='ocrx_word' id='word_1_419' title='bbox 2436 1721 2675 1792; x_wconf 81' lang='lat' dir='ltr'><strong>aliquam</strong></span> <span class='ocrx_word' id='word_1_420' title='bbox 2730 1719 2935 1776; x_wconf 87' lang='lat' dir='ltr'><strong>erroris</strong></span> <span class='ocrx_word' id='word_1_421' title='bbox 2981 1718 3383 1774; x_wconf 85' lang='lat' dir='ltr'><strong>correctionem</strong></span> <span class='ocrx_word' id='word_1_422' title='bbox 3432 1716 3558 1772; x_wconf 57' lang='lat' dir='ltr'><strong>inde</strong></span> 
     </span>
    </p>
   </div>
   <div class='ocr_carea' id='block_1_61' title="bbox 1979 1809 3559 1886">
    <p class='ocr_par' dir='ltr' id='par_1_61' title="bbox 1979 1809 3559 1886">
     <span class='ocr_line' id='line_1_61' title="bbox 1979 1809 3559 1886; baseline -0.006 -16"><span class='ocrx_word' id='word_1_423' title='bbox 1979 1816 2394 1886; x_wconf 79' lang='lat' dir='ltr'><strong>expostulasse,</strong></span> <span class='ocrx_word' id='word_1_424' title='bbox 2451 1829 2628 1884; x_wconf 85' lang='lat' dir='ltr'><strong>neque</strong></span> <span class='ocrx_word' id='word_1_425' title='bbox 2684 1812 2927 1868; x_wconf 88' lang='lat' dir='ltr'><strong>libellum</strong></span> <span class='ocrx_word' id='word_1_426' title='bbox 2983 1811 3085 1881; x_wconf 64' lang='lat' dir='ltr'><strong>piae</strong></span> <span class='ocrx_word' id='word_1_427' title='bbox 3152 1809 3317 1872; x_wconf 83' lang='lat' dir='ltr'><strong>lldei.</strong></span> <span class='ocrx_word' id='word_1_428' title='bbox 3383 1824 3559 1879; x_wconf 83' lang='lat' dir='ltr'><strong>neque</strong></span> 
     </span>
    </p>
   </div>
   <div class='ocr_carea' id='block_1_62' title="bbox 1983 1900 3555 1975">
    <p class='ocr_par' dir='ltr' id='par_1_62' title="bbox 1983 1900 3555 1975">
     <span class='ocr_line' id='line_1_62' title="bbox 1983 1900 3555 1975; baseline -0.003 -17"><span class='ocrx_word' id='word_1_429' title='bbox 1983 1904 2130 1975; x_wconf 82' lang='lat' dir='ltr'><strong>quod</strong></span> <span class='ocrx_word' id='word_1_430' title='bbox 2182 1903 2472 1959; x_wconf 88' lang='lat' dir='ltr'><strong>minimum</strong></span> <span class='ocrx_word' id='word_1_431' title='bbox 2519 1912 2637 1957; x_wconf 88' lang='lat' dir='ltr'><strong>erat</strong></span> <span class='ocrx_word' id='word_1_432' title='bbox 2687 1900 2890 1957; x_wconf 89' lang='lat' dir='ltr'><strong>nudam</strong></span> <span class='ocrx_word' id='word_1_433' title='bbox 2943 1901 3018 1955; x_wconf 89' lang='lat' dir='ltr'><strong>rei</strong></span> <span class='ocrx_word' id='word_1_434' title='bbox 3053 1900 3555 1971; x_wconf 81' lang='lat' dir='ltr'><strong>pollicitationem:</strong></span> 
     </span>
    </p>
   </div>
   <div class='ocr_carea' id='block_1_63' title="bbox 1986 1989 3557 2057">
    <p class='ocr_par' dir='ltr' id='par_1_63' title="bbox 1986 1989 3557 2057">
     <span class='ocr_line' id='line_1_63' title="bbox 1986 1989 3557 2057; baseline -0.006 -6"><span class='ocrx_word' id='word_1_435' title='bbox 1986 1996 2081 2052; x_wconf 87' lang='lat' dir='ltr'><strong>sed</strong></span> <span class='ocrx_word' id='word_1_436' title='bbox 2138 1995 2258 2050; x_wconf 81' lang='lat' dir='ltr'><strong>Sola</strong></span> <span class='ocrx_word' id='word_1_437' title='bbox 2317 1992 2771 2048; x_wconf 88' lang='lat' dir='ltr'><strong>reconciliatione</strong></span> <span class='ocrx_word' id='word_1_438' title='bbox 2838 1991 3105 2057; x_wconf 84' lang='lat' dir='ltr'><strong>obtenta,</strong></span> <span class='ocrx_word' id='word_1_439' title='bbox 3186 1991 3326 2045; x_wconf 90' lang='lat' dir='ltr'><strong>citra</strong></span> <span class='ocrx_word' id='word_1_440' title='bbox 3389 1989 3557 2043; x_wconf 87' lang='lat' dir='ltr'><strong>ullum</strong></span> 
     </span>
    </p>
   </div>
   <div class='ocr_carea' id='block_1_64' title="bbox 1986 2080 3559 2153">
    <p class='ocr_par' dir='ltr' id='par_1_64' title="bbox 1986 2080 3559 2153">
     <span class='ocr_line' id='line_1_64' title="bbox 1986 2080 3559 2153; baseline -0.006 -11"><span class='ocrx_word' id='word_1_441' title='bbox 1986 2102 2215 2142; x_wconf 71' lang='lat' dir='ltr'><strong>examen</strong></span> <span class='ocrx_word' id='word_1_442' title='bbox 2266 2086 2450 2140; x_wconf 81' lang='lat' dir='ltr'><strong>statim</strong></span> <span class='ocrx_word' id='word_1_443' title='bbox 2501 2084 2650 2139; x_wconf 90' lang='lat' dir='ltr'><strong>illam</strong></span> <span class='ocrx_word' id='word_1_444' title='bbox 2697 2083 2953 2153; x_wconf 88' lang='lat' dir='ltr'><strong>arripuit.</strong></span> <span class='ocrx_word' id='word_1_445' title='bbox 3007 2080 3099 2137; x_wconf 86' lang='lat' dir='ltr'><strong>Sic</strong></span> <span class='ocrx_word' id='word_1_446' title='bbox 3144 2080 3367 2136; x_wconf 88' lang='lat' dir='ltr'><strong>Photius</strong></span> <span class='ocrx_word' id='word_1_447' title='bbox 3398 2080 3559 2151; x_wconf 84' lang='lat' dir='ltr'><strong>primi</strong></span> 
     </span>
    </p>
   </div>
   <div class='ocr_carea' id='block_1_65' title="bbox 1985 2172 3554 2242">
    <p class='ocr_par' dir='ltr' id='par_1_65' title="bbox 1985 2172 3554 2242">
     <span class='ocr_line' id='line_1_65' title="bbox 1985 2172 3554 2242; baseline -0.007 -7"><span class='ocrx_word' id='word_1_448' title='bbox 1985 2178 2298 2236; x_wconf 83' lang='lat' dir='ltr'><strong>schismatis</strong></span> <span class='ocrx_word' id='word_1_449' title='bbox 2356 2187 2553 2232; x_wconf 88' lang='lat' dir='ltr'><strong>auctor</strong></span> <span class='ocrx_word' id='word_1_450' title='bbox 2633 2177 2788 2231; x_wconf 79' lang='lat' dir='ltr'><strong>liisce</strong></span> <span class='ocrx_word' id='word_1_451' title='bbox 2833 2175 3028 2242; x_wconf 89' lang='lat' dir='ltr'><strong>multo,</strong></span> <span class='ocrx_word' id='word_1_452' title='bbox 3081 2174 3127 2229; x_wconf 88' lang='lat' dir='ltr'><strong>si</strong></span> <span class='ocrx_word' id='word_1_453' title='bbox 3175 2173 3390 2228; x_wconf 81' lang='lat' dir='ltr'><strong>dicendi</strong></span> <span class='ocrx_word' id='word_1_454' title='bbox 3446 2172 3554 2227; x_wconf 88' lang='lat' dir='ltr'><strong>vim</strong></span> 
     </span>
    </p>
   </div>
   <div class='ocr_carea' id='block_1_66' title="bbox 1987 2266 3559 2339">
    <p class='ocr_par' dir='ltr' id='par_1_66' title="bbox 1987 2266 3559 2339">
     <span class='ocr_line' id='line_1_66' title="bbox 1987 2266 3559 2339; baseline -0.007 -11"><span class='ocrx_word' id='word_1_455' title='bbox 1987 2271 2331 2335; x_wconf 82' lang='lat' dir='ltr'><strong>consideres,</strong></span> <span class='ocrx_word' id='word_1_456' title='bbox 2380 2269 2707 2339; x_wconf 84' lang='lat' dir='ltr'><strong>sapientior,</strong></span> <span class='ocrx_word' id='word_1_457' title='bbox 2744 2268 3095 2324; x_wconf 84' lang='lat' dir='ltr'><strong>contentione</strong></span> <span class='ocrx_word' id='word_1_458' title='bbox 3136 2281 3199 2320; x_wconf 89' lang='lat' dir='ltr'><strong>ac</strong></span> <span class='ocrx_word' id='word_1_459' title='bbox 3254 2266 3559 2328; x_wconf 76' lang='lat' dir='ltr'><strong>simultate,</strong></span> 
     </span>
    </p>
   </div>
   <div class='ocr_carea' id='block_1_67' title="bbox 1939 2357 3559 2425">
    <p class='ocr_par' dir='ltr' id='par_1_67' title="bbox 1939 2357 3559 2425">
     <span class='ocr_line' id='line_1_67' title="bbox 1939 2357 3559 2425; baseline -0.007 -5"><span class='ocrx_word' id='word_1_460' title='bbox 1939 2388 1946 2403; x_wconf 71' lang='grc' dir='ltr'><strong>ν</strong></span> <span class='ocrx_word' id='word_1_461' title='bbox 1988 2380 2097 2420; x_wconf 86' lang='lat' dir='ltr'><strong>non</strong></span> <span class='ocrx_word' id='word_1_462' title='bbox 2133 2363 2385 2419; x_wconf 74' lang='lat' dir='ltr'><strong>veritatis</strong></span> <span class='ocrx_word' id='word_1_463' title='bbox 2427 2377 2615 2417; x_wconf 71' lang='lat' dir='ltr'><strong>amore</strong></span> <span class='ocrx_word' id='word_1_464' title='bbox 2674 2369 2787 2416; x_wconf 86' lang='lat' dir='ltr'><strong>ullo</strong></span> <span class='ocrx_word' id='word_1_465' title='bbox 2831 2359 3014 2425; x_wconf 89' lang='lat' dir='ltr'><strong>modo,</strong></span> <span class='ocrx_word' id='word_1_466' title='bbox 3063 2360 3199 2414; x_wconf 77' lang='lat' dir='ltr'><strong>bene</strong></span> <span class='ocrx_word' id='word_1_467' title='bbox 3252 2373 3310 2413; x_wconf 83' lang='lat' dir='ltr'><strong>se</strong></span> <span class='ocrx_word' id='word_1_468' title='bbox 3341 2357 3559 2412; x_wconf 85' lang='lat' dir='ltr'><strong>habenti</strong></span> 
     </span>
    </p>
   </div>
   <div class='ocr_carea' id='block_1_68' title="bbox 1994 2448 3559 2525">
    <p class='ocr_par' dir='ltr' id='par_1_68' title="bbox 1994 2448 3559 2525">
     <span class='ocr_line' id='line_1_68' title="bbox 1994 2448 3559 2525; baseline -0.007 -15"><span class='ocrx_word' id='word_1_469' title='bbox 1994 2456 2126 2510; x_wconf 83' lang='lat' dir='ltr'><strong>huic</strong></span> <span class='ocrx_word' id='word_1_470' title='bbox 2154 2454 2399 2525; x_wconf 77' lang='lat' dir='ltr'><strong>dogmati</strong></span> <span class='ocrx_word' id='word_1_471' title='bbox 2428 2453 2652 2510; x_wconf 82' lang='lat' dir='ltr'><strong>restitit.</strong></span> <span class='ocrx_word' id='word_1_472' title='bbox 2697 2452 2855 2508; x_wconf 82' lang='lat' dir='ltr'><strong>Hanc</strong></span> <span class='ocrx_word' id='word_1_473' title='bbox 2893 2452 3060 2522; x_wconf 88' lang='lat' dir='ltr'><strong>igitur</strong></span> <span class='ocrx_word' id='word_1_474' title='bbox 3104 2452 3172 2505; x_wconf 90' lang='lat' dir='ltr'><strong>oh</strong></span> <span class='ocrx_word' id='word_1_475' title='bbox 3217 2464 3441 2504; x_wconf 77' lang='lat' dir='ltr'><strong>causam</strong></span> <span class='ocrx_word' id='word_1_476' title='bbox 3467 2448 3559 2517; x_wconf 89' lang='lat' dir='ltr'><strong>qui</strong></span> 
     </span>
    </p>
   </div>
   <div class='ocr_carea' id='block_1_69' title="bbox 1987 2544 3572 2621">
    <p class='ocr_par' dir='ltr' id='par_1_69' title="bbox 1987 2544 3572 2621">
     <span class='ocr_line' id='line_1_69' title="bbox 1987 2544 3572 2621; baseline -0.008 -15"><span class='ocrx_word' id='word_1_477' title='bbox 1987 2566 2112 2606; x_wconf 87' lang='lat' dir='ltr'><strong>eum</strong></span> <span class='ocrx_word' id='word_1_478' title='bbox 2155 2547 2507 2621; x_wconf 89' lang='lat' dir='ltr'><strong>postmodum</strong></span> <span class='ocrx_word' id='word_1_479' title='bbox 2556 2544 2840 2602; x_wconf 89' lang='lat' dir='ltr'><strong>subsecuti</strong></span> <span class='ocrx_word' id='word_1_480' title='bbox 2899 2552 3030 2600; x_wconf 88' lang='lat' dir='ltr'><strong>sunt</strong></span> <span class='ocrx_word' id='word_1_481' title='bbox 3078 2546 3283 2598; x_wconf 89' lang='lat' dir='ltr'><strong>multos</strong></span> <span class='ocrx_word' id='word_1_482' title='bbox 3313 2553 3431 2612; x_wconf 87' lang='lat' dir='ltr'><strong>post</strong></span> <span class='ocrx_word' id='word_1_483' title='bbox 3465 2557 3572 2595; x_wconf 84' lang='lat' dir='ltr'><strong>an-</strong></span> 
     </span>
    </p>
   </div>
   <div class='ocr_carea' id='block_1_70' title="bbox 1989 2638 3581 2712">
    <p class='ocr_par' dir='ltr' id='par_1_70' title="bbox 1989 2638 3581 2712">
     <span class='ocr_line' id='line_1_70' title="bbox 1989 2638 3581 2712; baseline -0.008 -14"><span class='ocrx_word' id='word_1_484' title='bbox 1989 2657 2117 2707; x_wconf 89' lang='lat' dir='ltr'><strong>nos,</strong></span> <span class='ocrx_word' id='word_1_485' title='bbox 2171 2642 2240 2697; x_wconf 90' lang='lat' dir='ltr'><strong>de</strong></span> <span class='ocrx_word' id='word_1_486' title='bbox 2298 2639 2499 2712; x_wconf 82' lang='lat' dir='ltr'><strong>quibus</strong></span> <span class='ocrx_word' id='word_1_487' title='bbox 2554 2653 2703 2694; x_wconf 90' lang='lat' dir='ltr'><strong>nunc</strong></span> <span class='ocrx_word' id='word_1_488' title='bbox 2762 2638 3062 2708; x_wconf 83' lang='lat' dir='ltr'><strong>loquimur,</strong></span> <span class='ocrx_word' id='word_1_489' title='bbox 3098 2652 3260 2690; x_wconf 88' lang='lat' dir='ltr'><strong>unam</strong></span> <span class='ocrx_word' id='word_1_490' title='bbox 3314 2643 3581 2690; x_wconf 76' lang='lat' dir='ltr'><strong>sanctam.</strong></span> 
     </span>
    </p>
   </div>
   <div class='ocr_carea' id='block_1_71' title="bbox 1990 2727 3571 2802">
    <p class='ocr_par' dir='ltr' id='par_1_71' title="bbox 1990 2727 3571 2802">
     <span class='ocr_line' id='line_1_71' title="bbox 1990 2727 3571 2802; baseline -0.004 -12"><span class='ocrx_word' id='word_1_491' title='bbox 1990 2732 2320 2790; x_wconf 85' lang='lat' dir='ltr'><strong>catholicam</strong></span> <span class='ocrx_word' id='word_1_492' title='bbox 2353 2741 2407 2788; x_wconf 93' lang='lat' dir='ltr'><strong>ct</strong></span> <span class='ocrx_word' id='word_1_493' title='bbox 2450 2730 2809 2802; x_wconf 85' lang='lat' dir='ltr'><strong>apostolicam</strong></span> <span class='ocrx_word' id='word_1_494' title='bbox 2857 2727 3158 2784; x_wconf 78' lang='lat' dir='ltr'><strong>Ecclesium</strong></span> <span class='ocrx_word' id='word_1_495' title='bbox 3197 2727 3571 2790; x_wconf 84' lang='lat' dir='ltr'><strong>discidcrunt..</strong></span> 
     </span>
    </p>
   </div>
   <div class='ocr_carea' id='block_1_72' title="bbox 1989 2818 3565 2897">
    <p class='ocr_par' dir='ltr' id='par_1_72' title="bbox 1989 2818 3565 2897">
     <span class='ocr_line' id='line_1_72' title="bbox 1989 2818 3565 2897; baseline -0.008 -13"><span class='ocrx_word' id='word_1_496' title='bbox 1989 2836 2045 2884; x_wconf 86' lang='lat' dir='ltr'><strong>et</strong></span> <span class='ocrx_word' id='word_1_497' title='bbox 2084 2827 2141 2882; x_wconf 87' lang='lat' dir='ltr'><strong>in</strong></span> <span class='ocrx_word' id='word_1_498' title='bbox 2189 2832 2372 2897; x_wconf 85' lang='lat' dir='ltr'><strong>partes</strong></span> <span class='ocrx_word' id='word_1_499' title='bbox 2406 2824 2840 2893; x_wconf 81' lang='lat' dir='ltr'><strong>discerpserunt,</strong></span> <span class='ocrx_word' id='word_1_500' title='bbox 2871 2820 3084 2876; x_wconf 72' lang='lat' dir='ltr'><strong>diﬂusis</strong></span> <span class='ocrx_word' id='word_1_501' title='bbox 3117 2818 3414 2893; x_wconf 82' lang='lat' dir='ltr'><strong>multisque</strong></span> <span class='ocrx_word' id='word_1_502' title='bbox 3453 2833 3565 2888; x_wconf 70' lang='lat' dir='ltr'><strong>prre</strong></span> 
     </span>
    </p>
   </div>
   <div class='ocr_carea' id='block_1_73' title="bbox 1989 2900 3591 2983">
    <p class='ocr_par' dir='ltr' id='par_1_73' title="bbox 1989 2900 3591 2983">
     <span class='ocr_line' id='line_1_73' title="bbox 1989 2900 3591 2983; baseline -0.008 -8"><span class='ocrx_word' id='word_1_503' title='bbox 1989 2919 2113 2976; x_wconf 77' lang='lat' dir='ltr'><strong>alis</strong></span> <span class='ocrx_word' id='word_1_504' title='bbox 2181 2917 2393 2983; x_wconf 79' lang='lat' dir='ltr'><strong>‘malis,</strong></span> <span class='ocrx_word' id='word_1_505' title='bbox 2478 2925 2669 2972; x_wconf 71' lang='lat' dir='ltr'><strong>contra</strong></span> <span class='ocrx_word' id='word_1_506' title='bbox 2737 2900 2915 2970; x_wconf 84' lang='lat' dir='ltr'><strong>tutum</strong></span> <span class='ocrx_word' id='word_1_507' title='bbox 3002 2914 3108 2969; x_wconf 88' lang='lat' dir='ltr'><strong>hoc</strong></span> <span class='ocrx_word' id='word_1_508' title='bbox 3192 2925 3591 2981; x_wconf 31' lang='lat' dir='ltr'><strong>securumque.</strong></span> 
     </span>
    </p>
   </div>
   <div class='ocr_carea' id='block_1_74' title="bbox 1988 3004 3566 3091">
    <p class='ocr_par' dir='ltr' id='par_1_74' title="bbox 1988 3004 3566 3091">
     <span class='ocr_line' id='line_1_74' title="bbox 1988 3004 3566 3091; baseline -0.007 -22"><span class='ocrx_word' id='word_1_509' title='bbox 1988 3013 2186 3091; x_wconf 78' lang='lat' dir='ltr'><strong>dogma</strong></span> <span class='ocrx_word' id='word_1_510' title='bbox 2218 3010 2543 3067; x_wconf 83' lang='lat' dir='ltr'><strong>tractatibus</strong></span> <span class='ocrx_word' id='word_1_511' title='bbox 2587 3008 2767 3073; x_wconf 84' lang='lat' dir='ltr'><strong>editis,</strong></span> <span class='ocrx_word' id='word_1_512' title='bbox 2804 3006 3006 3078; x_wconf 85' lang='lat' dir='ltr'><strong>quibus</strong></span> <span class='ocrx_word' id='word_1_513' title='bbox 3053 3006 3285 3062; x_wconf 82' lang='lat' dir='ltr'><strong>fortasse</strong></span> <span class='ocrx_word' id='word_1_514' title='bbox 3319 3004 3460 3060; x_wconf 89' lang='lat' dir='ltr'><strong>Deus</strong></span> <span class='ocrx_word' id='word_1_515' title='bbox 3492 3004 3566 3059; x_wconf 88' lang='lat' dir='ltr'><strong>ob</strong></span> 
     </span>
    </p>
   </div>
   <div class='ocr_carea' id='block_1_75' title="bbox 1988 3099 3566 3169">
    <p class='ocr_par' dir='ltr' id='par_1_75' title="bbox 1988 3099 3566 3169">
     <span class='ocr_line' id='line_1_75' title="bbox 1988 3099 3566 3169; baseline -0.004 -10"><span class='ocrx_word' id='word_1_516' title='bbox 1988 3105 2098 3160; x_wconf 90' lang='lat' dir='ltr'><strong>hoc</strong></span> <span class='ocrx_word' id='word_1_517' title='bbox 2152 3106 2363 3160; x_wconf 86' lang='lat' dir='ltr'><strong>crimen</strong></span> <span class='ocrx_word' id='word_1_518' title='bbox 2422 3114 2625 3158; x_wconf 75' lang='lat' dir='ltr'><strong>temere</strong></span> <span class='ocrx_word' id='word_1_519' title='bbox 2676 3109 2942 3155; x_wconf 62' lang='lat' dir='ltr'><strong>tentatum</strong></span> <span class='ocrx_word' id='word_1_520' title='bbox 3007 3099 3319 3154; x_wconf 36' lang='lat' dir='ltr'><strong>retri‘bucns</strong></span> <span class='ocrx_word' id='word_1_521' title='bbox 3372 3111 3566 3169; x_wconf 60' lang='grc' dir='ltr'>ρωπος</span> 
     </span>
    </p>
   </div>
   <div class='ocr_carea' id='block_1_76' title="bbox 1992 3156 3578 3267">
    <p class='ocr_par' dir='ltr' id='par_1_76' title="bbox 1992 3156 3578 3267">
     <span class='ocr_line' id='line_1_76' title="bbox 1992 3156 3578 3267; baseline -0.006 -15"><span class='ocrx_word' id='word_1_522' title='bbox 1992 3196 2236 3267; x_wconf 85' lang='lat' dir='ltr'><strong>infligere</strong></span> <span class='ocrx_word' id='word_1_523' title='bbox 2293 3211 2399 3250; x_wconf 91' lang='lat' dir='ltr'><strong>non</strong></span> <span class='ocrx_word' id='word_1_524' title='bbox 2465 3194 2558 3251; x_wconf 86' lang='lat' dir='ltr'><strong>diu</strong></span> <span class='ocrx_word' id='word_1_525' title='bbox 2612 3194 2859 3257; x_wconf 86' lang='lat' dir='ltr'><strong>distulit;</strong></span> <span class='ocrx_word' id='word_1_526' title='bbox 2914 3208 3091 3263; x_wconf 87' lang='lat' dir='ltr'><strong>neque</strong></span> <span class='ocrx_word' id='word_1_527' title='bbox 3138 3191 3281 3247; x_wconf 87' lang='lat' dir='ltr'><strong>enim</strong></span> <span class='ocrx_word' id='word_1_528' title='bbox 3345 3156 3578 3261; x_wconf 46' lang='lat' dir='ltr'><strong>culpam‘</strong></span> 
     </span>
    </p>
   </div>
   <div class='ocr_carea' id='block_1_77' title="bbox 1991 3282 3561 3360">
    <p class='ocr_par' dir='ltr' id='par_1_77' title="bbox 1991 3282 3561 3360">
     <span class='ocr_line' id='line_1_77' title="bbox 1991 3282 3561 3360; baseline -0.004 -15"><span class='ocrx_word' id='word_1_529' title='bbox 1991 3289 2270 3345; x_wconf 81' lang='lat' dir='ltr'><strong>remittere</strong></span> <span class='ocrx_word' id='word_1_530' title='bbox 2315 3288 2620 3360; x_wconf 67' lang='lat' dir='ltr'><strong>saepissime</strong></span> <span class='ocrx_word' id='word_1_531' title='bbox 2673 3286 2834 3350; x_wconf 88' lang='lat' dir='ltr'><strong>solet,</strong></span> <span class='ocrx_word' id='word_1_532' title='bbox 2882 3285 3013 3341; x_wconf 88' lang='lat' dir='ltr'><strong>licet</strong></span> <span class='ocrx_word' id='word_1_533' title='bbox 3055 3285 3429 3356; x_wconf 86' lang='lat' dir='ltr'><strong>perhumanus</strong></span> <span class='ocrx_word' id='word_1_534' title='bbox 3468 3282 3561 3338; x_wconf 90' lang='lat' dir='ltr'><strong>sit.</strong></span> 
     </span>
    </p>
   </div>
   <div class='ocr_carea' id='block_1_78' title="bbox 1992 3376 3566 3453">
    <p class='ocr_par' dir='ltr' id='par_1_78' title="bbox 1992 3376 3566 3453">
     <span class='ocr_line' id='line_1_78' title="bbox 1992 3376 3566 3453; baseline -0.004 -18"><span class='ocrx_word' id='word_1_535' title='bbox 1992 3380 2183 3453; x_wconf 82' lang='lat' dir='ltr'><strong>Neque</strong></span> <span class='ocrx_word' id='word_1_536' title='bbox 2232 3382 2296 3437; x_wconf 91' lang='lat' dir='ltr'><strong>de</strong></span> <span class='ocrx_word' id='word_1_537' title='bbox 2345 3380 2603 3436; x_wconf 88' lang='lat' dir='ltr'><strong>omnibus</strong></span> <span class='ocrx_word' id='word_1_538' title='bbox 2643 3379 2866 3449; x_wconf 89' lang='lat' dir='ltr'><strong>loquor,</strong></span> <span class='ocrx_word' id='word_1_539' title='bbox 2901 3378 2995 3448; x_wconf 86' lang='lat' dir='ltr'><strong>qui</strong></span> <span class='ocrx_word' id='word_1_540' title='bbox 3052 3376 3370 3432; x_wconf 81' lang='lat' dir='ltr'><strong>schismatis</strong></span> <span class='ocrx_word' id='word_1_541' title='bbox 3427 3384 3566 3430; x_wconf 82' lang='lat' dir='ltr'><strong>tent-</strong></span> 
     </span>
    </p>
   </div>
   <div class='ocr_carea' id='block_1_79' title="bbox 1990 3468 3589 3545">
    <p class='ocr_par' dir='ltr' id='par_1_79' title="bbox 1990 3468 3589 3545">
     <span class='ocr_line' id='line_1_79' title="bbox 1990 3468 3589 3545; baseline -0.003 -17"><span class='ocrx_word' id='word_1_542' title='bbox 1990 3488 2123 3545; x_wconf 90' lang='lat' dir='ltr'><strong>pore</strong></span> <span class='ocrx_word' id='word_1_543' title='bbox 2152 3471 2405 3539; x_wconf 81' lang='lat' dir='ltr'><strong>fuerunt,</strong></span> <span class='ocrx_word' id='word_1_544' title='bbox 2449 3487 2574 3527; x_wconf 89' lang='lat' dir='ltr'><strong>cum</strong></span> <span class='ocrx_word' id='word_1_545' title='bbox 2607 3471 2714 3526; x_wconf 90' lang='lat' dir='ltr'><strong>illis</strong></span> <span class='ocrx_word' id='word_1_546' title='bbox 2744 3471 3002 3525; x_wconf 89' lang='lat' dir='ltr'><strong>omnibus</strong></span> <span class='ocrx_word' id='word_1_547' title='bbox 3033 3469 3239 3525; x_wconf 89' lang='lat' dir='ltr'><strong>crimen</strong></span> <span class='ocrx_word' id='word_1_548' title='bbox 3269 3468 3589 3539; x_wconf 47' lang='lat' dir='ltr'><strong>appingere&#39;</strong></span> 
     </span>
    </p>
   </div>
   <div class='ocr_carea' id='block_1_80' title="bbox 1991 3565 3562 3639">
    <p class='ocr_par' dir='ltr' id='par_1_80' title="bbox 1991 3565 3562 3639">
     <span class='ocr_line' id='line_1_80' title="bbox 1991 3565 3562 3639; baseline -0.003 -15"><span class='ocrx_word' id='word_1_549' title='bbox 1991 3584 2174 3639; x_wconf 86' lang='lat' dir='ltr'><strong>neque</strong></span> <span class='ocrx_word' id='word_1_550' title='bbox 2227 3568 2529 3634; x_wconf 87' lang='lat' dir='ltr'><strong>decorum,</strong></span> <span class='ocrx_word' id='word_1_551' title='bbox 2590 3581 2766 3637; x_wconf 88' lang='lat' dir='ltr'><strong>neque</strong></span> <span class='ocrx_word' id='word_1_552' title='bbox 2810 3565 3017 3634; x_wconf 86' lang='lat' dir='ltr'><strong>justum</strong></span> <span class='ocrx_word' id='word_1_553' title='bbox 3069 3574 3174 3620; x_wconf 88' lang='lat' dir='ltr'><strong>cst.</strong></span> <span class='ocrx_word' id='word_1_554' title='bbox 3231 3565 3376 3620; x_wconf 86' lang='lat' dir='ltr'><strong>Sunt</strong></span> <span class='ocrx_word' id='word_1_555' title='bbox 3416 3566 3562 3619; x_wconf 79' lang='lat' dir='ltr'><strong>enim</strong></span> 
     </span>
    </p>
   </div>
   <div class='ocr_carea' id='block_1_81' title="bbox 1988 3657 3589 3733">
    <p class='ocr_par' dir='ltr' id='par_1_81' title="bbox 1988 3657 3589 3733">
     <span class='ocr_line' id='line_1_81' title="bbox 1988 3657 3589 3733; baseline -0.002 -18"><span class='ocrx_word' id='word_1_556' title='bbox 1988 3661 2236 3733; x_wconf 89' lang='lat' dir='ltr'><strong>quidam,</strong></span> <span class='ocrx_word' id='word_1_557' title='bbox 2289 3671 2419 3715; x_wconf 86' lang='lat' dir='ltr'><strong>sunt</strong></span> <span class='ocrx_word' id='word_1_558' title='bbox 2448 3660 2631 3730; x_wconf 87' lang='lat' dir='ltr'><strong>plane,</strong></span> <span class='ocrx_word' id='word_1_559' title='bbox 2665 3658 2757 3730; x_wconf 88' lang='lat' dir='ltr'><strong>qui</strong></span> <span class='ocrx_word' id='word_1_560' title='bbox 2792 3657 2959 3715; x_wconf 89' lang='lat' dir='ltr'><strong>simili</strong></span> <span class='ocrx_word' id='word_1_561' title='bbox 3010 3657 3206 3712; x_wconf 81' lang='lat' dir='ltr'><strong>aﬂectu</strong></span> <span class='ocrx_word' id='word_1_562' title='bbox 3250 3659 3589 3728; x_wconf 68' lang='lat' dir='ltr'><strong>superiores.</strong></span> 
     </span>
    </p>
   </div>
   <div class='ocr_carea' id='block_1_82' title="bbox 1989 3751 3568 3828">
    <p class='ocr_par' dir='ltr' id='par_1_82' title="bbox 1989 3751 3568 3828">
     <span class='ocr_line' id='line_1_82' title="bbox 1989 3751 3568 3828; baseline -0.001 -22"><span class='ocrx_word' id='word_1_563' title='bbox 1989 3771 2154 3828; x_wconf 86' lang='lat' dir='ltr'><strong>quam</strong></span> <span class='ocrx_word' id='word_1_564' title='bbox 2184 3754 2470 3811; x_wconf 85' lang='lat' dir='ltr'><strong>verissime</strong></span> <span class='ocrx_word' id='word_1_565' title='bbox 2497 3753 2651 3821; x_wconf 87' lang='lat' dir='ltr'><strong>facti,</strong></span> <span class='ocrx_word' id='word_1_566' title='bbox 2689 3752 2855 3824; x_wconf 84' lang='lat' dir='ltr'><strong>hujus</strong></span> <span class='ocrx_word' id='word_1_567' title='bbox 2882 3751 3157 3824; x_wconf 83' lang='lat' dir='ltr'><strong>dogmatis</strong></span> <span class='ocrx_word' id='word_1_568' title='bbox 3192 3751 3367 3806; x_wconf 81' lang='lat' dir='ltr'><strong>valide</strong></span> <span class='ocrx_word' id='word_1_569' title='bbox 3397 3752 3568 3805; x_wconf 86' lang='lat' dir='ltr'><strong>variis</strong></span> 
     </span>
    </p>
   </div>
   <div class='ocr_carea' id='block_1_83' title="bbox 1991 3843 3564 3920">
    <p class='ocr_par' dir='ltr' id='par_1_83' title="bbox 1991 3843 3564 3920">
     <span class='ocr_line' id='line_1_83' title="bbox 1991 3843 3564 3920; baseline -0.005 -15"><span class='ocrx_word' id='word_1_570' title='bbox 1991 3850 2110 3906; x_wconf 86' lang='lat' dir='ltr'><strong>suis</strong></span> <span class='ocrx_word' id='word_1_571' title='bbox 2136 3848 2533 3920; x_wconf 88' lang='lat' dir='ltr'><strong>scriptionibus</strong></span> <span class='ocrx_word' id='word_1_572' title='bbox 2565 3845 2936 3918; x_wconf 84' lang='lat' dir='ltr'><strong>patrocinium</strong></span> <span class='ocrx_word' id='word_1_573' title='bbox 2974 3843 3564 3915; x_wconf 46' lang='lat' dir='ltr'><strong>suscipiunt,&#39;quidam</strong></span> 
     </span>
    </p>
   </div>
   <div class='ocr_carea' id='block_1_84' title="bbox 1991 3936 3565 4013">
    <p class='ocr_par' dir='ltr' id='par_1_84' title="bbox 1991 3936 3565 4013">
     <span class='ocr_line' id='line_1_84' title="bbox 1991 3936 3565 4013; baseline -0.003 -17"><span class='ocrx_word' id='word_1_574' title='bbox 1991 3941 2169 4013; x_wconf 88' lang='lat' dir='ltr'><strong>palam</strong></span> <span class='ocrx_word' id='word_1_575' title='bbox 2226 3950 2524 4011; x_wconf 85' lang='lat' dir='ltr'><strong>aperteque</strong></span> <span class='ocrx_word' id='word_1_576' title='bbox 2581 3948 2845 4010; x_wconf 83' lang='lat' dir='ltr'><strong>tanquam</strong></span> <span class='ocrx_word' id='word_1_577' title='bbox 2893 3939 2985 4009; x_wconf 86' lang='lat' dir='ltr'><strong>qui</strong></span> <span class='ocrx_word' id='word_1_578' title='bbox 3050 3954 3283 4009; x_wconf 88' lang='lat' dir='ltr'><strong>prorsus</strong></span> <span class='ocrx_word' id='word_1_579' title='bbox 3336 3936 3565 4009; x_wconf 72' lang='lat' dir='ltr'><strong>Spiritui</strong></span> 
     </span>
    </p>
   </div>
   <div class='ocr_carea' id='block_1_85' title="bbox 1990 4031 3566 4104">
    <p class='ocr_par' dir='ltr' id='par_1_85' title="bbox 1990 4031 3566 4104">
     <span class='ocr_line' id='line_1_85' title="bbox 1990 4031 3566 4104; baseline -0.003 -15"><span class='ocrx_word' id='word_1_580' title='bbox 1990 4033 2349 4100; x_wconf 86' lang='lat' dir='ltr'><strong>addicuntur,</strong></span> <span class='ocrx_word' id='word_1_581' title='bbox 2401 4031 2626 4104; x_wconf 88' lang='lat' dir='ltr'><strong>quidam</strong></span> <span class='ocrx_word' id='word_1_582' title='bbox 2680 4031 3045 4096; x_wconf 83' lang='lat' dir='ltr'><strong>subobscure,</strong></span> <span class='ocrx_word' id='word_1_583' title='bbox 3089 4031 3172 4086; x_wconf 90' lang='lat' dir='ltr'><strong>vel</strong></span> <span class='ocrx_word' id='word_1_584' title='bbox 3234 4041 3291 4086; x_wconf 91' lang='lat' dir='ltr'><strong>ut</strong></span> <span class='ocrx_word' id='word_1_585' title='bbox 3361 4031 3566 4085; x_wconf 84' lang='lat' dir='ltr'><strong>clarius</strong></span> 
     </span>
    </p>
   </div>
   <div class='ocr_carea' id='block_1_86' title="bbox 1991 4123 3568 4198">
    <p class='ocr_par' dir='ltr' id='par_1_86' title="bbox 1991 4123 3568 4198">
     <span class='ocr_line' id='line_1_86' title="bbox 1991 4123 3568 4198; baseline -0.002 -16"><span class='ocrx_word' id='word_1_586' title='bbox 1991 4128 2193 4190; x_wconf 83' lang='lat' dir='ltr'><strong>dicam,</strong></span> <span class='ocrx_word' id='word_1_587' title='bbox 2236 4126 2470 4198; x_wconf 88' lang='lat' dir='ltr'><strong>tempori</strong></span> <span class='ocrx_word' id='word_1_588' title='bbox 2515 4140 2639 4182; x_wconf 87' lang='lat' dir='ltr'><strong>sese</strong></span> <span class='ocrx_word' id='word_1_589' title='bbox 2673 4126 2925 4181; x_wconf 74' lang='lat' dir='ltr'><strong>humanae</strong></span> <span class='ocrx_word' id='word_1_590' title='bbox 2962 4126 3088 4181; x_wconf 63' lang='lat' dir='ltr'><strong>vitae</strong></span> <span class='ocrx_word' id='word_1_591' title='bbox 3128 4123 3425 4195; x_wconf 80' lang='lat' dir='ltr'><strong>fragilitate</strong></span> <span class='ocrx_word' id='word_1_592' title='bbox 3473 4140 3568 4197; x_wconf 87' lang='lat' dir='ltr'><strong>ac-</strong></span> 
     </span>
    </p>
   </div>
   <div class='ocr_carea' id='block_1_87' title="bbox 1991 4216 3566 4285">
    <p class='ocr_par' dir='ltr' id='par_1_87' title="bbox 1991 4216 3566 4285">
     <span class='ocr_line' id='line_1_87' title="bbox 1991 4216 3566 4285; baseline -0.003 -9"><span class='ocrx_word' id='word_1_593' title='bbox 1991 4219 2427 4276; x_wconf 85' lang='lat' dir='ltr'><strong>commodantes.</strong></span> <span class='ocrx_word' id='word_1_594' title='bbox 2465 4217 2539 4274; x_wconf 90' lang='lat' dir='ltr'><strong>Ut</strong></span> <span class='ocrx_word' id='word_1_595' title='bbox 2565 4231 2697 4273; x_wconf 87' lang='lat' dir='ltr'><strong>vero</strong></span> <span class='ocrx_word' id='word_1_596' title='bbox 2745 4216 2902 4272; x_wconf 83' lang='lat' dir='ltr'><strong>vobis</strong></span> <span class='ocrx_word' id='word_1_597' title='bbox 2951 4217 3207 4272; x_wconf 84' lang='lat' dir='ltr'><strong>omnibus</strong></span> <span class='ocrx_word' id='word_1_598' title='bbox 3237 4218 3410 4285; x_wconf 79' lang='lat' dir='ltr'><strong>ipsam</strong></span> <span class='ocrx_word' id='word_1_599' title='bbox 3444 4230 3566 4272; x_wconf 88' lang='lat' dir='ltr'><strong>sese</strong></span> 
     </span>
    </p>
   </div>
   <div class='ocr_carea' id='block_1_88' title="bbox 1991 4306 3565 4379">
    <p class='ocr_par' dir='ltr' id='par_1_88' title="bbox 1991 4306 3565 4379">
     <span class='ocr_line' id='line_1_88' title="bbox 1991 4306 3565 4379; baseline -0.004 -13"><span class='ocrx_word' id='word_1_600' title='bbox 1991 4309 2443 4367; x_wconf 88' lang='lat' dir='ltr'><strong>accommodandi</strong></span> <span class='ocrx_word' id='word_1_601' title='bbox 2499 4308 2732 4379; x_wconf 89' lang='lat' dir='ltr'><strong>tempori</strong></span> <span class='ocrx_word' id='word_1_602' title='bbox 2789 4307 3058 4363; x_wconf 88' lang='lat' dir='ltr'><strong>rationem</strong></span> <span class='ocrx_word' id='word_1_603' title='bbox 3117 4306 3402 4374; x_wconf 87' lang='lat' dir='ltr'><strong>aperiam,</strong></span> <span class='ocrx_word' id='word_1_604' title='bbox 3459 4307 3565 4360; x_wconf 85' lang='lat' dir='ltr'><strong>sub</strong></span> 
     </span>
    </p>
   </div>
   <div class='ocr_carea' id='block_1_89' title="bbox 1992 4398 3567 4472">
    <p class='ocr_par' dir='ltr' id='par_1_89' title="bbox 1992 4398 3567 4472">
     <span class='ocr_line' id='line_1_89' title="bbox 1992 4398 3567 4472; baseline -0.005 -13"><span class='ocrx_word' id='word_1_605' title='bbox 1992 4403 2175 4472; x_wconf 80' lang='lat' dir='ltr'><strong>specie</strong></span> <span class='ocrx_word' id='word_1_606' title='bbox 2203 4402 2405 4472; x_wconf 80' lang='lat' dir='ltr'><strong>dialogi</strong></span> <span class='ocrx_word' id='word_1_607' title='bbox 2440 4400 2732 4471; x_wconf 88' lang='lat' dir='ltr'><strong>perspicue</strong></span> <span class='ocrx_word' id='word_1_608' title='bbox 2759 4399 3044 4470; x_wconf 88' lang='lat' dir='ltr'><strong>publicant</strong></span> <span class='ocrx_word' id='word_1_609' title='bbox 3074 4398 3386 4461; x_wconf 76' lang='lat' dir='ltr'><strong>veritatem,</strong></span> <span class='ocrx_word' id='word_1_610' title='bbox 3422 4412 3567 4467; x_wconf 85' lang='lat' dir='ltr'><strong>quos</strong></span> 
     </span>
    </p>
   </div>
   <div class='ocr_carea' id='block_1_90' title="bbox 1990 4486 3581 4564">
    <p class='ocr_par' dir='ltr' id='par_1_90' title="bbox 1990 4486 3581 4564">
     <span class='ocr_line' id='line_1_90' title="bbox 1990 4486 3581 4564; baseline -0.006 -15"><span class='ocrx_word' id='word_1_611' title='bbox 1990 4502 2256 4564; x_wconf 85' lang='lat' dir='ltr'><strong>utrosque</strong></span> <span class='ocrx_word' id='word_1_612' title='bbox 2292 4492 2566 4561; x_wconf 87' lang='lat' dir='ltr'><strong>quispiam</strong></span> <span class='ocrx_word' id='word_1_613' title='bbox 2607 4506 2671 4545; x_wconf 73' lang='lat' dir='ltr'><strong>es</strong></span> <span class='ocrx_word' id='word_1_614' title='bbox 2703 4490 2964 4545; x_wconf 88' lang='lat' dir='ltr'><strong>divinitus</strong></span> <span class='ocrx_word' id='word_1_615' title='bbox 2998 4489 3281 4558; x_wconf 87' lang='lat' dir='ltr'><strong>inspiratis</strong></span> <span class='ocrx_word' id='word_1_616' title='bbox 3321 4486 3581 4554; x_wconf 56' lang='lat' dir='ltr'><strong>Scriptum</strong></span> 
     </span>
    </p>
   </div>
   <div class='ocr_carea' id='block_1_91' title="bbox 1992 4580 3564 4653">
    <p class='ocr_par' dir='ltr' id='par_1_91' title="bbox 1992 4580 3564 4653">
     <span class='ocr_line' id='line_1_91' title="bbox 1992 4580 3564 4653; baseline -0.006 -11"><span class='ocrx_word' id='word_1_617' title='bbox 1992 4588 2070 4643; x_wconf 91' lang='lat' dir='ltr'><strong>ris</strong></span> <span class='ocrx_word' id='word_1_618' title='bbox 2128 4585 2235 4640; x_wconf 87' lang='lat' dir='ltr'><strong>hoc</strong></span> <span class='ocrx_word' id='word_1_619' title='bbox 2291 4584 2488 4653; x_wconf 82' lang='lat' dir='ltr'><strong>dogma</strong></span> <span class='ocrx_word' id='word_1_620' title='bbox 2557 4584 3006 4639; x_wconf 86' lang='lat' dir='ltr'><strong>demonstrantes</strong></span> <span class='ocrx_word' id='word_1_621' title='bbox 3064 4589 3119 4634; x_wconf 89' lang='lat' dir='ltr'><strong>et</strong></span> <span class='ocrx_word' id='word_1_622' title='bbox 3171 4580 3564 4634; x_wconf 81' lang='lat' dir='ltr'><strong>conflrmautcs</strong></span> 
     </span>
    </p>
   </div>
   <div class='ocr_carea' id='block_1_92' title="bbox 309 4670 1898 4748">
    <p class='ocr_par' dir='ltr' id='par_1_92' title="bbox 309 4670 1881 4743">
     <span class='ocr_line' id='line_1_92' title="bbox 309 4670 1881 4743; baseline 0.007 -21"><span class='ocrx_word' id='word_1_623' title='bbox 309 4670 769 4737; x_wconf 81' lang='grc' dir='ltr'>ἀποδεικνύοντας</span> <span class='ocrx_word' id='word_1_624' title='bbox 809 4673 940 4728; x_wconf 78' lang='grc' dir='ltr'>αὐτὸ</span> <span class='ocrx_word' id='word_1_625' title='bbox 975 4676 1035 4728; x_wconf 87' lang='grc' dir='ltr'>τὸ</span> <span class='ocrx_word' id='word_1_626' title='bbox 1072 4675 1249 4743; x_wconf 80' lang='grc' dir='ltr'>δόγμα</span> <span class='ocrx_word' id='word_1_627' title='bbox 1298 4678 1394 4731; x_wconf 77' lang='grc' dir='ltr'>καὶ</span> <span class='ocrx_word' id='word_1_628' title='bbox 1441 4678 1881 4741; x_wconf 83' lang='grc' dir='ltr'>συνιστάνοντας.</span> 
     </span>
    </p>
   </div>
   <div class='ocr_carea' id='block_1_93' title="bbox 1987 4670 3631 4748">
    <p class='ocr_par' dir='ltr' id='par_1_93' title="bbox 1991 4672 3631 4748">
     <span class='ocr_line' id='line_1_93' title="bbox 1991 4672 3631 4748; baseline -0.005 -13"><span class='ocrx_word' id='word_1_629' title='bbox 1991 4677 2362 4748; x_wconf 81' lang='lat' dir='ltr'><strong>conspexerit.</strong></span> <span class='ocrx_word' id='word_1_630' title='bbox 2397 4678 2502 4744; x_wconf 80' lang='lat' dir='ltr'><strong>Qui</strong></span> <span class='ocrx_word' id='word_1_631' title='bbox 2531 4691 2662 4731; x_wconf 89' lang='lat' dir='ltr'><strong>vero</strong></span> <span class='ocrx_word' id='word_1_632' title='bbox 2696 4690 2763 4731; x_wconf 81' lang='lat' dir='ltr'><strong>ex</strong></span> <span class='ocrx_word' id='word_1_633' title='bbox 2796 4675 3097 4731; x_wconf 89' lang='lat' dir='ltr'><strong>schismate</strong></span> <span class='ocrx_word' id='word_1_634' title='bbox 3121 4682 3251 4729; x_wconf 84' lang='lat' dir='ltr'><strong>sunt</strong></span> <span class='ocrx_word' id='word_1_635' title='bbox 3287 4672 3583 4728; x_wconf 72' lang='lat' dir='ltr'><strong>contraria</strong></span> <span class='ocrx_word' id='word_1_636' title='bbox 3627 4698 3631 4703; x_wconf 62' lang='grc' dir='ltr'><strong><em>τ</em></strong></span> 
     </span>
    </p>
   </div>
   <div class='ocr_carea' id='block_1_94' title="bbox 310 4762 1886 4840">
    <p class='ocr_par' dir='ltr' id='par_1_94' title="bbox 310 4762 1886 4840">
     <span class='ocr_line' id='line_1_94' title="bbox 310 4762 1886 4840; baseline 0.006 -25"><span class='ocrx_word' id='word_1_637' title='bbox 310 4764 375 4816; x_wconf 82' lang='lat' dir='ltr'><strong>Ol</strong></span> <span class='ocrx_word' id='word_1_638' title='bbox 409 4762 467 4817; x_wconf 83' lang='grc' dir='ltr'>δέ</span> <span class='ocrx_word' id='word_1_639' title='bbox 515 4780 578 4828; x_wconf 87' lang='grc' dir='ltr'><strong>γε</strong></span> <span class='ocrx_word' id='word_1_640' title='bbox 608 4764 703 4818; x_wconf 89' lang='grc' dir='ltr'><strong>τοῦ</strong></span> <span class='ocrx_word' id='word_1_641' title='bbox 757 4766 1057 4837; x_wconf 87' lang='grc' dir='ltr'>σχίσματος</span> <span class='ocrx_word' id='word_1_642' title='bbox 1112 4768 1421 4823; x_wconf 80' lang='grc' dir='ltr'>τούναντίον</span> <span class='ocrx_word' id='word_1_643' title='bbox 1463 4769 1886 4840; x_wconf 80' lang='grc' dir='ltr'>διαπράττονται</span> 
     </span>
    </p>
   </div>
   <div class='ocr_carea' id='block_1_95' title="bbox 314 4855 1939 4933">
    <p class='ocr_par' dir='ltr' id='par_1_95' title="bbox 314 4855 1939 4933">
     <span class='ocr_line' id='line_1_95' title="bbox 314 4855 1939 4933; baseline 0.006 -27"><span class='ocrx_word' id='word_1_644' title='bbox 314 4856 445 4920; x_wconf 78' lang='grc' dir='ltr'>πᾶν,</span> <span class='ocrx_word' id='word_1_645' title='bbox 475 4858 539 4908; x_wconf 82' lang='grc' dir='ltr'>ὲκ</span> <span class='ocrx_word' id='word_1_646' title='bbox 581 4857 681 4926; x_wconf 82' lang='grc' dir='ltr'>τῆς</span> <span class='ocrx_word' id='word_1_647' title='bbox 734 4855 941 4921; x_wconf 85' lang='grc' dir='ltr'>κοιλίας</span> <span class='ocrx_word' id='word_1_648' title='bbox 987 4857 1164 4912; x_wconf 82' lang='grc' dir='ltr'>αὐτῶν</span> <span class='ocrx_word' id='word_1_649' title='bbox 1192 4859 1288 4923; x_wconf 80' lang='grc' dir='ltr'><strong>τὰς</strong></span> <span class='ocrx_word' id='word_1_650' title='bbox 1325 4859 1631 4929; x_wconf 77' lang='grc' dir='ltr'>ἀντιλογίας</span> <span class='ocrx_word' id='word_1_651' title='bbox 1680 4863 1888 4933; x_wconf 76' lang='grc' dir='ltr'>προφέ-</span> <span class='ocrx_word' id='word_1_652' title='bbox 1932 4856 1939 4861; x_wconf 68' lang='grc'><em>’</em></span> 
     </span>
    </p>
   </div>
   <div class='ocr_carea' id='block_1_96' title="bbox 311 4946 1882 5026">
    <p class='ocr_par' dir='ltr' id='par_1_96' title="bbox 311 4946 1882 5026">
     <span class='ocr_line' id='line_1_96' title="bbox 311 4946 1882 5026; baseline 0.005 -27"><span class='ocrx_word' id='word_1_653' title='bbox 311 4964 523 5016; x_wconf 83' lang='grc' dir='ltr'>ρουσιν,</span> <span class='ocrx_word' id='word_1_654' title='bbox 558 4947 764 5026; x_wconf 75' lang='grc' dir='ltr'>οἰκείας</span> <span class='ocrx_word' id='word_1_655' title='bbox 790 4946 1115 5013; x_wconf 81' lang='grc' dir='ltr'>πλάττοντες</span> <span class='ocrx_word' id='word_1_656' title='bbox 1143 4951 1235 5003; x_wconf 71' lang='grc' dir='ltr'><strong>ἐπὶ</strong></span> <span class='ocrx_word' id='word_1_657' title='bbox 1259 4950 1359 5021; x_wconf 80' lang='grc' dir='ltr'>τῆς</span> <span class='ocrx_word' id='word_1_658' title='bbox 1384 4951 1661 5021; x_wconf 87' lang='grc' dir='ltr'>θεολογίας</span> <span class='ocrx_word' id='word_1_659' title='bbox 1688 4955 1882 5024; x_wconf 82' lang='grc' dir='ltr'>ἀρχὰς,</span> 
     </span>
    </p>
   </div>
   <div class='ocr_carea' id='block_1_97' title="bbox 310 5040 1884 5115">
    <p class='ocr_par' dir='ltr' id='par_1_97' title="bbox 310 5040 1884 5115">
     <span class='ocr_line' id='line_1_97' title="bbox 310 5040 1884 5115; baseline 0.004 -22"><span class='ocrx_word' id='word_1_660' title='bbox 310 5042 423 5093; x_wconf 72' lang='grc' dir='ltr'><strong>κάκ</strong></span> <span class='ocrx_word' id='word_1_661' title='bbox 452 5040 657 5092; x_wconf 88' lang='grc' dir='ltr'>τούτων</span> <span class='ocrx_word' id='word_1_662' title='bbox 705 5040 785 5103; x_wconf 80' lang='grc' dir='ltr'><strong>είς</strong></span> <span class='ocrx_word' id='word_1_663' title='bbox 815 5041 989 5097; x_wconf 79' lang='grc' dir='ltr'>ἄτοπα</span> <span class='ocrx_word' id='word_1_664' title='bbox 1020 5041 1192 5097; x_wconf 84' lang='grc' dir='ltr'>πολλά</span> <span class='ocrx_word' id='word_1_665' title='bbox 1238 5043 1329 5097; x_wconf 73' lang='grc' dir='ltr'>τὸν</span> <span class='ocrx_word' id='word_1_666' title='bbox 1370 5044 1526 5113; x_wconf 86' lang='grc' dir='ltr'>λόγον</span> <span class='ocrx_word' id='word_1_667' title='bbox 1558 5045 1884 5115; x_wconf 84' lang='grc' dir='ltr'>ἀπάγοντες.</span> 
     </span>
    </p>
   </div>
   <div class='ocr_carea' id='block_1_98' title="bbox 310 5128 1885 5206">
    <p class='ocr_par' dir='ltr' id='par_1_98' title="bbox 310 5128 1885 5206">
     <span class='ocr_line' id='line_1_98' title="bbox 310 5128 1885 5206; baseline 0.004 -25"><span class='ocrx_word' id='word_1_668' title='bbox 310 5130 437 5190; x_wconf 75' lang='grc' dir='ltr'>Τοῖς</span> <span class='ocrx_word' id='word_1_669' title='bbox 470 5128 730 5192; x_wconf 85' lang='grc' dir='ltr'>τοιούτοις</span> <span class='ocrx_word' id='word_1_670' title='bbox 764 5129 1057 5201; x_wconf 82' lang='grc' dir='ltr'>τοιγαροῦν</span> <span class='ocrx_word' id='word_1_671' title='bbox 1087 5131 1425 5203; x_wconf 77' lang='grc' dir='ltr'>προσέξομεν</span> <span class='ocrx_word' id='word_1_672' title='bbox 1454 5134 1615 5205; x_wconf 79' lang='grc' dir='ltr'>ἡμεῖς</span> <span class='ocrx_word' id='word_1_673' title='bbox 1660 5136 1885 5206; x_wconf 78' lang='grc' dir='ltr'>ἐρευγο-</span> 
     </span>
    </p>
   </div>
   <div class='ocr_carea' id='block_1_99' title="bbox 311 5221 1884 5295">
    <p class='ocr_par' dir='ltr' id='par_1_99' title="bbox 311 5221 1884 5295">
     <span class='ocr_line' id='line_1_99' title="bbox 311 5221 1884 5295; baseline 0.004 -22"><span class='ocrx_word' id='word_1_674' title='bbox 311 5222 499 5292; x_wconf 59' lang='lat' dir='ltr'><strong>pavet;</strong></span> <span class='ocrx_word' id='word_1_675' title='bbox 534 5221 629 5291; x_wconf 82' lang='grc' dir='ltr'>ἀφ’</span> <span class='ocrx_word' id='word_1_676' title='bbox 666 5223 897 5285; x_wconf 79' lang='grc' dir='ltr'>ἑαυτῶν,</span> <span class='ocrx_word' id='word_1_677' title='bbox 929 5222 1193 5290; x_wconf 77' lang='grc' dir='ltr'>παρέντες</span> <span class='ocrx_word' id='word_1_678' title='bbox 1235 5225 1360 5287; x_wconf 79' lang='grc' dir='ltr'>τοὺς</span> <span class='ocrx_word' id='word_1_679' title='bbox 1395 5226 1606 5290; x_wconf 74' lang='grc' dir='ltr'>κοινοὺς</span> <span class='ocrx_word' id='word_1_680' title='bbox 1636 5227 1884 5295; x_wconf 77' lang='grc' dir='ltr'>Πατέρας</span> 
     </span>
    </p>
   </div>
   <div class='ocr_carea' id='block_1_100' title="bbox 309 5309 1881 5387">
    <p class='ocr_par' dir='ltr' id='par_1_100' title="bbox 309 5309 1881 5387">
     <span class='ocr_line' id='line_1_100' title="bbox 309 5309 1881 5387; baseline 0.008 -28"><span class='ocrx_word' id='word_1_681' title='bbox 309 5309 471 5378; x_wconf 72' lang='grc' dir='ltr'>ἡμῶν</span> <span class='ocrx_word' id='word_1_682' title='bbox 506 5309 631 5371; x_wconf 74' lang='grc' dir='ltr'>τοὺς</span> <span class='ocrx_word' id='word_1_683' title='bbox 661 5310 1068 5379; x_wconf 82' lang='grc' dir='ltr'>φθεγγομένους</span> <span class='ocrx_word' id='word_1_684' title='bbox 1102 5309 1244 5380; x_wconf 88' lang='grc' dir='ltr'><strong>μετά</strong></span> <span class='ocrx_word' id='word_1_685' title='bbox 1273 5311 1368 5366; x_wconf 78' lang='grc' dir='ltr'><strong>τοῦ</strong></span> <span class='ocrx_word' id='word_1_686' title='bbox 1398 5314 1750 5385; x_wconf 81' lang='grc' dir='ltr'>Πνεύματος;</span> <span class='ocrx_word' id='word_1_687' title='bbox 1790 5318 1881 5387; x_wconf 83' lang='grc' dir='ltr'><strong>Μὴ</strong></span> 
     </span>
    </p>
   </div>
   <div class='ocr_carea' id='block_1_101' title="bbox 310 5398 1891 5476">
    <p class='ocr_par' dir='ltr' id='par_1_101' title="bbox 310 5398 1891 5476">
     <span class='ocr_line' id='line_1_101' title="bbox 310 5398 1891 5476; baseline 0.003 -25"><span class='ocrx_word' id='word_1_688' title='bbox 310 5399 446 5467; x_wconf 77' lang='grc' dir='ltr'>πρὸς</span> <span class='ocrx_word' id='word_1_689' title='bbox 474 5398 572 5468; x_wconf 80' lang='grc' dir='ltr'>τῆς</span> <span class='ocrx_word' id='word_1_690' title='bbox 602 5398 836 5464; x_wconf 76' lang='grc' dir='ltr'>ἐλπίδος,</span> <span class='ocrx_word' id='word_1_691' title='bbox 866 5400 932 5470; x_wconf 75' lang='grc' dir='ltr'>ἢν</span> <span class='ocrx_word' id='word_1_692' title='bbox 972 5399 1283 5471; x_wconf 75' lang='grc' dir='ltr'>ἐλπίζομεν,</span> <span class='ocrx_word' id='word_1_693' title='bbox 1329 5402 1589 5469; x_wconf 86' lang='grc' dir='ltr'>δυσωπῶ,</span> <span class='ocrx_word' id='word_1_694' title='bbox 1618 5406 1755 5476; x_wconf 82' lang='grc' dir='ltr'>πρὸς</span> <span class='ocrx_word' id='word_1_695' title='bbox 1783 5406 1891 5476; x_wconf 82' lang='grc' dir='ltr'>τῆς</span> 
     </span>
    </p>
   </div>
   <div class='ocr_carea' id='block_1_102' title="bbox 308 5484 1883 5569">
    <p class='ocr_par' dir='ltr' id='par_1_102' title="bbox 308 5484 1883 5569">
     <span class='ocr_line' id='line_1_102' title="bbox 308 5484 1883 5569; baseline 0.004 -25"><span class='ocrx_word' id='word_1_696' title='bbox 308 5489 564 5560; x_wconf 78' lang='grc' dir='ltr'>Τριάδος,</span> <span class='ocrx_word' id='word_1_697' title='bbox 612 5489 673 5542; x_wconf 80' lang='grc' dir='ltr'>τὸ</span> <span class='ocrx_word' id='word_1_698' title='bbox 709 5489 964 5560; x_wconf 76' lang='grc' dir='ltr'>μέγιστον</span> <span class='ocrx_word' id='word_1_699' title='bbox 1014 5484 1046 5564; x_wconf 75' lang='grc' dir='ltr'>ᾖ</span> <span class='ocrx_word' id='word_1_700' title='bbox 1079 5491 1442 5564; x_wconf 87' lang='grc' dir='ltr'>λατρεύομεν·</span> <span class='ocrx_word' id='word_1_701' title='bbox 1498 5496 1574 5566; x_wconf 77' lang='grc' dir='ltr'>μὴ</span> <span class='ocrx_word' id='word_1_702' title='bbox 1612 5497 1743 5568; x_wconf 73' lang='grc' dir='ltr'>περὶ</span> <span class='ocrx_word' id='word_1_703' title='bbox 1784 5498 1883 5569; x_wconf 77' lang='grc' dir='ltr'>τὴν</span> 
     </span>
    </p>
   </div>
   <div class='ocr_carea' id='block_1_103' title="bbox 307 5578 1885 5654">
    <p class='ocr_par' dir='ltr' id='par_1_103' title="bbox 307 5578 1885 5654">
     <span class='ocr_line' id='line_1_103' title="bbox 307 5578 1885 5654; baseline 0.005 -20"><span class='ocrx_word' id='word_1_704' title='bbox 307 5580 510 5653; x_wconf 79' lang='grc' dir='ltr'>εὐχερῆ</span> <span class='ocrx_word' id='word_1_705' title='bbox 549 5579 752 5652; x_wconf 86' lang='grc' dir='ltr'>ταύτην</span> <span class='ocrx_word' id='word_1_706' title='bbox 783 5578 1040 5653; x_wconf 75' lang='grc' dir='ltr'>ἑπιλογὴν</span> <span class='ocrx_word' id='word_1_707' title='bbox 1072 5582 1215 5636; x_wconf 71' lang='grc' dir='ltr'>οὕτω</span> <span class='ocrx_word' id='word_1_708' title='bbox 1255 5582 1541 5654; x_wconf 84' lang='grc' dir='ltr'>γενώμεθα</span> <span class='ocrx_word' id='word_1_709' title='bbox 1576 5589 1735 5640; x_wconf 80' lang='grc' dir='ltr'>κακοὶ</span> <span class='ocrx_word' id='word_1_710' title='bbox 1767 5588 1885 5644; x_wconf 82' lang='grc' dir='ltr'>δια-</span> 
     </span>
    </p>
   </div>
   <div class='ocr_carea' id='block_1_104' title="bbox 308 5675 1885 5754">
    <p class='ocr_par' dir='ltr' id='par_1_104' title="bbox 308 5675 1885 5754">
     <span class='ocr_line' id='line_1_104' title="bbox 308 5675 1885 5754; baseline 0.004 -26"><span class='ocrx_word' id='word_1_711' title='bbox 308 5675 614 5747; x_wconf 83' lang='grc' dir='ltr'>γνὼμονες,</span> <span class='ocrx_word' id='word_1_712' title='bbox 644 5676 718 5740; x_wconf 85' lang='grc' dir='ltr'><strong>ῶς</strong></span> <span class='ocrx_word' id='word_1_713' title='bbox 743 5677 1031 5748; x_wconf 84' lang='grc' dir='ltr'>προκρῖναι</span> <span class='ocrx_word' id='word_1_714' title='bbox 1060 5678 1187 5741; x_wconf 81' lang='grc' dir='ltr'>τοὺς</span> <span class='ocrx_word' id='word_1_715' title='bbox 1208 5682 1461 5748; x_wconf 87' lang='grc' dir='ltr'>γηγενεῖς</span> <span class='ocrx_word' id='word_1_716' title='bbox 1491 5682 1596 5733; x_wconf 84' lang='grc' dir='ltr'><strong>τῶν</strong></span> <span class='ocrx_word' id='word_1_717' title='bbox 1628 5682 1885 5754; x_wconf 75' lang='grc' dir='ltr'>ἄντικρυς</span> 
     </span>
    </p>
   </div>
   <div class='ocr_carea' id='block_1_105' title="bbox 308 5768 1886 5844">
    <p class='ocr_par' dir='ltr' id='par_1_105' title="bbox 308 5768 1886 5844">
     <span class='ocr_line' id='line_1_105' title="bbox 308 5768 1886 5844; baseline 0.004 -23"><span class='ocrx_word' id='word_1_718' title='bbox 308 5768 576 5841; x_wconf 74' lang='grc' dir='ltr'>οὐρανίων</span> <span class='ocrx_word' id='word_1_719' title='bbox 610 5768 841 5841; x_wconf 82' lang='grc' dir='ltr'>ἀνδρῶν,</span> <span class='ocrx_word' id='word_1_720' title='bbox 872 5768 1101 5825; x_wconf 78' lang='grc' dir='ltr'>καὶτῶν</span> <span class='ocrx_word' id='word_1_721' title='bbox 1133 5770 1266 5824; x_wconf 86' lang='grc' dir='ltr'>νόων</span> <span class='ocrx_word' id='word_1_722' title='bbox 1295 5773 1617 5844; x_wconf 72' lang='grc' dir='ltr'>αὐτόχρημα</span> <span class='ocrx_word' id='word_1_723' title='bbox 1642 5775 1767 5841; x_wconf 82' lang='grc' dir='ltr'>τοὺς</span> <span class='ocrx_word' id='word_1_724' title='bbox 1798 5777 1886 5828; x_wconf 79' lang='grc' dir='ltr'>λο-</span> 
     </span>
    </p>
   </div>
   <div class='ocr_carea' id='block_1_106' title="bbox 309 5860 1883 5938">
    <p class='ocr_par' dir='ltr' id='par_1_106' title="bbox 309 5860 1883 5938">
     <span class='ocr_line' id='line_1_106' title="bbox 309 5860 1883 5938; baseline 0.004 -24"><span class='ocrx_word' id='word_1_725' title='bbox 309 5860 633 5935; x_wconf 74' lang='grc' dir='ltr'>γιζομένους</span> <span class='ocrx_word' id='word_1_726' title='bbox 682 5861 802 5914; x_wconf 76' lang='grc' dir='ltr'>κατ’</span> <span class='ocrx_word' id='word_1_727' title='bbox 836 5860 1143 5933; x_wconf 77' lang='grc' dir='ltr'>ἄνθρωπον.</span> <span class='ocrx_word' id='word_1_728' title='bbox 1189 5863 1377 5933; x_wconf 89' lang='grc' dir='ltr'>Δῶμεν</span> <span class='ocrx_word' id='word_1_729' title='bbox 1422 5865 1553 5920; x_wconf 70' lang='grc' dir='ltr'>ποτὲ</span> <span class='ocrx_word' id='word_1_730' title='bbox 1584 5866 1883 5938; x_wconf 83' lang='grc' dir='ltr'>προθύμως</span> 
     </span>
    </p>
   </div>
   <div class='ocr_carea' id='block_1_107' title="bbox 310 5953 1882 6029">
    <p class='ocr_par' dir='ltr' id='par_1_107' title="bbox 310 5953 1882 6029">
     <span class='ocr_line' id='line_1_107' title="bbox 310 5953 1882 6029; baseline 0.006 -22"><span class='ocrx_word' id='word_1_731' title='bbox 310 5953 406 6016; x_wconf 68' lang='grc' dir='ltr'><strong>τὰς</strong></span> <span class='ocrx_word' id='word_1_732' title='bbox 456 5953 622 6016; x_wconf 71' lang='grc' dir='ltr'>ἀκοὰς</span> <span class='ocrx_word' id='word_1_733' title='bbox 664 5955 779 6015; x_wconf 45' lang='grc' dir='ltr'>ταῖς</span> <span class='ocrx_word' id='word_1_734' title='bbox 821 5953 922 6008; x_wconf 78' lang='grc' dir='ltr'><strong>τῶν</strong></span> <span class='ocrx_word' id='word_1_735' title='bbox 974 5955 1139 6026; x_wconf 80' lang='grc' dir='ltr'>ἁγίων</span> <span class='ocrx_word' id='word_1_736' title='bbox 1190 5957 1359 6028; x_wconf 50' lang='grc' dir='ltr'>ἱερεῖς</span> <span class='ocrx_word' id='word_1_737' title='bbox 1396 5958 1646 6029; x_wconf 68' lang='grc' dir='ltr'>κρήσεσι.</span> <span class='ocrx_word' id='word_1_738' title='bbox 1683 5960 1749 6014; x_wconf 87' lang='grc' dir='ltr'>Τί</span> <span class='ocrx_word' id='word_1_739' title='bbox 1791 5962 1882 6016; x_wconf 63' lang='grc' dir='ltr'><strong>καὶ</strong></span> 
     </span>
    </p>
   </div>
   <div class='ocr_carea' id='block_1_108' title="bbox 1998 4763 3570 4831">
    <p class='ocr_par' dir='ltr' id='par_1_108' title="bbox 1998 4763 3570 4831">
     <span class='ocr_line' id='line_1_108' title="bbox 1998 4763 3570 4831; baseline -0.006 -5"><span class='ocrx_word' id='word_1_740' title='bbox 1998 4784 2216 4826; x_wconf 89' lang='lat' dir='ltr'><strong>summo</strong></span> <span class='ocrx_word' id='word_1_741' title='bbox 2256 4769 2389 4823; x_wconf 82' lang='lat' dir='ltr'><strong>nixu</strong></span> <span class='ocrx_word' id='word_1_742' title='bbox 2427 4767 2751 4831; x_wconf 72' lang='lat' dir='ltr'><strong>moliuntur,</strong></span> <span class='ocrx_word' id='word_1_743' title='bbox 2783 4780 2847 4821; x_wconf 85' lang='lat' dir='ltr'><strong>ex</strong></span> <span class='ocrx_word' id='word_1_744' title='bbox 2880 4772 3071 4820; x_wconf 86' lang='lat' dir='ltr'><strong>ventre</strong></span> <span class='ocrx_word' id='word_1_745' title='bbox 3097 4763 3570 4819; x_wconf 74' lang='lat' dir='ltr'><strong>contradirtioues</strong></span> 
     </span>
    </p>
   </div>
   <div class='ocr_carea' id='block_1_109' title="bbox 1996 4854 3567 4931">
    <p class='ocr_par' dir='ltr' id='par_1_109' title="bbox 1996 4854 3567 4931">
     <span class='ocr_line' id='line_1_109' title="bbox 1996 4854 3567 4931; baseline -0.006 -14"><span class='ocrx_word' id='word_1_746' title='bbox 1996 4860 2305 4926; x_wconf 83' lang='lat' dir='ltr'><strong>allerentes,</strong></span> <span class='ocrx_word' id='word_1_747' title='bbox 2351 4859 2576 4931; x_wconf 87' lang='lat' dir='ltr'><strong>propria</strong></span> <span class='ocrx_word' id='word_1_748' title='bbox 2614 4858 2668 4914; x_wconf 93' lang='lat' dir='ltr'><strong>in</strong></span> <span class='ocrx_word' id='word_1_749' title='bbox 2716 4859 2881 4913; x_wconf 85' lang='lat' dir='ltr'><strong>rebus</strong></span> <span class='ocrx_word' id='word_1_750' title='bbox 2932 4856 3258 4928; x_wconf 87' lang='lat' dir='ltr'><strong>theologicis</strong></span> <span class='ocrx_word' id='word_1_751' title='bbox 3299 4854 3567 4926; x_wconf 81' lang='lat' dir='ltr'><strong>principia</strong></span> 
     </span>
    </p>
   </div>
   <div class='ocr_carea' id='block_1_110' title="bbox 1996 4949 3567 5023">
    <p class='ocr_par' dir='ltr' id='par_1_110' title="bbox 1996 4949 3567 5023">
     <span class='ocr_line' id='line_1_110' title="bbox 1996 4949 3567 5023; baseline -0.004 -14"><span class='ocrx_word' id='word_1_752' title='bbox 1996 4953 2395 5023; x_wconf 81' lang='lat' dir='ltr'><strong>contingentes,</strong></span> <span class='ocrx_word' id='word_1_753' title='bbox 2427 4967 2490 5007; x_wconf 77' lang='lat' dir='ltr'><strong>ex</strong></span> <span class='ocrx_word' id='word_1_754' title='bbox 2519 4953 2723 5021; x_wconf 86' lang='lat' dir='ltr'><strong>quibus</strong></span> <span class='ocrx_word' id='word_1_755' title='bbox 2769 4949 2820 5005; x_wconf 89' lang='lat' dir='ltr'><strong>in</strong></span> <span class='ocrx_word' id='word_1_756' title='bbox 2855 4950 3095 5006; x_wconf 82' lang='lat' dir='ltr'><strong>absurda</strong></span> <span class='ocrx_word' id='word_1_757' title='bbox 3129 4963 3415 5005; x_wconf 79' lang='lat' dir='ltr'><strong>innumera</strong></span> <span class='ocrx_word' id='word_1_758' title='bbox 3444 4962 3567 5002; x_wconf 73' lang='lat' dir='ltr'><strong>ora-</strong></span> 
     </span>
    </p>
   </div>
   <div class='ocr_carea' id='block_1_111' title="bbox 1998 5039 3567 5113">
    <p class='ocr_par' dir='ltr' id='par_1_111' title="bbox 1998 5039 3567 5113">
     <span class='ocr_line' id='line_1_111' title="bbox 1998 5039 3567 5113; baseline -0.006 -12"><span class='ocrx_word' id='word_1_759' title='bbox 1998 5046 2201 5101; x_wconf 89' lang='lat' dir='ltr'><strong>tionem</strong></span> <span class='ocrx_word' id='word_1_760' title='bbox 2232 5043 2544 5113; x_wconf 80' lang='lat' dir='ltr'><strong>impellunt.</strong></span> <span class='ocrx_word' id='word_1_761' title='bbox 2579 5041 2738 5097; x_wconf 83' lang='lat' dir='ltr'><strong>Hisce</strong></span> <span class='ocrx_word' id='word_1_762' title='bbox 2776 5042 3075 5111; x_wconf 87' lang='lat' dir='ltr'><strong>igiturnos</strong></span> <span class='ocrx_word' id='word_1_763' title='bbox 3109 5041 3350 5095; x_wconf 89' lang='lat' dir='ltr'><strong>animum</strong></span> <span class='ocrx_word' id='word_1_764' title='bbox 3376 5039 3567 5093; x_wconf 85' lang='lat' dir='ltr'><strong>adver-</strong></span> 
     </span>
    </p>
   </div>
   <div class='ocr_carea' id='block_1_112' title="bbox 1992 5130 3570 5206">
    <p class='ocr_par' dir='ltr' id='par_1_112' title="bbox 1992 5130 3570 5206">
     <span class='ocr_line' id='line_1_112' title="bbox 1992 5130 3570 5206; baseline -0.006 -13"><span class='ocrx_word' id='word_1_765' title='bbox 1992 5148 2170 5193; x_wconf 87' lang='lat' dir='ltr'><strong>temus</strong></span> <span class='ocrx_word' id='word_1_766' title='bbox 2193 5134 2287 5206; x_wconf 89' lang='lat' dir='ltr'><strong>qui</strong></span> <span class='ocrx_word' id='word_1_767' title='bbox 2318 5148 2383 5191; x_wconf 86' lang='lat' dir='ltr'><strong>ex</strong></span> <span class='ocrx_word' id='word_1_768' title='bbox 2414 5134 2659 5205; x_wconf 83' lang='lat' dir='ltr'><strong>propriis</strong></span> <span class='ocrx_word' id='word_1_769' title='bbox 2708 5134 2910 5190; x_wconf 84' lang='lat' dir='ltr'><strong>similia</strong></span> <span class='ocrx_word' id='word_1_770' title='bbox 2952 5142 3228 5199; x_wconf 86' lang='lat' dir='ltr'><strong>eructant,</strong></span> <span class='ocrx_word' id='word_1_771' title='bbox 3260 5130 3570 5187; x_wconf 54' lang='lat' dir='ltr'><strong>communi.</strong></span> 
     </span>
    </p>
   </div>
   <div class='ocr_carea' id='block_1_113' title="bbox 1994 5225 3568 5298">
    <p class='ocr_par' dir='ltr' id='par_1_113' title="bbox 1994 5225 3568 5298">
     <span class='ocr_line' id='line_1_113' title="bbox 1994 5225 3568 5298; baseline -0.005 -14"><span class='ocrx_word' id='word_1_772' title='bbox 1994 5230 2099 5286; x_wconf 86' lang='lat' dir='ltr'><strong>bus</strong></span> <span class='ocrx_word' id='word_1_773' title='bbox 2147 5227 2353 5283; x_wconf 88' lang='lat' dir='ltr'><strong>nostris</strong></span> <span class='ocrx_word' id='word_1_774' title='bbox 2405 5227 2689 5294; x_wconf 86' lang='lat' dir='ltr'><strong>Patribus,</strong></span> <span class='ocrx_word' id='word_1_775' title='bbox 2722 5227 2972 5298; x_wconf 87' lang='lat' dir='ltr'><strong>quicum</strong></span> <span class='ocrx_word' id='word_1_776' title='bbox 3022 5225 3233 5297; x_wconf 85' lang='lat' dir='ltr'><strong>Spiritu</strong></span> <span class='ocrx_word' id='word_1_777' title='bbox 3266 5225 3568 5295; x_wconf 88' lang='lat' dir='ltr'><strong>loquuntur</strong></span> 
     </span>
    </p>
   </div>
   <div class='ocr_carea' id='block_1_114' title="bbox 1995 5318 3569 5395">
    <p class='ocr_par' dir='ltr' id='par_1_114' title="bbox 1995 5318 3569 5395">
     <span class='ocr_line' id='line_1_114' title="bbox 1995 5318 3569 5395; baseline -0.004 -18"><span class='ocrx_word' id='word_1_778' title='bbox 1995 5321 2294 5395; x_wconf 82' lang='lat' dir='ltr'><strong>neglectis?</strong></span> <span class='ocrx_word' id='word_1_779' title='bbox 2347 5318 2424 5375; x_wconf 85' lang='lat' dir='ltr'><strong>Ne</strong></span> <span class='ocrx_word' id='word_1_780' title='bbox 2459 5336 2553 5391; x_wconf 86' lang='lat' dir='ltr'><strong>per</strong></span> <span class='ocrx_word' id='word_1_781' title='bbox 2600 5337 2777 5390; x_wconf 80' lang='lat' dir='ltr'><strong>Spem,</strong></span> <span class='ocrx_word' id='word_1_782' title='bbox 2813 5335 2978 5391; x_wconf 83' lang='lat' dir='ltr'><strong>quant</strong></span> <span class='ocrx_word' id='word_1_783' title='bbox 3028 5333 3337 5389; x_wconf 84' lang='lat' dir='ltr'><strong>speramus,</strong></span> <span class='ocrx_word' id='word_1_784' title='bbox 3376 5331 3569 5383; x_wconf 76' lang='lat' dir='ltr'><strong>exoro,</strong></span> 
     </span>
    </p>
   </div>
   <div class='ocr_carea' id='block_1_115' title="bbox 1992 5409 3577 5484">
    <p class='ocr_par' dir='ltr' id='par_1_115' title="bbox 1992 5409 3577 5484">
     <span class='ocr_line' id='line_1_115' title="bbox 1992 5409 3577 5484; baseline -0.004 -16"><span class='ocrx_word' id='word_1_785' title='bbox 1992 5431 2086 5484; x_wconf 81' lang='lat' dir='ltr'><strong>per</strong></span> <span class='ocrx_word' id='word_1_786' title='bbox 2115 5412 2377 5469; x_wconf 82' lang='lat' dir='ltr'><strong>Triadem</strong></span> <span class='ocrx_word' id='word_1_787' title='bbox 2402 5428 2531 5483; x_wconf 84' lang='lat' dir='ltr'><strong>erga</strong></span> <span class='ocrx_word' id='word_1_788' title='bbox 2574 5427 2739 5482; x_wconf 84' lang='lat' dir='ltr'><strong>quam</strong></span> <span class='ocrx_word' id='word_1_789' title='bbox 2770 5409 3124 5480; x_wconf 86' lang='lat' dir='ltr'><strong>potissimum</strong></span> <span class='ocrx_word' id='word_1_790' title='bbox 3158 5420 3347 5463; x_wconf 89' lang='lat' dir='ltr'><strong>noster</strong></span> <span class='ocrx_word' id='word_1_791' title='bbox 3380 5409 3577 5462; x_wconf 75' lang='lat' dir='ltr'><strong>cultus</strong></span> 
     </span>
    </p>
   </div>
   <div class='ocr_carea' id='block_1_116' title="bbox 1991 5498 3576 5569">
    <p class='ocr_par' dir='ltr' id='par_1_116' title="bbox 1991 5498 3576 5569">
     <span class='ocr_line' id='line_1_116' title="bbox 1991 5498 3576 5569; baseline -0.005 -10"><span class='ocrx_word' id='word_1_792' title='bbox 1991 5513 2115 5569; x_wconf 82' lang='lat' dir='ltr'><strong>est;</strong></span> <span class='ocrx_word' id='word_1_793' title='bbox 2156 5519 2222 5558; x_wconf 89' lang='lat' dir='ltr'><strong>ne</strong></span> <span class='ocrx_word' id='word_1_794' title='bbox 2271 5505 2416 5559; x_wconf 85' lang='lat' dir='ltr'><strong>circa</strong></span> <span class='ocrx_word' id='word_1_795' title='bbox 2451 5502 2668 5557; x_wconf 78' lang='lat' dir='ltr'><strong>facilem</strong></span> <span class='ocrx_word' id='word_1_796' title='bbox 2732 5502 2878 5555; x_wconf 90' lang='lat' dir='ltr'><strong>hunc</strong></span> <span class='ocrx_word' id='word_1_797' title='bbox 2907 5498 3199 5565; x_wconf 87' lang='lat' dir='ltr'><strong>delectum,</strong></span> <span class='ocrx_word' id='word_1_798' title='bbox 3236 5499 3372 5553; x_wconf 87' lang='lat' dir='ltr'><strong>adeo</strong></span> <span class='ocrx_word' id='word_1_799' title='bbox 3402 5498 3576 5551; x_wconf 77' lang='lat' dir='ltr'><strong>noxia.</strong></span> 
     </span>
    </p>
   </div>
   <div class='ocr_carea' id='block_1_117' title="bbox 1992 5591 3564 5666">
    <p class='ocr_par' dir='ltr' id='par_1_117' title="bbox 1992 5591 3564 5666">
     <span class='ocr_line' id='line_1_117' title="bbox 1992 5591 3564 5666; baseline -0.004 -15"><span class='ocrx_word' id='word_1_800' title='bbox 1992 5596 2384 5666; x_wconf 80' lang='lat' dir='ltr'><strong>dijudicemus,</strong></span> <span class='ocrx_word' id='word_1_801' title='bbox 2429 5605 2489 5650; x_wconf 91' lang='lat' dir='ltr'><strong>ut</strong></span> <span class='ocrx_word' id='word_1_802' title='bbox 2524 5595 2825 5664; x_wconf 80' lang='lat' dir='ltr'><strong>terrigenas</strong></span> <span class='ocrx_word' id='word_1_803' title='bbox 2867 5607 2995 5648; x_wconf 87' lang='lat' dir='ltr'><strong>vere</strong></span> <span class='ocrx_word' id='word_1_804' title='bbox 3025 5592 3346 5648; x_wconf 71' lang='lat' dir='ltr'><strong>cmlcstibus</strong></span> <span class='ocrx_word' id='word_1_805' title='bbox 3379 5591 3564 5647; x_wconf 84' lang='lat' dir='ltr'><strong>homi-</strong></span> 
     </span>
    </p>
   </div>
   <div class='ocr_carea' id='block_1_118' title="bbox 1994 5683 3568 5755">
    <p class='ocr_par' dir='ltr' id='par_1_118' title="bbox 1994 5683 3568 5755">
     <span class='ocr_line' id='line_1_118' title="bbox 1994 5683 3568 5755; baseline -0.003 -13"><span class='ocrx_word' id='word_1_806' title='bbox 1994 5688 2177 5755; x_wconf 87' lang='lat' dir='ltr'><strong>nibus,</strong></span> <span class='ocrx_word' id='word_1_807' title='bbox 2211 5697 2264 5743; x_wconf 89' lang='lat' dir='ltr'><strong>et</strong></span> <span class='ocrx_word' id='word_1_808' title='bbox 2295 5687 2539 5741; x_wconf 80' lang='lat' dir='ltr'><strong>humatio</strong></span> <span class='ocrx_word' id='word_1_809' title='bbox 2570 5700 2723 5741; x_wconf 91' lang='lat' dir='ltr'><strong>more</strong></span> <span class='ocrx_word' id='word_1_810' title='bbox 2769 5684 3161 5742; x_wconf 86' lang='lat' dir='ltr'><strong>ratiocinantes</strong></span> <span class='ocrx_word' id='word_1_811' title='bbox 3192 5684 3338 5741; x_wconf 83' lang='lat' dir='ltr'><strong>veris</strong></span> <span class='ocrx_word' id='word_1_812' title='bbox 3364 5683 3568 5738; x_wconf 78' lang='lat' dir='ltr'><strong>intelli-</strong></span> 
     </span>
    </p>
   </div>
   <div class='ocr_carea' id='block_1_119' title="bbox 1993 5776 3575 5850">
    <p class='ocr_par' dir='ltr' id='par_1_119' title="bbox 1993 5776 3575 5850">
     <span class='ocr_line' id='line_1_119' title="bbox 1993 5776 3575 5850; baseline 0.001 -17"><span class='ocrx_word' id='word_1_813' title='bbox 1993 5779 2194 5850; x_wconf 85' lang='lat' dir='ltr'><strong>gentiis</strong></span> <span class='ocrx_word' id='word_1_814' title='bbox 2247 5793 2656 5849; x_wconf 55' lang='lat' dir='ltr'><strong>praeponamus.</strong></span> <span class='ocrx_word' id='word_1_815' title='bbox 2736 5777 2938 5833; x_wconf 90' lang='lat' dir='ltr'><strong>Demus</strong></span> <span class='ocrx_word' id='word_1_816' title='bbox 2989 5776 3209 5833; x_wconf 82' lang='lat' dir='ltr'><strong>tandem</strong></span> <span class='ocrx_word' id='word_1_817' title='bbox 3266 5776 3575 5848; x_wconf 81' lang='lat' dir='ltr'><strong>aliquando</strong></span> 
     </span>
    </p>
   </div>
   <div class='ocr_carea' id='block_1_120' title="bbox 1994 5868 3562 5936">
    <p class='ocr_par' dir='ltr' id='par_1_120' title="bbox 1994 5868 3562 5936">
     <span class='ocr_line' id='line_1_120' title="bbox 1994 5868 3562 5936; baseline -0.003 -9"><span class='ocrx_word' id='word_1_818' title='bbox 1994 5872 2162 5928; x_wconf 87' lang='lat' dir='ltr'><strong>alacri</strong></span> <span class='ocrx_word' id='word_1_819' title='bbox 2194 5872 2377 5926; x_wconf 84' lang='lat' dir='ltr'><strong>animo</strong></span> <span class='ocrx_word' id='word_1_820' title='bbox 2410 5886 2569 5927; x_wconf 86' lang='lat' dir='ltr'><strong>aures</strong></span> <span class='ocrx_word' id='word_1_821' title='bbox 2606 5870 2780 5927; x_wconf 87' lang='lat' dir='ltr'><strong>sacris</strong></span> <span class='ocrx_word' id='word_1_822' title='bbox 2806 5877 3125 5925; x_wconf 86' lang='lat' dir='ltr'><strong>sanctorum</strong></span> <span class='ocrx_word' id='word_1_823' title='bbox 3166 5868 3354 5925; x_wconf 86' lang='lat' dir='ltr'><strong>dictis.</strong></span> <span class='ocrx_word' id='word_1_824' title='bbox 3395 5868 3562 5936; x_wconf 85' lang='lat' dir='ltr'><strong>Quid,</strong></span> 
     </span>
    </p>
   </div>
   <div class='ocr_carea' id='block_1_121' title="bbox 1994 5961 3561 6035">
    <p class='ocr_par' dir='ltr' id='par_1_121' title="bbox 1994 5961 3561 6035">
     <span class='ocr_line' id='line_1_121' title="bbox 1994 5961 3561 6035; baseline 0 -20"><span class='ocrx_word' id='word_1_825' title='bbox 1994 5964 2148 6035; x_wconf 83' lang='lat' dir='ltr'><strong>quasi</strong></span> <span class='ocrx_word' id='word_1_826' title='bbox 2189 5964 2363 6033; x_wconf 78' lang='lat' dir='ltr'><strong>ipsam</strong></span> <span class='ocrx_word' id='word_1_827' title='bbox 2414 5962 2749 6018; x_wconf 82' lang='lat' dir='ltr'><strong>aulicntiam</strong></span> <span class='ocrx_word' id='word_1_828' title='bbox 2803 5976 3151 6032; x_wconf 70' lang='lat' dir='ltr'><strong>respiramus,</strong></span> <span class='ocrx_word' id='word_1_829' title='bbox 3199 5963 3411 6017; x_wconf 83' lang='lat' dir='ltr'><strong>vultum</strong></span> <span class='ocrx_word' id='word_1_830' title='bbox 3463 5961 3561 6016; x_wconf 78' lang='lat' dir='ltr'><strong>ob-</strong></span> 
     </span>
    </p>
   </div>
  </div>
