3972 6634
293 466 418 529 12":0

287 574 410 628 αὐτὸ
468 568 738 643 προσῆκόν
804 570 919 621 ἐστι
941 610 954 634 ,

286 666 462 736 φημὶ,
513 663 730 733 λόγοις,
792 663 896 714 κάν
960 662 1073 722 τοῖς
1124 657 1575 726 συγγράμμασιν,
1626 652 1687 706 οὐ
1748 650 1854 723 μὴν

291 756 642 832 προστεθῆναι
682 753 853 807 κατά’
881 753 980 824 τὴν
1033 749 1288 805 ὑπόνοιαν
1339 748 1439 819 τήν
1472 763 1633 801 τινων
1683 747 1741 800 ὲν
1777 742 1853 814 τῷ

289 849 536 910 πολλάκις
568 844 784 915 ῥηθέντι
839 861 928 914 μοι
980 841 1243 913 Συμϐὁλῳ
1275 839 1375 908 τῆς
1422 840 1679 901 πίστεως,
1735 834 1856 888 ἐπεὶ

290 941 512 999 καὶτῶν
564 937 733 1004 ἁγίων
778 938 826 989 οἱ
856 935 1098 997 πλείονες
1146 933 1255 987 τῶν
1309 930 1750 1000 θεολογησάντων
1796 927 1857 981 τὸ

293 1032 480 1089 σεπτὸν
500 1030 676 1099 δόγμα
698 1027 870 1089 τουτὶ,
902 1029 961 1081 τὸ
988 1024 1285 1094 Σύμϐολον,
1317 1022 1492 1087 οὕτως
1514 1022 1589 1087 ὡς
1613 1019 1732 1073 κατ’
1757 1021 1857 1089 ἁρ-

206 1122 209 1123 ⁷
289 1126 386 1198 le;
426 1121 704 1191 συνετέθη,
754 1120 847 1172 καὶ
884 1118 979 1172 νῦν
1035 1116 1189 1181 αὖθις
1238 1119 1407 1181 ἐστιν,
1459 1115 1850 1183 ἀνεγίνωσκον,

292 1216 423 1285 μήτε
454 1230 503 1266 τι
530 1209 856 1282 προσθεντες
892 1209 1148 1264 ἐπέκεινα
1179 1208 1464 1279 μηδαμῶς,
1493 1207 1629 1277 μηδὲ
1658 1206 1719 1259 τὸ
1751 1223 1856 1258 πα-

290 1305 465 1375 ράπαν
496 1303 661 1372 μηδὲν
704 1300 1050 1371 ὑφελόμενοι.
1084 1298 1257 1351 Τοῦτο
1304 1298 1400 1350 καλ⁵
1441 1297 1600 1367 ἡμεῖς
1636 1296 1854 1364 ἀπαρα-

289 1397 503 1466 ποίητον
531 1394 831 1463 τηροῦμεν,
858 1390 952 1444 καὶ
974 1389 1287 1461 τηρήσομεν
1335 1388 1456 1441 κατ’
1499 1386 1742 1449 ἐκείνους
1769 1384 1856 1437 διὰ

290 1488 505 1551 παντός.
551 1486 611 1540 ’0
642 1485 886 1557 θεόρρων
933 1484 1119 1538 οὑτοσὶ
1151 1484 1249 1536 καὶ
1289 1481 1547 1552 θεόσοφος
1572 1479 1730 1551 ἡμῶν
1757 1478 1858 1532 αὐ-

289 1578 565 1649 τοκράτωρ
612 1577 885 1647 ἐγγυητὴς
920 1576 1238 1647 ἀξιόχρεως.
1277 1574 1464 1641 Ὥστε,
1509 1574 1602 1627 καὶ
1632 1573 1684 1626 εί
1712 1586 1858 1633 τινες

287 1671 403 1726 τῶν
423 1669 641 1723 πάντων
673 1668 794 1720 ἐστὲ
840 1668 1080 1721 τοιοετόν
1118 1684 1170 1720 τι
1211 1664 1394 1728 κακῶς
1437 1661 1858 1727 ὑποπτεύοντες,

286 1763 484 1817 τούτων
538 1759 948 1832 ἀκροασάμενοι
997 1758 1056 1812 τὸ
1099 1757 1274 1829 παρὸν
1307 1754 1652 1827 μεταμάθετε
1677 1752 1859 1815 καλῶς

287 1855 382 1925 τὴν
407 1851 686 1923 ἀλήθειαν.
728 1850 1009 1905 Ἐντεῦθεν
1038 1849 1132 1903 καὶ
1183 1848 1282 1919 τὴν
1312 1848 1597 1901 διάστασιν
1618 1843 1857 1897 .ἀποϐαο

287 1945 481 2012 λόντες,
538 1946 634 1998 καὶ
690 1943 1019 2014 ἀποθέμενοι
1080 1940 1140 1994 τὸ
1200 1940 1491 2009 διχονοεῖν..
1537 1934 1860 1990 ἀσπάσασθε

288 2036 503 2100 τελείως
532 2036 634 2105 τὴν
666 2034 786 2105 μεθ’
817 2033 972 2104 ἡμῶν
1005 2032 1232 2102 εἰρήνην
1255 2030 1351 2083 καὶ
1377 2029 1477 2099 τὴν
1509 2026 1860 2098 καταλλαγὴν

288 2128 722 2199 ἐνστερνίσασθε.
757 2127 966 2189 Πάντες
999 2125 1184 2187 ἁπλῶς
1211 2124 1261 2177 οἱ
1307 2121 1586 2184 τελοῦντες
1624 2121 1716 2174 τοῦ
1747 2119 1864 2191 σχί-

292 2236 490 2288 σματος
516 2219 611 2271 καὶ
647 2218 746 2287 τῆς
774 2214 1016 2286 ταραχῆς
1044 2214 1206 2285 μέχρι
1248 2212 1347 2265 τοῦ
1374 2210 1468 2265 νῦν
1498 2211 1738 2281 γαλήνης
1766 2211 1864 2272 τὰς

291 2311 461 2382 ψυχὰς
490 2308 872 2380 πληρωθέντες
909 2308 1052 2378 ἡμῖν
1075 2308 1136 2359 τὸ
1185 2305 1295 2360 ἀπὸ
1331 2304 1487 2359 τοῦδε
1535 2302 1861 2373 συνάςρθητε.

293 2403 376 2476 Mi;
399 2403 497 2473 τὴν
529 2403 609 2465 είς
659 2403 906 2473 κρεῖττον
945 2399 1125 2463 ποσῶς
1163 2397 1488 2469 αἰσχυνθῆτε
1544 2395 1864 2467 μεταϐολὴν,

298 2494 428 2567 μηδὲ
457 2495 559 2565 τὴν
605 2494 686 2557 είς
719 2494 781 2547 τὸ
824 2493 1034 2564 βέλτιον
1083 2490 1385 2560 ὲντραπῆτε
1437 2489 1750 2561 μετάθεσιν.
1793 2490 1866 2541 Τὸ

294 2587 350 2643 ἓν
378 2588 646 2660 γενήθητε
679 2586 774 2642 καὶ
803 2587 937 2658 πρὸς
966 2584 1227 2655 ἀλλήλους
1254 2585 1349 2638 καὶ
1379 2583 1515 2652 πρὸς
1545 2584 1715 2653 ἡμᾶς,
1746 2582 1867 2637 ἐπεὶ

293 2679 555 2752 διαφοράν
592 2694 721 2733 τινα
764 2680 857 2733 καὶ
888 2678 1019 2750 παρ’
1053 2678 1183 2748 ὑμῖν
1226 2678 1497 2748 ἔγνωμεν.
1546 2677 1717 2731 Τοῦτο
1750 2677 1864 2743 νῦν,

293 2772 388 2841 τὴν
433 2772 683 2842 εἰρήνηνη
711 2769 875 2839 φημὶ,
927 2769 1384 2839 καρποφορήσατε
1433 2766 1512 2839 τῷ
1565 2768 1868 2841 είρηνάρχῃ

294 2863 532 2935 Χριστῷ,
564 2862 640 2932 τῷ
667 2861 737 2915 δι’
774 2861 1086 2931 ἀγαθότητα
1116 2860 1280 2915 πάλαι
1317 2860 1613 2931 συνάψαντι
1661 2862 1728 2916 τὰ
1757 2864 1867 2917 διε-

296 2956 489 3010 στῶταρ
523 2955 661 3027 πρὸς
699 2954 916 3009 ἕνωσιν.
952 2954 1065 3024 Οὐχ
1115 2952 1289 3018 οὕτως
1344 2953 1508 3007 αὑτὸν
1564 2954 1869 3027 θεραπεῦόν

294 3049 406 3101 ἐστι
451 3045 564 3099 τῶν
602 3045 822 3099 πάντων
868 3043 1045 3110 οὐδὲν,
1074 3046 1148 3107 ὡς
1180 3044 1237 3095 τὸ
1281 3045 1399 3113 μετ’
1438 3044 1685 3115 ἀλλήλων
1723 3047 1869 3118 ἡμᾶς

292 3138 592 3211 εὶρηνεύειν
644 3138 927 3193 ἑκάστοτε.
974 3135 1194 3210 Ταύτην
1229 3138 1324 3191 καὶ
1365 3139 1693 3210 σωματικῶς
1744 3156 1870 3193 συνο

1122 459 1217 518 DE
1257 451 1772 518 PKUCESSIONE
1809 452 1871 510 S.
1914 445 2273 508 SPIRITUS
2306 444 2525 505 ORA‘l‘.
2572 444 2594 502 l
2609 444 2655 503 Ι.

1022 564 1123 619 κάν
1187 567 1299 629 τοῖς
1363 561 1497 633 πρὸς
1552 558 1853 629 ἀλλήλους,

1970 554 2018 609 in
2064 554 2268 609 mutuis
2314 552 2625 623 colloquiis.
2672 561 2786 605 tum
2840 553 2892 603 iu
2943 550 3381 613 commentariis,
3422 567 3532 604 non

3394 442 3529 501 ἁιο

1961 655 2146 702 tamen
2199 646 2256 699 in
2304 645 2505 714 saepius
2549 659 2579 698 a
2628 658 2715 697 me
2751 648 3186 698 commemorato
3220 641 3342 695 [ilei
3375 640 3534 713 Sym-

1959 737 2085 793 bolo
2115 738 2521 807 apponcndum,
2548 751 2671 791 cum
2704 749 2830 805 pars
2854 743 3170 789 sanctorum
3205 734 3406 804 potior,
3438 734 3533 803 qui

1959 829 2332 884 venerandum
2373 828 2477 882 hoc
2498 827 2694 897 dogma
2725 823 3532 901 pronuntiarunt,Symbolum

1962 934 2022 980 ut
2056 926 2126 980 ab
2155 923 2315 980 initio
2340 923 2730 981 concinnatum
2764 930 2875 985 est,
2919 930 2979 977 et
3009 936 3171 976 .nunc
3204 937 3399 976 rursus
3431 931 3537 987 est,

1960 1019 2297 1084 recitarunt;
2343 1017 2481 1072 nihil
2528 1016 2604 1071 illi
2643 1016 2795 1071 ultra
2838 1016 3123 1081 addentes,
3176 1031 3353 1086 neque
3408 1016 3527 1071 tice

1962 1124 2121 1164 versa
2166 1109 2465 1179 quidquam
2514 1109 2820 1164 dementes.
2864 1106 2984 1163 Hoc
3037 1110 3203 1163 etiam
3250 1124 3353 1164 nos
3393 1111 3538 1164 nulla

1965 1202 2163 1256 vocula
2199 1202 2542 1256 immutatum
2582 1216 2997 1267 conservamus,
3035 1208 3111 1266 et,
3149 1210 3209 1255 ut
3239 1200 3314 1256 illi
3346 1202 3535 1258 edide-

1960 1302 2109 1360 runt,
2134 1302 2396 1365 perpetuo
2430 1294 2903 1350 conservabimus.
2940 1294 3128 1349 Divina
3181 1303 3360 1349 mente
3399 1311 3537 1364 pra--

1963 1386 2129 1441 ditus.
2155 1394 2208 1440 et
2241 1402 2273 1440 a
2306 1385 2413 1442 Deo
2436 1386 2664 1441 edoctus
2698 1386 2790 1443 hic
2816 1393 3003 1442 noster
3038 1386 3340 1457 imperator
3369 1402 3541 1456 spon-

1961 1492 2056 1533 sor
2097 1477 2342 1546 locuples
2384 1477 2572 1533 fuerit.
2607 1478 2791 1545 Quare
2834 1481 2936 1535 etsi
2979 1480 3229 1535 nonnulli
3281 1495 3347 1536 ex
3379 1482 3549 1534 vobis

1962 1570 2173 1640 aliquid
2200 1571 2305 1627 tale
2347 1587 2457 1626 non
2504 1572 2743 1640 ingenue
2776 1573 3161 1643 suspicamini,
3206 1574 3300 1630 bis
3327 1574 3537 1629 auditis
3620 1560 3629 1567 ’

1961 1674 2110 1720 recte
2145 1680 2293 1721 nunc
2330 1665 2938 1722 veritatemaddiseite.
2980 1664 3116 1722 llinc
3158 1666 3326 1722 etiam
3375 1666 3539 1722 dissi-

1963 1756 2054 1812 dio
2117 1770 2180 1809 ac
2230 1755 2571 1812 dissensione
2620 1757 2911 1814 exstinctis
2968 1766 3022 1813 et
3085 1757 3553 1814 contentionibus

1966 1844 2221 1916 sepositis
2251 1844 2546 1915 perfectam
2585 1846 2870 1902 nobiscum
2903 1863 3091 1918 pacem
3126 1851 3457 1920 componite,
3485 1862 3540 1905 et

1966 1937 2315 1991 concordiam
2352 1936 2530 1992 amico
2564 1947 2780 2005 pectore
2821 1941 3106 2010 suscipite.
3139 1940 3346 1998 Omnes
3369 1958 3538 2014 gene-

1966 2028 2155 2084 raliter
2198 2028 2484 2085 schismati
2527 2030 2812 2101 turbisque
2850 2034 2916 2086 ad
2945 2032 3048 2087 hoc
3084 2041 3308 2103 tempus
3334 2035 3539 2091 addicti

1969 2123 2636 2193 animumtranquillitate
2673 2124 2941 2193 oppletiin
2977 2125 3221 2182 futurum
3279 2128 3534 2185 unimini.

1966 2211 2044 2267 Ne
2093 2214 2148 2266 in
2207 2212 2402 2267 melius
2437 2213 2772 2270 immutatio
2821 2230 2915 2271 vos
2976 2217 3213 2286 pudeat,
3263 2234 3438 2289 neque
3483 2222 3541 2275 in

1968 2304 2145 2374 magis
2193 2304 2718 2376 integratransitus
2766 2318 3112 2377 perterrent;
3151 2311 3295 2366 inter
3329 2329 3423 2368 vos
3488 2323 3545 2369 et

1968 2394 2110 2449 inter
2158 2411 2261 2450 nos
2309 2412 2477 2450 unum
2529 2397 2643 2452 licri
2700 2413 2809 2454 non
2863 2400 3258 2470 dedignemini,
3308 2419 3434 2458 cum
3486 2415 3542 2459 et

1969 2484 2110 2540 inter
2150 2502 2247 2541 vos
2279 2486 2507 2542 dissidia
2541 2502 2643 2544 nos
2686 2504 2795 2545 non
2835 2488 3071 2562 fugiant.
3107 2493 3267 2550 nunc
3312 2494 3366 2548 in
3405 2512 3543 2564 prac-

1969 2579 2116 2633 senti
2175 2577 2458 2646 fructum,
2532 2597 2725 2651 pacem
2795 2583 3046 2651 scilicet,
3107 2586 3541 2656 pacis..-principi

1968 2669 2191 2727 Christo
2230 2671 2357 2728 date
2380 2715 2395 2740 ,
2427 2673 2519 2745 qui
2552 2690 2651 2729 sua
2681 2675 3236 2747 bonitatejannolim
3267 2677 3542 2747 disjuncta

1970 2763 2025 2818 in
2080 2765 2588 2836 unttmcmtjunxit
2645 2766 2908 2837 perfecte.
2965 2767 3114 2823 Nihil
3169 2771 3344 2839 magis
3406 2772 3547 2827 inter

1970 2857 2158 2914 omnia
2209 2858 2288 2913 illi
2340 2858 2725 2930 complacitum
2784 2867 2908 2925 cst,
2966 2876 3130 2930 quam
3195 2873 3387 2918 mutuo
3446 2881 3546 2918 nes

1979 2953 2289 3008 concordiae
2317 2952 2538 3008 vinculo
2567 2961 2831 3024 perpetuo
2871 2955 3118 3025 colligari
3152 2973 3167 3022 ;
3206 2955 3375 3020 illam,
3411 2955 3543 3011 dum

1971 3058 2202 3114 corpore
2241 3044 2296 3099 in
2340 3045 2502 3101 terris
2547 3048 2709 3101 vitam
2758 3055 2966 3118 ageret,
3002 3047 3169 3102 veluti
3208 3063 3408 3103 munus
3444 3048 3563 3105 ali-

1972 3138 2116 3206 quod
2151 3138 2412 3208 apostolis
2454 3148 2509 3195 et
2543 3138 2829 3209 discipulis
2871 3156 3091 3212 semper
3137 3143 3447 3207 exhibebat,
3488 3156 3555 3198 et

290 3235 487 3303 διάγων
511 3235 608 3287 ἐπὶ
633 3233 732 3303 γῆς
758 3233 830 3297 ὡς
852 3233 1020 3305 δῶρόν
1043 3249 1097 3286 τι
1123 3235 1381 3304 παρεῖχεν
1398 3234 1484 3287 ἀεὶ
1511 3236 1622 3298 τοῖς
1639 3234 1871 3288 ἀποστό-

1974 3231 2303 3285 οιιοιτοιιῐε
2333 3244 2524 3286 rursus
2553 3230 2800 3297 avolans,
2834 3232 3026 3287 iisdem
3063 3236 3138 3288 uti
3173 3233 3539 3290 lneredizatcnt

294 3327 401 3389 λοις
434 3326 530 3379 καὶ⁹
556 3325 827 3395 μαθηταῖς
851 3342 866 3357 ο
896 3325 989 3379 καὶ
1013 3329 1122 3380 τῶν
1146 3326 1295 3382 κάτω
1315 3326 1602 3399 διατριϐῶν
1626 3328 1866 3397 ἀφιπτάε

298 3434 478 3489 μενος,
512 3416 672 3469 πάλιν
704 3415 781 3480 ὼς
814 3416 879 3470 ἀν
922 3434 1044 3471 τινα
1093 3418 1293 3489 κλῆρον
1349 3419 1536 3482 αὐτοῖς
1569 3418 1740 3473 ἐδίδου
1774 3420 1867 3473 καὶ

295 3511 719 3581 κατελίμπανεν.
772 3504 995 3583 Ἷισπερ
1024 3515 1198 3583 ,ἡμεῖς
1241 3515 1330 3568 διὰ
1380 3514 1594 3579 τέλους,
1623 3512 1866 3583 ἀδελφοὶ,

295 3603 654 3670 καθικετεύω,
687 3603 762 3675 μὴ
813 3604 1149 3673 ἀποσταίητε
1175 3620 1190 3636 ’
1242 3604 1447 3671 μᾶλλον
1489 3605 1869 3677 προσδράμετε

293 3697 433 3750 κατᾶ
456 3697 625 3766 τάχος
652 3696 812 3765 αὐτῇ,
845 3695 937 3749 καὶ
959 3696 1067 3749 τῶν
1097 3697 1161 3749 ἐκ
1185 3695 1390 3766 ταύτης
1416 3696 1600 3751 καλῶν
1628 3697 1871 3752 ἀπολαύ-

296 3805 437 3846 σετε.
464 3789 642 3841 Πόσον
679 3786 859 3841 οἴεσθε
902 3787 1106 3856 πλῆθος
1145 3786 1355 3857 ἀνδρῶν
1388 3788 1507 3859 ἅμα
1545 3789 1641 3842 καὶ
1687 3806 1890 3858 γυναι--

294 3881 398 3935 κῶν
431 3879 511 3950 τῷ
542 3879 798 3950 σχίσματι
839 3876 1016 3948 τούτῳ
1061 3877 1158 3948 τὴν
1192 3878 1370 3950 ψυχὴν
1399 3880 1685 3947 ἀπολέσαι,
1713 3879 1779 3933 δι’
1804 3880 1873 3951 ἣν

296 3970 554 4025 σπεύδετε
588 3971 745 4042 δῆθεν
780 3971 874 4024 καί
902 3970 1040 4042 ὑπὲρ
1076 3964 1166 4042 ἧς,
1201 3970 1305 4025 κᾶν
1353 3971 1429 4043 μὴ
1461 3971 1711 4039 δεόντως,
1745 3974 1872 4044 μηδ’

294 4066 351 4118 ἐν
384 4059 465 4127 οἷς
497 4064 685 4131 ἆξιονς
734 4063 900 4116 πόσον
949 4063 1221 4135 μοναχῶν,
1253 4064 1419 4119 πόσον
1465 4064 1814 4135 μοναζουσῶν
1844 4067 1872 4119 ὁ

291 4157 590 4228 δολιόφρων
615 4156 808 4226 ἐχθρὸς
835 4156 1120 4227 ἐσύλησεν,
1143 4155 1235 4219 οὓς
1265 4158 1471 4221 πάντας
1498 4159 1593 4229 τῆς
1616 4158 1708 4212 τοῦ
1738 4156 1874 4229 Χρι-

295 4249 422 4303 στοῦ
460 4247 749 4310 κοινωνίας
789 4247 1107 4317 ἀποτεμὼν,
1134 4249 1336 4302 οἰκεῖον
1363 4248 1707 4319 κατάϐρωμα
1738 4266 1875 4303 παν-

292 4338 463 4402 τελῶς
517 4337 878 4405 ἀπετέλεσεν;
909 4336 1091 4391 ἔστιδ’
1121 4335 1214 4400 οὒς
1255 4338 1605 4408 ἀποχωρίσας
1635 4339 1729 4392 καὶ
1773 4339 1873 4407 τῆς

299 4431 487 4500 κοινῆς
547 4431 747 4498 ἀγέλης
786 4427 944 4498 ἡμῶν
973 4429 1053 4492 είς
1103 4428 1253 4498 πάοη
1295 4428 1477 4492 κακῶς
1518 4428 1731 4501 ὕϐρεως
1778 4430 1874 4484 καὶ

294 4527 520 4597 ἀτιμίας
547 4524 800 4591 ἐνέϐαλες
835 4524 1054 4594 Ταύτην
1099 4525 1323 4595 στήσετε
1354 4523 1533 4587 καλῶς
1566 4526 1664 4596 τὴν
1695 4524 1873 4596 λύμην

1975 3322 2266 3389 quamdam
2315 3322 2681 3390 elargiebatur
2711 3332 2766 3378 et
2806 3324 3150 3394 relinquebat
3180 3343 3193 3380 :
3226 3342 3255 3380 a
3289 3344 3394 3397 qua
3427 3344 3491 3381 τυ
3513 3348 3560 3393 ’,.

1972 3410 2410 3482 fratres..exoro,
2445 3414 2498 3470 in
2526 3413 2684 3470 ﬁnem
2716 3430 2889 3485 usque
2920 3432 2985 3470 ne
3008 3419 3419 3489 disjttng'tttut‘,
3440 3420 3548 3473 imo

1971 3504 2129 3559 ocius
2171 3506 2239 3559 ad
2280 3506 2452 3577 ipsam
2495 3508 2789 3573 accurrite,
2813 3518 2866 3564 et
2905 3511 3287 3579 promanantia
3317 3528 3380 3568 ex
3432 3514 3548 3584 ipsa

1972 3595 2116 3651 bona
2175 3597 2589 3667 participahitis.
2660 3600 2931 3667 Quantam
2984 3602 3262 3658 hominum
3313 3620 3379 3661 ac
3426 3621 3549 3659 mu-

1972 3689 2167 3745 lierum
2199 3690 2628 3760 multitudinem,
2663 3696 2965 3764 opinamini
3012 3697 3084 3751 oh
3119 3697 3222 3752 hoc
3250 3697 3540 3754 dissidium

1972 3781 2282 3837 animarum
2327 3781 2598 3853 iacturam
2646 3785 2878 3850 fecisse,
2921 3803 3021 3858 pro
3061 3804 3295 3859 quorum
3345 3792 3550 3854 salum,

1975 3872 2078 3927 etsi
2110 3888 2219 3928 non
2266 3874 2342 3927 uti
2374 3888 2472 3944 par
2505 3883 2608 3939 est,
2648 3891 2822 3947 neque
2848 3876 3082 3947 justum,
3137 3890 3348 3936 tantum
3382 3885 3539 3939 insu-

1973 3963 2115 4019 datis
2145 3976 2201 4019 et
2229 3964 2575 4036 aﬂligimini?
2609 3978 2873 4037 quantam
2921 3972 3547 4047 monacliorum,,quun-

1975 4066 2084 4112 tam
2136 4057 2458 4113 monialium
2509 4058 2740 4116 dolosus
2788 4062 2967 4121 bustis
3004 4067 3184 4132 rapuit
3232 4079 3287 4123 et
3327 4068 3559 4126 furatus-

1973 4158 2077 4215 est,
2114 4166 2254 4220 quos
2296 4166 2498 4208 omnes
2546 4168 2575 4206 a
2634 4156 3023 4212 communione
3071 4158 3279 4214 Christi
3331 4162 3550 4217 ahSein-

1974 4243 2128 4309 dens,
2155 4244 2233 4297 uti
2268 4246 2547 4316 propriam
2576 4261 2759 4302 escam
2796 4250 3101 4314 exsorbuit,
3125 4262 3179 4306 et
3212 4253 3349 4309 alios
3380 4255 3543 4310 etiam

1975 4351 2006 4389 a
2039 4336 2324 4389 communi
2374 4346 2569 4392 nostro
2608 4352 2772 4408 grege
2802 4349 3092 4410 separatos
3117 4343 3173 4396 in
3225 4343 3459 4415 injurias
3497 4359 3555 4402 et

1980 4430 2251 4484 dedecora
2313 4430 2599 4498 conjecit?
2651 4430 2805 4487 lianc
2854 4447 3058 4489 noxam
3106 4434 3319 4490 irritam
3378 4440 3551 4508 probe

1978 4520 2355 4586 contiuebitis,
2413 4521 2459 4578 si
2507 4524 2884 4579 tantummodo
2932 4527 2999 4580 ad
3045 4541 3145 4582 nos
3181 4529 3549 4585 reversionem

295 4620 472 4688 ὑμεῖς,
515 4617 609 4670 ἐὰν
662 4616 827 4686 μόνον
873 4616 1010 4687 πρὸς
1040 4617 1185 4686 ἡμᾶς
1223 4615 1574 4686 ὲπανέλθητε,
1621 4619 1715 4670 καί¹
1763 4618 1871 4671 τῶν

1984 4612 2242 4679 feceritis,
2269 4626 2323 4670 et
2361 4629 2426 4669 ex
2462 4615 2632 4686 lapsis
2657 4617 2951 4673 nonnullos
2980 4633 3172 4674 rursus
3204 4625 3549 4677 revocaveri-
3611 4638 3618 4649 '

294 4710 664 4765 πεπτωκότων
694 4707 1180 4779 ὲπανακαλέσησθε
1220 4707 1382 4761 πάλιν
1424 4710 1598 4773 τινάς,
1642 4710 1875 4773 ὁπόσους

269 4796 380 4874 “pi;
400 4802 460 4855 τὸ
495 4803 677 4856 κοινὸν
700 4801 861 4872 χρέος
890 4799 1091 4871 δηλαδὴ
1118 4801 1540 4870 προαφήρπασε.
1569 4801 1662 4871 Μὴ
1690 4800 1874 4853 τοίνυν

295 4898 562 4968 παρίδητε
593 4896 734 4967 μήτε
766 4895 891 4956 τοὺς
921 4894 1121 4947 οὑτωσὶ
1148 4895 1434 4963 κειμένους
1467 4892 1576 4945 τῶν
1604 4893 1872 4962 ἀδελφῶν,

297 4992 458 5060 μήτε,
489 4987 550 5041 τὸ
570 4988 847 5057 μέγιστον,
881 4985 1107 5047 ἑαυτοὺς
1126 4983 1533 5055 ἀπολλυμένους
1565 4985 1656 5036 καὶ
1691 4984 1875 5037 κινδυ-

295 5084 570 5145 νεύοντας.
622 5078 806 5134 Γνῶτέ
856 5094 987 5131 ποτε
1035 5076 1130 5129 καὶ
1173 5077 1324 5146 μόλις
1369 5075 1431 5129 τὸ
1460 5076 1553 5128 τοῦ
1603 5076 1874 5146 δόγματος

296 5172 562 5243 ἀσφαλές.
594 5172 792 5240 Ἅφετε
838 5168 936 5239 τὴν
966 5167 1206 5239 ματαίαν
1250 5167 1368 5238 ἔριν
1416 5168 1510 5221 καὶ
1539 5168 1601 5221 τὸ
1636 5167 1873 5236 φιλόνει-

295 5279 411 5324 κον,
444 5257 912 5332 μεταμεληθέντες
959 5255 1044 5326 ὲιρ’
1075 5252 1155 5319 οἷς
1198 5257 1442 5327 ἀκαίρως
1487 5259 1743 5326 ἐνέστητε
1778 5258 1874 5311 καὶ

297 5353 417 5406 λίαν
448 5348 784 5418 ἐπισφαλῶς.
835 5345 1185 5416 Προσέλθετε’
1220 5347 1297 5416 τῇ
1331 5345 1581 5415 ἀληθεία,
1617 5345 1712 5398 καὶ
1741 5344 1874 5414 ἡμῖν

300 5444 441 5498 κατά
471 5442 674 5512 ταύτην
707 5441 1064 5511 ὁμονοήσατε.
1117 5436 1342 5501 Τούτοις
1374 5440 1421 5491 εἰ
1466 5437 1566 5506 μὲν
1607 5437 1873 5505 πείθομεν

295 5542 406 5601 τοῖς
437 5537 642 5606 λόγοις,
671 5537 970 5601 ἀγαπητοὶ,
991 5529 1143 5584 δεῦτε
1173 5531 1267 5584 καὶ
1291 5530 1394 5593 τάς
1415 5529 1594 5594 δεξιὰς
1619 5528 1873 5600 ἀλλήλοις

297 5630 649 5702 ἐμϐάλωμεν.
696 5625 833 5679 Ἰδοὺ
859 5624 1075 5695 πρῶτος
1119 5621 1231 5691 ἐγὼ
1260 5623 1454 5691 δίδωμι
1490 5621 1694 5691 ταύτην
1742 5621 1871 5691 ὑμῖν

297 5727 377 5787 εἰς
407 5721 770 5792 ἀδιάρῤηκτον
803 5714 1173 5785 πνευματικόν
1216 5713 1513 5781 σύνδεσμον
1536 5730 1550 5745 ·
1586 5715 1677 5765 καὶ.
1712 5713 1871 5782 ὑμεῖς

296 5812 559 5875 ὡσαύτως
589 5812 720 5882 ἡμῖν
750 5809 849 5872 τὰς
906 5806 1176 5877 σφετέρας
1222 5804 1510 5876 χαρίσασε,
1552 5805 1648 5857 καὶ
1704 5805 1869 5875 στῆτε

303 5908 421 5979 μεθ’
450 5907 608 5977 ἡμῶν
643 5906 693 5959 οἱ
746 5904 944 5965 πάντες
995 5899 1135 5955 κατά
1183 5899 1401 5953 ταυτόν.
1455 5898 1867 5969 Μεγαλύνωμεν

1981 4708 2068 4774 lis,
2104 4722 2244 4779 quos
2281 4722 2577 4765 commune
2606 4709 2773 4765 fatum
2803 4726 2916 4766 non
2945 4714 3190 4769 sustulit.
3220 4713 3300 4769 Ne
3351 4714 3550 4775 fratres

1977 4798 2058 4853 sic
2086 4797 2354 4869 iacentes,
2390 4806 2445 4854 et
2476 4798 2622 4869 quod
2657 4800 3010 4870 potissimum
3052 4814 3161 4869 est,
3206 4821 3275 4860 ne
3306 4815 3550 4861 vosmet-

1980 4891 2135 4959 ipsos"
2166 4889 2220 4943 in
2250 4890 2613 4960 perditionem
2658 4903 2883 4947 ruentes
2933 4894 3415 4966 periclitantesque
3456 4916 3551 4954 ne-

1977 4984 2213 5052 gligatis.
2258 4981 2588 5053 COgnoscite
2652 4985 2869 5038 tandem
2925 4984 3221 5056 aliquando
3282 4990 3551 5059 degtuatis

1982 5075 2360 5140 securitatem,
2403 5075 2597 5130 inanes
2632 5075 3005 5136 dissensiones
3051 5083 3549 5154 contentionesque

1978 5166 2174 5221 missas
2208 5163 2399 5230 tacite,
2424 5157 2489 5219 ὀι
2538 5164 2606 5219 de
2641 5164 2750 5247 illis
2790 5181 2910 5235 ηοω
2939 5166 3306 5238 inopportune
3347 5179 3399 5223 et
3440 5187 3547 5224 non

1976 5257 2184 5326 absque
2243 5272 2428 5314 errore
2487 5262 2867 5329 oppugnastis,
2935 5261 3311 5331 paenitentiam
3378 5262 3554 5331 agite.

1976 5346 2291 5417 Remigrate
2323 5348 2390 5403 ad
2426 5349 2735 5415 veritatem,
2772 5362 2828 5406 et
2857 5367 2964 5406 una
3010 5354 3294 5407 nobiscum
3324 5355 3390 5408 ad
3427 5370 3547 5409 eam

1978 5441 2319 5495 retinendam
2351 5444 2690 5512 conspirate.
2729 5442 2827 5498 llis
2861 5446 3205 5499 sermonibus
3238 5445 3282 5500 si
3321 5461 3547 5514 persua-

1974 5533 2190 5598 demus,
2222 5549 2254 5589 ο
2286 5535 2471 5599 amici,
2521 5536 2606 5589 eia
2642 5536 2788 5607 agite
2813 5536 2925 5604 jam
2965 5534 3218 5590 dexteras
3265 5536 3549 5592 alterutris

1975 5628 2340 5698 porrigamus.
2376 5627 2453 5680 En
2481 5643 2582 5698 ego
2615 5629 2734 5696 ipse
2779 5627 2994 5698 primus
3027 5630 3269 5681 muniunt
3305 5629 3460 5686 vobis
3490 5633 3547 5689 in

1976 5718 2374 5775 indissolubilis
2430 5719 2696 5788 spiritalis
2724 5719 2939 5773 vinculi
2983 5719 3199 5788 signum
3232 5735 3351 5775 eam
3398 5724 3551 5778 exhi-

1976 5810 2075 5864 heo
2107 5827 2124 5866 :
2160 5819 2336 5865 rt-vos
2370 5810 2622 5864 similiter
2649 5821 2862 5865 vestras
2894 5810 3196 5878 concedite,
3242 5821 3296 5867 et
3327 5828 3357 5867 a
3388 5813 3547 5869 nobis

1974 5918 2169 5959 omnes
2198 5912 2355 5969 state,
2387 5915 2438 5957 et
2466 5904 2759 5961 unanimes
2788 5902 3079 5961 Dominum
3111 5904 3541 5976 ntagnilicetnus.
