4020 6648
425 473 561 541 1211

1467 485 1977 548 CONSTANTINI
2021 484 2358 547 MELITEN
2370 485 2566 547 IOTE

3563 481 3709 546 127.!

421 595 627 660 Quodsi
662 594 714 650 id
742 596 1008 663 abnuitis,
1046 613 1194 654 nunc
1225 614 1422 656 omnes
1451 600 1546 657 Dei
1578 600 1801 672 angelos
1826 599 1996 657 vestri

2120 602 2423 674 ipoppde;
2460 601 2553 656 τὸν
2587 602 2812 674 Κύριον.
2845 600 2908 654 Ei
2940 601 2995 654 δὲ
3036 601 3132 671 μὴ,
3164 600 3564 670 μαρτυρόμεθα
3600 602 3708 653 νῦν

424 705 612 744 rurant
663 699 918 760 gerentes
963 691 1017 745 iu
1067 692 1444 748 testimonium
1495 697 1724 760 advoco,
1768 703 1825 750 et
1876 704 2003 748 ante

421 795 516 832 eos
576 779 753 862 ipsum
821 780 1111 837 Dominum
1178 793 1473 851 nostrum,
1537 789 1628 854 qui
1695 785 1748 839 in
1804 784 2004 840 Triade

422 885 448 923 r
486 871 676 942 ligiose
705 873 943 942 colitur,
989 889 1089 929 nos
1117 883 1383 944 quantum
1419 877 1473 932 in
1507 877 1663 933 nobis
1693 888 1798 942 est,
1847 877 2006 931 inno-

422 973 611 1019 centes
651 980 798 1027 esse,
835 969 982 1036 quod
1037 967 1280 1022 debitum
1312 969 1670 1024 cxsolvimus.
1720 970 1846 1025 llaec
1881 977 2006 1040 post

425 1059 594 1111 Deum
649 1057 758 1113 illis
806 1059 1096 1124 edicimus,
1140 1061 1348 1130 quibus
1391 1062 1572 1118 adhuc
1614 1063 1738 1116 vita:
1792 1063 2002 1132 aliquid

423 1158 722 1218 superest:
774 1151 930 1206 vobis
965 1191 982 1216 ,
1039 1153 1309 1222 inquam,
1359 1153 1453 1224 qui
1515 1153 1804 1210 aﬂeetibus
1859 1155 2004 1210 haud

425 1243 652 1298 obnoxii
704 1244 760 1298 in
831 1245 1093 1300 simiiium
1157 1247 1663 1316 conquirendorum
1730 1248 2003 1303 sententia

427 1336 699 1392 tzrmiores
738 1339 872 1392 estis
901 1381 914 1403 ,
974 1340 1416 1410 quandoquidem
1463 1340 1664 1410 quibus
1709 1341 2004 1396 charitatis

424 1432 628 1484 batiutn
677 1431 906 1484 omnino
964 1432 1256 1501 refriguit,
1315 1440 1368 1485 et
1433 1432 1522 1498 qui
1584 1431 1656 1486 ob
1706 1445 1835 1500 erga
1903 1446 2004 1485 nos

427 1523 831 1592 improbitatem
869 1524 1067 1578 mortui
1120 1533 1270 1586 sunt,
1301 1523 1368 1577 ad
1410 1523 1511 1575 hos
1548 1537 1799 1593 quamam
1839 1521 2003 1576 verba

429 1615 749 1685 usurpanda
803 1617 1070 1679 venerint,
1111 1631 1234 1686 quae
1283 1615 1536 1681 consilia,
1600 1630 1723 1687 qua:
1771 1617 2001 1681 monita,

427 1722 663 1775 quorum
723 1707 1058 1762 resurrectio
1097 1717 1152 1761 et
1183 1707 1453 1762 correctio
1494 1707 1653 1777 plane
1696 1707 1870 1762 solius
1904 1705 2000 1762 Dei

428 1799 624 1854 fuerit?
675 1808 732 1854 et
770 1809 1085 1855 nostrarum
1137 1801 1202 1852 ad
1241 1798 1409 1854 Deum
1443 1815 1665 1870 precum
1707 1797 2002 1868 perfectio.

428 1913 550 1951 rum
580 1907 634 1951 et
662 1896 1065 1952 absolutiorutn
1096 1911 1258 1965 opus.

501 2075 591 2129 ιε.
635 2073 737 2128 Sed
776 2088 898 2128 eum
931 2071 1043 2142 jam
1091 2072 1306 2127 animus
1337 2072 1428 2136 sit,
1480 2072 1534 2126 in
1586 2071 1692 2127 ﬁne
1721 2077 1788 2128 de
1842 2073 2008 2128 rebus

429 2169 632 2224 nostris
686 2167 898 2222 laudem
950 2175 1004 2220 et
1055 2165 1356 2236 gratiarum
1408 2165 1682 2220 actionem
1732 2165 2004 2220 honorum

428 2259 607 2315 datori
637 2258 996 2330 largitorique
1022 2258 1246 2322 referre,
1282 2258 1444 2328 gestit
1471 2258 1796 2328 subsilitque
1827 2258 2008 2312 eﬂ‘un-

425 2355 683 2424 diturque
744 2352 908 2406 latius
961 2350 1181 2416 oratio,
1243 2361 1294 2406 et
1357 2351 1410 2404 in
1469 2350 1578 2414 iis,
1621 2365 1742 2420 quae
1794 2351 1849 2405 in
1905 2365 2008 2406 uos

429 2447 751 2500 admiranda
797 2454 1058 2516 operatus
1115 2453 1220 2510 est,
1280 2443 1560 2497 immorari
1618 2454 1862 2514 exoptat;
1913 2445 2008 2499 sed

428 2541 548 2594 vice
585 2556 738 2594 versa
785 2554 910 2594 eum
959 2535 1304 2591 tractationis
1357 2536 1734 2607 propositique
1787 2552 1877 2592 res
1920 2537 2005 2592 in-

431 2641 592 2687 ιριιιω
618 2631 781 2685 tinem
814 2629 1131 2697 habuerint,
1161 2629 1214 2683 id
1259 2632 1310 2682 in
1346 2629 1599 2698 praesenti
1636 2644 1743 2684 non
1777 2629 2009 2700 permit-

428 2735 574 2789 tunt,
625 2725 768 2794 quod
816 2722 911 2778 Dei
960 2724 1013 2777 iu
1075 2737 1174 2778 nos
1231 2723 1552 2776 admiranda
1610 2723 1862 2792 praesenti
1907 2723 2011 2777 hoc

431 2827 695 2887 tantoque
727 2828 1052 2888 argumento
1105 2832 1297 2872 revera
1332 2816 1618 2871 diﬂ'usiora
1666 2827 1814 2872 sunt.
1869 2815 2008 2871 liiuc

429 2930 560 2988 erga
588 2915 792 2984 ipsum,
828 2922 888 2970 ut
922 2915 1006 2969 vel
1041 2914 1218 2968 solum
1257 2915 1426 2968 animi
1455 2915 1632 2970 nostri
1665 2914 2002 2970 desiderium

433 3009 793 3077 explicemus,
839 3008 891 3062 id
936 3007 1258 3063 conﬁtentes
1313 3009 1650 3078 aientesque,
1702 3009 2008 3062 orationem

429 3103 486 3156 in
534 3102 988 3172 supplicationem
1056 3103 1407 3159 addecentem
1451 3104 1517 3159 ad
1571 3104 1877 3158 satietatem
1930 3104 2011 3156 vi-

429 3197 654 3250 tandam
706 3196 980 3259 liniemus,
1035 3205 1094 3250 ut
1147 3197 1309 3264 paulo
1342 3205 1466 3252 ante
1517 3197 1895 3267 promisimus.
1941 3195 2014 3252 Ut

432 3301 583 3350 vero,
634 3286 710 3341 uti
763 3302 860 3357 par
911 3297 1016 3351 est,
1071 3296 1126 3342 et
1177 3303 1277 3342 nos
1323 3288 1602 3352 debemus,
1640 3288 2008 3343 laudationem
2041 3329 2085 3388 ϐ

432 3379 710 3444 exordiar,
746 3380 889 3435 sacri
920 3381 1164 3436 cantoris
1209 3381 1431 3436 Davidis
1457 3397 1624 3450 quam
1655 3381 2009 3451 opportunis-

432 3472 572 3526 sime
601 3487 767 3527 voces
810 3481 1096 3527 mutuatus
1145 3488 1252 3527 non
1291 3473 1527 3528 absimili
1565 3474 1635 3528 ab
1673 3488 1737 3528 eo
1787 3484 2010 3543 stupore

433 3564 500 3618 ad
521 3563 868 3619 Altissimum
901 3577 1155 3619 contenta
1181 3580 1310 3618 voce
1341 3565 1521 3619 clamo
1548 3583 1560 3618 :
1600 3565 1774 3629 Quam
1807 3564 2013 3634 magni-

432 3658 596 3726 licata
627 3669 746 3711 sunt
781 3674 943 3727 opera
989 3667 1106 3723 tua,
1145 3656 1413 3711 Domine!
1453 3658 1628 3710 omnia
1655 3659 1708 3711 in
1745 3657 2010 3726 sapientia

433 3750 609 3818 fecisti
633 3747 718 3815 ";
754 3766 860 3803 non
894 3750 1238 3804 solummodo
1280 3766 1401 3819 qua:
1452 3751 1502 3803 itt
1535 3750 1806 3819 principio
1833 3765 1899 3818 ex
1945 3764 2012 3805 eo

433 3841 582 3912 quod
619 3857 728 3895 non
775 3853 914 3906 erat,
951 3842 1014 3896 ad
1055 3841 1105 3895 id
1150 3842 1294 3910 quod
1341 3851 1480 3906 erat,
1526 3841 1855 3912 produxisti,
1913 3841 2011 3897 sed

435 3952 558 4005 quze
609 3937 773 3988 etiam
820 3938 987 3988 certis
1036 3933 1375 4004 diversisque
1418 3936 1758 4004 temporibus
1810 3937 1864 3988 in
1907 3937 2012 3988 ltu-

436 4043 595 4082 tuana
631 4028 920 4082 commoda
957 4027 1264 4094 absolvisti,
1303 4028 1382 4080 uti
1414 4045 1473 4082 se
1498 4029 1659 4082 habet
1689 4038 1742 4081 et
1774 4044 2014 4098 praesens

435 4136 560 4189 erga
611 4134 709 4174 nos
742 4133 904 4188 opus,
937 4117 1079 4187 quod
1121 4129 1173 4173 ct
1223 4120 1520 4174 niaximum
1555 4131 1608 4173 et
1646 4121 1698 4173 itt
1747 4121 2014 4188 sapientia

436 4211 734 4282 perfecisti.
765 4210 903 4266 Cum
947 4212 1093 4266 enim
1128 4227 1238 4266 non
1285 4221 1434 4267 esset
1474 4228 1652 4281 tteque
1701 4213 2016 4267 miserentis

438 4320 616 4374 Itaque
663 4305 714 4358 itt
751 4304 1052 4359 humanum
1085 4319 1253 4373 genus
1302 4304 1718 4373 propensissimi
1766 4303 1882 4367 Dei,
1921 4304 2013 4373 qui

435 4397 550 4450 sola
588 4411 685 4450 sua
717 4397 961 4451 bonitate
987 4413 1158 4464 genus
1193 4407 1443 4451 nostrum
1469 4396 1539 4450 ab
1571 4396 1725 4450 initio
1751 4395 2016 4460 condidit,

439 4503 588 4545 tuam
623 4490 677 4544 in
725 4489 884 4543 ﬁnem
930 4490 1233 4544 Ecclesiam
1275 4490 1560 4544 discissam
1616 4498 1670 4542 et
1715 4488 2020 4543 miserrime

442 4584 783 4637 laborantem
843 4581 1263 4650 prmterntittere
1337 4595 1400 4634 ac
1457 4581 1774 4651 negligere,
1848 4595 2014 4650 quam

2108 696 2320 758 πάντας
2354 696 2480 757 τοὺς
2521 693 2992 763 προστατεύοντας
3026 693 3183 763 ἡμῶν
3232 694 3502 761 ἀγγέλους
3535 692 3705 752 Θεοῦ,

2107 788 2202 840 καὶ
2230 787 2336 858 πρὸ
2383 787 2592 846 τούτων
2626 787 2794 840 αὑτὸν
2839 786 2931 840 τὸν
2980 785 3260 855 Δεσπότην
3287 786 3473 840 αὐτῶν
3518 785 3614 838 τὸν
3643 788 3709 838 ἐν

2105 882 2298 952 Τριάδι
2352 882 2566 945 σεπτῶς
2621 880 3122 952 προσκυνούμενον,
3177 879 3254 943 ὡς
3295 881 3468 934 ἀθῶοι
3520 880 3584 932 τὸ
3616 883 3713 941 είς

2106 974 2252 1044 ὑμᾶς
2287 973 2454 1046 μέρος
2485 974 2670 1044 ἡμεῖς.
2708 971 2828 1026 ἀνθ’
2856 965 3045 1042 ὦνπερ
3080 973 3178 1040 τὴν
3223 970 3451 1041 ὀφειλὴν
3483 971 3710 1039 πεπληο

2108 1067 2388 1139 ρώκαμεν.
2441 1067 2628 1121 Ταῦτα
2661 1068 2802 1138 μετά
2851 1066 2986 1126 Θεδν
3026 1066 3161 1137 πρὸς
3192 1068 3440 1126 ἐκείνους
3487 1067 3705 1133 φαμὲν,

2106 1162 2239 1229 παρ’
2269 1154 2348 1223 οἷς
2375 1175 2426 1213 τι
2456 1161 2550 1213 καὶ
2576 1159 2808 1224 ζωτικὸν
2857 1160 3239 1228 ὑποφαίνεται,
3277 1157 3338 1210 rb
3374 1157 3511 1226 πρὸς
3548 1158 3708 1226 ἡμᾶς

2105 1251 2248 1318 λέγω
2278 1253 2404 1316 τοὺς
2455 1253 2802 1320 ὑγιαίνοντας
2829 1251 3006 1313 οὕτως
3053 1250 3434 1320 ἀπροσπαθὲς,
3468 1251 3569 1304 καὶ
3601 1250 3709 1320 τὴν

2107 1343 2356 1398 ἐντεῦθεν
2386 1345 2744 1416 ἐρευνητικὴν
2767 1345 2879 1398 τῶν
2915 1345 3168 1397 τοιούτων
3199 1345 3462 1396 διάνοιαν.
3507 1342 3636 1393 Ἐπε
3652 1342 3706 1393 ξ-

2107 1455 2210 1509 περ
2241 1433 2322 1501 οἷς
2354 1439 2416 1491 τὸ
2451 1439 2547 1507 τῆς
2576 1439 2797 1510 ἀγάπης
2827 1438 3135 1509 ὁλοσχερῶς
3171 1437 3346 1507 ὲψύγη
3379 1435 3570 1501 καλὸν,
3603 1437 3707 1487 καὶ

2105 1531 2220 1598 οἶγε
2248 1531 2564 1585 παντάπασι
2595 1535 2660 1602 τῇ
2711 1530 2834 1586 καθ’
2869 1531 3028 1600 ἡμῶν
3073 1529 3244 1600 κακία
3297 1528 3704 1596 νενέκρωνται,

2104 1620 2242 1691 πρὸς
2271 1620 2493 1684 τούτους
2554 1622 2751 1683 αὑτοὺς
2788 1621 2951 1675 τίνων
3003 1619 3084 1672 δεῖ
3137 1620 3404 1690 ῥημάτων
3458 1615 3702 1674 ἁπλῶςς

2107 1714 2265 1776 ποίας
2301 1715 2358 1767 δὲ
2391 1713 2702 1783 συμϐουλῆς
2730 1729 2790 1765 τε
2816 1712 2910 1764 καὶ
2943 1711 3340 1783 παραινέσεως,
3371 1707 3464 1770 οῦς
3493 1707 3706 1776 μόνους

2106 1806 2295 1876 σαφῶς
2322 1808 2532 1876 πέφυκε
2563 1805 2656 1859 τοῦ
2685 1805 2822 1858 Θεοῦ
2861 1803 3220 1873 διαναστῆσαι
3249 1803 3345 1854 καὶ
3382 1799 3708 1869 διορθώσα-

2110 1901 2234 1954 σθαι
2262 1918 2276 1969 ;
2314 1903 2368 1954 τὸ
2392 1901 2448 1954 δὲ
2485 1901 2701 1964 πάντως
2736 1899 2902 1970 εὐχῆς
2936 1897 3096 1969 ἔργον
3141 1899 3276 1968 ἡμῖν
3305 1897 3403 1964 τῆς
3430 1893 3709 1958 τελεωτέ-

2113 2011 2213 2064 ρας
2243 1995 2338 2046 καὶ
2381 1995 2648 2064 μείζονος.

2183 2084 2296 2158 e31
2343 2086 2482 2140 Ἀλλ’
2522 2087 2622 2157 ἤδη
2674 2086 2982 2157 βουλομένῳ
3024 2102 3114 2155 μοι
3159 2086 3254 2137 καὶ
3285 2082 3363 2152 τῷ
3416 2081 3564 2134 τέλει
3598 2080 3712 2150 τὴν

2112 2179 2252 2248 ὑπὲρ
2294 2179 2450 2250 ἡμῶν
2485 2180 2692 2233 αίνεσιν
2723 2177 2818 2232 καὶ
2869 2177 3226 2248 εὐχαριστίαν
3277 2173 3703 2244 ἀςοσιώσασθαι

2109 2270 2188 2341 τῷ
2222 2271 2447 2343 χορηγῷ
2473 2272 2569 2324 καλ⁵
2593 2271 2780 2340 δοτῆρι
2809 2270 2917 2323 τῶν
2962 2269 3207 2338 ἀγαθῶν,
3243 2266 3382 2320 ἵεται
3419 2268 3514 2318 καὶ
3551 2265 3704 2334 πηδᾷ

2113 2363 2394 2416 κάνταῦθα
2433 2363 2570 2434 πρὸς
2632 2362 2948 2433 πλατυσμὸν
3002 2362 3029 2413 ὁ
3075 2360 3254 2428 λόγος,
3307 2361 3401 2414 καὶ
3453 2361 3570 2420 τοῖς
3616 2360 3704 2420 είς

2112 2457 2258 2527 ἡμᾶς
2292 2455 2386 2508 νῦν
2417 2455 2808 2526 γεγενημένοις
2843 2454 2933 2506 ὑπ’
2971 2453 3139 2506 αὑτοῦ
3173 2452 3496 2520 Θαυμασίοις
3527 2453 3706 2518 turgt-

2112 2549 2370 2619 λοχωρείν
2415 2547 2852 2618 προτεθύμηται.
2893 2546 3061 2600 Πάλιν
3094 2547 3150 2600 δὲ
3184 2544 3251 2597 τὰ
3297 2545 3397 2610 τῆς
3427 2559 3706 2613 πραγμα-

2111 2645 2260 2703 τείας
2294 2642 2388 2694 καὶ
2438 2639 2534 2693 τοῦ
2589 2640 2794 2694 σκοποῦ
2829 2640 3004 2708 πέρας
3049 2639 3240 2708 ἔχοντα
3286 2638 3349 2689 τὸ
3396 2639 3569 2703 παρὸν
3599 2635 3706 2687 οὑκ

2112 2735 2351 2805 ἀνίησιν,
2402 2735 2483 2787 ὃτι
2517 2735 2610 2787 καὶ
2645 2734 2959 2806 μακρότερα
3007 2733 3078 2784 τὰ
3128 2731 3237 2784 τῶν
3277 2729 3535 2786 τοιούτων
3568 2731 3708 2800 ἡμῖν

2112 2832 2413 2902 τεραστίων
2442 2831 2577 2884 Θεοῦ
2612 2831 2710 2900 τῆς
2754 2829 3034 2900 παρούσης
3074 2828 3381 2896 καθέστηκε
3427 2824 3708 2890 τοσαύτης

2113 2924 2188 2985 ὡς
2237 2923 2453 2992 ἀληθῶς
2483 2922 2809 2984 ὑποθέσεως.
2851 2921 3040 2974 Ἔνθεν
3090 2937 3172 2973 τοι
3212 2921 3348 2988 πρὶς
3382 2917 3543 2970 αὑτὸν
3573 2917 3711 2969 ὅσον

2115 3015 2453 3080 ἐνδείξασθαι
2499 3015 2592 3068 καὶ
2635 3014 2796 3085 μόνον
2840 3015 2939 3084 τὴν
2985 3013 3246 3082 πρόθεσιν
3289 3013 3386 3081 τῆς
3419 3010 3708 3082 ἡμετέρας

2113 3107 2290 3178 ψυχῆς
2326 3106 2910 3178 ἀνθομολογησάμενος
2947 3107 3040 3158 καὶ
3071 3104 3262 3168 εἰπὼν,
3307 3104 3400 3156 τὸν
3430 3103 3590 3168 λόγον
3621 3103 3707 3163 εἰς

2116 3201 2284 3274 εὐχὴν
2311 3199 2418 3253 τῶν
2449 3199 2762 3270 ἀνηκόντων
2793 3198 2880 3253 διὰ
2906 3199 2966 3252 τὺ
2996 3197 3298 3269 προσκορὲς
3329 3194 3702 3256 καταπαύσω,

2119 3291 2301 3356 καθὼς
2330 3294 2398 3347 τὰ
2424 3292 2526 3362 τῆς
2552 3292 2900 3361 ὑποσχέσεως
2929 3291 3041 3360 ἔχει
3087 3289 3282 3360 μικρὸν
3315 3287 3546 3341 ἄνωθεν.
3582 3287 3708 3338 ἰι-α

2119 3386 2176 3439 δὲ
2209 3387 2528 3454 πρεπόντως
2556 3385 2648 3437 καὶ
2675 3383 2748 3443 ὡς
2777 3381 2955 3454 χρεὼν
2979 3383 3078 3451 τῆς
3103 3379 3413 3447 δοξολογίας
3441 3377 3705 3448 ἀπάρξω-

2123 3493 2241 3540 μαι,
2261 3476 2354 3529 τοῦ
2384 3476 2700 3546 ἱεροψάλτου
2722 3473 3108 3542 δανεισάμενος
3133 3470 3294 3524 Δαυῒῦ
3316 3469 3706 3539 ἀρμοδ.ὠτατα

2118 3567 2218 3638 τὴν
2257 3567 2440 3637 φωνὴν
2474 3566 2611 3636 μετὰ
2646 3566 2744 3634 τῆς
2769 3565 2977 3618 ἐκείνου
3003 3564 3140 3633 πρὸς
3171 3563 3260 3615 τὸν
3293 3562 3561 3630 ’Ὕψιστον
3596 3559 3707 3630 βοῶ

2119 3659 2454 3732 διαπρυσίως
2486 3657 2800 3726 ἐκπλήξεως
2823 3672 2837 3687 ·
2870 3675 2888 3707 ι
2936 3655 3034 3720 Ὠς
3054 3656 3430 3724 ἐμεγα.1ὐνοη
3463 3651 3533 3705 τὰ
3563 3652 3708 3722 ἔργα

2121 3769 2259 3816 σου,
2299 3753 2494 3820 Κύριε.
2528 3751 2732 3805 Πάντα
2759 3749 2829 3804 ἐν
2854 3751 3043 3818 σοφίᾳ
3071 3749 3390 3818 ἐποίησας,
3431 3767 3449 3798 ι
3483 3748 3581 3816 οὑχ
3608 3750 3708 3800 ὅσα

2121 3846 2323 3918 δηλαδὴ
2365 3847 2528 3918 μόνον
2551 3845 2833 3916 καταρχὰς
2863 3845 2925 3896 ἐκ
2948 3843 3041 3896 τοῦ
3078 3843 3151 3911 μὴ
3181 3841 3333 3903 {iv-.0;
3364 3842 3444 3902 είς
3470 3841 3531 3892 τὸ
3563 3835 3706 3893 εἶναι

2125 3940 2451 4010 παρήγαγες
2497 3934 2930 4008 δημιουργικῶς,
2971 3933 3108 3987 ἀλλὰ
3153 3932 3247 3984 καὶ
3279 3933 3378 3984 ὃσα
3413 3932 3555 3982 κατὰ
3585 3947 3707 3981 και.

2128 4036 2254 4105 ρους
2285 4033 2575 4102 διαφόρους
2609 4031 2702 4084 τοῦ
2734 4031 2842 4083 τῶν
2881 4029 3186 4099 ἀνθρώπων
3213 4027 3399 4078 ἕνεκεν
3427 4025 3708 4094 διεπράξω

2128 4127 2517 4198 συμφέροντος,
2560 4124 2633 4188 ὡς
2669 4124 2763 4177 καὶ
2795 4123 2953 4176 τοῦτο
2983 4124 3041 4174 τὸ
3071 4119 3166 4174 νῦν
3211 4121 3370 4190 ἔργον
3400 4118 3514 4188 ἔχει
3543 4121 3604 4169 τὸ
3630 4120 3707 4180 εἰς

2127 4219 2295 4289 ἡμᾶς,
2333 4219 2469 4287 ὅπερ
2525 4217 2782 4286 μέγιστον
2809 4217 2902 4267 καὶ
2936 4216 2993 4267 ἐν
3043 4212 3204 4282 σοφίᾳ
3247 4210 3558 4272 τετέλεκας.
3601 4209 3709 4260 Καὶ

2127 4314 2236 4380 γὰρ
2283 4310 2581 4380 ἐπειδήπερ
2621 4309 2721 4361 οὑκ
2752 4306 2817 4380 ἦν
2850 4307 2942 4360 τοῦ
2979 4305 3420 4377 φιλοικτίρμονός
3467 4320 3560 4356 σου
3615 4303 3708 4354 καὶ

2129 4406 2512 4476 φιλανθρώπου
2536 4403 2670 4458 Θεοῦ
2705 4402 2795 4455 τοῦ
2822 4403 2888 4454 δι’
2919 4401 3228 4469 ἀγαθότητα
3258 4399 3425 4468 μόνην
3452 4397 3708 4466 ἀπαρχῆς

2129 4497 2366 4568 τὸγένος
2423 4497 2581 4567 ήμῶν
2631 4496 3183 4566 πλαστουργήσαντος
3227 4492 3289 4544 τὸ
3335 4490 3433 4560 τὴν
3478 4490 3705 4559 Ἐκκλη-

2131 4589 2248 4642 σίαν
2278 4591 2542 4660 περιιδεῖν
2572 4589 2652 4649 είς
2691 4587 2843 4650 τέλος
2884 4588 2983 4657 τὴν
3018 4585 3114 4656 σὴν
3153 4582 3582 4654 διερρηγμὲνην,
3614 4583 3705 4634 καὶ

444 4675 760 4746 uttigeuitus
827 4683 882 4730 et
928 4685 1236 4730 coazteruus
1287 4673 1458 4730 Filius
1498 4683 1551 4728 ct
1586 4673 1824 4728 Verbum
1867 4685 2014 4727 tuutn

2129 4682 2198 4735 τὰ
2225 4681 2429 4752 ἔσχατα
2461 4679 2649 4744 δεινῶς
2676 4681 3012 4748 κάμνουσαν,
3043 4681 3109 4748 ἣν
3139 4678 3165 4729 ὁ
3201 4677 3498 4746 μονογενής
3525 4691 3585 4726 τε
3613 4674 3704 4726 καὶ

440 4769 618 4825 Patris
668 4767 1039 4836 potentissimi
1092 4777 1313 4840 prOpter
1368 4769 1577 4822 viscera
1623 4767 1846 4821 inﬁnita:
1893 4781 2023 4837 erga

443 4879 546 4920 nos
595 4862 982 4920 misericordia:
1032 4871 1160 4926 tum,
1221 4875 1440 4915 carnem
1485 4875 1778 4915 assumens
1832 4860 2025 4913 huma-

444 4972 592 5023 nam,
623 4955 1253 5011 immaettlatissintarum
1303 4963 1357 5007 et
1391 4954 1862 5009 sanctissimarum
1899 4968 2026 5006 sua-
2063 4971 2066 4974 ’

445 5066 567 5106 rum
605 5066 864 5104 manuum
884 5049 1200 5104 extensione
1222 5057 1433 5103 eterra:
1463 5047 1666 5101 linihus
1713 5045 1766 5099 in
1798 5060 2022 5099 crucem

443 5143 761 5214 collegerat,
811 5142 1028 5218 sibique
1081 5156 1146 5194 ex
1197 5140 1412 5194 vivitico
1465 5148 1518 5200 et
1564 5139 1809 5210 pretioso
1856 5139 2027 5191 latere

443 5238 708 5309 sanguine
755 5235 980 5308 profuso
1029 5237 1318 5297 asciverat,
1354 5234 1498 5287 hanc
1548 5232 1796 5287 eamdem
1833 5246 2025 5284 rursus

445 5333 500 5386 itt
546 5347 713 5385 unum
757 5331 1048 5387 convenire
1093 5335 1254 5390 :ctate
1307 5327 1406 5381 hac
1459 5335 1674 5389 nostra,
1726 5336 1781 5380 et
1830 5324 2026 5377 vulnus

445 5427 685 5499 pessime
725 5441 783 5482 se
818 5425 1050 5488 habens,
1086 5421 1234 5498 quod
1264 5422 1537 5476 malorum
1587 5419 1743 5490 origo
1796 5429 1849 5473 et
1878 5417 2026 5471 h-au-

445 5527 574 5582 dum
612 5523 947 5581 architectus
995 5536 1138 5593 zegrc
1183 5518 1367 5577 ferens
1418 5518 1563 5572 illam
1613 5515 2026 5588 adprosperari,

448 5617 712 5690 impegit,
785 5614 1163 5686 conglutinare
1224 5611 1318 5668 tibi
1381 5609 1786 5679 complacuisti.
1861 5607 2028 5678 Igitur

449 5720 578 5766 ante
619 5710 804 5764 omnia
855 5710 909 5764 in
939 5706 1054 5763 sola
1091 5704 1242 5778 pacis
1284 5713 1453 5775 atque
1503 5701 1760 5757 amicitia:
1795 5698 2024 5764 hedera,

448 5818 572 5877 quas
625 5811 719 5858 tua
769 5811 853 5860 est
910 5816 1095 5857 rerum
1144 5800 1503 5855 humanarum
1559 5793 1869 5866 dispositio,
1928 5808 2029 5848 nos

519 5984 567 6019 "
588 5981 737 6040 Psal.
775 5997 891 6052 cm,
926 5980 1018 6039 24.

2134 4775 2402 4837 συναῖδιος
2436 4773 2561 4836 Υἱὸς
2591 4773 2684 4826 καὶ
2731 4774 2904 4842 Λόγος
2933 4787 3026 4822 σου
3059 4767 3153 4822 τοῦ
3193 4769 3472 4838 πανάρχου
3504 4767 3703 4836 Harpe;

2131 4868 2219 4920 διὰ
2247 4866 2532 4936 σπλάγχνα
2562 4863 2656 4917 τοῦ
2682 4864 3057 4933 ὑπεραπείρου
3084 4862 3212 4932 περὶ
3237 4861 3384 4930 ἡμᾶς
3409 4859 3588 4920 ἐλέους
3616 4874 3701 4909 σου

2135 4961 2450 5031 μορφωθεὶς
2479 4961 2538 5011 τὸ
2562 4959 2929 5029 ἀνθρώπινον,
2963 4960 3027 5026 τῇ
3062 4956 3170 5010 τῶν
3202 4954 3494 5022 πανάγνων
3517 4949 3699 5006 ἑαυτοῦ

2115 5048 2226 5103 καὶ
2261 5049 2655 5118 παναχρᾶντων
2687 5048 2886 5119 χειρῶν
2921 5048 3142 5100 ἐκτάσει
3178 5047 3489 5114 συνήγαγεν
3527 5047 3588 5095 ἐκ
3616 5059 3702 5093 πε-

2136 5142 2312 5212 ράτων
2357 5143 2452 5194 ἐπὶ
2492 5139 2750 5210 σταυροῦ,
2792 5140 2887 5192 καὶ
2930 5140 3354 5208 περιεποιήσατο
3387 5137 3464 5206 τῷ
3513 5135 3607 5202 τῆς
3631 5134 3697 5186 οἱ·

2133 5235 2284 5296 κείας
2315 5233 2638 5302 ἐκρεύσαντι
2680 5228 2948 5294 ζωοποιοῦ
2994 5230 3089 5282 καὶ
3129 5227 3319 5296 τιμίας
3359 5226 3598 5294 πλευρᾶς
3625 5224 3702 5276 αἶ-

2138 5345 2288 5397 ματι,
2322 5327 2420 5396 τὴν
2457 5323 2715 5396 τοιαύτην
2747 5321 3020 5376 συνελθεῖν
3049 5323 3142 5373 καὶ
3168 5320 3330 5373 πάλιν
3358 5321 3438 5380 εἰς
3470 5319 3529 5371 ἒν
3558 5317 3700 5387 ηὐδό-

2136 5436 2311 5488 κησας
2355 5417 2439 5486 ἐφ’
2496 5416 2676 5486 ἡμῶν,
2734 5415 2828 5469 καὶ
2889 5412 3292 5481 συνουλωθῆναι
3345 5414 3406 5465 τὸ
3458 5411 3595 5462 πάνυ
3644 5423 3698 5474 γε

2137 5514 2386 5583 χαλεπῶς
2427 5513 2548 5582 ἔχον
2579 5511 2672 5564 τοῦ
2704 5509 3040 5580 πνεύματος,
3065 5507 3201 5576 ὅπερ
3229 5507 3258 5559 ὁ
3282 5506 3587 5574 ἀρχέκακος
3617 5501 3699 5552 καὶ

2137 5605 2431 5674 δολιόφρων
2462 5602 2654 5674 ἐχθρὸς
2680 5601 2756 5672 μὴ
2777 5601 2957 5670 φέρων
2981 5599 3113 5670 δρᾷν
3131 5595 3525 5667 εὐδοκιμοῦσαν
3553 5593 3700 5662 πρού-

2141 5695 2383 5765 ξένησεν.
2416 5695 2625 5749 υὺκοῦν
2654 5698 2710 5746 ὲν
2742 5694 2978 5764 πρώτοις
3011 5693 3090 5753 είς
3118 5690 3348 5750 σπονδὰς
3377 5689 3544 5756 μόνας
3567 5687 3700 5756 εἰρη-

2140 5793 2292 5854 νικὰς
2322 5790 2414 5844 καὶ
2445 5788 2625 5859 φιλίας
2665 5783 3025 5856 οἰκονομικῶς
3058 5781 3353 5846 “ﬁn”?
3385 5783 3550 5851 ἧὶίᾶῖι
3585 5798 3602 5829 ⁸
3641 5778 3698 5830 Ὦ
