3972 6578
241 402 368 471 1285

1428 398 1747 460 GEORGII
1792 397 2251 460 METOClll'l‘.E

3337 390 3471 460 15286

235 519 317 578 δος
350 512 431 566 δ;ἀ
460 510 642 573 δυάδος
666 510 862 583 άπλῆς.
886 514 1035 568 Ἑπεί
1052 512 1145 571 οἷν
1164 516 1223 571 τὸ
1242 519 1397 572 Θείον
1421 520 1479 572 ἒν
1514 520 1609 573 και
1627 521 1786 592 τριάς

1894 518 2077 572 Patres
2106 524 2446 578 asseverant,
2484 516 2670 569 eadem
2699 514 2748 569 vi
2794 514 3053 585 polleant.
3101 513 3314 569 Etenim
3345 531 3469 570 cum

237 604 472 669 ἑστι,καὶ
495 602 565 665 ὡς
602 603 699 671 μὲν
731 604 789 658 ἓν
831 606 1213 679 άπαράδεκτὸν
1243 611 1361 664 ἐστι
1411 612 1506 665 καὶ
1534 611 1794 683 ἀριθμοῦ,

228 699 321 753 ικαὶ
354 694 672 765 μεσότητος,
698 697 791 749 καὶ
819 698 1047 765 τάξεως,
1085 700 1316 754 καὶτῶν
1363 702 1649 756 τοιούτων·
1692 702 1795 756 ποῦ

234 789 334 856 γὰρ
358 782 431 855 τῷ
462 782 541 837 ἐνί⁵
577 785 652 853 τῷ
675 786 814 857 ὑπὲρ
839 791 945 842 πᾶν
975 789 1033 844 ἐν
1066 791 1180 845 ὄντι
1201 793 1364 846 ποτὸν
1387 795 1478 846 καὶ
1510 794 1675 863 μέσον
1701 796 1797 848 κα)⁵

232 878 374 943 τάξις
400 879 455 929 ἐν
478 876 722 931 πλείοσιν
757 879 788 947 ἢ
826 882 972 949 τρισὶ
1002 882 1355 953 τούλάχιστον
1379 886 1534 937 ταυτὶ
1567 884 1799 954 θεωροὺ-

235 985 360 1039 μενα
381 985 395 1030 ;
414 966 486 1029 ὼς
502 967 557 1020 δὲ
580 969 705 1037 τρία
724 969 930 1024 τούτων
956 974 1075 1026 ἐστί
1091 973 1363 1036 δεκτικδν,
1386 975 1524 1045 πλὴν
1545 976 1638 1029 καὶ
1654 976 1797 1029 οὕτω

234 1059 673 1130 θεοπρεπῶς,καί
707 1066 828 1126 ταῖς
856 1066 982 1136 περὶ
1002 1066 1136 1121 Θεοῦ
1168 1069 1521 1139 καταλλήλως
1543 1071 1793 1135 ἐννοίαις,

232 1156 320 1208 καὶ
360 1153 537 1206 τὸτοῦ
589 1154 822 1226 ἀριθμοῦ
882 1159 1233 1231 παράδειγμα
1288 1162 1382 1216 τοῦ
1438 1164 1796 1233 διωρισμένου

229 1244 387 1299 ποσοῦ
406 1245 672 1316 τυγχάνον
705 1249 786 1309 εἰς
816 1249 1070 1306 εἰκασίαν
1099 1253 1616 1326 παραληφθήσεται,
1646 1255 1789 1309 καθδ

228 1336 316 1388 καὶ
346 1336 378 1405 η
404 1335 575 1403 Τριάς
612 1336 931 1408 διορίζεται,
954 1343 1072 1405 ταῖς
1099 1343 1242 1396 κατὰ
1268 1343 1368 1414 τὴν
1400 1345 1629 1415 πρόοδον
1667 1346 1797 1398 ὐπο-

228 1427 503 1488 στατικαῖς
535 1426 781 1497 ἰδιότησι.
836 1432 1141 1500 Διαιρεῖται
1172 1435 1281 1504 γάρ
1314 1436 1664 1508 ἀδιαιρέτως,
1701 1436 1795 1491 καὶ

224 1517 552 1572 συνάπτεται
585 1518 934 1591 διῃρημένως
954 1524 1029 1594 τῷ
1060 1526 1353 1597 παραδόξῳ
1385 1527 1482 1596 τῆς
1514 1526 1665 1590 θείας
1694 1545 1793 1598 με·

225 1607 592 1678 γαλεώτητος.
651 1611 759 1665 Τοῦ
806 1614 999 1668 λοιποῦ
1060 1619 1297 1689 πρόσχες
1359 1621 1493 1687 πρδς
1553 1621 1688 1675 θεοῦ
1765 1624 1794 1676 6

224 1700 512 1770 ἀκροατής.
536 1702 881 1773 Προθᾶμενος
905 1710 931 1760 6
961 1709 1203 1778 ἐρωτῶν,
1224 1713 1300 1774 ὡς
1330 1712 1787 1784 διαπορούμενος,

223 1792 335 1856 πῶς
351 1794 414 1845 ἐκ
441 1794 539 1863 τῆς
555 1795 724 1849 άΰλου
742 1797 933 1863 δυάδος
952 1800 1012 1853 τὸ
1029 1800 1086 1854 ἐν
1105 1798 1249 1856 εἶναι
1265 1804 1513 1869 δύναται,
1535 1808 1629 1859 καὶ⁵
1652 1824 1725 1858 πα
1734 1823 1792 1876 ρο

1903 608 2266 678 interrogaus,
2298 622 2475 675 neque
2543 606 2664 659 aliis
2700 621 2878 675 neque
2909 605 3189 672 exemplis,
3222 604 3313 674 qui
3346 621 3473 659 eum

1900 708 2322 767 przeccsserunt.
2369 698 2677 752 divinorum
2731 697 2946 766 pictatis
2991 697 3336 767 principmn,
3379 698 3473 751 sed

1900 791 2139 859 propriis
2170 789 2405 852 insistat,
2448 804 2638 843 eorum
2666 806 2884 858 quoque
2917 790 3059 844 dicta
3092 806 3199 843 non
3229 790 3297 853 ab
3326 789 3473 859 ipso,

1899 882 1994 936 sed
2033 897 2061 936 a
2098 882 2327 936 veritate
2362 882 2695 943 cmanantia,
2731 881 2809 935 uti
2847 881 2921 935 illi
2965 882 3302 937 lucidissime
3334 882 3473 935 irra-

1897 975 2068 1040 diare,
2107 974 2588 1028 demoustrabitur.
2620 972 2891 1027 Numerus
2922 975 3068 1027 enim
3093 974 3252 1029 divisi
3281 984 3385 1039 est,
3409 991 3473 1030 ex

1896 1081 2006 1135 quo
2039 1066 2333 1129 enascitur,
2371 1081 2478 1119 non
2510 1064 2775 1129 continui,
2806 1075 2862 1119 et
2907 1067 3206 1120 secundum
3248 1067 3473 1122 divisio-

1896 1172 2022 1210 nem
2071 1156 2417 1227 singulariter
2451 1156 2727 1225 provenit,
2759 1172 2868 1211 non
2902 1157 3202 1211 secundum
3248 1174 3474 1228 compo-

1897 1248 2172 1312 sitionem,
2206 1266 2269 1303 ex
2307 1250 2516 1304 unitate
2552 1249 2807 1311 dualitas,
2838 1260 2892 1304 et
2924 1266 2988 1304 ex
3018 1252 3278 1306 dualitate
3318 1253 3473 1314 trias,

1896 1356 2004 1395 non
2036 1356 2152 1410 qum
2203 1349 2586 1410 componatur,
2621 1342 2714 1396 sed
2767 1358 2831 1397 ex
2878 1342 3136 1397 dualitate
3187 1344 3353 1397 veluti
3403 1345 3473 1399 ad

1895 1430 2161 1485 unitatem
2189 1474 2203 1495 ,
2233 1447 2353 1500 qua:
2382 1440 2508 1485 ante
2538 1432 2709 1501 ipsam
2742 1443 2845 1497 est,
2881 1441 2974 1486 aut
3014 1449 3077 1488 ex
3124 1433 3330 1488 unitate
3376 1450 3474 1504 per

1897 1521 2211 1577 dualitatth
2241 1523 2567 1594 simplicem.
2600 1523 2830 1589 Quando
2865 1524 3028 1596 igitur
3056 1526 3197 1581 Dens
3228 1543 3391 1581 unum
3419 1536 3474 1582 et

1894 1612 2110 1666 trinitas
2138 1624 2241 1677 est,
2271 1624 2326 1667 et
2379 1621 2438 1668 ut
2485 1629 2675 1674 unum.
2713 1631 2895 1685 neque
2929 1632 3219 1670 numerum
3243 1655 3258 1679 ,
3291 1633 3471 1682 neque

1893 1704 2156 1769 medium,
2201 1720 2379 1773 neque
2435 1706 2710 1772 ordinem,
2739 1724 2918 1777 neque
2977 1708 3174 1762 similia
3220 1708 3471 1778 suscipit.

1893 1795 2182 1850 Undenam
2230 1797 2375 1851 enim
2426 1799 2481 1852 in
2533 1801 2836 1870 un0,quod
2877 1817 3041 1870 supra
3086 1816 3248 1856 omne
3300 1817 3469 1855 unum

221 1883 375 1946 ευθῦς
403 1886 502 1956 τὴν
529 1888 710 1942 αἰτίαν
738 1892 1037 1961 ἐπαγαγὼν
1066 1895 1162 1946 τοῦ
1196 1896 1271 1966 μὴ
1307 1896 1555 1957 δυνατὸν,
1586 1896 1665 1965 τῷ
1689 1897 1788 1967 τὴν

1894 1896 1993 1948 est,
2040 1897 2095 1943 et
2137 1890 2413 1958 quantitas
2454 1899 2509 1946 et
2544 1892 2783 1946 medium
2819 1902 2874 1948 et
2914 1893 3050 1947 ordo
3102 1894 3157 1948 in
3196 1894 3472 1964 pluribus,

223 1977 421 2048 μονάδα
437 1978 621 2033 αἰτίαν
637 1978 883 2036 εἶναικαὶ
909 1985 968 2036 03
986 1986 1175 2052 δυάδα,
1195 1987 1270 2050 ὡς
1290 1988 1488 2041 ἐθέλων
1506 1990 1594 2042 διά
1618 1990 1793 2060 μέσης

222 2069 544 2139 προτάσεως
568 2072 686 2142 τῆς,
707 2074 791 2128 ὅτι
816 2073 876 2130 ἐν
893 2076 953 2129 τὸ
987 2078 1158 2131 αἴτιον
1176 2080 1269 2133 καὶ
1284 2082 1346 2133 οὐ
1369 2078 1482 2145 δύο,
1499 2096 1563 2133 συ
1573 2084 1791 2151 μπερά·

220 2177 305 2215 ναι
328 2161 389 2215 τὸ
419 2162 497 2232 μὴ
531 2166 597 2218 ἐκ
628 2164 737 2219 τῶν
766 2166 862 2220 δύο
897 2169 958 2221 τὸ
982 2168 1044 2223 ἓν
1072 2165 1243 2224 εἰναιο
1273 2172 1432 2226 τοῦτο
1454 2173 1563 2243 γὰρ
1593 2174 1792 2245 ἀπῄτει

220 2252 277 2306 τὸ
310 2254 587 2323 προταθὲν
617 2258 675 2323 ἐξ
697 2258 943 2329 ἀνάγκης
965 2276 981 2291 ⁸
1008 2265 1036 2315 6
1056 2262 1112 2315 δὲ
1133 2263 1220 2317 διὰ
1248 2265 1358 2318 τῶν
1389 2264 1593 2333 μεταξὺ
1619 2264 1792 2333 λόγων

220 2343 349 2398 αὐτὸ
385 2344 594 2413 μᾶλλον
625 2351 1069 2418 κατασκευάσας,
1102 2353 1160 2405 ἐν
1182 2346 1265 2416 οἷς
1292 2370 1458 2423 φησι*
1495 2357 1660 2425 μονάς
1685 2356 1793 2424 γὰρ

219 2436 296 2497 εἰς
318 2434 488 2489 δυάδα
517 2440 770 2505 κινεῖται,
797 2441 1050 2494 κάκεῖθεν
1079 2443 1159 2505 εἰς
1198 2443 1429 2511 Τριάδα,
1461 2441 1618 2497 τοῦτο
1647 2443 1701 2496 δὲ
1739 2445 1793 2497 τί

219 2526 366 2591 ἄλλο,
400 2528 548 2598 ἢὸτι
578 2531 644 2584 ἐκ
692 2534 919 2601 μονάδος
954 2535 1107 2604 δυὰς,
1148 2537 1242 2589 καὶ
1268 2538 1333 2589 ἐκ
1363 2535 1555 2600 δυάδος
1611 2534 1791 2606 τριὰς,

217 2616 350 2686 ὅπερ
379 2618 443 2670 τὸ
494 2618 556 2672 ἓν
606 2622 747 2675 κατά
798 2623 859 2676 τὸ
885 2624 1243 2696 διωρισμένον
1281 2625 1375 2679 τοῦ
1430 2627 1690 2697 ἀριθμοῦ,
1718 2626 1795 2691 ὡς

217 2707 520 2779 ἐλέγομινς
548 2710 578 2764 δ
604 2714 698 2766 καί
720 2715 748 2766 6
781 2715 1113 2786 περίπυστος
1145 2718 1204 2770 ὲν
1234 2718 1483 2789 θεολογίᾳ
1514 2719 1792 2788 συντίθησι

216 2799 478 2866 φάσκωνο
519 2818 539 2854 ι
600 2805 780 2867 Μονάς
824 2808 934 2874 γάρ
966 2809 1045 2871 εἰς
1090 2809 1257 2861 δυάδα
1305 2810 1589 2879 κινηθεῖσα
1632 2811 1793 2879 μέχρι

218 2889 447 2960 Τριάδος
478 2892 614 2961 ἔστη
635 2911 650 2925 ·
681 2912 700 2946 ι
736 2896 1068 2966 συνεπέρανε
1088 2898 1148 2951 τὸ
1177 2898 1251 2969 μὴ
1281 2899 1349 2951 τὰ
1363 2899 1455 2952 δύο
1476 2899 1624 2953 αἰτια
1655 2897 1793 2955 εἶναι

214 2981 306 3034 τοῦ
336 2983 478 3047 ἐνὸς,
540 2985 676 3039 ἀλλά
723 2987 785 3039 τὸ
818 2986 877 3039 ἐν
912 2988 1019 3042 τῶν
1045 2988 1160 3044 δύο.
1220 2990 1377 3043 Ἔστι
1405 2991 1461 3043 δὲ
1497 2992 1671 3044 αἴτιον
1700 2990 1791 3044 τοῦ

213 3070 597 3138 άνακολούθως
620 3074 781 3142 οὕτω,
812 3077 907 3131 καὶ
938 3078 1018 3149 μὴ
1046 3079 1189 3132 κατά
1211 3079 1271 3132 τὸ
1310 3078 1792 3149 προδληματισθέν

210 3162 270 3216 τὸ
305 3150 690 3237 συμπέρασμα
726 3168 937 3234 θέσθαι,
992 3169 1055 3223 τὸ
1087 3170 1293 3224 οἴεσθαι
1342 3171 1437 3224 δύο
1481 3172 1628 3226 αἰτια
1678 3172 1790 3225 εἰσ-

212 3256 387 3326 άγειν,
425 3259 474 3311 εἰ
512 3258 660 3327 λέγει
690 3278 777 3325 τις
806 3264 870 3316 ἐκ
904 3262 1015 3316 τῶν
1038 3263 1132 3317 δύο
1153 3264 1215 3317 τὸ
1243 3264 1324 3321 ἐν.
1358 3264 1526 3318 Τοῦτο
1556 3265 1612 3318 δὲ
1632 3266 1793 3318 ὀὐδα-

211 3349 354 3418 μῶς.
394 3351 563 3405 Ἐστι
593 3352 694 3422 μὲν
725 3355 837 3426 γὰρ
878 3357 942 3408 ἐκ
965 3356 1157 3420 δυάδος
1186 3358 1246 3409 τὸ
1273 3356 1351 3420 ἓν,
1379 3359 1444 3410 ἐκ
1479 3356 1571 3410 δύο
1592 3356 1793 3428 δηλαδὴ

211 3442 459 3511 μονάδων
494 3444 655 3516 τρίτη
686 3448 875 3513 μονάς.
914 3448 977 3500 Εἰ
1011 3449 1106 3518 μὲν
1129 3446 1223 3502 οὖν
1257 3450 1322 3502 ἐκ
1354 3448 1447 3502 δύο
1475 3450 1794 3521 άντιδιῃρη-

210 3537 391 3606 μένων
421 3535 521 3609 ἦν,
552 3540 585 3610 ἢ
632 3540 978 3612 διῃρημένων
1029 3541 1224 3605 οὕτως,
1274 3541 1347 3604 ὠς
1379 3541 1441 3594 τὸ
1499 3542 1685 3612 ἕτερον
1718 3542 1793 3612 μὴ

207 3631 339 3700 πρὸς
369 3633 432 3685 τὸ
453 3633 649 3701 ἕτερον
673 3634 1065 3705 ἀναφέρεσθαι,
1096 3635 1220 3706 μήτ’
1245 3637 1304 3703 ἐξ
1325 3635 1535 3689 ἐκείνου
1567 3636 1629 3689 τὸ
1654 3633 1791 3691 εἶναι

203 3719 375 3788 ἔχειν,
414 3726 562 3791 μήτε
591 3723 862 3793 μεσότητα
889 3725 988 3793 τὴν
1017 3724 1161 3777 κατὰ
1189 3728 1283 3795 τὴν
1316 3725 1571 3795 πρόοδον·
1603 3720 1636 3801 ᾖ
1683 3727 1792 3796 γάρ

204 3812 274 3866 ἂν
308 3809 380 3885 ἦν
401 3813 575 3877 οὕτω,
601 3816 696 3868 καλ⁸
726 3816 787 3867 τὸ
823 3815 1006 3886 τρίτον
1040 3817 1103 3869 οὐ
1136 3817 1337 3886 τρίτον,
1362 3816 1499 3871 ἀλλά
1542 3818 1792 3888 δεύτερον

203 3904 498 3976 ἑκατέρων
530 3905 684 3960 ἐνθεν
718 3907 811 3960 καὶ
835 3906 989 3961 ἐνθεν
1020 3906 1432 3979 θεωρουμένων,
1452 3910 1545 3963 καὶ
1567 3910 1628 3963 οὐ
1654 3911 1793 3965 κατά

202 3997 300 4068 τὴν
341 3999 475 4070 ἑξῆς
512 3998 841 4068 τοπαράπαν
870 3998 1192 4067 προέλευσιν
1212 4016 1227 4031 ο
1269 3994 1496 4065 εἰκότως
1546 4002 1613 4056 ἂν
1642 4004 1669 4056 6
1693 4003 1795 4072 τῆς

199 4087 500 4160 δυαρχίας,
565 4089 661 4143 καὶ
717 4090 817 4161 τῆς
862 4088 1058 4159 διπλῆς
1104 4090 1286 4152 αἰτίας
1314 4091 1469 4160 λόγος
1500 4092 1787 4164 εἰσήγετο·

199 4181 327 4234 ἐπεὶ
356 4182 420 4235 δὲ
449 4180 631 4235 ταῦτα
659 4180 802 4234 κατὰ
829 4182 889 4234 τδ
921 4181 1183 4248 ἔμπαλιν,
1219 4182 1313 4235 καὶ⁵
1348 4184 1382 4254 ἡ
1411 4185 1569 4255 τρίτη
1620 4186 1791 4255 μονὰς

194 4274 284 4327 διά
320 4275 426 4345 τῆς
469 4274 647 4343 μέσης
698 4271 923 4343 μονάδος
949 4274 1013 4326 ἐκ
1040 4272 1141 4342 τῆς
1176 4272 1399 4341 πρώτης
1429 4272 1522 4326 καὶ
1556 4273 1791 4344 ἀρχικῆς

195 4367 258 4419 τὸ
289 4361 441 4419 εἰναι
475 4364 719 4430 πλουτεῖ,
771 4364 893 4419 ὅθεν
942 4365 1038 4418 καὶ
1076 4366 1109 4435 ἡ
1143 4363 1281 4436 μέση
1317 4365 1522 4436 μονάς⁶
1582 4367 1791 4419 ἐκεῖθεν

193 4459 306 4527 ἄρα
340 4460 445 4511 καὶ
479 4458 585 4529 τὴν
614 4458 795 4512 αἰτίαν
831 4458 1002 4523 ἐλκει,
1033 4458 1295 4527 κάκείνην
1339 4458 1517 4528 ἀρχὴν
1546 4452 1655 4511 οἶδε
1697 4458 1790 4510 καὶ

1891 1987 1989 2033 aut
2017 1980 2190 2034 tribus
2220 1981 2506 2036 minimum
2551 1982 3027 2039 considerareris?
3064 1984 3151 2041 Uti
3197 2001 3322 2040 vero
3370 1986 3471 2039 tria

1895 2066 2031 2133 haec,
2064 2068 2157 2122 sed
2192 2068 2379 2124 divino
2412 2070 2650 2139 quodam
2701 2074 2886 2137 modo,
2935 2083 2991 2130 et
3041 2077 3472 2147 cogitationibus
3506 2100 3517 2119 ι

1893 2159 2005 2214 Deo
2046 2160 2163 2230 ipso
2203 2161 2597 2219 adiacentibus
2633 2165 2892 2230 admittit,
2926 2175 2982 2222 et
3013 2169 3326 2239 exetnplum
3367 2186 3474 2223 nu-

1894 2251 2054 2314 meri,
2084 2251 2175 2321 qui
2216 2251 2598 2310 determinata:
2629 2259 2953 2325 quantitatis
2986 2267 3071 2314 est
3111 2261 3167 2314 in
3213 2261 3473 2315 similitu-

1892 2342 2076 2397 dinem
2121 2356 2450 2408 assumetur,
2501 2360 2624 2400 cum
2675 2357 2730 2401 et
2760 2346 2997 2403 Trinitas
3044 2351 3471 2420 proprietatibus

1892 2435 2193 2490 secundum
2225 2452 2575 2508 progressum
2610 2438 3043 2507 determinetur;
3071 2458 3307 2511 namque
3333 2443 3473 2498 indi-

1893 2526 2009 2580 vise
2037 2526 2318 2592 dividitur,
2360 2538 2413 2582 et
2446 2528 2621 2585 divise
2651 2529 2966 2587 admirabili
2999 2534 3197 2590 divina:
3225 2537 3473 2604 magniﬁ-

1892 2618 2095 2673 centia:
2134 2619 2295 2674 modo
2348 2621 2719 2693 conjungitur.
2768 2623 2990 2678 Interim
3029 2634 3237 2682 attento
3287 2628 3471 2683 animo

1894 2708 1969 2764 sis
2001 2724 2098 2779 per
2130 2710 2320 2775 Deum,
2349 2726 2381 2765 0
2405 2713 2637 2768 auditor.
2664 2713 2801 2770 Cum
2829 2715 3177 2785 interrogans
3209 2718 3311 2772 sibi
3343 2736 3470 2789 pro-

1895 2802 2187 2872 posuisset,
2226 2804 2383 2873 quasi
2424 2805 2771 2872 atldubitans,
2798 2824 2902 2877 qua
2929 2811 3138 2865 ratione
3169 2826 3234 2865 ex
3275 2811 3473 2891 innua-

1897 2893 2092 2948 teriato
2129 2894 2343 2963 duplari
2390 2911 2619 2952 numero
2650 2915 2817 2954 unum
2869 2916 2993 2955 esse
3047 2903 3238 2971 possit,
3286 2914 3341 2958 et
3376 2921 3473 2975 per

1893 2998 2055 3054 quam
2083 2986 2267 3039 subito
2294 3002 2509 3041 causam
2545 2989 2843 3045 adnectens
2885 2991 2998 3045 fieri
3049 3008 3157 3047 non
3203 3007 3381 3062 posse.
3414 3002 3473 3050 ut

1894 3075 2075 3130 unitas
2103 3091 2267 3130 causa
2299 3078 2391 3141 sit,
2424 3087 2480 3132 et
2500 3095 2608 3134 non
2638 3079 2817 3134 dualis
2842 3098 3126 3149 numerus,
3156 3085 3315 3152 quasi
3354 3086 3472 3139 vel-

1894 3166 1969 3222 let
2008 3181 2106 3236 per
2145 3166 2379 3251 mediam
2417 3171 2869 3239 prapositionem,
2918 3188 3086 3228 unum
3120 3190 3318 3245 nempe
3349 3192 3473 3232 csso

1895 3275 2117 3317 causam
2162 3270 2217 3317 et
2257 3277 2367 3317 non
2399 3264 2529 3328 duo,
2567 3264 2893 3321 concludere
2927 3282 3097 3321 unum
3145 3283 3213 3322 ex
3257 3269 3471 3326 duobus

1895 3368 2003 3407 non
2032 3368 2192 3408 esse:
2226 3354 2327 3410 hoc
2356 3355 2628 3425 siquidem
2662 3355 2805 3425 quod
2831 3359 3113 3427 proposuit
3148 3363 3467 3417 necessario

1895 3445 2223 3514 requirebat,
2257 3446 2371 3516 ipse
2404 3448 2760 3502 nihilominus
2795 3464 2893 3519 per
2922 3449 3277 3519 interpositas
3302 3458 3466 3508 ratio-

1895 3552 1994 3592 nes
2022 3537 2075 3592 id
2104 3538 2277 3607 ipsum
2300 3540 2469 3609 magis
2492 3540 2802 3606 conﬁrmat,
2827 3557 2953 3595 cum
2985 3542 3059 3597 ait
3081 3542 3297 3599 :Unitas
3318 3545 3465 3600 enim

1896 3628 1948 3681 in
1988 3628 2303 3684 dualitatem
2340 3641 2607 3696 movetur,
2633 3632 2886 3702 indeque
2921 3635 2977 3689 in
3024 3635 3324 3691 trinitatem
3347 3676 3361 3701 ,
3412 3635 3468 3694 id

1895 3736 2026 3775 vero
2057 3721 2185 3790 quid
2212 3731 2295 3777 est
2321 3722 2465 3776 aliud
2496 3739 2657 3792 quam
2690 3739 2755 3777 ex
2789 3723 2995 3780 unitate
3022 3725 3276 3792 dualitas,
3315 3738 3369 3782 et
3397 3743 3468 3782 ex

1895 3813 2155 3868 dualitate
2185 3813 2423 3881 trinitas,
2453 3815 2598 3884 quod
2628 3826 2712 3870 est
2748 3832 2915 3870 unum
2958 3818 3257 3873 secundum
3289 3819 3471 3874 deter-

1895 3903 2160 3958 minatum
2197 3919 2502 3968 numerum,
2537 3912 2595 3959 ut
2629 3906 2985 3961 dicebamus?
3013 3916 3068 3962 et
3107 3909 3163 3962 in
3198 3908 3469 3979 theolog’a

1895 3995 2238 4066 praecelebris
2271 3996 2585 4062 concordat,
2616 4013 2743 4052 cum
2770 4000 2965 4069 inquit,
3026 4018 3045 4053 ι
3105 4000 3295 4056 Unitas
3320 4002 3469 4056 enim

1896 4093 1949 4144 in
1974 4089 2288 4144 dualitatem
2323 4102 2494 4157 mota,
2528 4091 2582 4145 in
2605 4091 2871 4148 Trinitate
2897 4094 3166 4162 subsistit,
3191 4111 3212 4149 ι
3243 4098 3470 4150 conclu-

1895 4180 1986 4244 sit,
2019 4182 2128 4236 duo
2151 4182 2312 4238 unius
2335 4199 2555 4237 causam
2590 4198 2699 4238 non
2731 4199 2873 4250 esse,
2899 4186 2992 4239 sed
3022 4202 3187 4239 unum
3211 4187 3466 4243 duorum.

1894 4272 2069 4327 Causa
2093 4290 2223 4328 vero
2257 4284 2361 4337 est,
2385 4274 2521 4330 adeo
2552 4276 3033 4345 inconsequenter,
3062 4286 3113 4331 et
3138 4294 3248 4332 non
3275 4295 3472 4334 secun-

1893 4362 2022 4417 dum
2054 4364 2397 4433 propositum
2435 4364 2713 4434 problema
2744 4366 3152 4422 conclusionem
3189 4370 3466 4439 colligere,

1894 4456 2039 4524 quod
2064 4456 2337 4525 Opinetur,
2365 4455 2501 4511 duas
2525 4472 2718 4511 causas
2742 4457 3111 4526 introducere,
3142 4462 3184 4515 si
3219 4463 3342 4529 quis
3384 4463 3471 4516 di-

193 4549 376 4618 ρίζαν,
411 4548 496 4612 ὡς
524 4548 654 4619 μίαν
679 4544 815 4601 εἶναι
844 4547 1143 4617 διαφανῶς.
1177 4548 1407 4617 ἰδωμεν
1434 4548 1632 4602 οὐκοῦν
1668 4542 1785 4601 οἰά-

1895 4549 2053 4615 xerit,
2102 4565 2169 4603 ex
2209 4547 2422 4603 duobus
2469 4564 2636 4603 unum
2685 4565 2828 4604 esse.
2876 4551 2985 4606 Sed
3032 4552 3081 4605 id
3120 4554 3270 4607 nullo
3308 4555 3469 4609 modo

191 4661 299 4713 περ
324 4646 379 4698 οἱ
432 4645 552 4697 τῶν
590 4644 749 4697 θείων
773 4643 1107 4714 ἐκφάντορες
1135 4643 1197 4696 τὸ
1240 4643 1477 4714 πρῶτον,
1504 4643 1565 4697 τὸ
1601 4645 1785 4711 μέσον,

187 4737 250 4788 τὸ
278 4737 505 4807 τρίτον,
530 4736 591 4789 τὸ
616 4735 675 4793 ἐξ
706 4737 909 4805 ἀμφοῖν
960 4737 1054 4789 ἐπὶ
1079 4736 1189 4788 τῶν
1216 4735 1527 4805 θεαρχικῶν
1574 4735 1790 4806 λαμὸάο

186 4845 380 4891 νοντες
419 4826 784 4880 ὑποστάσεων
832 4827 1157 4896 θεολογικῶς
1204 4826 1605 4880 ἐκδιδάσκουσι.
1680 4828 1790 4881 Καὶ

187 4920 422 4988 πρῶτος
488 4917 656 4980 αὐτὸς
706 4919 738 4974 6
783 4918 883 4988 τὴν
915 4920 1118 4989 μονάδα
1152 4919 1470 4989 κινηθεῖσαν
1505 4920 1584 4983 εἰς
1622 4919 1791 4973 δυάδα

186 5012 363 5083 μέχρι
394 5011 643 5083 Τριάδος
697 5011 889 5081 στῆναι
952 5011 1351 5082 φθεγξάμενος,
1411 5012 1440 5065 ὃ
1490 5014 1642 5067 καὶὸ
1691 5015 1790 5084 τὴν

183 5106 478 5177 ἐρώτησιν
538 5106 833 5175 προφέρων
888 5106 1140 5173 φαίνεται
1199 5106 1557 5174 διαγγέλλων,
1617 5108 1674 5159 ἐν
1709 5102 1788 5169 0';

180 5198 429 5268 ἡρωῖζει
460 5198 585 5258 τὰς.
600 5197 734 5267 πρὸς
762 5195 1065 5266 παρθένους
1098 5196 1399 5267 ὑποθήκας,
1436 5196 1577 5250 οὕτω
1602 5196 1787 5265 φησιν’

185 5310 205 5343 σ
243 5288 343 5353 Εἷς
368 5288 524 5351 Θεὸς
567 5290 631 5341 ἐκ
668 5288 895 5357 γενέταο
921 5288 990 5341 δι’
1013 5288 1173 5351 Υἰὲος
1205 5288 1333 5358 ἔστη
1354 5304 1368 5321 ·
1414 5307 1433 5341 ι
1481 5289 1618 5357 μετά
1646 5306 1787 5352 τινα,

182 5403 203 5437 ι
251 5382 603 5451 Ἱσταμένης
663 5380 917 5451 θεότητος
968 5382 1049 5434 ἐν).
1078 5381 1332 5449 ,τελέοισι
1380 5381 1611 5450 τελεὶης.
1649 5399 1668 5432 ι
1729 5382 1789 5431 ὐ

178 5477 476 5547 σύμφρων
503 5475 700 5526 τούτου
725 5477 820 5527 καί
870 5466 1159 5543 δμώνυμο⁹ς
1185 5474 1485 5526 Νυσσαέων
1526 5473 1788 5543 λαμπτὴρ

175 5569 238 5621 ἐν
270 5566 362 5638 τῷ
396 5566 544 5636 περὶ
580 5563 674 5618 τοῦ
708 5566 865 5633 άγίου
913 5567 1232 5635 Πνεῦματος
1280 5567 1419 5618 κατὰ
1452 5566 1790 5619 Μακεδονικ-

175 5658 289 5711 νῶν
315 5657 483 5725 λόγῳ
509 5654 676 5723 φησιν
703 5672 717 5688 ·
766 5673 785 5705 ι
825 5655 942 5724 Ἐφ’
967 5650 1042 5708 ὧν
1073 5658 1181 5726 γὰρ
1236 5655 1269 5726 ἡ
1300 5655 1443 5707 κατά
1497 5654 1557 5707 τὸ
1588 5656 1788 5723 ἀγαοὶν

173 5750 455 5822 ὶνέργεια
494 5748 757 5817 οὐδεμίαν
803 5749 1121 5809 ἐλάττωσιν,
1173 5749 1206 5819 ἦ
1262 5747 1618 5817 παραλλαγὴν
1650 5747 1784 5815 ἔχει,

175 5842 303 5904 πῶς
338 5843 510 5894 ἐστιν
546 5840 764 5909 εὔλογον
789 5843 886 5909 τὴν
914 5841 1052 5895 κατὰ
1084 5841 1171 5894 1’2»-
1203 5839 1430 5911 ἀριθμὸν
1455 5842 1603 5906 τάξιν
1636 5839 1788 5893 ἐλάτ-

1893 4650 1999 4705 est,
2028 4657 2267 4711 namque
2293 4650 2374 4696 est
2402 4657 2469 4696 ex
2503 4641 2765 4696 dualitate
2796 4658 2988 4706 unum,
3022 4660 3088 4698 ex
3125 4646 3337 4700 duabus
3365 4648 3471 4701 sci-

1894 4732 2020 4788 licet
2056 4733 2355 4788 unitatibus
2389 4734 2547 4788 tertia
2580 4734 2783 4789 unitas.
2814 4734 2979 4805 Igitur
3015 4736 3059 4790 si
3095 4753 3163 4791 ex
3192 4740 3406 4793 duobus
3438 4756 3468 4793 a

1892 4839 1951 4879 se
1982 4823 2270 4895 disiunctis
2300 4839 2444 4879 eSset
2468 4835 2560 4881 aut
2603 4825 2679 4881 ita
2703 4826 2914 4891 divisis,
2947 4836 3007 4882 ut
3039 4845 3208 4883 unum
3237 4831 3303 4885 ad
3335 4832 3471 4885 alte-

1890 4931 2010 4969 rum
2040 4931 2150 4970 non
2180 4912 2494 4980 referretur,
2525 4932 2701 4985 neque
2735 4916 2804 4971 ab
2835 4918 2925 4971 illo
2954 4919 3262 4984 exsisteret,
3293 4938 3469 4990 neque
3538 4930 3541 4933 '

1892 5006 2131 5061 medium
2172 5009 2396 5061 essetin
2434 5023 2745 5079 progressu,
2784 5010 2854 5073 si,
2896 5010 3143 5079 inquam,
3180 5012 3283 5067 hoc
3308 5014 3468 5067 modo

1892 5114 1953 5153 se
1980 5099 2225 5163 haberet,
2261 5108 2316 5154 et
2347 5101 2571 5154 tertium
2609 5115 2718 5154 non
2751 5101 2997 5167 tertium,
3035 5104 3128 5158 sed
3165 5106 3466 5159 secundum

1890 5190 2021 5244 hinc
2050 5201 2104 5245 et
2135 5190 2257 5245 hinc
2288 5190 2430 5245 inter
2458 5192 2617 5247 ambo
2647 5193 3112 5255 consideraretur,
3145 5205 3199 5250 et
3243 5210 3350 5250 non
3384 5212 3470 5250 se-

1890 5280 2128 5336 cundum
2161 5282 2321 5337 seriei
2354 5284 2745 5339 assentientem
2772 5287 3143 5355 egressionem
3171 5328 3185 5351 ,
3220 5303 3327 5342 non
3379 5288 3465 5341 iu-

1890 5389 2126 5444 congrue
2170 5374 2403 5431 duorum
2447 5377 2864 5446 principiorum,
2915 5389 2970 5433 et
3007 5379 3239 5447 duplicis
3287 5395 3467 5435 causa:

1890 5467 2028 5521 ratio
2060 5466 2518 5525 introduceretur.
2546 5468 2936 5524 Verumtamen
2968 5486 3091 5525 eum
3128 5474 3244 5527 haec
3273 5488 3339 5526 ex
3372 5471 3469 5530 ad-

1892 5570 2051 5609 verso
2081 5570 2139 5610 se
2168 5556 2420 5619 habeant,
2452 5565 2507 5611 et
2548 5558 2703 5611 tertia
2741 5558 2922 5613 unitas
2952 5575 3052 5627 per
3078 5561 3312 5615 mediam
3343 5562 3468 5615 nni-

1891 5657 2051 5702 tatem
2085 5662 2149 5701 ex
2181 5656 2354 5717 prima
2387 5658 2441 5703 et
2474 5648 2759 5719 principali
2788 5649 3043 5716 monade,
3068 5652 3212 5720 quod
3247 5653 3320 5707 sit
3346 5668 3470 5722 p03-

1891 5740 2084 5804 s'deat,
2122 5739 2248 5794 inde
2282 5756 2410 5810 ergo
2440 5748 2495 5795 et
2542 5740 2717 5794 media
2770 5742 2953 5794 unitas
2997 5758 3219 5797 causam
3274 5744 3464 5807 trahit,

1890 5836 2143 5905 illamque
2179 5832 2501 5905 principium
2535 5842 2693 5905 atque
2719 5832 2981 5904 originem
3012 5837 3093 5891 sui
3129 5836 3389 5908 agnoscit,
3410 5845 3465 5892 ot
