3972 6592
588 419 719 482 1291

1791 420 2116 482 GEORGII
2163 421 2625 483 METOCHIT/E

3673 420 3775 484 1!"?

588 536 839 590 removit.
871 534 1233 589 Nihilominus
1266 548 1388 590 cum
1415 542 1468 588 et
1498 534 1612 588 aliae
1641 535 1822 588 multa:
1847 537 2004 591 nobis
2025 553 2148 608 sup-

2269 554 2370 590 σαν
2401 538 2690 607 ἀμέρειαν.
2724 536 2934 605 Ὥσπερ
2963 535 3020 588 δὲ
3051 536 3109 586 ού
3151 533 3403 604 μερισεὺς
3429 532 3457 584 ό
3490 531 3663 601 Πατὴρ
3685 536 3773 588 οὐδὲ

588 635 776 695 petant
804 635 857 680 et
887 626 1147 688 rationes,
1173 635 1223 679 et
1247 626 1499 679 notiones
1533 641 1813 680 sacrorum
1841 643 2151 697 praeconum

590 734 771 774 rerum
839 718 1243 771 reconditarum
1299 707 1742 772 enarrationibus
1797 719 2044 772 subnixus
2085 721 2152 772 ad

588 807 958 878 duplicitzttem
996 808 1136 862 hanc
1164 807 1543 872 refellendam,
1577 825 1684 863 uno
1719 818 1928 864 tantum
1960 825 2024 864 ex
2057 811 2156 864 iis-

587 901 709 953 dem
745 901 995 969 exemplo
1041 901 1210 970 petito
1245 902 1490 955 contenti
1538 902 1765 965 erimus,
1800 901 1928 956 solis
1961 918 2154 972 nempe

585 991 719 1046 radii
763 1000 818 1046 et
870 991 1113 1047 luminis.
1149 991 1211 1046 Hi
1242 991 1506 1062 siquidem
1563 994 1619 1047 in
1670 996 1864 1050 exilem
1927 994 2154 1048 Deitatis

579 1083 892 1153 primipnm
944 1084 1307 1155 hypostaseon
1370 1085 1785 1142 similitudinem
1841 1088 1940 1142 ista
1992 1087 2154 1140 desu.

585 1185 820 1242 mentes,
851 1176 930 1230 uti
958 1192 1024 1230 ex
1059 1177 1174 1232 sole
1207 1185 1262 1230 et
1295 1176 1466 1241 radio,
1509 1193 1570 1232 ev
1609 1178 1909 1234 iilumiuato
1958 1193 2154 1247 nempe

582 1265 714 1322 orbe
744 1281 841 1336 per
877 1266 1111 1330 radium,
1153 1266 1334 1322 lumen
1385 1270 1500 1323 sive
1549 1269 1889 1324 eﬂ'ulsionem
1943 1268 2154 1339 simpli-

581 1371 700 1412 cem
721 1368 1182 1425 commonstrant;
1215 1376 1335 1429 qua:
1361 1363 1507 1416 enim
1535 1362 1698 1431 hujus
1725 1362 2048 1431 duplicitas?
2077 1362 2155 1416 sic

581 1465 647 1503 ex
681 1451 971 1514 ambobus,
1020 1467 1083 1506 ex
1117 1450 1278 1508 Patre
1311 1453 1580 1509 duntaxat
1625 1470 1722 1524 per
1757 1454 1949 1509 Filium
1981 1453 2156 1524 Spiri-

583 1552 697 1618 tum
731 1541 1108 1608 decernentes,
1138 1545 1285 1598 omni
1315 1545 1630 1615 duplicitate
1660 1545 1998 1614 superiorem
2024 1561 2154 1599 con-

580 1635 835 1688 stituunt.
868 1634 1018 1690 Licet
1049 1638 1588 1707 supersubstantialis
1635 1637 1848 1692 Triadis
1887 1638 2151 1708 simplici-

583 1735 664 1778 tas
697 1741 863 1796 super
889 1743 1104 1782 omnem
1137 1729 1539 1799 simplicitatem
1571 1729 2150 1799 est,quemadmodum

2257 628 2530 692 σύνθετος,
2558 629 2640 681 ὅτι
2663 629 2752 681 τὸν
2776 627 2903 680 Υίδν
2930 629 3114 698 γεννᾷ,
3141 627 3234 679 καὶ
3255 626 3315 679 τδ
3339 625 3562 694 Πνεῦμα
3584 626 3774 694 προδῶ-

2254 721 2429 782 λεται,
2484 719 2690 787 καίπερ
2735 718 2896 772 ἄλλου
2949 718 3044 770 καὶ
3087 717 3249 771 ἄλλου
3302 715 3678 786 θεωρουμένων
3707 719 3776 769 τοῦ

2252 809 2450 878 γεννᾷν
2482 808 2576 860 καὶ
2621 805 3046 876 προϐάλλεσθαι,
3084 808 3117 876 ἡ
3155 806 3210 859 δὲ
3262 804 3323 868 ἐξ
3368 805 3572 872 ἀμφοῖν
3602 804 3779 870 πρόοδος

2254 902 2284 968 ἠ
2313 900 2450 968 αὑτὴ
2485 899 2578 951 καὶ
2609 899 2732 968 μία,
2769 898 2851 952 ὅτι
2883 897 2959 969 μὴ
2989 897 3164 951 ταῦτα
3209 897 3349 967 μέρη
3389 894 3507 948 ἀλλ’
3547 893 3780 962 ἰδιότητες,

2253 990 2373 1043 οὐδὲ
2401 991 2543 1044 κατά
2569 1007 2691 1044 τινα
2719 990 2892 1061 τομὴν
2928 991 2959 1059 ὴ
2992 991 3259 1059 ἐκατέρου
3297 987 3622 1057 γνωρίζεται
3652 990 3780 1056 πρόο-

2253 1079 2342 1142 δος
2363 1094 2375 1107 ’
2403 1079 2575 1143 οὕτως
2600 1079 2725 1133 οὗτε
2757 1081 2816 1134 τὸ
2841 1077 3066 1149 Πνεῦμα
3095 1077 3370 1149 μεριστὸν,
3395 1075 3521 1128 οὔτε
3555 1074 3779 1139 σύνθετον,

2251 1170 2333 1224 δτι
2375 1173 2439 1225 ἐκ
2474 1171 2684 1241 Πατρδς
2718 1171 2814 1225 καὶ
2838 1170 2994 1235 Υίοῦ,
3023 1171 3144 1223 οὐδέ
3173 1170 3233 1222 τὸ
3269 1168 3368 1238 μὲν
3395 1172 3458 1220 ἐκ
3491 1165 3589 1218 τοῦ
3614 1167 3781 1236 Πατρός

2251 1263 2387 1334 ἔχει,
2424 1265 2485 1316 τὸ
2513 1263 2566 1316 δὲ
2602 1266 2667 1317 ἐκ
2693 1263 2789 1317 τοῦ
2816 1263 2970 1328 Υῖοῦ,
3005 1263 3143 1317 ἀλλὰ
3168 1262 3230 1315 τὸ
3261 1260 3492 1321 ἁπλοῦν,
3525 1261 3655 1328 ὅπερ
3672 1260 3785 1310 ἐστὶν

2255 1355 2320 1408 ἐκ
2353 1354 2449 1408 τοῦ
2491 1356 2705 1427 Πατρός
2731 1359 2848 1409 ἐστι
2889 1357 2984 1409 καὶ
3025 1355 3119 1408 τοῦ
3146 1355 3299 1421 Υίοῦ,
3329 1354 3385 1420 ἐξ
3417 1352 3626 1416 ἁπλῶν,
3649 1353 3782 1422 ἧτουν

2253 1444 2313 1511 ἐξ
2343 1447 2516 1502 ἁπλοῦ
2539 1446 2608 1501 δι’
2637 1446 2835 1512 ἁπλοῦ,
2869 1449 2963 1500 καὶ
2993 1447 3052 1512 ἐξ
3078 1448 3305 1516 ἀμερῶν
3333 1445 3561 1515 ἀμερὲς,
3589 1445 3669 1496 καὶ
3684 1447 3786 1513 δμο-

2254 1542 2388 1609 φυές
2415 1541 2474 1606 ἐξ
2499 1539 2777 1610 ὁμοφυῶν.
2811 1542 2873 1594 0i
2913 1541 3013 1611 μὲν
3048 1537 3141 1594 οῦν
3171 1539 3230 1604 ἐξ
3259 1540 3378 1602 ἐνὸς
3411 1537 3604 1606 ἄμφω,
3637 1537 3714 1590 καὶ
3738 1538 3785 1589 τὸ

2252 1632 2310 1684 ἐν
2337 1633 2393 1699 ἐξ
2419 1634 2622 1703 ἀμφοῖν
2647 1635 2968 1702 φάσκοντες.
2991 1634 3067 1697 ὡς
3087 1634 3146 1686 τὸ
3166 1630 3309 1685 οὕτω
3332 1633 3532 1698 φωνεῖν
3550 1628 3788 1698 φθέγμασι

2253 1728 2540 1795 πατρικοῖς
2571 1725 2769 1796 ἐχομεν
2793 1726 3203 1796 στηριζόμενον,
3239 1723 3383 1778 οὕτω
3405 1725 3502 1776 καὶ
3527 1722 3788 1791 παραδείγ-

3813 1419 3823 1470 ι

579 1825 635 1869 et
674 1816 1028 1872 individuitas
1057 1835 1226 1889 super
1261 1836 1477 1875 omnem
1511 1820 1972 1875 individuitatem.
1998 1818 2148 1873 Sicut

2259 1834 2394 1887 μασι
2420 1819 2534 1880 τοῖς
2565 1817 2745 1871 αὐτῶν
2789 1818 3198 1888 ἐδραιούμενον,
3232 1816 3297 1869 οὐ
3346 1817 3512 1886 μόνον
3552 1814 3628 1884 τῷ
3653 1830 3791 1883 προσ-

550 1911 724 1964 ιειιίιιι
751 1908 910 1966 Pater
939 1928 1112 1983 neque
1143 1914 1396 1968 dividuus
1432 1922 1538 1977 est,
1571 1928 1752 1984 neque
1782 1912 2144 1983 compositus,

2253 1908 2393 1978 εχῶς
2424 1908 2741 1980 τεθειμένιρ,
2798 1911 2870 1973 ὡς
2925 1911 3063 1980 πρὸς
3105 1910 3182 1980 τῷ
3236 1910 3317 1962 ἐνὶ
3347 1907 3509 1960 πλέον
3539 1908 3666 1974 ἐρῶ,
3703 1901 3787 1958 οἷον

547 2003 724 2070 .quod
744 2013 972 2073 generet
1005 2005 1238 2068 Filium,
1287 2014 1342 2061 et
1393 2004 1655 2076 Spiritum
1703 2003 1986 2074 producat,
2023 2002 2150 2056 licet

549 2095 724 2149 .aliud
756 2111 1018 2166 generare
1046 2109 1094 2152 et
1132 2099 1432 2168 producere
1473 2097 1890 2162 consideratur,
1925 2111 1989 2150 ex
2029 2109 2150 2148 am-

559 2186 752 2240 ~bobus
783 2187 910 2242 item
944 2204 1194 2261 egressus
1226 2190 1368 2245 idem
1411 2198 1496 2244 est
1543 2197 1599 2246 et
1646 2203 1787 2243 unus
1834 2188 1984 2257 quod
2033 2186 2151 2241 istae

580 2290 763 2346 partes
789 2295 900 2334 non
930 2289 1077 2342 sunt,
1106 2280 1202 2336 sed
1233 2281 1618 2350 proprietates,
1651 2293 1827 2350 neque
1849 2276 2149 2334 secundum

578 2371 812 2440 aliquam
862 2373 1184 2428 recisionem
1209 2411 1223 2436 ,
1260 2373 1542 2443 utriusque
1575 2385 1899 2442 progressus
1946 2384 2149 2440 cogno-

580 2464 752 2518 scitur
788 2477 804 2517 :
839 2465 953 2533 pari
1002 2465 1213 2520 ratione
1244 2467 1424 2535 neQue
1461 2465 1698 2536 Spiritus
1737 2463 1991 2518 dividuus
2033 2471 2148 2530 est,

579 2571 758 2626 neque
816 2557 1172 2625 compositus,
1232 2558 1379 2628 quod
1427 2573 1492 2611 ex
1543 2555 1704 2612 Patre
1765 2563 1820 2610 et
1869 2555 2023 2619 Filio,
2083 2568 2152 2608 ex

577 2649 916 2718 simplicibus
949 2659 1052 2716 est,
1091 2665 1287 2719 nempe
1317 2664 1380 2704 ex
1431 2649 1679 2719 simplice
1713 2663 1810 2718 per
1842 2646 2149 2716 simplicem

577 2741 828 2811 simplex,
877 2751 932 2795 et
963 2755 1028 2796 ex
1070 2741 1365 2796 individuis
1404 2739 1755 2804 individuus,
1803 2748 1858 2794 et
1903 2739 2148 2808 ejusdem

575 2843 784 2888 natura)
814 2848 937 2889 cum
969 2833 1034 2888 iis
1058 2835 1150 2903 qui
1179 2833 1424 2904 ejusdem
1463 2841 1670 2903 natura;
1691 2847 1814 2887 cum
1842 2830 1963 2901 ipso
1995 2838 2146 2884 sunt.

575 2926 676 2994 Qui
712 2928 896 2998 itaque
929 2941 993 2980 ex
1031 2942 1143 2981 uno
1173 2926 1356 2991 ambo,
1385 2934 1441 2981 et
1469 2941 1536 2982 ex
1565 2925 1831 2980 ambobus
1858 2938 2028 2978 unum
2059 2939 2148 2978 as-

576 3025 801 3080 serunt,
847 3016 1303 3086 quemadmodum
1349 3017 1421 3071 ita
1479 3025 1670 3071 tenere
1721 3015 1882 3071 dictis
1928 3015 2148 3070 Patrum

561 3109 982 3174 roniirmamur,
1015 3110 1093 3165 sic
1123 3126 1312 3165 eorum
1343 3124 1560 3180 quoque
1582 3110 1850 3179 exemplis
1887 3109 2146 3163 corrobo-

563 3218 782 3268 ramur,
816 3218 925 3257 non
959 3210 1168 3257 tantum
1218 3205 1468 3273 proxime
1512 3203 1782 3272 apposito,
1835 3219 1946 3257 uno
1979 3202 2149 3271 siqui—

577 3298 722 3360 dem,
753 3295 848 3350 sed
881 3311 1002 3352 cum
1034 3295 1086 3350 id
1116 3294 1388 3350 sermonis
1416 3296 1587 3350 series
1617 3303 1774 3366 cegat
1797 3295 1900 3349 alia
1929 3309 2147 3365 quoque

576 3388 794 3451 addam,
836 3389 980 3459 quod
1023 3388 1128 3443 erit
1161 3388 1377 3452 radicis,
1409 3387 1566 3452 rami,
1594 3395 1648 3441 et
1680 3388 1922 3454 fructus;
1955 3402 2020 3442 ex
2064 3403 2150 3448 ra-

576 3481 696 3536 dice
731 3480 874 3536 enitn
905 3479 1114 3538 fruetus
1145 3496 1242 3552 per
1276 3496 1510 3548 ramum;
1540 3495 1726 3535 verum
1756 3496 1819 3535 ex
1849 3495 1999 3535 ramo
2022 3495 2147 3534 eum

575 3572 738 3626 etiam
769 3573 949 3628 dicere
972 3573 1107 3628 nihil
1157 3583 1324 3628 vetat.
1360 3575 1500 3628 Hinc
1529 3589 1595 3628 ex
1626 3574 1913 3640 ambobus,
1950 3590 2018 3628 ex
2052 3589 2143 3627 ra-

555 3665 696 3719 dice
727 3665 936 3719 scilicet
969 3681 1064 3736 per
1095 3681 1328 3720 ramum.
1374 3665 1638 3720 Similiter
1690 3675 1745 3720 et
1793 3665 1928 3719 illud
1961 3663 2102 3719 oculi
2129 3705 2146 3732 ,

556 3759 761 3823 .i’ontis,
803 3769 857 3813 et
886 3757 1056 3813 ﬂuvii.
1089 3757 1190 3825 Qui
1222 3773 1384 3829 porro
1418 3759 1552 3814 illud
1579 3774 1644 3813 ex
1680 3757 1945 3813 ambobus
1970 3771 2147 3827 oppu-

579 3859 766 3919 gnant,
799 3850 875 3904 uti
906 3850 1082 3904 verbis
1128 3867 1192 3905 ac
1229 3851 1546 3906 notionibus
1572 3866 1602 3905 e
1634 3860 1822 3905 ventre
1862 3852 2037 3907 enatis
2079 3852 2148 3906 ad

579 3941 681 3996 sibi
713 3941 1032 4012 complacita
1065 3941 1408 4008 deferuntur,
1445 3957 1560 3996 non
1598 3942 1920 3998 testimoniis
1946 3945 2148 4013 scripto

565 4032 826 4097 traditis,
875 4035 954 4088 sic
991 4034 1058 4089 ad
1111 4049 1174 4088 ea
1225 4049 1347 4103 quae
1395 4035 1462 4088 ad
1510 4034 1805 4106 imaginem.
1848 4035 2150 4091 divinitatis

577 4123 838 4194 principis
882 4117 1101 4179 Triadis
1147 4124 1369 4179 Patrum
1416 4125 1577 4180 dictis
1611 4138 1989 4196 apponuntur,
2037 4143 2148 4182 non

571 4214 920 4268 advertentcs
950 4215 1219 4279 animum,
1243 4216 1344 4270 viri
1371 4223 1533 4284 atque
1568 4216 1813 4272 mulieris
1848 4219 2054 4288 prolem
2080 4234 2148 4273 ex

561 4318 868 4372 congressu
898 4305 1140 4358 motibus
1169 4305 1336 4358 animi
1361 4305 1621 4369 obnoxio,
1651 4315 1704 4361 et
1731 4307 2144 4378 generationem

575 4393 716 4464 ignis
743 4409 808 4448 ex
836 4395 1072 4450 violenta
1102 4411 1166 4451 ac
1206 4395 1518 4452 vehementi
1550 4398 1863 4465 fricatione,
1893 4415 1958 4454 ex
1986 4401 2148 4456 rebus

561 4487 798 4541 alterius
851 4497 1060 4542 natura:
1104 4496 1267 4558 atque
1310 4492 1561 4544 essentia:
1599 4494 1738 4544 inter
1785 4506 1906 4546 sese
1958 4502 2148 4548 mutuo

2251 2000 2567 2070 ἐλκόμενος,
2601 2001 2740 2054 ἀλλά
2774 2005 2868 2054 καὶ
2903 2002 2980 2071 τῷ
3006 2002 3106 2071 τῆς
3137 2001 3318 2073 ῥίζης,
3347 1999 3444 2054 καὶ
3480 1997 3582 2052 τοῦ
3610 1998 3788 2061 κλάδον,

2250 2093 2471 2147 καὶτοῦ
2505 2092 2741 2162 καρποῦ.
2785 2094 2881 2148 Ἐκ
2927 2095 3030 2164 τῆς
3081 2093 3239 2165 ῥίζης
3279 2093 3392 2162 γὰρ
3423 2094 3452 2144 ό
3499 2090 3701 2161 καρπὸς
3721 2091 3788 2142 διὰ

2249 2184 2343 2239 τοῦ
2379 2185 2596 2247 κλάδον,
2635 2185 2771 2239 ἀλλὰ
2802 2185 2896 2239 καὶ
2946 2187 3011 2238 ἐκ
3046 2185 3140 2239 τοῦ
3188 2185 3380 2238 κλάδου
3426 2184 3610 2251 λέγειν
3638 2181 3790 2234 τοῦτον

2251 2279 2723 2335 ἀκώλυτον.”Οθεν
2756 2280 2852 2334 καὶ
2885 2279 2942 2345 ἐξ
2975 2280 3197 2349 ἀμφοῖν,
3227 2281 3290 2331 ἐκ
3324 2280 3419 2349 τῆς
3448 2279 3607 2347 ῥίζης
3637 2275 3786 2347 δηλον-

2251 2373 2332 2426 ότι
2365 2373 2452 2426 διὰ
2479 2373 2576 2426 τοῦ
2609 2372 2828 2426 κλάδου.
2869 2371 3145 2434 Ὡσαύτως
3175 2371 3269 2424 καὶ
3297 2371 3360 2423 τὸ
3393 2369 3488 2422 τοῦ
3521 2369 3788 2439 ὀφθαλμοῦ,

2251 2465 2351 2534 τῆς
2382 2463 2565 2536 πηγῆς
2601 2465 2696 2518 καὶ
2743 2463 2838 2518 τοῦ
2870 2463 3139 2534 ποταμοῦ.
3183 2463 3247 2514 Οί
3273 2462 3330 2516 δέ
3372 2463 3509 2532 πρὸς
3544 2463 3604 2515 τὸ
3631 2462 3682 2525 ἐξ
3708 2463 3790 2530 ty.

2253 2558 2374 2626 φοῖν
2429 2555 2985 2625 ἀντικαθιστάμενοι,
3045 2554 3121 2618 ὡς
3177 2555 3385 2624 ῥήμασι
3443 2553 3542 2607 καὶ
3593 2554 3792 2623 νοήματι

2233 2646 2365 2720 ἷτοῖς
2405 2646 2513 2700 ἀπδ
2543 2646 2753 2708 κοιλίας
2797 2649 2937 2718 πρὸς
2965 2644 3026 2699 τδ
3059 2645 3203 2700 κατά
3245 2642 3510 2715 βούλησιν
3546 2645 3792 2714 φέρονται,

2251 2742 2311 2791 ού
2342 2742 2459 2804 ταῖς
2492 2741 2554 2792 ἐκ
2602 2739 2839 2810 Γραφῶν
2888 2741 3221 2811 μαρτυρίαις
3265 2739 3633 2804 ούδοπωσοῦν,
3681 2738 3798 2791 οὕτω

2249 2829 2359 2884 τῶν
2384 2832 2463 2893 είς
2486 2829 2670 2884 εἰκόνα
2697 2831 2794 2900 τῆς
2822 2831 3058 2903 ἀρχικῆς
3078 2831 3308 2900 Τριάδος
3330 2834 3688 2902 παραθέσεων
3715 2849 3798 2882 πα-

2250 2921 2456 2994 τρικῶν
2508 2923 2582 2993 μὴ
2631 2923 3110 2994 ἐπιστρεφόμενοι,
3165 2923 3525 2992 ἀποτέλεσμα
3577 2925 3799 2992 γυναικὸς

2253 3017 2347 3070 καὶ
2376 3015 2569 3085 ἀνδρὸς
2599 3017 2659 3080 ἐξ
2681 3017 2964 3085 ἐμπαθοῦς
2991 3016 3376 3081 συνελεύσεως,
3406 3017 3502 3070 καὶ
3536 3019 3700 3087 πυρὸς
3730 3018 3801 3083 τέο

2251 3125 2401 3161 νεσιν
2426 3109 2488 3160 ἐκ
2518 3107 2702 3177 βιαίας
2741 3107 3122 3178 προστρίψεως
3153 3109 3464 3178 ἐτεροφυῶν
3493 3111 3635 3177 πρὸς
3669 3109 3802 3175 ἄλλη-

2252 3198 2317 3251 λα
2368 3201 2463 3252 καὶ
2489 3197 2870 3266 ἐτεροουσίων,
2899 3201 2995 3253 καὶ
3025 3199 3200 3271 πηλοῦ
3229 3199 3484 3254 σύνθεσιν
3510 3200 3572 3266 ἐξ
3598 3202 3805 3269 ἑτεροει-

2251 3291 2355 3345 δῶν
2374 3290 2638 3354 ὡσαύτως
2674 3293 2886 3346 οἴκοθεν
2930 3294 3387 3364 παρεισάγουσιν,
3419 3295 3500 3359 ὡς·
3549 3296 3804 3366 ἐμφήναν-

2247 3400 2337 3447 τες
2363 3384 2536 3439 ταῦτα
2565 3385 2694 3448 τοὺς
2724 3385 3055 3450 ἀπεναντίας
3077 3386 3378 3456 λαμϐάνειν
3408 3389 3491 3450 είς
3529 3389 3802 3457 ἐμφέρειαν

2247 3478 2347 3548 τῆς
2373 3477 2432 3543 ἐξ
2465 3480 2669 3550 ἀμφοῖν
2707 3479 2936 3549 προόδου
2969 3479 3064 3534 τοῦ
3118 3481 3442 3550 Πνεύματος
3484 3481 3568 3553 τῷ
3611 3483 3802 3553 ἀπαρα-

2247 3569 2423 3640 δέκτῳ
2472 3569 2681 3624 τούτων
2735 3571 2797 3625 τὸ
2855 3573 2996 3626 κατά
3048 3573 3252 3627 σκοπὸν
3305 3575 3805 3637 κατασκευάσαντες

2247 3663 2648 3735 ἀπαρτίσωσιν,
2690 3661 2849 3717 ἅτινα
2881 3666 2954 3734 μή
2983 3665 3064 3718 τοί
3094 3682 3158 3732 γε
3203 3666 3340 3728 ὅλως
3365 3665 3542 3736 ἐρεῖν,
3583 3667 3616 3734 ἦ
3643 3668 3803 3734 γραφῇ

2248 3752 2452 3822 δοῦναι,
2502 3752 2638 3808 ἀλλά
2671 3757 2765 3808 καὶ
2809 3757 2988 3826 μόνως
3019 3757 3274 3827 ἐννοῆσαι
3328 3758 3522 3828 ψιλαῖς
3567 3759 3807 3818 ἐπινοίαις

2250 3845 2352 3901 κᾶν
2377 3847 2632 3918 δαίμονες
2657 3847 2906 3920 ἐφριξαν.
2952 3849 3010 3904 '0
3053 3852 3328 3922 γρήγορος
3359 3853 3554 3922 μέντοι
3587 3868 3650 3920 γε
3678 3848 3807 3911 νοῦς.

2251 3942 2285 4010 ἡ
2317 3940 2417 4008 τῆς
2469 3939 2747 4010 θεολογίας
2776 3942 3040 4013 ἀκρότης,
3090 3941 3150 4008 ἐξ
3192 3942 3516 4013 όμοιώσεών
3543 3961 3705 3998 τινων
3729 3948 3810 4011 τὴν

2251 4029 2626 4101 ὑπεράπειρον
2650 4031 2855 4102 Τριάδα
2877 4031 3114 4098 δεικνὺς,
3148 4052 3167 4084 ι
3201 4034 3443 4104 ἀμυδρὸν
3474 4034 3540 4088 τὸ
3563 4035 3661 4102 τῆς
3675 4036 3808 4087 εἰκα-

2254 4123 2376 4187 σίας
2408 4123 2726 4194 δηλοῦσθαι,
2767 4141 2799 4174 s.
2825 4125 2923 4178 καὶ
2955 4125 3034 4188 τδ,
3069 4143 3089 4177 ι
3123 4125 3186 4179 τδ
3217 4127 3378 4184 πλέον
3413 4127 3649 4197 φεύγειν
3683 4146 3702 4178 ι
3735 4144 3815 4195 με·

2250 4214 2574 4284 γαληγόρως
2637 4215 2997 4285 μαρτύρεται,
3055 4234 3075 4268 ι
3112 4217 3205 4270 καὶ
3239 4218 3390 4272 κάτω
3445 4221 3643 4288 μένειν
3685 4221 3810 4288 ἡμᾶς

2250 4307 2346 4377 ἐᾷν
2401 4305 2540 4376 μετά
2593 4305 2690 4360 τοῦ
2743 4308 3145 4378 ὑποδείγματος
3197 4327 3215 4361 ι
3281 4309 3689 4376 ἀποφαίνεται,
3736 4311 3814 4364 καὶ

2249 4399 2421 4453 ταῦτα
2453 4398 2754 4470 δμοουσίων
2778 4400 2877 4452 καὶ
2911 4400 3171 4470 ὁμοφυῶν
3195 4400 3293 4464 τὰς
3330 4401 3676 4471 παραθέσεις
3697 4403 3812 4473 πρὸς

2250 4489 2486 4560 ἀλλήλας
2522 4489 2830 4560 τιθέμενος.
2891 4491 3048 4562 Ἔχει
3099 4493 3191 4545 καὶ
3244 4491 3354 4562 γὰρ
3393 4492 3579 4556 οὕτως
3632 4495 3696 4547 ἐκ
3736 4493 3812 4545 τα]

573 4580 915 4649 conjunctis,
947 4587 1004 4636 et
1035 4580 1132 4636 luti
1167 4582 1623 4652 compositionem
1653 4599 1716 4638 ex
1749 4583 1912 4638 rebus
1955 4596 2147 4638 natura

2254 4580 2444 4650 ἡλίου·
2501 4578 2603 4648 τῆς
2633 4581 2874 4644 ἀκτῖνος,
2908 4582 3008 4634 καὶ
3046 4582 3143 4634 τοῦ
3183 4582 3363 4651 φωτὸς
3411 4585 3478 4636 τὸ
3531 4584 3814 4655 ἀχώριστον

574 4672 809 4727 diversis
839 4673 1003 4729 simili
1045 4674 1206 4729 modo
1252 4691 1314 4730 ex
1350 4674 1587 4745 propriis
1620 4677 1949 4744 producunt,
1991 4678 2144 4746 quasi

574 4766 1013 4820 demonstrarent
1039 4767 1383 4821 adversarios
1410 4767 1464 4820 in
1492 4767 1906 4823 similitudinem
1937 4783 2001 4822 ex
2029 4784 2146 4822 am-

510 4853 531 4874 '
567 4857 747 4911 bobus
781 4856 1018 4927 Spiritus
1059 4875 1382 4932 progressus
1423 4860 1625 4914 similia
1677 4877 1974 4926 assumere,
2025 4877 2146 4931 quae

572 4949 792 5018 quidem
825 4967 948 5004 eum
982 4951 1318 5008 admittenda
1359 4953 1581 5006 minime
1628 4963 1775 5018 sunt,
1827 4953 1930 5007 illis
1964 4963 2146 5008 tamen

571 5058 800 5113 scopum
833 5059 991 5097 suum
1043 5045 1488 5113 comprobantes,
1525 5047 1668 5114 quod
1698 5045 2007 5110 intendunt,
2044 5047 2148 5102 sibi

571 5136 826 5192 videntur
850 5137 1149 5200 absolvere,
1188 5152 1310 5205 qua:
1343 5153 1454 5190 non
1485 5147 1693 5192 tantum
1725 5152 1854 5192 voce
1880 5140 2146 5208 proferre,

570 5236 686 5285 sive
719 5231 924 5298 scripto
956 5229 1186 5294 tradere,
1217 5229 1313 5283 sed
1342 5229 1422 5284 vel
1455 5231 1800 5286 solummodo
1835 5243 2017 5286 mente
2039 5234 2150 5304 agi-

571 5334 688 5376 tare
719 5322 994 5377 dannones
1027 5321 1129 5390 ipsi
1161 5323 1511 5378 horruerunt.
1542 5324 1694 5377 Mens
1729 5323 1948 5391 quidem
1974 5323 2148 5393 evigi-

573 5415 713 5477 lans,
765 5413 1050 5483 theologia:
1103 5428 1277 5482 apex,
1333 5417 1658 5485 quibusdam
1695 5416 2149 5471 similitudinibus

573 5521 738 5573 supra
791 5519 1011 5560 omnem
1086 5497 1411 5562 inﬁnitatem
1477 5508 1827 5563 constitutam
1895 5507 2146 5563 Triadem

573 5598 902 5660 ostendens,
969 5614 986 5647 ι
1025 5593 1464 5659 similitudinum
1505 5598 1828 5652 tenuitatem
1868 5599 2092 5654 indicari
2127 5639 2142 5662 ,

572 5701 626 5742 et
672 5687 816 5758 quod
865 5687 987 5757 plus
1033 5699 1120 5768 est
1162 5690 1372 5758 lugere,
1410 5708 1426 5736 ι
1463 5689 1670 5758 ingenti
1715 5704 1846 5742 voce
1892 5699 2146 5753 testatur,

578 5800 597 5831 ι
621 5791 672 5833 et
711 5780 850 5833 inira
881 5796 980 5836 nos
1013 5797 1119 5836 una
1155 5798 1278 5835 cum
1306 5783 1554 5852 exemplo
1585 5798 1801 5836 manere
1827 5802 1844 5833 ι
1881 5784 2144 5846 decernit,

573 5873 701 5930 licet
737 5886 823 5928 res
855 5873 1102 5944 eiusdem
1131 5873 1272 5930 inter
1298 5889 1354 5929 se
1387 5885 1592 5930 natura:
1618 5886 1777 5947 atque
1808 5875 2056 5930 essentia:
2079 5877 2145 5930 ad

2251 4670 2499 4740 ἀλλήλων
2529 4672 2621 4726 ἀεὶ
2654 4674 2984 4740 σημαίνεται
3017 4673 3128 4726 τῶν
3159 4673 3475 4744 θεαρχικῶν
3499 4679 3814 4747 προσώπων,

2251 4767 2344 4818 καὶ
2371 4765 2434 4818 τδ
2459 4764 2670 4830 ἀπαθὲς
2697 4766 2798 4834 τῆς
2842 4765 3096 4836 προόδου,
3144 4766 3241 4820 καὶ
3271 4767 3371 4835 τῆς
3401 4767 3744 4834 ἐκφάνσεως,
3778 4767 3816 4817 εἰ

2249 4863 2342 4914 καὶ⁵
2381 4860 2456 4931 μὴ
2475 4862 2534 4913 τὸ
2554 4860 2664 4914 τῶν
2694 4859 2860 4932 τριῶν
2889 4861 3322 4918 ίδιοῦπόστατον.
3373 4860 3467 4917 Ἐν
3497 4864 3615 4934 γὰρ
3649 4867 3713 4932 τῇ
3740 4862 3817 4912 τοῦ

2250 4951 2668 5022 πεφωτισμένου
2703 4951 2888 5004 δίσκου
2913 4952 3211 5007 ὑποστάσει
3239 4953 3272 5022 ἡ
3301 4954 3463 5016 ἀκτὶς
3498 4955 3605 5007 καὶ
3633 4954 3694 5006 τὸ
3721 4953 3816 5019 φῶς
3871 4999 3873 5002 ι

2252 5045 2490 5113 πέφυκεν
2541 5043 2908 5114 ὑφιστάμενα,
2959 5047 3052 5098 καὶ
3091 5043 3167 5116 μὴ
3208 5044 3337 5098 καθ’
3386 5046 3538 5100 αὐτὰ
3605 5046 3822 5100 ίδιοῦπόο

2253 5151 2456 5189 στατα·
2493 5138 2555 5189 ἐκ
2593 5135 2689 5189 τοῦ
2718 5135 3022 5206 ὀφθαλμοῦ,
3047 5140 3147 5206 τῆς
3172 5139 3377 5206 πηγῆς,
3406 5140 3509 5192 καὶ
3539 5139 3634 5191 τοῦ
3669 5155 3821 5192 seta-

2251 5233 2356 5302 μοῦ
2397 5233 2460 5286 τδ
2507 5236 2859 5304 συνημμένον
2893 5234 3223 5302 ἐμφαίνεται
3280 5238 3376 5287 καὶ
3410 5236 3746 5304 ἀχώριστον,
3784 5234 3823 5284 εί

2249 5326 2344 5377 καὶ
2394 5324 2602 5378 τούτων
2653 5324 2887 5377 ἕκαστον
2929 5324 3008 5394 τῷ
3054 5325 3204 5394 τόπῳ
3249 5325 3607 5398 διακέκριται
3647 5326 3739 5378 καὶ
3771 5326 3824 5391 τῇ

2251 5413 2420 5478 θέσει,
2463 5415 2629 5468 τόπον
2679 5415 2806 5468 ἴδιον
2837 5414 2962 5485 ἕχον
3007 5417 3101 5470 καὶ
3136 5416 3275 5468 ἰδίαν
3317 5417 3705 5486 περιγραφὴν,
3739 5415 3826 5468 κᾶν

2250 5505 2392 5558 οὕτω
2415 5504 2475 5559 τὸ
2491 5506 2715 5576 συνεχὲς
2745 5507 3087 5560 ἀδιάπτωτον
3124 5506 3220 5560 Ἐκ
3248 5506 3342 5576 τῆς
3364 5508 3558 5577 ῥίζης,
3587 5507 3684 5558 τοῦ
3708 5504 3823 5558 κλᾶε

2236 5596 2342 5650 ’δου
2383 5596 2474 5648 καὶ
2508 5597 2604 5649 τοῦ
2637 5598 2852 5667 καρποῦ
2883 5598 2943 5650 τὸ
2981 5598 3405 5668 διακεκριμένον
3446 5598 3568 5651 τῶν
3596 5600 3827 5653 ὕποστά·

2253 5707 2413 5755 σεων,
2461 5693 2508 5742 εί
2539 5691 2634 5743 καὶ
2686 5690 2877 5761 χρόνος
2922 5693 2980 5743 ὲν
3014 5691 3225 5754 τούτοις
3274 5691 3700 5761 μεσολαϐεῖται,
3753 5692 3825 5743 καὶ

2253 5781 2457 5835 πλείων
2481 5783 2514 5851 ἡ
2547 5783 2603 5832 ἐν
2643 5784 2708 5852 τῇ
2757 5782 2880 5852 ῥίζῃ
2917 5781 3146 5852 δύναμις
3179 5784 3272 5835 καὶ
3311 5783 3571 5851 ἐνέργεια
3616 5783 3763 5853 ἥπερ
3786 5784 3827 5834 ἓν

2251 5868 2328 5941 τῷ
2356 5874 2533 5945 κλάδῳ
2573 5877 2663 5928 καὶ
2699 5875 2774 5944 τῷ
2805 5875 3022 5946 καρπῷ.
3061 5875 3146 5930 Ἐν
3172 5874 3227 5928 δέ
3251 5893 3313 5946 γε
3345 5878 3410 5946 τῇ
3441 5879 3631 5948 σεπτῇ
3656 5874 3823 5946 Τριάὲι
