3972 6578
235 591 442 664 ἀφανὲς,
517 584 675 657 εἴπερ
702 586 760 651 ἐξ
784 585 1021 654 ἀνάγκης
1056 585 1148 638 καὶ
1176 580 1315 654 αὕτη
1341 585 1476 654 πρὸς
1501 581 1576 650 τῷ
1596 579 1775 647 ταυτῷ
1809 594 1847 637 Α

235 685 322 740 καὶ
345 683 437 749 τὴν
459 678 754 749 ἑτερότητα
780 678 920 732 κατὰ
947 677 1044 741 τὰς
1070 677 1397 738 ὑποστάσεις
1426 676 1637 744 φαίνειν
1659 672 1779 726 ἀνο-

235 770 514 847 μολογηθῇ,
550 769 645 823 καὶ
669 769 738 823 τὰ
767 766 861 821 τοῦ
887 766 1112 838 ψεύδους
1142 767 1283 820 οὓτω
1314 766 1408 834 τὴν
1438 764 1780 832 ἀνακάλυψιν

230 866 378 937 λάὁῃ,
430 860 754 932 ἀμφοτέρων
809 860 905 930 τῆς
942 857 1165 928 μονάδος
1209 857 1303 911 καὶ
1341 857 1437 928 τῆς
1489 856 1679 919 δυάδος
1720 855 1781 909 τὺ

227 956 412 1012 ταυτὸν
458 954 551 1005 καὶ
578 950 639 1004 τὸ
683 950 872 1021 ἕτερον
917 947 1300 1019 δεικνυμένων,
1353 947 1518 1000 πόσου
1567 946 1782 1016 θαυμα-

228 1047 358 1119 σμοῦ
390 1044 487 1097 οὐκ
516 1040 775 1109 ἀξιωθείη
813 1042 840 1094 ό
865 1041 1111 1109 λογικαίς
1147 1041 1205 1093 ὲν
1240 1038 1567 1109 ἐπιστήμαις
1593 1036 1786 1090 τοσοῦ·

225 1158 328 1203 τος,
365 1140 426 1190 ἐκ
455 1134 672 1188 τοιῶνδε
703 1133 1021 1201 προτάσεων
1052 1131 1438 1203 συμπεραίνων
1453 1130 1514 1183 τὸ
1549 1129 1781 1183 σπουδα-

226 1231 480 1298 ζόμενονς
546 1227 736 1295 Ὅμως
796 1223 992 1293 ἐφεξῆς
1048 1224 1148 1293 τὴν
1211 1221 1356 1275 οὕτω
1418 1220 1781 1291 προταθεῖσαν

222 1319 477 1389 διαίρεσιν
499 1314 856 1370 ὲπαναλαϐὼν
887 1314 1089 1382 φάσκει
1110 1330 1125 1345 ·
1155 1331 1173 1365 ι
1204 1314 1266 1366 Εἰ
1299 1312 1398 1383 μὲν
1434 1311 1529 1366 οὖν
1554 1310 1615 1377 ἐξ
1636 1311 1778 1379 ἑνὸς,

223 1408 456 1462 τουτέστι
492 1406 584 1460 τοῦ
632 1406 868 1477 Πχτρδς,
919 1406 1012 1459 καὶ
1053 1405 1115 1458 τδ
1157 1404 1377 1474 Πνεῦμα
1426 1404 1777 1477 προέρχεται,

221 1501 275 1553 ἓν
308 1500 459 1553 ἔσται
487 1498 583 1551 καὶ
610 1498 807 1553 ταυτὸν
836 1497 964 1551 αὐτὸ
999 1496 1199 1567 ἐαυτῷ.
1233 1515 1251 1548 ι
1288 1496 1361 1550 Τὸ
1389 1496 1445 1549 δὲ
1482 1497 1668 1568 ἕτερον
1700 1498 1782 1561 εἰς

219 1591 276 1641 τὸ
303 1590 366 1641 ὲκ
410 1585 518 1639 τῶν
550 1585 644 1640 δύο
686 1587 936 1657 ταμιεύει
970 1585 1111 1639 κατὰ
1141 1587 1200 1640 τὸ
1237 1586 1297 1653 ἐξ
1330 1585 1503 1657 ἀρχῆς
1548 1586 1779 1657 διερμη-

219 1678 381 1731 νεῦων
416 1676 493 1740 ὡς
551 1675 801 1746 βούλεται
825 1691 841 1706 ο
876 1675 998 1729 καθ’
1034 1669 1108 1729 ὧν
1158 1677 1192 1747 ή
1221 1674 1314 1730 τοῦ
1361 1676 1542 1745 λέγειν
1590 1676 1779 1731 106100

220 1766 378 1837 ῥοπὴ,
414 1764 540 1830 δόξα
578 1764 634 1819 δέ
667 1783 729 1834 γε
759 1764 1029 1837 ήάληθὴς
1059 1767 1123 1819 ἐκ
1150 1764 1245 1819 106
1272 1767 1486 1836 Πατρδς
1516 1766 1783 1838 προέρχε-

220 1858 336 1910 σθαι
383 1857 442 1909 τὸ
472 1856 697 1927 Πνεῦμα
732 1857 1189 1926 μυσταγωγοῦσα,
1238 1858 1333 1913 καὶ
1366 1858 1427 1912 τδ
1458 1859 1657 1913 ταυτὸν
1696 1861 1782 1929 ἑν-

214 1949 399 2002 τεῦοεν
429 1949 568 2019 πρὸς
582 1949 679 2003 τὸν
716 1949 950 2019 Πατέρα,
975 1951 1068 2003 και
1097 1949 1160 2002 τὸ
1185 1949 1372 2021 ἕτερον
1398 1950 1543 2021 ἔχειν
1571 1952 1775 2023 ἀνακη-

217 2042 414 2109 ρύττει,
448 2040 587 2095 ἀλλὰ
619 2042 711 2097 καὶ
748 2042 808 2108 ἐξ
855 2042 1056 2113 ἀμφοῖν
1088 2042 1412 2113 θεολογοῦσα
1446 2044 1654 2115 Πατρδς
1685 2047 1795 2100 καὶ.

213 2133 338 2186 Υἱοῦ
369 2133 472 2204 τὴν
505 2136 813 2205 ταυτότητα
838 2135 975 2203 πρδς
1003 2137 1171 2205 ἄμφω
1201 2136 1294 2191 καὶ
1319 2137 1409 2189 τὸν
1440 2137 1657 2208 Πατέρα
1685 2138 1780 2191 καλ⁵

213 2224 509 2295 ἑτερότητα
564 2226 936 2295 καταγγέλλει.
977 2226 1113 2282 Οὐδὲ
1161 2227 1267 2297 γὰρ
1303 2227 1434 2281 0616
1478 2229 1775 2298 γεννήτωρ,

209 2313 320 2368 ἀλλ’
354 2315 477 2368 οὐδὲ
519 2315 781 2387 γέννημα.
821 2317 882 2370 Ὀ
913 2317 969 2370 δὲ
1007 2319 1211 2372 τούτων
1246 2310 1636 2386 ἀριστάμενος,
1667 2320 1776 2372 εἰσ-

211 2408 354 2472 άγων
386 2406 466 2469 δὲ,
496 2409 546 2461 ει
593 2407 657 2461 ἐκ
687 2405 793 2460 τῶν
823 2406 917 2461 δύο
965 2408 1026 2461 1b
1058 2408 1281 2479 Πνεῦμα
1328 2409 1561 2478 λέγοιτο,
1592 2412 1780 2482 ἕτερον

208 2499 334 2552 αὐτὸ
371 2496 571 2551 ἑαυτοῦ
601 2492 762 2562 εῖναι,
804 2500 897 2553 καλ⁵
929 2500 1209 2565 συνθέσεις
1238 2502 1319 2565 εις
1346 2501 1501 2557 τοῦτο
1526 2503 1776 2570 ἐπινοῶν,

207 2588 277 2651 ὡς
308 2588 437 2641 ἄλλο
469 2588 569 2657 μὲν
596 2589 661 2642 ἐκ
690 2589 782 2643 τοῦ
821 2591 1031 2661 Πατρός
1054 2590 1132 2657 δν,
1166 2591 1294 2646 ἄλλο
1321 2593 1377 2647 δὲ
1405 2596 1469 2648 ἑκ
1497 2593 1590 2648 τοῦ
1623 2594 1775 2661 Υἱοῦ,

207 2678 320 2740 πῶς
359 2679 422 2731 οὐ
466 2679 797 2748 καινολογῶν
845 2681 992 2734 ἐστιν
1021 2676 1104 2745 οἷς
1150 2683 1484 2752 φθέγγεταις
1518 2685 1579 2738 Ei
1618 2687 1727 2757 γὰρ
1752 2689 1780 2741 ὁ

208 2770 396 2841 Πατὴρ
443 2772 737 2843 ἀγέννητος
789 2772 899 2838 ὣν,
949 2776 1229 2846 γεννήτωρ
1274 2777 1393 2830 ἐστὶ
1440 2777 1536 2832 καὶ
1576 2779 1779 2850 προσο-

203 2862 349 2924 λεὺς,
379 2862 443 2915 τὸ
479 2862 579 2930 μὲν
605 2864 698 2916 106
729 2865 880 2930 Υξοῦ,
911 2866 969 2917 τὸ
991 2865 1048 2919 δὲ
1072 2866 1167 2920 τοῦ
1195 2867 1529 2938 Πνεύματος,
1560 2870 1655 2923 καὶ
1685 2870 1778 2925 τοῦ

207 2955 303 3015 μὲν
329 2954 465 3005 Υἱοῦ
486 2956 791 3024 γεννήτωρ,
820 2957 941 3026 οὐχι
971 2958 1291 3028 προϐολεὺς,
1317 2958 1411 3013 τοῦ
1440 2960 1496 3014 δὲ
1529 2961 1783 3032 Πνεῦμα-

200 3059 289 3105 τος
324 3045 652 3115 προϐολεὺς,
678 3047 795 3116 οὐχὶ
834 3049 1132 3121 γεννήτωρ,
1166 3048 1357 3122 ἕτερον
1393 3052 1554 3114 αὐτὸς
1582 3052 1778 3107 ἑαυτοῦ

200 3140 228 3190 ὁ
285 3138 503 3208 Πατὴρ,
564 3138 657 3192 καὶ
696 3140 947 3202 σύνθετος
980 3141 1250 3200 ἐντεῦθεν,
1295 3141 1487 3195 Καίτοι
1516 3143 1550 3213 ή
1578 3143 1638 3209 ἐξ
1669 3144 1774 3211 0p.-

199 3230 322 3295 φοτν
361 3228 478 3322 106
503 3228 820 3300 Πνεύματος
862 3231 1084 3302 πρόοδος
1127 3232 1224 3302 μία
1252 3233 1343 3285 καὶ
1377 3232 1410 3302 ἠ
1439 3231 1601 3302 αὐτὴ,
1631 3232 1691 3285 τὸ
1722 3232 1780 3285 δὲ
1810 3264 1853 3322 C

197 3321 530 3392 γεννητικὸν
568 3322 665 3376 καὶ
715 3320 1077 3392 προϐλητικδν
1127 3322 1220 3377 106
1273 3322 1486 3394 Πατρδς
1516 3322 1647 3376 ἄλλο
1688 3323 1781 3378 καὶ

192 3413 345 3468 ἀλλο.
396 3413 548 3466 Ἀλλ’
599 3413 788 3486 ὥσπερ
821 3416 880 3467 οὐ
932 3415 1184 3484 μεριστδς
1212 3415 1462 3469 ἐντεῦθεν
1506 3417 1535 3469 ὁ
1568 3416 1780 3486 Πατὴρ,

191 3505 317 3559 οὔτε
354 3508 473 3577 μὴν
505 3506 775 3570 σύνθετος,
808 3508 889 3560 ὅτι
928 3512 1001 3577 μὴ
1025 3507 1122 3580 τῆς
1146 3507 1397 3580 θεότητος
1416 3507 1591 3562 ταῦτα
1616 3508 1778 3579 μέρη,

189 3596 316 3650 οὔτε
360 3598 429 3668 δὴ
474 3598 747 3663 σύνθεσις,
799 3600 944 3669 ἁπλῆ
969 3600 1077 3669 γὰρ
1107 3602 1140 3670 ή
1194 3600 1384 3673 θεότης
1409 3602 1551 3674 ὑπὲρ
1597 3604 1780 3657 πᾶσαν

189 3690 487 3761 ἁπλότητα
533 3695 626 3744 καὶ
676 3694 885 3762 ἀμερὴς
930 3692 1071 3763 ὑπὲρ
1120 3694 1301 3746 πᾶσαν
1347 3695 1629 3765 ἀμέρειαν,
1664 3695 1781 3750 ἀλλ’

191 3782 475 3852 ιδιότητες
508 3784 638 3853 περὶ
662 3785 831 3854 αὐτὴν
862 3784 1231 3857 θεωρούμεναι
1256 3803 1271 3819 ο
1305 3785 1477 3851 061w;
1505 3788 1629 3841 οὑδὲ
1655 3790 1688 3860 ή
1719 3789 1781 3855 ἐξ

185 3874 402 3944 ἀμφοῖν
446 3874 547 3927 τοῦ
594 3873 908 3945 Πνεύματος
940 3876 1160 3947 πρόοδος
1206 3877 1481 3947 ἐξίστησιν
1510 3879 1643 3934 αὐτὸ
1681 3882 1777 3950 τῆς

183 3965 538 4034 ταυτότητος
573 3965 787 4031 ἑαυτοῦ,
820 3966 851 4034 ἢ
883 3967 1134 4021 σύνθετον
1174 3970 1523 4039 παριστάνει,
1552 3971 1674 4026 ’ἀλλ’
1712 3975 1777 4026 ἐκ

182 4055 411 4124 Πατρός
468 4055 587 4108 ἔστι
632 4060 725 4108 καὶ
762 4056 915 4117 Υἱοῦ,
950 4057 983 4126 ἢ
1034 4057 1164 4125 γοῦν
1205 4058 1270 4111 ὲκ
1299 4060 1507 4129 Πατρδς
1546 4060 1614 4113 δι’
1644 4061 1776 4114 Υἱοῦ

182 4144 407 4199 ἁπλοῦν
467 4144 530 4210 ἐξ
588 4146 797 4211 ἁπλῶν,
853 4148 1128 4201 τουτέστιν
1166 4148 1223 4215 ἐξ
1279 4149 1451 4203 ἁπλοῦ
1485 4150 1555 4204 δι’
1603 4151 1777 4205 ἁπλοῦ

176 4236 331 4289 κατὰ
353 4236 498 4300 τοὺς
530 4236 845 4305 θεόφρονας.
876 4238 995 4291 Ἵνα
1023 4239 1079 4291 δὲ
1123 4240 1217 4292 καὶ
1260 4240 1611 4311 παράδειγμα
1635 4241 1696 4295 τὸ
1720 4243 1781 4309 ἐξ

178 4328 490 4396 ὲμπαθοῦς
519 4329 665 4381 δυοῖν
693 4331 917 4398 7190.300
946 4330 1042 4400 τὴν
1076 4330 1324 4385 σύνθεσιν
1347 4334 1778 4401 κατασκευάζον,

174 4419 253 4483 ὡς
279 4418 554 4473 ἐντεῦθεν
571 4421 909 4491 ἁνατραπεέη
926 4423 983 4474 τὸ
1003 4419 1276 4491 ἐξάμφοϊν
1296 4420 1511 4478 εἶναιτὸ
1534 4427 1778 4497 Πνεῦμα,

171 4511 549 4582 καταργηθῇ,
584 4512 679 4565 καὶ
708 4512 771 4577 ἐξ
812 4512 982 4581 αὐτῆς
1015 4513 1373 4580 ἀνεξετάστου
1399 4515 1461 4568 τὸ
1490 4532 1777 4587 κατήργη-

172 4602 347 4671 μένυν
379 4602 516 4672 ἔχον
545 4602 648 4671 τῆς
673 4603 974 4673 προφορᾶς,
1010 4605 1073 4656 ἐκ
1098 4604 1206 4658 τῶν
1235 4605 1343 4666 τοῖς
1369 4603 1644 4676 θεοφόροις
1671 4625 1773 4660 πα·
1809 4595 1851 4651 υ

172 4695 577 4766 ραδεδομένων
607 4698 685 4759 εἰς
729 4698 1067 4751 ἀπεικόνισιν
1113 4698 1212 4766 τῆς
1257 4698 1570 4768 ἀρχιφώτου
1611 4699 1653 4753 Τ
1660 4701 1776 4769 915t-

162 4785 261 4849 δος
312 4785 384 4838 τὸ
421 4783 523 4838 τοῦ
565 4786 714 4856 ήλίου
767 4784 1095 4855 τελεώτερον
1132 4786 1199 4841 06
1233 4787 1775 4859 ἀντιπαραθήσομεν,

167 4875 572 4939 συνωθοῦντος
629 4878 778 4947 ἡμᾶς
823 4878 903 4941 εἰς
932 4876 1089 4931 τοῦτο
1141 4879 1238 4931 καὶ
1289 4878 1450 4933 πάλιν
1497 4880 1592 4932 106
1648 4881 1778 4950 περὶ

156 4968 286 5032 τὰς·
329 4967 528 5031 αὐτὰς
597 4968 876 5032 συνθέσεις
932 4969 1180 5040 τολμηρᾷ
1255 4970 1624 5042 στρεφομένου
1682 4973 1777 5026 καὶ

158 5060 414 5131 γλώσσῃ
472 5059 564 5112 καὶ
607 5060 835 5131 διανοίᾳ.
881 5060 976 5113 Ἐκ
1027 5061 1122 5112 τοῦ
1162 5059 1314 5132 ήλῖου
1354 5063 1446 5115 καὶ
1484 5062 1582 5132 τῆς
1625 5066 1775 5118 ἀκτῖ-

154 5170 256 5215 νος
318 5153 394 5206 τδ
450 5152 569 5219 φῶς
615 5151 903 5222 τρανοῦται
934 5154 1024 5205 καὶ
1076 5154 1188 5212 τοῖς
1229 5152 1305 5221 μὴ
1337 5154 1504 5207 εἰδόσι
1566 5155 1772 5224 σχεδὸν,

154 5247 350 5313 ήγουν
387 5244 467 5295 ὲκ
490 5241 584 5295 τοῦ
613 5244 761 5310 ήλῑου
791 5243 876 5296 διὰ
904 5243 1004 5312 τῆς
1028 5244 1242 5307 ἀκτῖνος
1273 5245 1307 5314 η
1342 5243 1624 5323 ἔλλαμψις.
1660 5249 1773 5301 Καὶ

151 5338 271 5391 ποῦ
319 5336 506 5407 τῆσδε
545 5335 773 5405 διπλόη;
816 5335 920 5388 ποῦ
956 5335 1233 5402 σύνθεσις;
1275 5336 1401 5389 Ὀτι
1449 5337 1584 5406 μηδὲ
1618 5338 1686 5390 τὰ
1716 5336 1775 5402 ἐξ

151 5424 238 5483 ὧν
275 5428 446 5495 αὕτη
503 5426 724 5497 διπλόην
757 5422 919 5486 εἶδεν,
972 5428 1003 5498 ἦ
1047 5428 1313 5508 σύνθεσιν,
1350 5426 1474 5480 οὔτε
1514 5429 1573 5480 τὸ
1617 5433 1673 5480 ὲν
1705 5431 1772 5499 τῇ

148 5524 360 5575 ἀκτῖνι
427 5518 570 5587 φῶς,
618 5519 741 5572 οὔτε
773 5521 833 5573 τὸ
875 5522 930 5572 ἐν
970 5520 1046 5587 τῷ
1084 5520 1271 5589 δίσκῳ,
1322 5521 1414 5572 καὶ
1453 5521 1512 5572 οὗ
1571 5521 1772 5589 μᾶλλον

147 5615 237 5683 τῷ
274 5616 373 5666 ἐνὶ
408 5614 447 5680 ἡ
481 5611 738 5683 ἁπλότης,
770 5611 801 5682 ἢ
837 5616 945 5672 τοῖς
980 5612 1119 5667 δυσί.
1148 5613 1253 5664 Καὶ
1279 5613 1379 5664 ποῦ
1408 5615 1467 5664 τὸ
1487 5613 1547 5677 ἐξ
1574 5615 1773 5682 ἀμφοῖν

145 5705 311 5759 εἶναι
390 5698 700 5769 σύνθετον;
762 5694 954 5758 Καίξοι
991 5706 1025 5774 ἡ
1067 5705 1160 5755 ἐπὶ.
1214 5708 1311 5773 τῆς
1368 5703 1772 5775 εἰκονιξομένης

146 5799 263 5849 ὑπε
277 5794 528 5865 ρφώτου
552 5793 775 5863 Τριιὶδος
807 5795 1043 5863 ἁπλότης
1060 5794 1165 5863 ’τὴν
1194 5793 1486 5863 ὑπέρθεσιν
1510 5795 1772 5863 ἀσύγκρι-

147 5906 245 5940 τον
286 5885 422 5956 ἔχει
466 5887 559 5951 τῆς
611 5888 665 5936 ἐν
700 5890 758 5956 τῇ
794 5887 1129 5956 μξκυνιςούτῃ
1170 5886 1355 5957 Τριὸιδε
1393 5885 1770 5958 Οτισιρνιυξιένης

1226 470 1535 532 CONTRA"
1568 470 1616 532 Μ
1631 467 1942 530 ΛΧὶΜΠΜ
1985 466 2126 525 Ῥω.
2141 464 2431 526 NUDEM.

1882 591 2001 627 rum
2037 588 2157 629 sese
2190 573 2367 644 palam
2398 586 2463 624 ac
2486 568 2776 624 manifesto
2800 566 3046 622 infamet.
3072 567 3135 621 Et
3157 567 3319 637 hujus
3334 583 3469 637 gra-

1885 667 1958 722 tia
1992 686 2011 717 (
2044 667 2221 728 Pater,
2256 683 2274 715 ι
2312 662 2569 725 asseruit,
2601 679 2618 713 ι
2654 661 2729 716 uti
2763 661 2945 715 unitas
2980 660 3303 724 identitatis,
3331 659 3469 712 dua-

1883 758 2088 814 litatem
2118 773 2238 813 esse
2273 757 2609 813 diversitatis
2640 770 2885 821 causam,
2922 774 2941 806 ι
2964 766 3110 810 ειόι
3141 751 3478 807 inductione

1882 849 2063 906 statim
2089 848 2228 903 idem
2257 860 2461 901 naturae
2490 846 2633 901 inter
2659 861 2780 901 sese
2807 846 3067 910 duorum,
3087 845 3230 915 quod
3257 859 3320 899 ex
3349 858 3467 899 uno

1883 950 2029 1005 sunt,
2072 949 2126 994 et
2179 954 2303 995 eum
2342 939 2458 1007 ipso
2515 953 2637 993 uno
2672 938 2968 1008 probavit:
2998 953 3121 992 cum
3174 951 3303 991 vero
3350 936 3483 992 duo}.

1882 1033 1993 1087 sint
2041 1030 2211 1088 Filius
2258 1041 2312 1087 et
2358 1031 2616 1102 Spiritus,
2663 1029 2808 1085 inter
2856 1045 2953 1085 eos
2992 1029 3360 1085 diversitatem
3405 1040 3461 1083 et

1882 1142 2031 1191 eum,
2066 1142 2131 1182 ex
2171 1140 2281 1195 quo
2326 1135 2476 1185 sunt,
2508 1123 2667 1178 Patre
2694 1124 2921 1190 scilicet,
2970 1124 3339 1179 diversitatem
3370 1138 3461 1178 se-

1882 1217 2118 1286 cundum
2148 1217 2471 1288 hypostases
2509 1214 2927 1280 demonStravit,
2967 1215 3062 1269 sed
3092 1216 3147 1269 e't
3185 1214 3327 1269 idem
3359 1230 3459 1269 na-
3518 1216 3529 1239 ’

1888 1319 2023 1365 tura:
2056 1311 2109 1363 in
2144 1310 2321 1364 trilms
2348 1308 2475 1363 inde
2516 1318 2740 1363 coaetus
2768 1306 3077 1363 affirmavit.
3120 1309 3230 1361 Aut
3269 1307 3457 1378 igitur,

1885 1417 2007 1457 cum
2038 1401 2272 1456 dualitas
2300 1411 2354 1455 et
2387 1401 2530 1463 idem
2555 1409 2609 1454 et
2639 1401 2939 1465 diversum,
2983 1409 3044 1454 ut
3079 1400 3325 1468 [‘roxime
3347 1399 3458 1468 jam

1883 1493 2115 1547 confessi
2177 1508 2393 1556 sumus,
2427 1492 2718 1562 exprimat,
2778 1493 2960 1546 unitas
3002 1492 3107 1545 hoc
3155 1491 3296 1546 idem
3348 1491 3463 1544 elu-

1841 1640 1855 1654 ι
1882 1600 2074 1654 quens,
2104 1594 2160 1639 et
2200 1586 2465 1640 hactenus
2513 1584 2722 1654 prolata
2747 1623 2762 1648 ,
2798 1582 3097 1639 secundum
3142 1581 3460 1654 hypostases

1883 1676 1936 1733 id
1968 1676 2286 1749 possidebit,
2304 1676 2523 1732 etnullo
2559 1677 2723 1732 modo
2751 1677 3051 1738 diversum,
3075 1683 3137 1729 ut
3156 1675 3461 1745 proprietas

1884 1770 2248 1826 distinctionis
2285 1769 2594 1825 conservari
2635 1768 2826 1837 possit,
2858 1776 2912 1822 et
2937 1783 3187 1835 quamam
3224 1767 3341 1823 haee
3376 1766 3447 1819 sit

1886 1861 2241 1932 blasphemia,
2274 1860 2359 1915 cui
2404 1875 2515 1914 non
2550 1860 2884 1915 innotescitl
2938 1866 3036 1913 aut
3068 1858 3112 1914 si
3152 1859 3462 1913 necessario

1884 1960 1938 2007 et
1961 1952 2133 2023 ipsam
2187 1968 2311 2008 cum
2350 1950 2637 2005 identitate
2666 1950 3038 2005 diversitatem
3069 1948 3235 2003 etiam
3265 1962 3464 2003 secun-

1885 2049 2013 2102 dum
2039 2046 2358 2117 hypostases
2372 2051 2804 2099 commonstrare
2830 2040 3143 2104 fatebimur,
3169 2046 3225 2096 et
3251 2040 3355 2094 hac
3377 2053 3463 2091 ra-

1886 2134 2037 2189 tione
2063 2133 2406 2190 mendacium
2437 2141 2625 2204 aperte
2646 2139 2910 2203 patescet,
2933 2145 3057 2187 cum
3074 2130 3236 2185 ambo
3262 2136 3317 2184 et
3336 2127 3461 2182 uni-

1885 2235 1969 2282 tas
2002 2236 2058 2281 et
2087 2225 2323 2282 dualitas
2365 2224 2527 2291 idem
2550 2224 2937 2294 diversumque
2970 2231 3291 2284 eonnotent,
3325 2236 3463 2290 qua-

1884 2333 2013 2374 nam
2036 2316 2398 2373 admiratione
2428 2317 2626 2387 dignus
2651 2333 2761 2372 non
2814 2315 2998 2378 fuerit,
3032 2314 3127 2383 qui
3173 2322 3383 2369 tantum
3407 2312 3462 2365 in

1883 2408 2165 2466 dialectica
2191 2408 2423 2465 scientia
2448 2407 2550 2464 sibi
2598 2406 2858 2471 vindicat,
2885 2414 2941 2461 et
2965 2404 3238 2460 similibus
3266 2419 3464 2473 propo-

1885 2497 2177 2554 sitionibus
2202 2496 2475 2551 intentum
2518 2495 2883 2565 comprobat?
2923 2494 3288 2550 Nihilominus
3313 2502 3465 2563 post-

1887 2590 2107 2643 modum
2150 2588 2228 2643 sic
2275 2587 2606 2657 propositam
2649 2587 2974 2642 divisionem
3006 2596 3263 2657 repetens
3293 2585 3411 2638 iniit
3446 2600 3463 2637 :

1892 2700 1910 2732 ι
1960 2680 2015 2734 Si
2049 2681 2229 2751 itaque
2255 2695 2318 2734 ex
2348 2694 2455 2734 uno
2477 2680 2635 2733 Patre
2654 2678 2891 2751 Spiritus
2919 2679 3288 2749 prOgreditur,
3322 2691 3469 2731 unus

1885 2773 1990 2828 erit
2026 2773 2276 2842 idemque
2311 2786 2437 2827 cum
2471 2787 2530 2826 se
2557 2771 2695 2842 ipso.
2733 2790 2751 2824 ι
2785 2771 3071 2828 Diversum
3116 2786 3246 2825 vero
3284 2778 3465 2825 servat

1886 2864 1943 2919 in
1970 2880 2057 2931 eo,
2082 2864 2230 2935 quod
2264 2878 2331 2919 ex
2365 2864 2579 2919 duobus
2622 2873 2726 2927 est,
2776 2864 2853 2919 uti
2893 2864 2948 2918 in
2976 2862 3250 2934 principio
3294 2862 3466 2916 inter-

1887 2963 2157 3027 pretatur,
2201 2969 2256 3010 et
2290 2965 2353 3011 ut
2372 2956 2475 3012 sibi
2524 2955 2754 3023 arridet,
2787 2964 2977 3011 contra
3015 2968 3154 3025 quos
3196 2953 3468 3008 sermonis

1888 3047 2035 3103 illius
2066 3049 2307 3118 impetus
2356 3047 2662 3113 confertur,
2710 3062 2819 3102 non
2859 3048 3111 3102 obstante
3144 3044 3289 3116 quod
3329 3059 3460 3099 sen-

1890 3139 2058 3194 tentia
2091 3153 2218 3194 vera
2246 3138 2336 3204 sit,
2365 3154 2485 3208 qua:
2513 3154 2580 3194 ex
2611 3138 2772 3194 Patre
2804 3137 3055 3211 progredi
3086 3137 3352 3209 Spiritum
3377 3138 3465 3191 in-

1889 3231 2071 3297 struit,
2095 3230 2347 3297 idemque
2381 3231 2506 3286 inde
2536 3247 2663 3302 erga
2695 3230 2913 3286 Patrem
2941 3230 3333 3300 diversumque
3363 3229 3464 3283 ha-

1885 3323 2016 3377 bere
2044 3320 2323 3390 praedicat,
2354 3321 2451 3377 sed
2476 3322 2641 3376 etiam
2664 3335 2729 3376 ex
2758 3321 3044 3385 ambobus,
3078 3321 3239 3375 Patre
3267 3335 3471 3391 ncmpu

1883 3424 1937 3469 et
1961 3411 2118 3478 Filio,
2142 3428 2486 3477 asseverans,
2519 3429 2648 3486 erga
2678 3424 2961 3484 utrosque.
2994 3422 3049 3468 et
3081 3410 3296 3467 Patrem
3320 3411 3469 3467 idem

1884 3507 2272 3577 diversumque
2334 3505 2640 3560 denuntiat.
2694 3504 2879 3577 Neque
2912 3504 3059 3559 enim
3101 3505 3215 3575 ipse
3256 3504 3477 3577 genitor

1882 3611 1990 3663 est,
2022 3615 2201 3670 neque
2230 3596 2418 3656 fmtus.
2449 3599 2551 3666 Qui
2586 3614 2752 3668 porro
2778 3598 2845 3653 ab
2882 3597 2967 3652 his
3010 3597 3237 3659 recedit,
3279 3595 3461 3651 et'in-

1884 3691 2145 3753 troducit,
2187 3690 2230 3746 si
2265 3706 2331 3745 ex
2362 3690 2630 3744 ambobus
2665 3687 2906 3759 Spiritus
2935 3687 3158 3750 dicitur,
3185 3687 3462 3742 diversum

1882 3800 1912 3839 a
1934 3785 2114 3855 seipse
2131 3783 2386 3838 eumdem
2409 3797 2549 3847 esse,
2576 3790 2632 3837 et
2648 3780 3079 3851 compositiones
3108 3781 3163 3835 in
3187 3779 3290 3834 hoc
3314 3792 3465 3832 enm-

1878 3874 2210 3936 miniseitur.
2248 3873 2404 3944 quasi
2461 3874 2602 3928 alius
2633 3873 2754 3928 sita
2788 3872 2969 3936 Patre,
3004 3871 3144 3926 alius
3189 3885 3255 3925 ex
3291 3868 3452 3933 Filio,

1880 3968 2153 4038 quomodo
2178 3967 2267 4024 hic
2295 3967 2411 4023 suis
2437 3966 2785 4022 sermonibus
2816 3981 2903 4021 res
2942 3976 3123 4022 certas
3172 3965 3464 4033 firmasqne

1879 4075 1992 4116 non
2026 4059 2294 4114 innovat?
2327 4057 2571 4128 Namque
2594 4060 2638 4113 si
2686 4057 2846 4113 Pater
2898 4057 3177 4129 ingenitus
3206 4072 3330 4110 eum
3371 4055 3459 4112 sit.

1881 4152 2095 4222 genitor
2122 4160 2206 4205 est
2228 4158 2285 4204 et
2306 4150 2621 4220 productor,
2654 4149 2760 4205 hoc
2800 4149 3019 4220 quidem
3066 4148 3323 4220 Spiritus.
3371 4134 3463 4203 illo

1878 4237 2023 4301 Filii,
2056 4246 2113 4293 et
2154 4236 2276 4292 Filii
2314 4236 2538 4308 quidem
2576 4239 2789 4307 genitor
2839 4246 2944 4303 est,
2986 4253 3093 4291 non
3141 4232 3457 4308 productor,

1884 4330 2121 4401 Spiritus
2161 4346 2287 4386 vero
2324 4329 2620 4399 productor
2651 4338 2707 4384 et
2750 4346 2858 4383 non
2907 4330 3143 4401 genitor,
3188 4330 3331 4384 alius
3380 4340 3462 4384 at-

1882 4437 1989 4493 que
2018 4422 2157 4475 alius
2186 4437 2217 4476 a
2252 4436 2311 4476 se
2341 4420 2458 4491 ipso
2495 4419 2655 4475 Pater
2678 4420 2803 4486 erit,
2838 4420 3071 4489 indeque
3097 4422 3263 4475 etiam
3304 4437 3459 4477 com-

1883 4515 2112 4586 positus.
2139 4514 2204 4568 Et
2244 4513 2603 4568 nihilominus
2645 4528 2713 4568 ex
2766 4525 2998 4581 utroque
3040 4511 3279 4583 Spiritus
3336 4529 3461 4584 pro-

1881 4624 2101 4681 gressus
2145 4624 2285 4663 unus
2315 4606 2570 4675 idemque
2609 4615 2711 4671 cst,
2740 4606 2835 4660 sed
2878 4606 3108 4661 facultas
3137 4606 3459 4677 generandi,

1879 4710 1936 4755 et
1975 4697 2310 4771 producendi
2345 4696 2533 4753 Patris
2563 4697 2667 4751 alia
2708 4704 2763 4751 et
2800 4698 2927 4752 alia.
2964 4696 3072 4752 Sed
3106 4699 3461 4767 quemadmo-

1880 4790 2007 4845 dum
2041 4799 2328 4859 propterea
2374 4788 2535 4843 Pater
2572 4787 2723 4842 nullo
2755 4788 2995 4842 modoin
3025 4797 3212 4856 partes
3255 4788 3459 4843 scindi-

1879 4892 1987 4957 tur,
2014 4895 2192 4949 neque
2228 4878 2608 4949 compositioni
2652 4880 2964 4949 snbjicitur,
2988 4882 3131 4951 quod
3164 4882 3257 4935 illa
3286 4881 3456 4937 deita-

1883 4973 1951 5027 tis
1982 4981 2163 5040 partes
2179 4971 2401 5025 minime
2418 4981 2568 5038 sunt,
2592 4980 2647 5026 et
2676 4981 3078 5040 consequenter
3102 4988 3279 5045 neque
3311 4991 3459 5031 eom-

1878 5064 2098 5134 positio,
2132 5062 2358 5132 simplex
2385 5062 2530 5117 enim
2579 5080 2742 5133 supra
2794 5080 3009 5119 onmem
3054 5065 3468 5138 simplicitatem

1879 5157 2060 5210 Deitas
2095 5165 2199 5217 cst,
2232 5164 2288 5209 et
2318 5170 2479 5223 supra
2513 5170 2729 5209 omnem
2761 5156 3143 5213 indivisioncm
3198 5159 3453 5224 indivisa,

1877 5248 1969 5302 sed
1992 5246 2347 5317 preprietates
2365 5245 2507 5299 circa
2532 5246 2703 5316 ipsam
2731 5249 3121 5305 considerate:
3153 5251 3266 5316 pari
3296 5257 3456 5305 modo

1880 5354 2056 5408 neque
2083 5340 2173 5406 qui
2200 5354 2263 5392 et
2307 5337 2517 5393 duobus
2546 5350 2631 5394 est
2676 5356 2996 5409 progressus
3024 5342 3263 5411 Spiritus
3293 5344 3362 5399 ab
3388 5344 3456 5398 il-

1877 5433 1979 5485 lius
2002 5431 2286 5486 identitate
2307 5446 2430 5484 eum
2454 5433 2778 5485 exterminat
2802 5441 2894 5485 aut
2930 5434 3291 5502 compositum
3319 5450 3455 5487 cou—

1875 5523 2068 5587 stituit,
2110 5524 2204 5577 sed
2245 5538 2310 5576 ex
2360 5523 2521 5577 Patre
2569 5536 2672 5586 est,
2727 5532 2783 5578 et
2835 5540 2900 5577 ex
2951 5522 3108 5589 Filio,
3165 5540 3231 5579 ex
3298 5524 3456 5579 Patre

1874 5630 2072 5684 nempe
2106 5631 2203 5685 per
2235 5615 2432 5671 Filium
2480 5617 2705 5686 simplex
2744 5632 2806 5672 ex
2844 5617 3202 5684 simplicibus,
3226 5636 3290 5674 ex
3320 5620 3452 5673 sim-

1874 5708 1999 5777 plici
2055 5709 2264 5764 scilicet
2313 5727 2409 5776 per
2442 5711 2708 5779 'simplex,
2766 5719 2824 5765 ut
2872 5712 3182 5768 divinorttm
3230 5712 3454 5770 Patrum

1874 5800 2143 5853 sententia
2170 5812 2277 5856 est.
2315 5799 2384 5855 Ut
2406 5817 2533 5855 vero
2562 5803 2871 5871 exentplum
2897 5806 3044 5874 quod
3074 5821 3141 5860 ex
3167 5806 3454 5863 affectibus

1874 5891 2109 5947 obnoxio
2157 5909 2487 5965 C(tttgt't3~szt,
2540 5894 2935 5964 progressionis
2999 5897 3451 5969 compositionem
