3972 6630
2026 300 2040 341 κ

474 412 610 480 1303

1665 430 1709 489 G
1722 430 1919 492 EORG
1936 432 1989 491 ll
2033 430 2087 491 M
2099 431 2334 495 ETOUH
2349 431 2491 495 iTnE

3587 423 3710 492 130i

462 529 821 597 exprimatur,
854 540 1091 588 attamen
1125 535 1253 589 illud
1290 556 1301 589 :
1339 534 1446 607 Ego
1477 547 1524 590 et
1569 531 1729 593 Pater
1758 557 1919 594 unum
1953 559 2042 595 su-

2147 543 2268 597 νοῦν
2296 543 2579 613 εἰληφότες
2624 543 2716 596 ἐπὶ
2745 542 3005 597 συστάσει
3046 541 3140 596 τοῦ
3169 540 3567 611 σκοπουμένου,
3596 542 3709 597 οὒτε

462 636 601 677 mus.
636 620 691 675 id
723 622 865 677 idem
912 635 1233 681 connotare.
1284 627 1381 703 llic
1411 644 1541 684 vero
1574 645 1694 700 quae
1746 634 2047 689 necessitas

461 721 567 779 cst,
591 712 773 768 dicere
798 713 1061 783 Spiritum
1085 731 1151 770 ex
1184 717 1319 773 Filio
1351 719 1671 788 procedere,
1693 722 1840 790 quod
1876 724 1926 775 in
1964 725 2048 778 dic

464 806 585 859 vina
618 804 899 875 Scriptura
935 822 1041 860 non
1077 810 1377 878 reperitur?
1405 813 1682 881 quodnam
1722 814 1775 867 in
1814 814 1918 868 hoc
1952 830 2047 883 pe-

463 898 693 951 riculum
720 898 865 953 subit
883 901 1042 954 nobis
1065 901 1259 957 tradita
1302 903 1574 973 theologia
1591 884 1792 960 ?Plane
1812 907 2046 964 nullum.

461 987 720 1052 Quinimo
753 1006 819 1045 ex
850 992 1128 1047 additione
1170 992 1333 1047 simili
1367 995 1535 1049 multa
1569 1006 1907 1052 enascuntur
1951 1000 2047 1052 ab-

460 1078 646 1140 surda,
704 1095 903 1151 nempe
939 1081 1138 1152 duplex
1172 1083 1527 1154 principium,
1578 1096 1631 1141 et
1684 1088 2049 1156 compositum

461 1168 629 1223 videri
664 1170 951 1241 Spiritum,
978 1185 1032 1227 et
1065 1174 1351 1229 innumera
1383 1191 1552 1247 prope
1588 1178 1711 1233 alia.
1755 1198 1775 1231 ›
1803 1178 2045 1235 Primum

461 1265 680 1333 quidem
735 1267 789 1321 in
840 1268 892 1322 id
943 1271 1088 1339 quod
1136 1272 1398 1327 adversus
1434 1288 1530 1329 eos
1572 1273 1726 1338 dicit,
1772 1289 1880 1330 non
1926 1290 2047 1330 esse

458 1356 732 1431 afferenda
767 1359 866 1412 alia
900 1370 1095 1429 praeter
1118 1376 1180 1416 ea
1206 1377 1329 1431 qum
1357 1362 1414 1417 in
1441 1362 1643 1419 divinis
1676 1364 1876 1419 litteris
1908 1379 2044 1420 con-

461 1430 726 1512 tinentur,
764 1450 807 1503 si
838 1450 1229 1519 respondeant,
1248 1452 1411 1507 etiam
1435 1455 1923 1510 consubstantialis
1950 1471 2047 1510 vo-

457 1554 575 1591 cem
616 1540 763 1593 nulla
792 1555 916 1595 cum
948 1542 1019 1596 sit
1060 1543 1116 1596 in
1151 1543 1349 1599 divinis
1382 1544 1599 1612 litteris,
1636 1554 1819 1601 tamen
1857 1545 2048 1603 Patres

457 1643 575 1683 eam
629 1628 683 1683 in
729 1630 984 1700 Symbolo
1035 1633 1377 1702 apposuisse,
1433 1634 1642 1689 nullum
1679 1651 1746 1689 ex
1792 1635 2047 1691 omnibus

458 1722 683 1785 nostris,
728 1723 820 1792 qui
862 1736 965 1777 nos
1012 1734 1412 1793 praecesserunt
1453 1736 1508 1780 et
1545 1727 1790 1782 motibus
1811 1727 2048 1797 propriis

457 1814 609 1869 ducti
638 1829 798 1868 suum
833 1816 1076 1870 studium
1099 1817 1166 1871 de
1195 1817 1568 1874 ecclesiastica
1600 1819 1808 1874 unitate
1843 1820 2046 1890 scripto

2150 634 2258 687 τῶν
2283 634 2351 688 δι’
2390 634 2484 699 οὓς
2530 634 2706 689 ταῦτα
2753 635 3222 705 ὁποιουσδήτινας,
3272 636 3469 703 ἐφόσον
3514 632 3713 702 ἔφθασα

2150 722 2375 791 γνῶναι,
2403 723 2897 796 προϐαλλομένους,
2927 722 3024 777 οὔθ
3054 727 3086 794 ἡ
3095 724 3211 794 μῶν
3235 740 3355 776 τινα
3376 723 3485 777 τῶν
3511 724 3715 793 εὐαριθ-

2152 818 2339 887 μήτων
2391 817 2728 889 ὁπουδήποτε
2795 819 2905 870 τῶν
2944 816 3229 888 ἡμετέρων
3265 817 3444 886 λόγων
3482 818 3713 886 είσενεγ-

2149 909 2333 971 κόντα,
2364 907 2487 960 καθ’
2522 903 2598 961 ὧν
2645 906 3016 978 ὑπερεξετάθη
3044 906 3144 976 τῆς
3184 906 3379 968 κακίας
3399 908 3430 958 ὁ
3462 903 3712 973 κολοφὼν.

2149 1000 2273 1064 Πῶς
2313 999 2420 1069 γὰρ
2457 1001 2522 1054 ἂν
2570 1000 2780 1070 μυρίων
2824 998 3145 1069 αὐτόχρημα
3186 996 3588 1068 προκειμένων,
3615 997 3715 1050 τῶν

2154 1108 2173 1142 ι
2209 1091 2272 1143 ὲκ
2316 1091 2530 1161 Πατρὸς
2563 1090 2660 1142 καὶ
2692 1089 2826 1142 Υίοῦ
2861 1108 2880 1139 ι
2912 1090 2968 1141 ὲν
3001 1089 3243 1151 ἁπάσαις
3278 1087 3453 1147 θείαις
3487 1087 3527 1139 Γ
3533 1089 3717 1157 μφαῖς

2146 1182 2255 1237 τῶν
2288 1181 2538 1253 θεολογίᾳ
2568 1181 3013 1253 διαπρεψάντων,
3045 1181 3143 1235 καὶ
3172 1180 3280 1234 τῶν
3314 1200 3333 1232 ι
3371 1181 3434 1243 ἐξ
3480 1179 3612 1231 Υίοῦ
3632 1180 3718 1233 καὶ

2148 1275 2214 1328 δι’
2246 1274 2376 1328 Υίοῦ
2417 1294 2436 1327 ι
2468 1274 2899 1345 διατρανούντων
2925 1273 3152 1343 Πνεῦμα
3194 1274 3257 1326 τὸ
3282 1274 3463 1340 ἅγιον.
3493 1271 3559 1324 Ei
3589 1269 3643 1324 δὲ
3664 1269 3720 1323 τὸ

2149 1366 2585 1433 ἐκπορεύεσθαι
2634 1364 3004 1436 λαμϐάνουσιν
3048 1365 3130 1428 είς
3178 1364 3476 1425 ἀντίθεσιν,
3528 1362 3721 1427 ταύτην

2149 1459 2550 1530 ἀποτρέπουσιν
2580 1459 2838 1528 ἐμφανῶς
2866 1460 2992 1529 ἥτε
3017 1458 3305 1527 προσεχῶς
3330 1455 3554 1509 τεθεῖσα
3576 1456 3723 1524 ῥῆσις

2162 1550 2481 1620 Ἐπιφανίου
2531 1549 2628 1603 τοῦ
2685 1550 3177 1621 οῦρανόφρονος,η
3226 1549 3288 1601 τὸ
3338 1546 3476 1601 αὐτὸ
3521 1550 3617 1600 καὶ
3655 1544 3723 1617 μὴ

2148 1644 2276 1699 ἄλλο
2309 1646 2452 1697 κατὰ
2502 1644 2778 1714 σημασίαν
2826 1643 3172 1715 παριστῶσα,
3199 1643 3259 1695 τὸ
3300 1661 3321 1694 ι
3359 1640 3723 1711 ἐκπορευόμε-

2149 1746 2239 1783 νον
2265 1731 2328 1783 lx
2355 1728 2451 1783 τοῦ
2489 1732 2723 1802 Πατρδς,
2747 1752 2766 1783 ι
2800 1731 2916 1797 καὶ,
2952 1748 2973 1783 ι
3015 1731 3112 1784 Ἐκ
3137 1731 3228 1784 τοῦ
3260 1730 3395 1797 ἐμοῦ
3427 1730 3677 1799 λήψεται,
3701 1748 3717 1781 ι

2150 1822 2335 1876 λοιπαί
2382 1840 2438 1877 τε
2465 1824 2578 1877 τῶν
2611 1822 2893 1894 θεηγόρων
2944 1825 3007 1893 τῇ
3042 1823 3136 1878 τοῦ
3178 1826 3398 1894 πρώτου
3436 1823 3723 1890 κεφαλαίου

457 1907 857 1978 consignarunt
899 1909 985 1978 (ex
1035 1909 1121 1965 his
1160 1909 1306 1964 enim
1342 1911 1587 1965 nonnulli
1632 1911 1706 1965 ita
1754 1910 1955 1978 aﬂ‘ecti,
1996 1922 2042 1968 el

2152 1911 2438 1979 επισκὲψει
2490 1911 2893 1982 διειλημμέναι,
2941 1912 3041 1965 καὶ
3094 1912 3293 1982 φωνῶν
3344 1912 3625 1982 διαφόρων
3676 1907 3725 1965 ιθ

458 1999 729 2069 ρι’ωοίριιε
748 2000 841 2068 qui
862 2000 1353 2057 commendationis
1372 2000 1514 2057 [ama
1532 2002 1829 2058 laudabiles
1848 2005 2044 2073 fuere),

461 2094 565 2146 hoc
612 2091 1067 2146 consubstantiale
1104 2092 1170 2147 ad
1216 2093 1499 2165 proprium
1539 2097 1877 2165 propositum
1909 2110 2048 2152 con-

459 2183 811 2250 tinuandum,
848 2185 904 2239 in
939 2185 1080 2241 hanc
1129 2187 1461 2242 sententiam
1499 2189 1777 2259 accepisse
1809 2208 1823 2243 :
1868 2206 2047 2261 neque

461 2281 516 2333 in
547 2295 779 2348 quorum
821 2279 1065 2335 favorem
1110 2281 1309 2336 similia
1353 2280 1680 2343 aﬂ'eruntur.
1729 2285 2046 2355 quicunque

460 2372 541 2425 illi
597 2371 733 2436 sint,
769 2383 1038 2443 quantum
1081 2374 1200 2444 ipse
1251 2376 1625 2447 cognoverim,
1670 2380 2044 2448 proposuisse,

460 2479 641 2535 neque
681 2480 749 2519 ex
794 2467 995 2521 nostris
1042 2481 1370 2539 quemquam
1421 2470 1513 2539 qui
1560 2470 1720 2526 facile
1765 2473 2046 2527 numerari

464 2566 711 2629 possunt,
734 2569 789 2613 et
807 2559 1069 2615 adversus
1094 2576 1232 2631 quos
1262 2563 1629 2631 improbitatis
1649 2578 1863 2619 summa
1887 2566 2049 2636 longe

462 2651 676 2733 lateque
722 2651 896 2709 ell‘usa
947 2664 1053 2719 est,
1104 2656 1220 2710 suis
1255 2657 1666 2713 commentariis
1710 2658 2042 2713 insinuasse.

461 2748 575 2809 Qun
604 2744 749 2798 enim
802 2746 1011 2801 ratione
1063 2764 1187 2802 cum
1239 2757 1493 2804 sexcenta
1547 2751 1937 2821 propemodum
1977 2751 2046 2805 ad

461 2850 656 2890 manus
691 2837 821 2902 sint,
843 2853 962 2907 qua:
989 2854 1054 2892 ea:
1085 2836 1249 2893 Patre
1281 2849 1331 2893 et
1361 2838 1508 2894 Filio
1538 2839 1593 2894 in
1615 2841 1871 2896 omnibus
1903 2841 2047 2897 divi-

459 2929 548 2981 nis
587 2929 807 2998 scriptis
837 2931 998 2985 rebus
1024 2930 1343 3002 theologicis
1374 2932 1716 3002 exponendis
1751 2932 2045 2989 illustrium

464 3015 686 3072 Patrum
717 3034 927 3075 necnon
948 3035 1012 3075 ea:
1032 3018 1178 3076 Filio
1201 3029 1248 3076 et
1271 3037 1362 3089 per
1384 3022 1587 3077 Filium
1609 3033 1796 3094 aperte
1819 3025 2044 3080 edicunt

461 3108 725 3178 Spiritum
753 3112 1046 3168 sanctum?
1070 3112 1228 3181 Quod
1253 3114 1297 3169 si
1328 3115 1608 3184 procedere
1637 3124 1828 3172 contra
1866 3130 2039 3186 oppo-

460 3210 622 3267 nunt,
664 3203 839 3273 palam
880 3204 1281 3275 oppositionem
1322 3215 1603 3272 evertunt,
1640 3216 1756 3262 tum
1793 3208 2039 3278 proxime

461 3295 700 3364 positum
745 3295 951 3352 dictum
976 3298 1188 3353 caelesti
1227 3307 1412 3355 mente
1460 3299 1674 3370 prmditi
1723 3297 2037 3370 Epiphanii,

462 3386 613 3453 quod
629 3386 883 3442 eumdem
918 3402 1023 3443 nec
1041 3386 1210 3444 alium
1251 3388 1456 3444 inferre
1478 3389 1838 3460 signiﬁcatum
1874 3407 1892 3440 ι
1920 3404 2047 3458 pro-

461 3474 659 3531 cedere
696 3491 763 3533 ex
792 3479 975 3545 Patre,
1012 3498 1032 3532 ι
1065 3490 1119 3534 et
1166 3499 1184 3532 ι
1220 3479 1297 3535 De
1316 3495 1439 3535 meo
1459 3480 1690 3551 accipiet
1721 3498 1740 3530 ι
1768 3479 2040 3542 decernit,

463 3577 583 3622 tum
612 3568 835 3640 reliqua:
857 3571 1165 3626 divinorum
1192 3571 1414 3628 Patrum
1440 3572 1498 3627 in
1519 3572 1679 3642 primi
1705 3571 1903 3642 capitis
1922 3586 2047 3626 exa-

466 3661 612 3716 mine
648 3661 879 3720 laudata
909 3678 1071 3721 voces
1096 3664 1215 3718 alia:
1250 3680 1372 3734 qua:
1404 3683 1423 3716 ι
1461 3679 1525 3719 ex
1554 3664 1715 3720 Patre
1749 3671 1804 3720 et
1838 3663 1975 3719 Filio
2016 3682 2038 3715 ι

448 3754 737 3820 .intonant,
808 3766 864 3811 et
917 3756 985 3811 ad
1038 3757 1093 3812 id
1144 3758 1322 3828 ipsum
1383 3758 1886 3829 magisperspicue
1945 3757 2043 3811 de-

461 3847 779 3902 clarandum
854 3860 1279 3915 concurrerunt,
1330 3865 1431 3905 nec
1491 3864 1601 3904 non
1660 3850 1855 3915 etiam,
1922 3863 2043 3917 qua:

464 3940 632 3995 Deum
666 3940 847 4012 ipsum
872 3942 1112 3998 Verbum
1146 3951 1416 3999 testantur
1436 3942 1492 3997 in
1521 3943 1709 3998 divino
1748 3940 2044 4012 Evangelio

466 4031 688 4097 dixisse,
718 4031 1056 4103 progreditur
1083 4040 1141 4087 et
1176 4032 1478 4102 eﬁ'undt'tur,
1502 4034 1646 4103 quod
1674 4031 1805 4088 illud
1826 4032 2044 4087 dixerat

469 4125 720 4192 procedit,
755 4135 810 4180 et
840 4126 1060 4179 tandem
1091 4140 1215 4195 qua
1241 4140 1345 4180 nos
1376 4126 1434 4182 in
1468 4126 1761 4191 similibus,
1806 4140 2041 4195 quorum

467 4216 689 4287 syllabae
738 4216 988 4272 eamdem
1026 4219 1355 4271 sententiam
1388 4215 1654 4283 tinniunt,
1677 4215 1894 4272 divinos
1942 4231 2043 4270 no-

472 4321 624 4364 stros
654 4310 843 4364 Patres
875 4309 1184 4374 audientes,
1211 4308 1267 4363 in
1301 4308 1542 4364 medium
1578 4308 1882 4371 attulimus,
1907 4323 2044 4364 con-

468 4401 805 4456 tentionibus
838 4415 967 4456 vero
996 4400 1185 4467 dediti,
1218 4411 1272 4456 et
1300 4400 1733 4457 dissensionibus
1761 4400 2044 4457 studentes

466 4493 574 4548 illis
597 4507 706 4548 non
749 4494 1067 4555 suadentur,
1107 4494 1203 4549 sed
1234 4493 1411 4563 palam
1444 4493 1823 4548 adversantur.
1886 4492 2041 4547 Post-

2150 2009 2263 2069 τοῖς
2292 2006 2356 2059 ὲκ
2388 2006 2603 2076 Πατρὸς
2625 2006 2720 2058 καὶ
2750 2004 2878 2057 Υίοῦ
2913 2003 3302 2074 φωνουμένων,
3330 2005 3425 2057 καὶ
3452 2004 3519 2056 τδ
3542 2003 3725 2055 ταυτὸν

2150 2100 2228 2161 είς
2247 2097 2557 2167 συνδρομὴν
2574 2096 2874 2167 σαφηνείας
2896 2095 3265 2165 δεικνύμεναι.
3291 2096 3384 2148 καὶ
3415 2097 3471 2147 αἱ
3494 2095 3590 2146 τὸν
3602 2093 3723 2145 Θεὸν

2149 2188 2322 2256 Λόγον
2382 2185 2545 2239 αὑτὸν
2605 2185 2684 2255 τῷ
2740 2184 2872 2254 θείῳ
2938 2185 3317 2255 μαρτυροῦσαι
3382 2184 3720 2252 Εὑαγγελίῳ,

2149 2280 2426 2348 πρόεισιν
2459 2268 2657 2341 εἰπεῖν,
2694 2277 2789 2330 καὶ
2821 2275 3156 2345 προχεῖται,
3196 2273 3280 2340 οἷς
3332 2277 3591 2346 εἴρηκεν,
3636 2276 3723 2329 ἐκ.

2149 2368 2482 2437 πορεύεται,
2542 2369 2638 2421 καὶ
2675 2364 2828 2428 τέλος
2875 2360 2955 2429 οἷς
2995 2367 3153 2437 ἡμεῖς
3189 2369 3248 2420 ιν
3279 2368 3521 2430 τούτοις,
3550 2360 3624 2420 ὧν
3651 2368 3723 2429 είς

2147 2460 2247 2531 τὴν
2277 2460 2445 2531 αὐτὴν
2468 2458 2674 2513 ἔννοιαν
2700 2461 2758 2513 αί
2810 2459 3071 2513 συλλαὸαὶ
3101 2459 3348 2529 φέρουσι,
3405 2457 3722 2527 στέργοντες

2152 2552 2228 2623 μὴ
2260 2551 2613 2621 ζυγομαχεῖν,
2645 2551 2963 2622 πειθόμενοι
3008 2553 3121 2615 τοῖς
3159 2550 3514 2621 θεοφορήτως
3543 2548 3721 2618 ἑσμὸν.

2148 2644 2211 2697 Οί
2241 2643 2287 2696 δ’
2327 2645 2386 2696 ιν
2446 2642 2623 2697 τοῖσδε
2672 2642 2734 2696 τὸ
2782 2642 3118 2713 ζυγομαχεῖν
3167 2641 3437 2713 ᾑρημένοι
3482 2638 3725 2702 ἀπειθεῖς

2147 2735 2329 2798 αὐτοῖς
2367 2736 2626 2806 ὁρῶνται,
2679 2737 2772 2789 καὶ
2808 2737 3130 2808 περιφανῶς
3182 2734 3722 2804 ἀπικαθιστάμενοι.

2150 2830 2383 2884 Ἔπειτα
2414 2830 2636 2905 κάκεῖνο
2663 2829 2989 2901 θεωρητέον,
3014 2830 3089 2891 ὡς
3114 2831 3142 2882 ό
3163 2828 3258 2882 τοῦ
3285 2828 3597 2897 κεφαλαίου
3610 2843 3725 2895 γεν-

2148 2922 2329 2993 νήτωρ
2349 2920 2693 2992 ὁμολογήσας
2722 2923 2786 2975 ὲκ
2829 2922 2924 2975 τοῦ
2960 2922 3368 2991 ταυτοδυνάμου
3395 2922 3515 2974 τῶν
3540 2920 3724 2990 φωνῶν

2147 3013 2247 3083 τῆς
2313 3012 2466 3075 θείας
2519 3012 2743 3083 Γραφῆς
2794 3013 3131 3084 παραδοῦναι
3195 3015 3322 3076 τοὺς
3372 3014 3629 3093 ῌατέρας
3664 3014 3725 3066 τό

2148 3105 2476 3173 ὀμοούσιον
2506 3105 2598 3158 καὶ
2622 3104 2698 3167 ὼς
2718 3104 2808 3157 τὸν
2838 3105 2901 3157 ἐκ
2928 3107 3025 3174 τῆς
3045 3105 3391 3173 Ἀρειανικῆς
3420 3104 3597 3174 ζάλης
3622 3107 3724 3156 κίν-

2149 3196 2304 3251 δυνον
2329 3196 2681 3268 ἀναιροῦντες
2737 3196 3188 3267 παραδεδώκασι,
3222 3196 3319 3249 καὶ
3349 3197 3424 3248 τα
3448 3195 3556 3265 τῆς
3588 3195 3722 3266 Γρι-

2149 3292 2253 3359 φῆς
2289 3291 2381 3342 καὶ
2410 3292 2474 3342 ἐκ
2520 3290 2620 3358 τῆς
2676 3287 2922 3358 Γραφῆς,
2977 3289 3071 3356 ἀφ’
3121 3284 3200 3342 ὧν
3244 3288 3345 3360 ὅση
3386 3305 3473 3352 τις
3511 3288 3723 3359 ἡμῶνή

2150 3383 2515 3453 συγκρότησις
2546 3383 2704 3454 δήλη.
2734 3377 2869 3436 Εἶτα
2898 3383 3079 3436 καὶτὰ
3100 3383 3207 3436 ἀπὸ
3246 3383 3462 3445 κοιλίας
3492 3383 3721 3450 ὲπάγειθ

2154 3494 2172 3525 ι
2212 3475 2475 3529 Ἐνταῦθα
2501 3476 2557 3527 δὲ
2585 3477 2667 3539 τίς
2710 3476 3018 3545 ήὰνάγκης
3053 3494 3073 3528 ι
3132 3474 3228 3528 καὶ
3271 3475 3341 3528 τὰ
3393 3473 3549 3544 ἑξῆς.
3590 3475 3722 3542 Πρὸς

2146 3566 2275 3635 γοῦν
2298 3568 2439 3620 αὐτὰ
2463 3565 2690 3619 πλεῖστα
2719 3568 2861 3636 ἔχων
2890 3568 3057 3636 ἐρεῖν,
3104 3560 3219 3619 οἷον
3248 3564 3501 3618 κίνδυνον
3531 3566 3721 3626 κακίας

2147 3656 2245 3711 καὶ
2273 3656 2334 3722 ἐξ
2364 3650 2536 3728 αὐτῆς
2567 3659 2667 3727 τῆς
2725 3677 2746 3710 ι
2784 3661 2878 3712 καὶ
2911 3661 2975 3712 ὲκ
2994 3658 3085 3711 τοῦ
3119 3659 3249 3711 Υίοῦ
3301 3656 3401 3710 καὶ
3431 3657 3505 3710 δι’
3537 3654 3664 3709 Υίοῦ
3697 3674 3714 3707 ι

2148 3749 2425 3819 θεολογίας
2467 3752 2518 3803 οἱ
2551 3751 2707 3805 αὐτοὶ
2739 3751 2984 3821 Πχτέρες
3024 3751 3595 3821 ἀποδιοπομποῦντες,
3636 3754 3721 3802 καὶ

2148 3842 2196 3892 οί
2238 3839 2475 3911 καθεξῆς
2519 3842 2578 3895 ἐν
2614 3844 2736 3904 ταῖς
2790 3840 3156 3911 παγκοσμίοις
3215 3841 3567 3895 συνελεύσεσι
3610 3841 3721 3894 δια-

2145 3932 2476 4002 λάμψαντες,
2507 3933 2782 4003 διαφανῶς
2816 3937 3252 4007 ὲνοπτρίζοντσι,
3315 3935 3587 4006 είργομαι
3635 3934 3719 3988 διίι

2149 4031 2398 4103 βραχέων
2426 4031 2591 4102 φάναι
2623 4032 2979 4103 προθέμενος.
3015 4034 3077 4087 Εί
3108 4034 3201 4086 καὶ
3229 4032 3377 4085 οὕτω
3401 4031 3469 4102 δὴ
3517 4031 3597 4101 μὴ
3630 4031 3721 4100 τῆς

2148 4123 2458 4194 προθέσεως
2487 4123 2784 4188 διαπίπτω,
2811 4126 2875 4177 ἐκ
2922 4124 3030 4177 τῶν
3063 4125 3144 4186 είς
3182 4124 3392 4175 ἒκαστα
3432 4120 3532 4173 τοῦ
3560 4120 3722 4189 ζητή-

2149 4232 2318 4284 ματος
2345 4214 2738 4287 πολυαρίθμων
2770 4215 2940 4270 όντων
2988 4216 3285 4285 ἑλκόμενος
3318 4215 3442 4268 κατ’
3474 4214 3717 4282 ἀνάγκην

2145 4308 2261 4360 ἔνια
2300 4306 2742 4379 παρατίθεσθαι,
2784 4306 3087 4362 κάντεῦθεν
3136 4305 3391 4361 ὁπωσοῦν
3437 4304 3719 4376 ἐμπλατὸ-

2146 4400 2356 4465 νεσθαι,
2391 4401 2540 4469 ὅμως
2565 4401 2629 4454 ὲκ
2680 4400 2791 4455 τῶν
2823 4400 2918 4453 τοῦ
2953 4398 3223 4469 σύνεγγυς
3250 4398 3642 4467 atansum;
3665 4396 3721 4462 ἐξ

2144 4491 2407 4560 ὀνόματος
2434 4490 2578 4545 θείου
2611 4491 2897 4562 Πατρός,ῆ
2925 4490 3021 4565 καί
3048 4508 3209 4544 τινων
3232 4492 3353 4545 κατ’
3377 4490 3547 4544 αὐτὸν
3575 4491 3722 4543 ὲστεο

466 4584 688 4639 modum
714 4583 848 4639 illud
907 4599 1127 4654 quoque
1184 4584 1642 4639 considerandum
1689 4594 1791 4649 est,
1848 4584 2041 4653 capitis

2147 4584 2402 4653 νωμὲνως
2423 4581 2851 4654 ληφθησομένων
2881 4585 3184 4654 φανήσεται
3205 4583 3267 4636 τὸ
3283 4584 3604 4654 λεγόμενον.
3628 4580 3722 4634 0ft-

464 4678 698 4748 hujusce
725 4686 1029 4741 auctorem,
1063 4693 1188 4732 cum
1214 4677 1392 4732 fassus
1421 4678 1515 4742 sit,
1539 4694 1606 4731 ex
1623 4677 1813 4731 eodem
1845 4692 2038 4731 vocum

462 4773 665 4827 divinas
693 4767 994 4837 Scriptura
1023 4770 1329 4841 signiﬁcatu
1364 4771 1552 4825 Patres
1599 4770 2042 4825 consubstantiala

466 4863 784 4924 tradidisse,
839 4871 897 4915 et
961 4877 1028 4923 ex
1087 4862 1415 4917 Arianorum
1489 4872 1816 4932 tempestate
1898 4866 2041 4934 peri-

462 4957 651 5009 eulum
739 4955 1034 5009 imminens
1118 4954 1479 5022 depellentes,
1555 4970 1795 5023 eaquae
1871 4963 2034 5009 erant

462 5049 762 5116 Scriptura:
791 5055 847 5101 et
872 5061 937 5100 ex
966 5046 1247 5117 Scriptura
1275 5049 1586 5101 decrevisse
1617 5064 1630 5112 ;
1661 5046 1744 5100 his
1771 5055 2036 5116 quantum

462 5157 554 5196 res
590 5150 799 5203 nostra,
845 5141 1223 5205 conﬁrmetur,
1276 5140 1486 5195 nemini
1536 5155 1643 5194 non
1688 5149 1876 5195 notum
1927 5151 2033 5196 est.

462 5234 601 5289 Tum
648 5236 906 5303 deinceps
957 5251 988 5288 e
1037 5245 1228 5287 ventre
1262 5236 1589 5309 deprompta
1625 5234 1825 5303 promit
1867 5250 1913 5287 τι
1941 5233 2038 5288 llic

460 5343 594 5382 vero
626 5343 748 5397 quae
777 5328 1074 5382 necessitas
1118 5327 1243 5380 est?
1274 5346 1291 5377 ι
1320 5336 1376 5380 et
1430 5342 1551 5395 qua:
1599 5339 1921 5395 sequuntur.
1954 5326 2037 5380 Ad

462 5423 578 5474 haec
605 5436 729 5474 cum
773 5422 939 5474 multa
968 5428 1266 5489 suppetant
1294 5419 1496 5485 dicere,
1527 5435 1718 5489 nempe
1773 5420 2036 5488 improbi-

464 5516 590 5566 tatis
628 5512 953 5581 periculum,
995 5528 1058 5565 ex
1092 5512 1184 5565 illo
1214 5515 1377 5565 etlam
1411 5512 1838 5580 tltcologicorum
1867 5512 2038 5565 dicto-

462 5621 585 5661 rum
625 5621 718 5660 (ex
749 5605 888 5659 Filio
916 5614 968 5658 et
1010 5619 1105 5673 per
1138 5603 1334 5658 Filium
1370 5621 1390 5654 ι
1427 5603 1591 5659 iidem
1622 5602 1814 5656 Patres
1850 5603 2036 5670 procul

460 5707 803 5763 amm'entcs,
839 5711 893 5751 et
924 5700 1015 5767 qui
1050 5713 1143 5751 eos
1176 5697 1450 5751 subsecuti
1484 5706 1612 5749 sunt
1652 5696 1704 5748 in
1756 5696 2039 5750 universa-

464 5788 604 5843 l.lms
665 5788 1052 5855 congressibus
1112 5787 1546 5858 przm'lnt'issitni,
1603 5788 1776 5839 instar
1830 5786 2036 5855 speculi

458 5883 743 5942 evidenter
796 5886 925 5941 alius
990 5886 1389 5947 illuminarunt,
1458 5884 1746 5957 Emped-nr:
1800 5900 1919 5937 cum
1980 5884 2038 5937 ilt

2141 4694 2220 4728 τω
2260 4679 2354 4727 καὶ
2383 4673 2493 4745 γὰρ
2539 4676 2638 4744 τὴν
2669 4676 2842 4744 ἀγχοῦ
2867 4676 3193 4747 τεθειμένην
3247 4677 3433 4745 ῥῆσιν,
3467 4675 3615 4727 οὕτω
3644 4675 3719 4725 τί·

2143 4768 2301 4838 θησιν
2331 4768 2582 4831 ἐντελῶς,
2647 4788 2664 4820 ι
2698 4768 2923 4839 Πνεῦμα
2968 4769 3127 4836 ἆγιον
3180 4770 3242 4822 οὐ
3278 4769 3637 4838 συνάδελφον,
3660 4769 3714 4819 οὗ

2143 4860 2542 4929 πατράδελφον,
2580 4859 2695 4913 αλλ’
2718 4862 2784 4914 ἑκ
2814 4860 2912 4929 τῆς
2945 4860 3122 4936 αῦτῆς
3149 4860 3342 4924 οὐσίας
3378 4861 3596 4928 [ἰατρὸς
3630 4860 3716 4911 καὶ

2143 4954 2294 5019 Υίοῦ,
2327 4971 2347 5006 ›
2380 4958 2476 5009 καὶ
2503 4955 2703 5025 ἑφεξῆς
2720 4955 2796 5019 ὡς
2828 4957 3228 5027 κατέστρωται.
3254 4956 3380 5010 Τῶν
3411 4957 3524 5028 γὰρ
3559 4955 3715 5007 ﬂven-

2145 5052 2480 5119 ματομάχων
2523 5049 2865 5103 σπευδόντων
2908 5048 3187 5119 ἀποφῆναι
3224 5048 3434 5116 κτίσμα
3464 5049 3528 5101 τὸ
3546 5048 3714 5101 Πνεῦ-

2145 5159 2219 5211 μα
2239 5142 2299 5194 τὸ
2333 5143 2508 5210 ἅγιον,
2534 5141 2632 5194 καὶ
2659 5141 2950 5210 λεγόντων,
2974 5141 3037 5194 Ei
3063 5143 3128 5195 ἐκ
3154 5141 3248 5194 τοῦ
3277 5140 3495 5212 [ἰατρὸς
3527 5142 3711 5210 ἄμφω,

2139 5233 2235 5286 δύο
2263 5235 2504 5303 ἀδελφοὶ,
2532 5237 2624 5288 καὶ
2648 5233 2744 5287 δύο
2767 5234 2909 5299 Υίοὶ,
2933 5233 3029 5287 καὶ
3060 5233 3177 5298 πῶς
3209 5234 3565 5305 Μονογενήςς
3617 5250 3713 5302 μο⁴

2139 5328 2348 5398 νονουχί
2371 5344 2533 5397 φησιν
2560 5328 2589 5380 ὁ
2611 5326 2754 5389 θεῖος
2787 5328 3168 5397 μυσταγωγὸς,
3190 5327 3376 5390 Οὕτως
3397 5332 3463 5383 ὲκ
3486 5327 3581 5380 τοῦ
3604 5327 3710 5379 Πα-

2138 5424 2266 5492 τρδς
2302 5422 2488 5493 ἄμφω,
2513 5421 2586 5486 ὡς
2616 5423 2707 5476 καὶ
2732 5421 2791 5486 ἐξ
2836 5423 3026 5491 ἑτέρου
3071 5419 3210 5476 εἶναι
3259 5423 3321 5476 τὸ
3379 5422 3592 5493 ἕτερον,
3623 5422 3713 5473 καὶ

2138 5514 2331 5566 τούτου
2380 5530 2486 5583 περ
2533 5516 2614 5575 εἰς
2652 5514 3004 5582 κατασκευὴν
3056 5514 3328 5583 λαμϐάνει
3378 5513 3487 5567 τῶν
3526 5516 3592 5567 ὲκ
3618 5513 3711 5581 τῆς

2142 5606 2475 5674 θεοφθόγγου
2508 5607 2791 5675 Κυριακῆς
2840 5606 3023 5675 φωνῆς
3078 5608 3293 5676 ῥήσεων
3340 5608 3713 5675 εὐαγγελικῶν

2139 5698 2202 5749 τὸ
2230 5697 2403 5749 διττὸν
2424 5698 2544 5761 τῆς,
2563 5696 2659 5751 Ἐκ
2671 5696 2765 5750 τοῦ
2794 5697 3005 5764 Harpe;
3019 5696 3401 5766 ἐκπορεύεται,
3422 5697 3709 5765 λεγούσης,

2144 5793 2234 5843 καὶ
2257 5791 2377 5860 τῆς,
2414 5809 2430 5840 ι
2462 5790 2556 5843 Ἐκ
2590 5789 2683 5842 τοῦ
2716 5790 2850 5859 ἐμοῦ
2902 5790 3153 5861 λήψεται,
3195 5808 3214 5841 ι
3275 5793 3375 5867 τῇς
3418 5790 3596 5859 αὐτῆς
3629 5793 3711 5842 ὲν·

2143 5884 2287 5948 vniat;
2323 5885 2604 5956 παριστῶν
2655 5885 2940 5956 ἑκατέρας,
2994 5885 3086 5939 καὶ
3133 5886 3190 5938 τὶ
3226 5884 3581 5955 ςυνέδελιρον,
3625 5884 3719 5937 καὶ
