3972 6582
220 411 346 510 tua

1210 447 1505 506 CONTRA
1571 448 1959 511 MAXIMUM
2020 418 2567 529 PLANUDEM.V,

3317 411 3451 508 1906

216 551 565 626 πατρὰδεῗκφον
608 547 856 605 ἐντεῦθεν
889 552 1277 624 ἁπορῤαπὶζει,
1311 557 1405 607 καὶ
1440 556 1498 607 τδ
1530 572 1757 625 μονογε-

1879 557 2057 610 animo
2088 559 2158 611 sit
2192 557 2448 612 brevibus
2496 569 2580 611 me
2612 554 2893 625 expedire,
2930 553 3054 609 licet
3107 553 3210 607 hac
3246 555 3454 611 ratione

214 651 290 711 νὲς
313 642 546 712 συνιστᾷ,
580 641 675 695 καὶ
706 644 765 696 τὸ
791 644 851 709 ἐξ
884 646 1088 715 ἀμφοῖν
1129 646 1427 718 διαρρήδην
1455 647 1768 719 ἀνακηρύτ-

212 758 287 797 τει
305 755 319 771 ·
345 736 421 791 διδ
449 735 544 789 καὶ
578 735 719 807 μετά
754 754 876 792 τινα
898 739 1151 810 ἐπιφέρει
1185 740 1364 810 λέγων
1389 758 1402 772 ·
1440 760 1458 793 ι
1485 741 1630 795 Ἀλλ’
1658 743 1775 813 ἐρεῖ

210 850 301 899 τις,
333 828 536 884 Οὐκοῦν
565 847 742 901 φαμεν
769 831 863 887 δύο
888 827 1027 888 εἶναι
1078 834 1262 901 Υἱοὺς,
1311 839 1403 891 καὶ
1447 837 1565 902 πῶς
1597 840 1769 892 Μονο-

211 925 391 995 γενής;
436 921 717 992 Μενοῦνγε
773 926 837 979 σὺ
877 926 956 1005 τίς
1011 924 1062 981 εἴ
1099 930 1127 982 ό
1181 930 1662 1002 ἀντιλογιζόμενος
1691 930 1770 1001 τῷ

210 1015 348 1085 Catii;
396 1015 457 1068 El
503 1014 613 1084 γὰρ
659 1016 752 1071 τὸν
813 1018 936 1072 Υίδν
991 1021 1149 1076 καλεῖ
1182 1023 1275 1076 τὸν
1307 1023 1365 1090 ἐξ
1399 1023 1588 1088 αὐτοῦ,
1621 1024 1683 1078 τὺ
1712 1023 1772 1077 δὲ

209 1110 351 1177 ἆγιον
389 1106 609 1177 Πνεῦμα
637 1107 699 1162 τὸ
730 1111 863 1180 παρ’
897 1112 1248 1185 ἀμφοτέρων.
1280 1133 1299 1167 ι
1331 1116 1442 1170 Καὶ
1485 1118 1516 1171 ό
1546 1116 1771 1184 Νῦσσης

205 1200 377 1261 ἔνθεθς
438 1198 698 1269 ἱεράρχης
752 1202 822 1255 τὰ
877 1205 1022 1259 αὐτὰ
1062 1206 1311 1262 διδάσκει
1361 1209 1419 1261 ὲν
1468 1205 1550 1271 οἷς
1578 1211 1642 1263 ὲκ
1673 1208 1769 1262 τοῦ

205 1289 411 1362 πρώτου
444 1291 538 1344 καὶ
572 1290 672 1360 τῆς
720 1292 901 1358 αίτίας
959 1295 1050 1348 τὸν
1087 1296 1185 1365 μὲν
1217 1297 1346 1351 Υίὸν
1379 1298 1687 1369 προσεχῶς,
1711 1299 1772 1350 τδ

202 1383 255 1435 δὲ
287 1379 507 1450 Πνεῦμα
548 1381 637 1436 διὰ
668 1382 762 1437 τοῦ
815 1387 1101 1456 προσεχῶς
1131 1387 1473 1457 δογματίζει,
1531 1389 1619 1443 διὰ
1672 1387 1778 1442 τοῦ,

204 1474 325 1528 Υίοῦ
355 1474 622 1544 δηλονότι,
657 1477 880 1546 ἐπάγων
910 1478 1061 1547 ἑξῆς,
1101 1500 1117 1531 ι
1165 1482 1330 1536 Ὥστε
1380 1482 1477 1536 καὶ
1503 1483 1564 1535 τὸ
1617 1500 1771 1553 μονο-

188 1564 351 1650 γενὲς
372 1565 746 1635 ἀναμφίσολον
784 1570 877 1623 ἐπὶ
925 1572 1023 1624 τοῦ
1071 1571 1202 1626 Υίοῦ
1242 1575 1446 1644 μένειν,
1477 1575 1575 1628 καὶ
1601 1575 1661 1630 τὸ
1707 1576 1772 1629 ἐκ

147 1701 159 1717 ,
202 1655 285 1708 τοῦ
319 1656 533 1726 Πατρὸς
567 1653 710 1712 εἶναι
739 1660 800 1713 τὸ
830 1661 1056 1733 Πνεῦμα
1094 1665 1169 1735 μὴ
1220 1667 1616 1736 ἀμφιϐάλλειν,
1671 1668 1771 1738 τῆς

198 1747 285 1799 τοῦ
308 1745 436 1800 Υίοῦ
473 1749 756 1816 μεσιτείας
787 1752 878 1806 καὶ
917 1754 1099 1825 ἑαυτῷ
1146 1754 1209 1809 τὸ
1246 1757 1536 1825 μονογενὲς
1569 1758 1774 1827 φυλατ-

1879 666 1907 704 a
1941 650 2224 720 proposito
2256 649 2391 705 mihi
2416 663 2580 718 scopo
2614 647 2879 711 decidant,
2913 645 3039 701 dum
3077 646 3142 700 ad
3198 645 3455 715 quaestio-

1852 734 1974 798 ἰιίε
2007 743 2240 813 singula,
2274 758 2394 813 qute
2440 741 2553 797 fere
2606 743 2891 795 innumera
2920 747 3068 803 sunt,
3125 737 3456 793 necessitate

1873 836 2105 905 quadam
2162 850 2328 906 cogor
2383 832 2644 889 nonnulla
2707 829 3089 886 tantummodo
3147 843 3454 899 apponere,

1875 928 2107 998 indeque
2136 928 2632 998 quomodocunque
2697 923 2992 995 prolixiore
3049 921 3126 977 uti
3179 935 3456 976 sermone.

1873 1020 2247 1076 Nihilominus
2308 1035 2374 1075 ex
2422 1019 2533 1091 jam
2600 1032 2769 1087 prope
2824 1016 2893 1071 de
2949 1013 3176 1069 nomine
3233 1011 3458 1067 laudato

1874 1112 2062 1169 divino
2109 1111 2292 1177 Patre,
2352 1120 2448 1165 aut
2498 1109 2823 1179 quibusdam
2876 1107 2944 1161 ad
2979 1115 3217 1163 mentem
3262 1105 3457 1177 ipsius

1873 1205 2115 1262 breviter
2146 1205 2433 1263 laudandis
2466 1204 2668 1258 dictum
2702 1200 3165 1257 manifestabitur.
3201 1198 3452 1266 Namque

1876 1298 1957 1353 sic
2004 1313 2118 1352 non
2151 1295 2325 1351 multo
2355 1306 2482 1349 ante
2522 1294 2813 1349 recitatum
2854 1292 3060 1347 dictum
3121 1290 3193 1345 ita
3252 1289 3462 1358 prof-rt

1875 1389 2149 1461 integrum
2196 1406 2212 1444 :
2251 1407 2271 1441 t
2312 1388 2552 1458 Spiritus
2611 1395 2838 1442 sanctus
2893 1401 3000 1439 non
3048 1383 3218 1438 frater
3252 1382 3458 1442 fratris,

1846 1482 1984 1537 ‘non
2015 1482 2194 1537 Patris
2234 1481 2424 1544 frater,
2462 1480 2560 1534 sed
2593 1496 2656 1534 ex
2692 1479 2810 1548 ipsa
2872 1476 3113 1532 essentia
3169 1473 3347 1528 Patris
3406 1479 3464 1525 et

1881 1572 2023 1639 Filii,
2063 1592 2083 1626 ι
2115 1583 2170 1629 et
2211 1588 2333 1644 qua:
2380 1578 2706 1639 sequuntur,
2738 1569 2815 1623 uti
2849 1584 3018 1639 supra
3064 1566 3270 1637 digesta
3309 1570 3459 1618 sunt.

1877 1664 2013 1721 Cum
2045 1664 2192 1720 enim
2230 1663 2468 1734 Spiritus
2522 1664 2709 1719 hostes
2741 1659 3164 1720 contenderent,
3196 1654 3462 1725 Spiritum

1877 1764 2127 1810 sanctum
2186 1763 2497 1811 creaturam
2570 1752 2973 1816 demonstrare,
3051 1748 3461 1814 dicerentque:

194 1837 409 1907 τούσης,
435 1839 534 1892 καὶ
559 1839 622 1893 τὸ
642 1841 865 1911 Πνεῦμα
882 1843 982 1912 τῆς
1005 1846 1144 1916 πρὸς
1164 1847 1258 1901 τὺν
1284 1849 1500 1918 Πατέρα
1529 1851 1763 1920 σχέσεως

1879 1848 1927 1903 Si
1965 1864 2032 1903 ex
2058 1847 2219 1902 Patre
2275 1857 2526 1916 uterque,
2585 1845 2694 1899 duo
2722 1842 2917 1898 fratres
2973 1849 3032 1896 et
3080 1840 3188 1895 duo
3242 1836 3360 1902 filii,
3411 1842 3468 1889 et

197 1930 267 2000 μὴ
290 1929 687 2003 ἁπειργούσης.
722 1951 743 1985 ι
784 1934 845 1988 Ei
877 1935 1051 1991 ταῦτα
1078 1938 1138 1991 τὸ
1173 1939 1393 2010 βέϐαιον
1421 1942 1645 2012 ἔσχηκε,
1665 1941 1769 1996 ποῦ

194 2022 251 2074 τὸ
273 2024 671 2093 συνιστάμενον
701 2023 814 2091 ἕξει
844 2028 987 2080 κατὰ
1015 2034 1142 2091 τοὺς
1174 2030 1275 2101 τῆς
1305 2032 1589 2097 εὐσεὸείας
1637 2051 1773 2106 προ-

194 2113 397 2179 ϐόλους,
428 2117 526 2169 καὶ
562 2118 637 2188 μὴ
661 2118 722 2173 τὸ
769 2121 956 2189 σφίσιν
1002 2123 1337 2196 ἀντίρροπον
1364 2125 1425 2179 τὸ
1457 2128 1558 2197 μὲν
1573 2127 1773 2196 όμοού-

195 2202 568 2258 σιοντιθείναι
617 2206 817 2275 λέγειν,
851 2208 1100 2263 κίνδυνον
1152 2211 1438 2281 ἁφανίζον,
1493 2215 1587 2268 τοῦ
1621 2216 1776 2286 λὲγε-

193 2294 419 2349 σθαιτὸν
456 2294 591 2350 Υίὺν
618 2298 878 2354 ἐλάττονα
919 2301 1014 2355 τοῦ
1045 2304 1279 2374 Πατρδς,
1315 2305 1555 2360 ἐνταῦθα
1578 2307 1635 2360 δὲ
1664 2326 1773 2377 μγ,-

614 2392 947 2482 ὰντεπάγειν
988 2396 1257 2468 ὑπάρχειν
1292 2400 1392 2469 τῆς
1421 2398 1482 2465 ἐξ
1521 2400 1651 2454 Υἱιῦ
1680 2402 1774 2454 καὶ

189 2479 255 2533 δι’
286 2479 417 2533 Υίοῦ
446 2479 731 2551 θεολογίας
750 2485 1029 2554 ἀπούσης;
1058 2490 1150 2556 αφ’
1185 2485 1254 2562 ἧς
1274 2490 1625 2555 ἀνίστασθαι,
1679 2494 1774 2545 καὶ

192 2573 395 2642 μᾶλλον
423 2575 764 2631 ἀνακύπτειν
798 2579 972 2651 μυρία
996 2582 1066 2635 τὰ
1085 2582 1283 2647 ἄτοπα,
1310 2572 1471 2655 εἷπερ
1495 2585 1569 2649 ὼς
1594 2588 1774 2641 ἐκεῖσε

188 2667 253 2719 τὸ
278 2670 618 2737 όμοούσιον
650 2674 731 2735 είς
763 2674 1100 2747 ἀποσόὸησιν
1128 2680 1329 2751 ἐρρέθη
1356 2684 1472 2745 τοῖς
1524 2684 1773 2753 Ila-cpia:

187 2756 294 2810 τῶν
326 2758 807 2831 βλασφημούντων
840 2767 920 2828 είς
961 2767 1053 2821 τὸν
1105 2769 1258 2835 Υἱὸν,
1293 2769 1469 2836 οὕτως
1498 2773 1687 2828 ὲνθάεε
1714 2774 1776 2831 τὸ

194 2867 213 2901 t
244 2850 305 2915 ιε
360 2852 501 2907 Υίοῦ
543 2872 604 2908 τε
635 2859 727 2909 καὶ
776 2859 842 2912 δι’
884 2860 1009 2914 Υίοῦ
1053 2880 1071 2913 ι
1126 2865 1206 2928 είς
1243 2867 1632 2937 καταστροφὴν
1673 2870 1774 2939 τῆς

185 2942 575 3013 γλωσσαλγίας
602 2946 929 3021 ὲθεολογήῢη
964 2954 1077 3015 τοῖς
1123 2953 1402 3027 θεοφόροις
1430 2958 1535 3010 τῶν
1568 2960 1776 3030 δυσφη-

189 3036 438 3105 μοῠντων
470 3039 557 3099 είς
593 3039 653 3092 τὸ
684 3039 910 3112 Πνεῦμα
929 3044 989 3096 τὸ
1018 3042 1193 3114 ἅγιον.
1245 3048 1354 3101 Ποῦ
1378 3048 1436 3102 δὲ
1467 3050 1560 3103 καὶ
1590 3051 1771 3121 παρά-

1873 1940 2152 2012 quomodo
2193 1936 2556 2008 unigenitus?
2588 1944 2800 1991 tantum
2830 1950 2943 1988 non
2999 1931 3222 1988 divinus
3270 1930 3468 1985 doctor

1875 2032 2100 2102 inquit:
2131 2032 2204 2086 Ea
2236 2029 2450 2086 ratione
2497 2038 2732 2099 uterque
2781 2042 2848 2080 ex
2906 2023 3071 2080 Patre
3121 2031 3229 2088 est,
3287 2028 3350 2076 ut
3399 2036 3465 2074 ex

1874 2126 1981 2180 alio
2049 2125 2189 2179 alius
2259 2123 2366 2188 sit,
2432 2131 2488 2176 et
2546 2120 2614 2175 ad
2686 2120 2791 2175 hoc
2849 2114 3323 2187 comprobandum
3399 2127 3466 2166 ex

1878 2217 2065 2272 divina
2098 2215 2317 2270 Domini
2379 2228 2515 2268 voce
2570 2212 2772 2280 duplex
2825 2209 3031 2264 dictum
3082 2205 3468 2273 Evangelieum

1873 2310 2124 2373 assumit,
2157 2308 2301 2378 quod
2328 2323 2398 2362 ex
2422 2306 2581 2361 Patre
2638 2303 2935 2374 procedere
2963 2299 3180 2365 asserit,
3212 2306 3268 2353 et
3323 2296 3469 2369 quod

1880 2418 1900 2452 ι
1930 2398 2007 2454 Ex
2036 2413 2161 2455 meo
2213 2398 2470 2468 accipiet,
2501 2415 2521 2449 ι
2560 2394 2810 2466 ejusdem
2833 2408 2956 2449 esse
2982 2391 3272 2448 sententia:
3323 2398 3469 2443 utra-

1873 2507 1979 2562 que
2003 2492 2356 2553 confirmans,
2393 2489 2631 2558 indeque
2655 2496 2710 2541 et
2734 2486 2915 2541 fratris
2933 2485 3173 2549 fratrem,
3206 2492 3260 2537 et
3303 2481 3471 2552 patris

1875 2585 2100 2640 fratrem
2123 2586 2282 2654 longe
2309 2584 2478 2654 pellit,
2502 2591 2557 2638 et
2583 2580 2934 2651 Unigenitum
2957 2578 3297 2641 corroborat,
3320 2583 3374 2630 et
3396 2590 3465 2629 ex

1875 2682 2111 2745 utroque
2138 2676 2315 2745 palam
2345 2673 2700 2745 deprazdieat,
2738 2671 2970 2740 ideoque
3003 2683 3114 2722 non
3147 2675 3271 2737 post
3296 2664 3469 2719 multa

1875 2767 2161 2838 subiungit
2194 2766 2382 2821 dicens
2414 2783 2427 2819 :
2459 2781 2479 2816 t
2516 2763 2622 2818 Sed
2674 2762 2871 2816 dixerit
2897 2760 3188 2830 quispiam,
3222 2757 3471 2811 Dicimus

1875 2873 2006 2932 ergo
2044 2845 2182 2912 duos
2215 2856 2355 2910 [ilics
2385 2870 2533 2923 esse,
2571 2863 2627 2909 et
2659 2853 2936 2923 quomodo
3002 2851 3319 2921 unigenitus
3344 2847 3371 2902 τ
3405 2847 3474 2901 At

1875 2962 1931 3007 tu
1976 2950 2098 3020 quis
2150 2964 2230 3012 es,
2253 2949 2342 3019 qui
2373 2948 2481 3002 Deo
2508 2942 2872 3001 contrttdicis?
2901 2944 3119 2999 Etenim
3168 2943 3218 2996 si
3276 2941 3475 2996 Filium

1875 3050 2032 3098 vocat
2054 3039 2145 3111 qui
2173 3055 2240 3095 ex
2262 3039 2382 3109 ipso
2416 3047 2517 3105 est,
2545 3036 2807 3107 Spiritum
2836 3051 2964 3090 vero
2988 3042 3262 3100 sanctum,
3293 3033 3380 3102 qui
3405 3032 3474 3086 ab

182 3128 332 3190 δῡσις
360 3130 396 3200 ἡ
427 3147 447 3180 ‹
481 3130 551 3182 ὲκ
571 3130 783 3203 Πατρός
810 3135 972 3202 μόνου
1007 3154 1026 3187 ι
1067 3139 1160 3190 νέα
1194 3138 1506 3207 νομοθεσία,
1537 3143 1630 3195 καὶ
1649 3141 1771 3213 οὐχὶ

1879 3135 2147 3204 utrisque.
2181 3152 2200 3186 ι
2224 3130 2422 3185 Eadem
2451 3140 2504 3183 et
2528 3129 2747 3184 divinus
2770 3127 3057 3181 hierarcha
3076 3126 3355 3197 Nyssenus
3375 3123 3473 3178 do-

186 3219 389 3289 μᾶλλον
406 3223 531 3286 τοῖς
553 3221 717 3286 θείοις
749 3223 1091 3292 διδασκάλοις
1114 3228 1545 3302 ἀντιπαράταξις
1568 3251 1583 3301 ;
1607 3232 1770 3289 Ἀλλὰ

179 3314 270 3368 καὶ
304 3315 338 3385 ή
364 3315 513 3385 πρὸς
532 3314 673 3370 τοῦτ’
698 3317 828 3371 αὐτὸ
854 3319 917 3372 τὸ
951 3320 1050 3390 μὲν
1073 3322 1241 3393 μηδὲν
1273 3322 1604 3395 λυμαντικὸν
1629 3324 1771 3383 εἶναι

176 3404 277 3473 τῆς
298 3408 365 3458 ὲκ
390 3404 490 3459 τοῦ
532 3405 661 3459 Υἱοῦ
693 3407 971 3477 θεολογίας
1017 3412 1496 3485 ἀποπεμπομένης
1525 3416 1768 3485 φωνοῦν-

171 3513 286 3562 τος,
320 3499 494 3552 ἐνίων
523 3499 579 3553 δὲ
604 3500 701 3569 τῆς
733 3500 906 3571 αὐτῆς
942 3503 1140 3573 μοίρας
1170 3506 1617 3577 παραθιασθῆναι
1644 3510 1773 3574 τοὺς

173 3589 369 3658 ἁγίους
401 3591 581 3662 φάναι
615 3596 818 3665 ταύτην
859 3595 1128 3665 λεγόντων
1167 3600 1247 3662 είς
1291 3599 1558 3670 αἱρέσεων
1593 3602 1771 3674 ἀπορ-

172 3684 433 3754 ρἅισιν,
468 3685 571 3738 καὶ
617 3684 698 3740 δεῖ
731 3689 1120 3760 παρατρέχειν,
1176 3693 1273 3746 καλ⁸
1308 3692 1385 3765 μὴ
1431 3697 1708 3766 κατέχειν,
1739 3697 1772 3768 ή

170 3775 311 3848 πρὸς
335 3775 498 3829 τοῦτ’
527 3777 658 3831 αὐτὸ
683 3780 856 3833 τοῖσδε
886 3780 1162 3852 δευτέροις
1188 3784 1453 3854 ἀπολογία
1481 3788 1622 3842 κατὰ
1651 3807 1776 3842 κχιο

170 3868 302 3938 pob;
340 3870 628 3941 ἡμετέρα,
684 3872 777 3925 καὶ
828 3871 907 3939 τῷ
954 3874 1126 3947 ἑτέρῳ
1182 3876 1240 3929 δὲ
1287 3876 1403 3943 νῦν,
1448 3880 1583 3951 ὼςή
1611 3881 1775 3952 τῆσδε

172 3961 503 4034 παρόρασις
526 3962 623 4016 καὶ
650 3963 908 4047 ἀθέτησις
934 3964 1046 4019 τῶν
1079 3969 1137 4035 ἐξ
1168 3969 1339 4040 αὐτῆς
1370 3971 1775 4045 ἀπωθουμένων

167 4053 458 4125 αἱρέσεων
503 4053 800 4108 ἀνανέωσις
830 4055 983 4110 ἔσται
1005 4059 1144 4110 κατὰ
1170 4061 1351 4114 πᾶσαν
1379 4061 1628 4133 ἀνάγκην
1684 4064 1777 4117 καὶ

167 4148 713 4218 ἀναγόρευσιςοπῶς
746 4150 812 4217 τῇ
838 4149 935 4218 τῆς
956 4148 1211 4218 ἀληθείας
1242 4126 1506 4222 ἁπλότητι
1528 4126 1777 4217 ὡςστοι-
1815 4126 1825 4183 ί

164 4240 346 4312 χοῦσα
380 4240 519 4310 οὐχὶ
553 4241 614 4293 τὸ
650 4238 949 4310 κατάδηλον
976 4244 1334 4313 ἑπιφέρεται;
1369 4245 1512 4314 Πρὸς
1533 4245 1589 4298 δέ
1620 4262 1682 4315 γε
1706 4247 1774 4302 τὸ

165 4336 497 4389 σύνθετον
520 4332 616 4386 καὶ
645 4332 711 4386 τὸ
735 4331 848 4401 τῇς
872 4333 1168 4403 διαρχίας,
1195 4336 1229 4390 ἃ
1253 4338 1344 4390 καὶ
1366 4339 1503 4409 τῷδε
1525 4340 1779 4410 παρενεί-

169 4443 252 4498 pet
284 4425 369 4498 τῷ
400 4425 718 4496 κεφαλαίῳ,
749 4426 843 4480 καὶ
870 4427 1104 4497 καθεξῆς
1127 4429 1162 4485 ἆ
1196 4446 1330 4500 φησι
1365 4448 1383 4483 t
1415 4431 1526 4485 τῶν
1554 4431 1775 4487 ἀτόπων

1886 3234 1995 3287 cet.
2025 3226 2154 3281 dum
2173 3240 2239 3279 ex
2261 3222 2438 3294 primo
2455 3230 2510 3278 et
2534 3234 2696 3276 causa
2723 3218 2919 3274 Filium
2946 3218 3165 3287 quidem
3191 3218 3471 3287 contigue,

1888 3317 2156 3390 Spiritum
2180 3331 2262 3375 ve.
2280 3332 2313 3370 ο
2330 3330 2426 3385 per
2449 3298 2602 3376 illud,
2627 3312 2771 3381 quod
2792 3311 3048 3381 contigue
3073 3319 3178 3375 est,
3206 3308 3474 3374 decernit,

1884 3426 1982 3482 per
2014 3409 2212 3465 Filium
2263 3407 2492 3470 scil'cet,
2532 3404 2773 3460 subdens
2818 3404 2999 3458 illico:
3034 3420 3053 3454 t
3094 3401 3165 3457 Ut
3188 3408 3243 3456 et
3287 3400 3477 3469 unige-

1886 3502 2063 3556 nitum
2094 3499 2463 3554 indubitatum
2497 3497 2549 3552 in
2583 3496 2718 3552 Filio
2742 3497 2834 3560 sit,
2882 3504 2935 3550 et
2979 3493 3249 3565 Spiritum
3283 3507 3349 3546 ex
3372 3490 3475 3546 Pa-

1887 3602 1970 3649 tre
1989 3608 2108 3648 esse
2139 3592 2359 3645 minime
2399 3590 2699 3650 dubitetur,
2734 3588 2854 3643 Filii
2902 3587 3256 3652 mediatione,
3287 3593 3342 3640 et
3366 3582 3489 3663 sibi.

1890 3686 1993 3757 ipsi
2023 3684 2369 3754 unigenitum
2393 3692 2778 3744 eonscrvaute,
2804 3691 2858 3736 et
2876 3680 3184 3751 Spirituma
3206 3679 3475 3735 relatione

1889 3778 1956 3832 ad
1983 3775 2197 3831 Patrem
2237 3790 2344 3827 nou
2400 3781 2640 3828 arcente.
2671 3792 2688 3825 ι
2723 3772 2848 3828 Haec
2882 3774 2925 3826 si
2971 3772 3122 3825 firma
3156 3787 3220 3825 ac
3258 3768 3474 3824 stabilia

1891 3879 2040 3945 sunt,
2066 3869 2286 3923 ubinam
2309 3865 2571 3923 subsistet
2588 3866 2849 3921 adversus
2869 3864 3085 3934 pietatis
3103 3863 3472 3933 propugnato-

1891 3979 1980 4017 res
2002 3962 2145 4033 quod
2175 3960 2423 4025 aﬂ‘ertur,
2461 3968 2517 4014 et
2545 3975 2655 4013 non
2696 3960 2913 4024 penitus
2941 3957 3177 4018 decidet,
3239 3954 3476 4009 consub-

1898 4053 2152 4111 stantiale
2201 4053 2422 4123 quidem
2474 4052 2780 4121 appositum
2812 4049 3113 4120 periculum
3187 4048 3472 4117 repellere,

1892 4166 1965 4205 ne
1991 4150 2206 4204 dicatur
2226 4146 2396 4203 Filius
2413 4149 2594 4200 minor
2617 4143 2777 4198 Patre
2802 4160 2817 4209 ;
2870 4143 2959 4197 hic
2983 4157 3113 4196 vero
3135 4140 3343 4194 nullum
3377 4139 3478 4193 im-

1890 4240 2103 4297 minere
2129 4239 2431 4309 periculum
2463 4236 2627 4291 dictis
2661 4233 2983 4305 theologicis
3019 4247 3085 4286 ex
3112 4231 3252 4284 Filio
3282 4241 3339 4286 et
3378 4245 3476 4300 per

1891 4331 2084 4387 Filium
2119 4344 2274 4385 esse:
2303 4343 2367 4383 ex
2401 4327 2599 4398 quibus
2632 4332 2923 4396 assurgunt
2956 4324 3066 4378 imo
3090 4324 3270 4391 potius
3294 4337 3475 4375 einer-

1895 4434 2030 4498 gunt
2065 4425 2354 4478 innumera
2416 4422 2676 4488 absurda,
2712 4421 2759 4477 si
2801 4420 2879 4474 uti
2913 4418 2985 4473 ibi
3029 4414 3475 4470 consubstantiale

166 4517 413 4571 ,ἔπεσθαι
463 4515 644 4587 μυρία
681 4535 699 4568 ι
764 4519 905 4572 κατὰ
969 4520 1324 4590 παράλειψιν,
1376 4523 1498 4576 ἐπεὶ
1536 4524 1661 4577 καθ’
1707 4517 1772 4579 ὧι

1890 4533 1919 4572 a
1950 4515 2205 4571 Patribus
2246 4515 2588 4569 insinuatum
2644 4522 2728 4568 est
2766 4511 2833 4567 ad
2891 4508 3220 4565 refellendos
3251 4521 3346 4561 eos
3380 4505 3473 4574 qui

160 4608 273 4679 ἄρα
298 4606 673 4677 ἐπινενόηται
696 4606 962 4678 πρότερον
985 4608 1127 4661 κατὰ
1155 4609 1261 4660 τῶν
1292 4608 1552 4680 Πατέρων
1582 4611 1772 4664 ἐναπο-

1892 4608 1948 4663 in
2007 4608 2205 4663 Filium
2263 4606 2751 4676 blasphemabaut,
2811 4604 2922 4673 pari
2984 4601 3146 4657 modo
3202 4599 3292 4653 hic
3322 4607 3475 4659 etex

156 4702 446 4767 τείνεται,
488 4700 544 4753 οἳ
578 4699 637 4753 τὸ
672 4700 806 4754 αὐτὸ
849 4704 941 4753 καὶ
971 4699 1045 4770 μὴ
1080 4699 1209 4754 ἄλλο
1238 4701 1319 4767 τὸ,
1355 4720 1373 4753 ι
1420 4701 1514 4756 Ἐκ
1542 4702 1637 4757 τοῦ
1668 4706 1772 4758 Πα-

1904 4701 2047 4756 Filio
2076 4711 2131 4756 et
2170 4718 2264 4773 per
2297 4699 2522 4763 Filium,
2581 4699 2645 4752 ad
2683 4714 2872 4753 eorum
2906 4698 3293 4768 loquacitatem
3325 4712 3478 4751 com-

155 4793 295 4864 τρὸς
327 4791 771 4861 ὲκπορεύεται,ι
804 4791 1005 4857 καὶτὸ,
1037 4810 1057 4844 ‹
1086 4791 1184 4846 Ἐκ
1213 4792 1306 4846 τοῦ
1337 4794 1470 4864 ἐμοῦ
1493 4794 1772 4865 λήψεταῳ

1891 4797 2241 4867 pescendam,
2287 4796 2378 4865 qui
2419 4794 2802 4863 blasphemant
2839 4794 2891 4848 in
2924 4792 3191 4864 Spiritum
3222 4801 3475 4849 sanctum

155 4888 311 4938 κατὰ
383 4883 647 4939 διάνοιαν
698 4884 1117 4955 δογματίζουσι,
1173 4886 1265 4938 καὶ
1303 4886 1406 4940 ὅσα
1464 4889 1564 4959 τῆς
1611 4889 1772 4960 αὐτῆς

1883 4890 2142 4945 traditum
2173 4897 2276 4943 est.
2310 4887 2411 4944 Ubi
2452 4900 2581 4943 vero
2614 4888 2834 4942 traditio
2856 4898 2962 4951 est,
2996 4904 3117 4959 quze
3156 4910 3173 4940 ι
3209 4903 3274 4943 ex
3317 4887 3475 4941 Patre

154 4979 474 5049 θεολογίας
509 4977 775 5049 ἀνωτέρω
808 4979 1065 5049 καθαρῶς
1090 4979 1467 5049 διειλήφαμεν,
1518 4983 1610 5036 καὶ
1642 4983 1772 5055 ὑπὲρ

1884 4985 2001 5038 solo
2044 5002 2062 5035 ι
2107 4999 2298 5038 recens
2330 4983 2382 5037 in
2414 4981 2738 5051 theologiam
2799 4981 3112 5036 introducta
3168 4982 3481 5036 decernat?

151 5072 359 5127 αὐτῶν
394 5072 578 5141 ἡμεῖς
611 5069 672 5135 ἐξ
705 5069 883 5122 αὐτῶν
907 5070 1049 5122 κατὰ
1077 5070 1138 5122 τὸ
1170 5071 1287 5122 ἐνὸν
1309 5072 1772 5143 ἀπολελογήμεθα1

1888 5076 2086 5130 Annon
2120 5075 2219 5129 ista
2270 5076 2460 5145 potius
2522 5084 2607 5129 est
2661 5073 2931 5128 adversus
2986 5074 3202 5129 divinos
3256 5082 3476 5126 nostros

152 5162 360 5226 αὐτοῖς
400 5158 741 5230 ἀρκούμεθα
766 5158 997 5221 τούτοις,
1039 5162 1133 5211 καὶ
1168 5160 1217 5211 εί
1253 5159 1518 5230 μυριάκις
1564 5162 1772 5229 ἐπινοη-

1895 5165 2151 5221 doctores
2180 5182 2243 5220 ex
2281 5165 2511 5220 adverso
2540 5165 2871 5220 instructio?
2906 5164 3011 5219 Sed
3038 5165 3103 5218 atl
3131 5166 3232 5218 hoc
3263 5164 3471 5232 ipsum,

150 5255 312 5307 θεῖεν
344 5250 568 5323 μυρία,
608 5250 669 5316 ἐξ
695 5250 875 5302 αὐτῶν
905 5251 930 5301 ὁ
965 5250 1231 5318 ἀπόλογος
1254 5251 1459 5306 ἔσεται.

1886 5256 2026 5311 nihil
2076 5271 2268 5322 nempe
2299 5275 2317 5307 t
2371 5270 2436 5309 ex
2503 5255 2641 5309 Filio
2671 5275 2688 5307 ι
2749 5256 2952 5310 dictum
2998 5234 3379 5323 theologicnm
3423 5250 3473 5303 si

150 5347 536 5404 amandetur
587 5344 771 5399 damni
800 5342 1032 5437 linferre
1092 5344 1285 5400 eodem
1330 5346 1623 5411 clamante,
1688 5347 1810 5403 aliis
1850 5364 1980 5404 vero
2008 5350 2251 5419 ejusdem
2317 5349 2482 5404 sortis
2522 5348 2841 5403 hominibus
2878 5346 3191 5400 dicentibus
3252 5352 3480 5397 coactos

149 5455 405 5504 sanctos
433 5444 538 5498 illa
567 5434 974 5513 pronuntiasse,
1037 5446 1102 5496 ad
1178 5444 1503 5499 refellendas
1554 5446 1814 5510 haereses,
1856 5446 1993 5509 hazc,
2018 5445 2262 5516 inquam,
2310 5444 2649 5517 negligenda,
2720 5434 2820 5497 nec
2852 5443 2958 5497 illis
3008 5439 3251 5494 animum
3303 5439 3474 5507 figens-

147 5540 294 5596 dum
360 5551 536 5599 esse,
564 5545 750 5589 nostra
806 5536 1048 5590 secunda
1108 5535 1365 5607 Apologia
1424 5550 1523 5590 suo
1576 5536 1777 5590 dictata
1815 5550 2079 5606 tempore,
2111 5548 2165 5592 ct
2230 5537 2338 5592 alio
2384 5551 2604 5608 quoque
2666 5536 2843 5605 capite
2892 5549 3043 5588 nunc
3085 5533 3234 5587 illius
3267 5530 3483 5600 neglec-

149 5646 273 5697 tus,
309 5628 756 5697 etimprobatio
784 5643 972 5683 earum
1006 5629 1280 5683 harrcsum
1346 5644 1467 5697 qua:
1513 5645 1607 5697 per
1680 5630 1853 5699 ipsam
1895 5629 2289 5700 improbantur,
2361 5627 2678 5684 necessario
2758 5633 2984 5683 omnino
3064 5628 3475 5681 inntwationem

147 5742 314 5787 esse,
360 5734 429 5778 et
464 5722 690 5792 plenam
745 5721 1192 5784 declarationem,
1248 5720 1523 5790 quomodo
1573 5737 1694 5776 cum
1760 5718 2006 5773 veritatis
2063 5720 2397 5789 simplicitati
2436 5723 2750 5785 concordet,
2789 5737 2896 5774 non
2937 5721 3190 5775 mnibus
3226 5720 3473 5773 innotes-

145 5825 273 5877 cit?
332 5820 429 5872 Atl
474 5816 829 5868 committunt
897 5830 1022 5868 νει-υ
1057 5824 1113 5868 et
1158 5815 1260 5865 duo
1315 5813 1594 5881 principia,
1638 5828 1757 5880 quae
1804 5810 1929 5865 huic
1987 5828 2203 5882 quoque
2237 5815 2400 5883 capiti
2466 5814 2729 5884 implicat,
2772 5825 2820 5866 et
2887 5823 3099 5865 scrinia
3155 5811 3296 5866 serie
3355 5826 3477 5878 qaut:

148 5921 234 5977 ait
280 5936 303 5968 ι
348 5917 674 5971 innumera
708 5909 964 5978 consequi
1018 5907 1274 5973 absurda,
1327 5926 1341 5956 ι
1385 5922 1481 5961 ηερ
1519 5907 1607 5962 illa
1640 5917 2050 5973 Cttllllllt‘llittl‘t‘l,
2081 5924 2201 5959 cum
2269 5907 2529 5961 adversus
2597 5907 2783 5960 Patres
2834 5908 2884 5959 in
2950 5922 3084 5975 quos
3151 5916 3307 5959 antea
3345 5921 3475 5959 cott-
