3972 6578
278 396 412 474 ,1313

1246 392 1543 453 (ΞΟΝἸἪᾹ
1576 384 2002 448 MANUELEM
2051 382 2507 441 CilE'l‘ENSEBl

3375 378 3522 442 1314

279 518 543 586 ἡμετέραν
577 506 775 577 σάρκα.
811 526 830 558 ι
868 507 974 561 Καὶ
1007 506 1180 559 ταῦτα
1228 506 1327 577 μὲν
1353 507 1403 559 οἱ
1431 506 1718 575 θεόφρονες
1743 519 1756 535 ο
1797 504 1845 554 οἱ

1954 507 2322 567 penetrantes,
2357 510 2479 549 eum
2508 494 2699 549 dcunt
2733 494 2893 557 mitti,
2926 492 3285 563 suppeditari,
3322 502 3377 545 et
3404 493 3524 547 dari

276 610 331 663 δὲ
356 605 447 659 νῦν
464 602 673 656 τούτων
705 600 905 671 μᾶλλον
935 602 1015 665 είς
1042 600 1111 655 τὰ
1135 599 1274 671 βάθη
1297 600 1394 670 τῆς
1428 599 1707 667 θεολογίας
1735 599 1849 651 είσ-

275 698 474 758 δύντες,
512 691 941 746 ἀποστέλλεσθαι
966 694 1060 745 καὶ
1087 692 1465 764 χορηγεῖσθαι,
1484 686 1580 746 καὶ
1608 689 1851 744 δίδοσθαι

279 783 424 855 παρὰ
446 780 542 834 τοῦ
577 780 710 835 Υίοῦ
743 781 805 834 τὸ
833 778 1058 851 Πνεῦμα
1103 780 1428 850 φωνοῦντες,
1468 781 1528 833 τὸ
1565 781 1640 849 μὴ
1667 779 1726 843 ἑξ
1747 779 1849 831 αύη

275 880 388 944 τοῦ,
419 876 553 930 ἀλλὰ
578 876 640 929 τὸ
693 877 757 931 ὲκ
798 877 896 930 τοῦ
929 878 1141 948 Πατρδς
1181 878 1343 949 μόνου
1397 878 1513 949 μετ’
1554 877 1721 946 ὄγκου
1755 876 1850 931 καὶ

275 967 604 1038 θρασύτητος
655 967 1071 1037 ἀποφαίνονται.
1109 967 1170 1022 '0
1200 969 1258 1023 δὲ
1298 970 1398 1040 τὴν
1428 968 1730 1040 ἀποστολὴν
1757 967 1848 1022 οῦ-

259 1076 369 1123 .τως
391 1057 556 1112 οὖσαν
577 1058 830 1112 εὐδοκίαν
860 1058 1200 1129 ὁμολογήσας
1224 1060 1305 1123 είς
1330 1061 1608 1131 ἀναίρεσιν
1626 1061 1726 1130 τὴν
1752 1045 1845 1113 τοῦ

267 1151 323 1215 ἐξ
347 1149 510 1203 αὐτου
538 1148 874 1219 καινοτέρως
900 1144 975 1204 ὧν
1004 1150 1278 1220 φθάνομεν
1309 1150 1627 1220 ἀκηκοέναι,
1663 1150 1756 1203 καὶ
1784 1148 1846 1203 τδ

275 1240 490 1310 Πνεῦμα
556 1240 648 1293 τὸν
703 1239 832 1294 ru»;
882 1241 1235 1295 ἀποστέλλειν
1295 1239 1623 1309 διαγορεύει,
1680 1240 1871 1312 ρἧινκ

287 1331 506 1385 Ἡσαΐου
533 1330 629 1385 τοῦ
663 1333 722 1384 ὲν
767 1332 1075 1405 προφήταις
1112 1331 1630 1403 μεγαλοφωνοτάτου
1657 1349 1841 1402 παρα-

270 1422 453 1485 τιθεὶς,
473 1419 550 1485 ὡς
571 1422 637 1474 ὲκ
658 1421 951 1493 προσώπου
969 1420 1285 1490 φάσκουσαν
1305 1426 1400 1477 τοῦ
1431 1422 1558 1476 Υίοῦ
1583 1440 1611 1453 ··
1637 1422 1839 1477 «Πνεῦ-

267 1530 340 1584 μα
371 1512 579 1583 Κυρίου
612 1514 699 1567 ἐπ’
729 1514 853 1583 ἐμὲ,
882 1506 946 1567 οῦ
980 1513 1144 1567 ἓνεκα
1186 1512 1370 1585 ἔχρισέ
1401 1530 1493 1585 με.
1541 1514 1839 1583 Εὐαγγελί·

266 1609 457 1659 σασθαι
492 1608 725 1672 πτωνοίς
755 1604 1066 1661 ἀπέσταλκέ
1103 1623 1190 1661 με.
1227 1625 1249 1660 ο

327 1796 398 1856 γ’.
422 1777 567 1841 Ἐἶτα
592 1787 681 1840 τὸν
709 1787 935 1859 ἐροῦντα
976 1787 1067 1842 διὰ
1105 1788 1205 1860 τὴν
1245 1786 1424 1860 σάρκα
1470 1787 1644 1853 οὓτως
1680 1788 1869 1859 εἱρῆο’

1954 586 2217 657 Spiritum
2248 601 2278 638 a
2312 585 2474 647 Filio,
2505 600 2610 638 non
2653 600 2720 639 ex
2768 585 2908 655 ipso,
2955 585 3049 638 sed
3093 598 3160 638 ex
3203 584 3361 636 Patre
3412 581 3528 634 solo

1953 692 2277 752 arroganter
2317 688 2373 734 et
2414 677 2709 733 admodum
2760 679 3017 733 audacter
3072 677 3394 732 decernunt.
3432 673 3530 728 llic

1951 787 2082 827 vero
2104 773 2196 842 qui
2229 771 2550 826 missionem
2588 771 2692 825 hoc
2728 774 2889 824 modo
2917 786 2975 825 se
3012 768 3303 824 habentem
3350 767 3525 820 bene-

1950 862 2210 933 placitum
2240 876 2363 917 esse
2393 861 2571 918 fassus
2604 870 2709 927 est,
2743 861 2811 916 ad
2855 862 3245 916 destruendum
3291 856 3424 913 illud
3463 870 3531 909 ea:

1950 970 2073 1024 quo,
2108 968 2257 1008 nunc
2285 952 2602 1016 novissime,
2650 967 2828 1021 neque
2871 952 3019 1006 enim
3061 951 3262 1006 similia
3302 946 3527 1003 audivi-

1951 1058 2095 1107 mus,
2125 1052 2180 1097 et
2208 1042 2405 1096 Filium
2444 1042 2511 1096 ab
2556 1040 2675 1111 ipso
2722 1039 2930 1111 Spiritu
2975 1040 3121 1096 mitti
3168 1038 3526 1112 pronuntiat,

1954 1133 2160 1188 dictum
2212 1132 2364 1188 lsaia:
2419 1131 2559 1186 inter
2610 1132 2928 1202 prephetas,
2979 1131 3134 1188 vocis
3180 1132 3527 1188 vehementia

1951 1223 2356 1296 przeelarissimi
2400 1223 2727 1294 producens,
2775 1222 2855 1276 uti
2886 1239 2950 1276 ex
2977 1237 3211 1293 persona
3240 1222 3362 1277 Filii
3396 1238 3525 1293 pro—

1951 1316 2266 1372 nuntiatum
2299 1330 2314 1368 :
2359 1335 2378 1368 ι
2414 1314 2651 1386 Spiritus
2682 1314 2897 1368 Domini
2927 1331 3093 1386 super
3139 1331 3248 1379 me,
3275 1331 3340 1371 eo
3376 1317 3527 1385 quod

1953 1410 2167 1463 unxerit
2222 1423 2343 1471 me,
2394 1407 2462 1461 ad
2514 1405 2951 1462 annuntiandum
2998 1407 3333 1479 pauperibus
3376 1407 3530 1461 misit

1952 1515 2060 1555 me.

2009 1778 2063 1832 ὅ.
2100 1775 2448 1833 Postmodum
2478 1787 2814 1834 asserentem
2854 1776 2908 1833 id
2934 1786 3154 1849 propter
3182 1793 3400 1832 carnem
3450 1780 3528 1833 di-

266 1850 386 1932 σθαι
415 1850 850 1942 ἀποσοδῶνίκαὶ
883 1879 959 1950 μὴ
988 1850 1174 1947 λέγειν
1200 1850 1458 1948 ἀσφαλῶς
1482 1850 1837 1947 διαγγέλλων,

1952 1880 2102 1927 ctum
2147 1868 2316 1924 fuisse
2353 1869 2631 1934 refellens,
2695 1870 2858 1939 idque
2912 1884 3023 1924 non
3073 1869 3286 1936 absque
3343 1884 3529 1922 errore

212 2021 223 2025 -
260 1969 490 2025 ἀτοπίαν
523 1970 720 2039 δφεξῆς
747 1970 1078 2041 ὲπισυνείρει
1121 1972 1186 2041 τῇ
1226 1969 1426 2041 ἀτοπίᾳ
1472 1971 1563 2023 καὶ
1603 1969 1698 2039 τὴν
1731 1968 1849 2021 ἑτέ-

264 2080 362 2133 ραν
384 2060 474 2116 διά
497 2064 597 2130 τῆς
646 2060 836 2131 ἑτέρας
884 2060 1305 2126 κατασκευάζει.
1361 2060 1436 2115 Τὸ
1468 2061 1575 2130 γὰρ
1629 2078 1648 2111 ι
1704 2058 1845 2128 Ἐγὼ
1896 2086 1899 2093 ι

261 2152 465 2222 Κύριος
505 2170 523 2202 ι
558 2151 800 2218 ἀπάγων,
832 2169 853 2203 ι
888 2153 956 2222 τῇ
995 2150 1212 2221 θεότητι
1264 2151 1550 2220 προσήκει,
1581 2169 1598 2203 ι
1661 2152 1863 2223 φησιν,

264 2263 282 2296 ι
309 2244 342 2314 ἢ
374 2242 597 2305 πάντως
618 2242 698 2312 τῷ
726 2244 1142 2315 συναμφοτέρῳ.
1178 2262 1198 2295 ι
1237 2244 1299 2297 Εἰ
1326 2244 1425 2313 μὲν
1451 2239 1565 2309 οὖν,
1589 2242 1663 2307 ὡς
1693 2236 1848 2306 οὗτος

258 2333 516 2390 ινταυθοῖ
541 2333 969 2400 διαδεὸαιοῦται,
999 2335 1098 2405 τῆς
1122 2334 1429 2405 θεωνυμίας
1472 2337 1529 2388 αἱ
1575 2335 1669 2388 τοῦ
1714 2332 1845 2387 Υίοῦ

258 2428 436 2497 φωναὶ
463 2427 571 2499 τῆς
594 2428 746 2498 ἱερᾶς
779 2427 1026 2499 Γραφῆς,
1057 2431 1116 2481 ἐν
1143 2422 1230 2491 αἷς
1251 2430 1301 2481 οἱ
1330 2429 1477 2495 λόγοι
1506 2429 1574 2481 τὰ
1604 2429 1730 2499 περὶ
1750 2428 1847 2482 αὑ-

254 2518 350 2573 τοῦ
371 2517 475 2573 τοῦ
498 2516 848 2589 θεανθρὼπου
878 2519 1053 2587 Λόγου
1108 2517 1454 2590 διατρανοῦσι
1499 2520 1590 2581 καὶ
1640 2519 1845 2587 κατάγ·

255 2607 534 2676 γέλλουσι,
562 2609 702 2663 κατὰ
728 2609 825 2679 τὴν
849 2607 1076 2680 θεότητα
1107 2610 1412 2680 πανταχόσε
1459 2609 1845 2681 ληφθήσονται,

256 2703 351 2752 καὶ
378 2699 589 2769 ἥκιστα
617 2699 759 2752 κατὰ
785 2701 883 2769 τὴν
914 2700 1094 2771 σάρκα
1124 2701 1218 2754 καὶ
1246 2701 1307 2753 τὸ
1354 2686 1720 2774 ἀνθρώπινον,
1752 2702 1849 2773 μέ-

256 2804 327 2857 γα
383 2786 669 2858 βοήσουσι,
727 2789 821 2840 καὶ
875 2788 1382 2860 κραταιωθήσονται
1432 2791 1493 2844 τὸ
1523 2790 1764 2862 παθητὸν
1800 2793 1847 2845 οἱ

255 2879 672 2950 προσάπτοντες
696 2882 761 2950 τῇ
805 2878 1040 2948 θεότητι,
1069 2880 1169 2950 τῆς
1214 2881 1540 2953 Ἐκκλησίας
1594 2883 1848 2954 συχνοτέ-

256 2986 364 3039 ρως
395 2969 458 3021 ὲν
485 2969 606 3031 ταῖς
631 2969 802 3037 ἱεραῖς
835 2969 1122 3041 μελῳδίαις
1146 2973 1274 3042 περὶ
1300 2972 1407 3027 τῶν
1446 2972 1713 3026 Ἰουδαίων
1739 2974 1848 3026 τῶν

254 3059 628 3131 κυριοκτόνων
654 3060 865 3129 τρανῶς
903 3060 1267 3133 μελῳδούσης,
1296 3063 1376 3116 ἐτι
1424 3080 1483 3117 τε
1515 3062 1845 3133 quinetiam-

258 3170 278 3204 ι
309 3149 615 3222 Θεορῤύτιρ
670 3152 866 3220 αἵματι
925 3134 1237 3220 κενωθέντι,
1293 3153 1531 3208 δέσποτα
1555 3153 1775 3226 Χριστέ.
1821 3173 1841 3206 ι

251 3242 319 3297 Ei
348 3242 446 3297 οῦν
477 3241 653 3306 οὕτως
679 3242 737 3296 al
766 3243 963 3297 τοιαίδε
991 3245 1165 3313 φωναὶ
1212 3243 1597 3316 ληφθήσονται,
1636 3244 1720 3307 τίς
1757 3243 1847 3298 λό·

251 3351 348 3404 γος
374 3332 484 3401 τὴν
513 3333 737 3402 τοσήνδε
779 3332 1164 3405 Θεοπασχιτῶν
1211 3334 1520 3406 δυσφημίαν
1570 3335 1848 3406 ἀναχαιτί-

253 3443 436 3491 σειεν;
470 3424 616 3478 Ἀλλ’
640 3424 887 3495 οὐδαμῶς
909 3427 1033 3479 οὒτε
1060 3428 1119 3479 τὸ
1154 3428 1365 3495 Κύριος
1407 3429 1463 3479 ἐν
1516 3432 1625 3490 τοῖ;
1676 3432 1848 3483 τοιού-

248 3536 390 3583 τοις,
426 3519 559 3572 οὔτε
592 3518 651 3571 τὸ
690 3519 837 3583 Θεὸς
878 3519 1011 3573 αὐτὸ
1036 3520 1176 3573 κατά
1204 3521 1303 3591 τὴν
1334 3519 1560 3591 θεότητα
1614 3522 1842 3584 διδόασι,

250 3608 390 3663 καθὸ
444 3607 509 3661 δέ
563 3623 626 3675 γε
671 3606 733 3660 τὸ
788 3604 1029 3678 παθητὸν
1057 3607 1195 3660 κατά
1232 3607 1330 3677 τὴν
1380 3607 1560 3679 σάρκα
1598 3607 1843 3677 δηλονότι

247 3700 502 3755 νοεῖσθαι
526 3716 586 3754 τε
620 3701 711 3753 καὶ
752 3698 1146 3770 λαμὸάνεσθαι.
1198 3701 1257 3753 El
1297 3700 1352 3753 δέ
1404 3718 1484 3763 τις
1532 3701 1681 3773 εἴπῃ,
1715 3702 1789 3763 ὡς
1819 3702 1847 3754 ὁ

248 3792 388 3863 περὶ
416 3790 718 3861 θεορῤύτου
746 3789 981 3860 αἵματος
1032 3788 1359 3850 κενωθέντος
1422 3789 1557 3860 πρὸς
1610 3772 1843 3861 Χριστὸν

244 3884 667 3957 ἀναρερόμενος
700 3880 864 3953 ὕμνος
889 3880 1084 3951 ἑφεξῆς
1108 3898 1270 3953 φησιν
1302 3898 1315 3912 '
1342 3901 1361 3933 ι
1403 3881 1499 3935 Ἐκ
1517 3882 1611 3951 σῆς
1644 3883 1846 3952 ἀχρὰν-

236 3993 344 4029 ’του
411 3974 662 4045 πλευρᾶς
715 3973 808 4026 καὶ
860 3972 1147 4037 ζωοποιοῦ,
1190 3993 1208 4025 ι
1269 3973 1526 4027 σύστασιν
1555 3975 1663 4026 τῶν
1713 3974 1843 4044 παρ’

243 4065 413 4137 ήμῶν
437 4067 559 4135 ἐρεῖ
589 4065 784 4133 λόγων,
800 4064 901 4119 οὐκ
928 4065 1260 4126 ἐναντίωσιν,
1287 4065 1374 4118 διὰ
1402 4065 1499 4135 τὴν
1527 4063 1845 4136 σωματικὴν

240 4156 508 4228 διαρτίαν
546 4153 716 4210 ταῦτα
755 4155 1018 4225 λεγόντων
1062 4158 1161 4209 οὐκ
1216 4156 1389 4218 ἄλλως
1452 4173 1587 4220 πως.
1641 4157 1702 4209 Εἰ
1751 4157 1843 4210 δ’ὁ

239 4249 341 4303 τοῦ
373 4248 657 4315 ἀντιδόξου
705 4247 865 4318 λόγου
904 4248 1223 4320 βουλόμενος
1274 4249 1658 4320 ὑπερηγορεῖν,
1699 4249 1844 4311 τίνος

242 4340 360 4411 γὰρ
392 4339 566 4394 ἄλλου
593 4339 1063 4412 ἀντιπαραθήσει;
1094 4341 1169 4404 ὡς
1201 4340 1330 4394 ἔνθα
1361 4356 1375 4370 ⁸
1415 4360 1433 4392 ι
1478 4342 1700 4412 Πνεῦμα
1730 4343 1844 4394 Κυ-

236 4432 370 4504 ρίου
400 4432 495 4486 ἐπ’
532 4432 656 4504 ἐμὲ,
684 4425 745 4486 οῦ
775 4432 962 4487 ἓνεκεν
996 4431 1181 4504 ἐχρισὲ
1240 4450 1328 4502 με,
1384 4435 1476 4487 καὶ
1531 4433 1840 4488 ἀπέσταλκε

1949 1960 2301 2030 pronuntiari
2337 1960 2695 2025 contendens,
2753 1960 3007 2016 absurdis
3035 1960 3265 2014 absurda
3297 1961 3527 2029 compli-

1951 2059 2061 2115 cat,
2098 2059 2152 2105 et
2201 2050 2304 2105 alia
2364 2065 2463 2120 per
2516 2049 2620 2104 alia
2674 2049 2984 2107 conﬁrmat.
3038 2050 3307 2121 Namque,
3360 2068 3379 2100 ι
3418 2048 3528 2121 Ego

1950 2140 2233 2207 Dominus,
2272 2159 2289 2191 ι
2331 2141 2596 2205 aﬂ'erens,
2640 2160 2657 2193 ι
2698 2140 2897 2196 Deitati
2938 2142 3216 2213 proprium
3266 2148 3369 2203 est,
3426 2142 3526 2207 ait,

1956 2232 2039 2288 vel
2083 2233 2273 2289 saltem
2330 2235 2566 2305 utrique.
2610 2251 2629 2284 ι
2672 2231 2726 2288 Si
2785 2235 2986 2305 itaque,
3047 2245 3105 2288 ut
3155 2235 3272 2303 ipse
3329 2235 3431 2288 hoe
3471 2233 3526 2287 in

1955 2327 2076 2382 loco
2098 2326 2442 2387 determinat.
2505 2342 2667 2381 voces
2721 2326 2919 2383 divina:
2971 2326 3265 2397 Scriptura:
3300 2327 3366 2381 de
3401 2327 3524 2381 dei-

1955 2427 2064 2473 tale
2092 2415 2238 2483 Filii,
2269 2433 2389 2488 quae
2421 2418 2489 2473 de
2523 2416 2698 2472 Verbo
2748 2418 2857 2472 Deo
2887 2426 2941 2472 et
2979 2416 3201 2473 homine
3232 2418 3526 2488 loquuntur

1950 2521 2007 2565 et
2033 2519 2285 2574 tractant,
2313 2511 2379 2566 de
2406 2511 2605 2566 deitate
2628 2527 2839 2575 omnes,
2873 2520 2928 2565 et
2956 2510 3105 2565 nullo
3142 2511 3303 2565 modo
3329 2512 3395 2566 de
3422 2513 3523 2566 Ιιιι-

1950 2604 2214 2659 mauitalc
2243 2614 2298 2657 et
2323 2617 2488 2657 carne
2512 2619 2591 2656 aet
2611 2602 2869 2673 ipientur,
2908 2619 3161 2674 magnum
3189 2605 3522 2669 clamabunt,

1953 2704 2009 2749 et
2032 2693 2482 2749 conslabilientur
2514 2694 2821 2764 passionem
2852 2694 3120 2750 divinitati
3149 2697 3524 2767 appiugentzis,

1953 2801 2076 2839 cum
2108 2785 2349 2839 Ecclesia
2377 2784 2678 2854 saepissime
2702 2785 2756 2838 in
2778 2786 3185 2841 sacriscanticis
3214 2785 3279 2839 de
3311 2785 3525 2841 Domini

1960 2876 2249 2947 parricidis
2278 2874 2482 2931 Judazis
2535 2876 2710 2947 palam
2747 2878 3026 2945 concinat,
3060 2888 3115 2933 et
3141 2879 3208 2933 ad
3245 2879 3360 2934 hagc'
3390 2890 3525 2932 tem-

1955 2980 2085 3034 pora
2117 2975 2275 3019 canat
2312 2983 2325 3017 :
2364 2984 2382 3016 ι
2421 2964 2639 3031 ExDeo
2662 2964 2890 3021 afﬂuens
2909 2967 3129 3037 sanguis
3152 2984 3274 3024 cum
3296 2983 3521 3024 evacuao

1952 3063 2040 3109 tus
2067 3064 2235 3120 esset,
2278 3055 2501 3109 Domine
2559 3055 2799 3112 Christe.
2842 3075 2859 3108 ι
2912 3057 2971 3111 Si
3005 3058 3109 3113 hoc
3142 3059 3320 3129 itaque
3364 3060 3523 3114 modo

1949 3144 2214 3201 dictiones
2244 3146 2451 3201 similes
2524 3147 2924 3220 intelligantur,
2979 3165 3098 3219 quae
3155 3152 3291 3205 ratio
3322 3161 3524 3206 tantam

1953 3238 2485 3309 Tbgopaschitarum
2514 3238 2906 3310 blasphemiam
2947 3243 3257 3298 coercebit?
3286 3240 3518 3297 Verum-

1951 3336 2132 3383 tamen
2164 3327 2514 3409 nullo‘modo
2559 3344 2738 3399 neque
2763 3329 2817 3384 in
2843 3330 2930 3386 his
2964 3348 3065 3387 vox
3102 3333 3373 3399 Dominus,
3412 3351 3525 3389 ne-

1952 3433 2059 3488 que
2098 3417 2233 3472 Deus
2268 3410 2445 3489 ipsum
2476 3422 2781 3476 secundum
2809 3422 3173 3489 divinitatem,
3200 3426 3294 3480 sed
3316 3442 3519 3481 secun-

1950 3513 2076 3566 dum
2112 3511 2419 3580 passionem
2455 3514 2509 3566 in
2545 3528 2733 3579 carne,
2788 3515 3014 3587 intelligi
3051 3516 3331 3589 accipique
3392 3535 3524 3575 con-

1949 3602 2171 3657 cedunt.
2212 3602 2369 3693 Quod
2402 3603 2445 3657 si
2482 3604 2604 3674 quis
2636 3606 2835 3660 dixerit
2865 3608 3146 3679 hymnum,
3198 3610 3250 3663 in
3288 3627 3397 3681 quo
3445 3610 3513 3665 de
3546 3681 3555 3693 Ι

1947 3702 2213 3746 evacuato
2241 3707 2307 3745 ex
2337 3692 2448 3748 Deo
2485 3693 2663 3750 effuso
2685 3698 2945 3768 sanguine
2979 3707 3311 3765 continetur,
3353 3709 3406 3755 et
3439 3717 3523 3755 re-

1947 3780 2120 3837 fertur
2148 3783 2214 3839 ad
2237 3782 2516 3840 Christum
2546 3788 2891 3857 postmodum
2925 3790 3234 3844 insinuare:
3275 3811 3294 3844 ι
3335 3793 3408 3846 Ex
3432 3801 3523 3846 tuo

1948 3874 2301 3933 immaculato
2374 3886 2429 3932 et
2460 3878 2677 3934 viviﬁco
2710 3879 2901 3943 latere,
2929 3899 2948 3933 ι
3011 3891 3196 3937 nostra
3232 3884 3394 3939 verba
3425 3901 3522 3955 po-

1947 3967 2057 4023 tius
2120 3968 2489 4032 conﬂrmabit.
2548 3977 2759 4025 tantum
2810 3972 2962 4027 abest
3005 3973 3347 4039 utdestruat,
3401 3992 3523 4046 qtne

1947 4070 2170 4131 propter
2226 4077 2549 4131 corpoream
2582 4064 3056 4133 compositionem,
3110 4076 3165 4123 et
3222 4069 3328 4123 alio
3359 4070 3522 4124 modo

1950 4152 2056 4206 ista
2088 4152 2390 4207 insinuant.
2425 4153 2630 4220 Quodsi
2670 4159 2959 4213 contraria:
2993 4140 3217 4213 rationis
3245 4160 3522 4215 defensio-

1945 4257 2072 4298 nem
2097 4243 2381 4315 suscipere
2426 4246 2676 4316 cupiens,
2704 4248 2832 4318 quid
2864 4249 3009 4303 enim
3041 4253 3191 4306 aliud
3225 4253 3343 4308 loco
3378 4255 3520 4308 illius

1946 4339 2216 4405 reponet?
2250 4338 2307 4392 in
2332 4337 2472 4393 illis:
2516 4358 2534 4390 ι
2570 4337 2806 4409 Spiritus
2835 4340 3044 4396 Domini
3084 4360 3250 4413 snper
3312 4363 3420 4410 me,
3453 4363 3518 4401 eo

1944 4427 2090 4496 quod
2125 4428 2280 4481 unxit
2313 4444 2420 4491 me,
2453 4439 2507 4483 et
2531 4431 2677 4484 misit
2708 4448 2814 4495 me,
2852 4451 2869 4483 ι
2907 4449 3012 4487 ηοιι
3049 4437 3313 4490 rationem
3341 4454 3519 4492 causae

240 4543 343 4596 με,
380 4545 402 4579 ι
446 4525 550 4596 οὐχ
587 4528 615 4579 ό
640 4524 794 4594 λόγος
829 4524 990 4595 τῆσδε
1019 4524 1118 4595 τῆς
1143 4523 1323 4588 αἰτίας
1363 4525 1479 4578 ἐστὶ
1509 4524 1838 4593 τεθειμένος,

1950 4519 2116 4573 fuisse
2154 4522 2483 4591 appositam,
2534 4523 2626 4577 sed
2694 4524 2940 4579 absolute
2990 4525 3195 4581 dictum
3245 4531 3517 4599 prolatum

237 4618 365 4672 ἀλλ’
390 4617 731 4690 ἀπορρήτως
761 4617 795 4689 ἠ
821 4616 976 4690 ῥῆσις
1006 4616 1340 4689 διήγγελται,
1371 4617 1469 4689 ἔχῃ
1501 4617 1567 4670 ἂν
1616 4618 1835 4685 εἰδέναι,

238 4709 644 4775 stultitiast»;
673 4708 984 4780 ἐφάψασθαι
1030 4709 1131 4778 τῆς
1176 4710 1509 4781 Δεσποτικῆς
1560 4710 1686 4780 περὶ
1737 4711 1838 4780 τῆς

239 4801 548 4875 Γραφικῆς
578 4800 803 4873 ἐρεύνης
824 4799 960 4864 ὅλως
989 4802 1276 4873 αίρήσεται
1310 4817 1323 4831 ·
1363 4802 1436 4865 ὡς
1458 4803 1515 4853 ὲν
1544 4804 1654 4864 τοῖς
1687 4803 1839 4855 πλεί-

234 4914 354 4960 οσι,
384 4894 491 4948 καὶ
524 4892 709 4962 σχεδὸν
736 4892 897 4957 ὅλοις,
925 4893 983 4945 ὲν
1012 4887 1092 4955 οἷς
1130 4894 1160 4962 ἡ
1201 4892 1545 4962 κυριοκτονία
1596 4875 1691 4947 καί
1719 4894 1839 4947 θεο-

235 4989 448 5043 κτονία
479 4983 766 5056 τολμητῶν
793 4985 900 5038 τῶν
931 4984 1261 5055 παρανόμων
1294 4985 1734 5055 ἀναγορεύονται,
1762 4988 1837 5057 μὴ

236 5080 622 5150 φωνουμὲνης
684 5076 781 5145 τῆς
811 5073 1145 5145 δηλωθείσης
1206 5076 1386 5138 αίτίας
1437 5078 1839 5146 ἀνακηρύττον-

234 5182 334 5218 ται
372 5179 389 5194 ·
429 5164 531 5216 καὶ
551 5163 651 5214 οὑκ
684 5161 1024 5225 ἔστινᾶλλως
1054 5163 1135 5216 ὃτι
1181 5162 1257 5234 μὴ
1311 5165 1431 5217 κατ’
1495 5167 1667 5236 αὐτὴν
1727 5167 1838 5237 ἔχει

230 5258 536 5324 τράνωσιν
564 5250 724 5303 τάσδε
756 5250 991 5315 διανοίας
1018 5251 1110 5304 τοῦ
1135 5252 1556 5325 ὀρθορῤήμονος.
1587 5256 1680 5319 Ei;
1710 5259 1838 5323 γοὺν

235 5346 533 5398 πίστωσιν
557 5338 664 5394 τῶν
687 5340 828 5394 οὕτω
857 5340 1153 5412 τιθεμένων
1178 5360 1235 5395 τε
1266 5347 1357 5397 καὶ
1416 5345 1837 5415 λαμϐανομένων

194 5418 424 5507 ’μόνος
481 5433 855 5504 παραληφθεὶς
894 5435 1114 5504 ἀρκέσει
1172 5437 1391 5505 Koma;
1443 5436 1543 5507 τῆς
1614 5439 1839 5511 Ἐκκλη·

234 5528 372 5591 σίας
397 5526 611 5594 κόσμος
639 5524 1073 5596 όθεοκόσμητος,
1124 5528 1181 5582 ὲν
1224 5531 1335 5591 τοῖς
1391 5530 1499 5582 τῶν
1557 5532 1836 5603 σωτηρίων

231 5618 449 5672 παθῶν
478 5615 669 5687 ῦμνοις
692 5616 785 5670 ἕνα
816 5618 1000 5671 τοῦτον
1029 5620 1266 5690 ὑφαίνων
1298 5621 1623 5692 μελῳδικῶ;’
1649 5642 1666 5674 ι
1692 5626 1837 5679 ’0λέ-

230 5710 402 5779 Opto;
442 5707 644 5778 σπείρει
691 5707 993 5776 θεοστυγῶν
1048 5715 1495 5782 πονηρευομένων
1543 5715 1836 5770 θεοκτόνων

228 5795 577 5865 συναγωγὴ,
609 5796 828 5869 ὲ’νεέστην
859 5798 1079 5870 Χριστὲ,
1120 5803 1222 5867 σοί,
1256 5804 1345 5858 καὶ
1374 5805 1446 5868 ὡς
1480 5805 1659 5859 ἄδικον
1685 5801 1832 5870 εἷλκε

1946 4612 2137 4679 fuisse,
2171 4613 2388 4676 dixerit,
2414 4614 2535 4683 jure
2570 4618 2792 4686 poterit,
2850 4618 3144 4674 dummodo
3190 4632 3515 4691 praereptura

1948 4704 2287 4758 Dominicum
2311 4704 2378 4759 de
2403 4708 2711 4762 srrutandis
2734 4710 3029 4779 Scripturis
3071 4728 3292 4782 prorsus
3313 4717 3517 4787 ample—

1948 4792 2178 4848 xabitur
2214 4795 2264 4848 in
2289 4795 2486 4866 potiori
2525 4811 2694 4865 parte,
2744 4800 2988 4868 quinimo
3042 4803 3092 4855 in
3125 4804 3403 4866 omnibus.
3462 4809 3517 4860 in

1946 4887 2145 4956 quibus
2172 4888 2240 4941 ab
2291 4889 2472 4959 impiis
2497 4904 2561 4943 ac
2586 4892 2891 4945 temerariis
2925 4892 3136 4947 Domini
3171 4894 3374 4965 Deique
3410 4912 3517 4950 ca:-

1946 4980 2041 5034 des
2070 4989 2361 5050 procurata
2424 4981 2767 5051 proponitur,
2826 5000 3093 5056 nusquam
3147 4988 3288 5043 dicta
3356 5006 3517 5044 causa

1944 5073 2212 5142 eXplicata
2239 5074 2491 5143 proponi,
2546 5090 2647 5127 nec
2676 5075 2781 5128 alio
2807 5076 2968 5130 modo
2999 5094 3158 5146 quam
3195 5079 3297 5133 hoc
3327 5079 3517 5132 Ot'llm-

1945 5165 2067 5219 duxi
2130 5165 2411 5235 Sll'lplOl'iS
2438 5167 2762 5221 sententiam
2808 5168 3098 5224 insinuari.
3150 5172 3228 5226 Ad
3258 5175 3517 5227 corrobo-

1948 5258 2116 5312 randa
2154 5258 2335 5328 itaque
2370 5275 2491 5328 quas
2520 5261 2597 5313 sic
2630 5275 3011 5331 proponuntur
3041 5272 3097 5317 et
3142 5263 3511 5334 accipiuntur,
3580 5266 3587 5275 ’

1948 5352 2087 5402 tinus
2119 5350 2172 5403 iu
2224 5349 2462 5405 medium
2516 5352 2782 5407 adductus
2826 5353 3098 5409 suliecerit
3136 5356 3381 5421 Cosmus,
3410 5356 3513 5412 Ec-

1944 5441 2119 5497 clesim
2178 5454 2558 5497 ornamentum
2587 5456 2639 5497 et
2690 5461 2719 5498 a
2752 5445 2860 5498 Deo
2891 5457 3140 5511 ornatus,
3188 5448 3239 5500 in
3293 5447 3514 5521 hymnis

1942 5535 2009 5591 de
2041 5536 2268 5591 salutari
2308 5537 2560 5607 passione
2596 5554 2625 5591 a
2668 5556 2726 5592 se
2764 5537 2946 5604 editis,
2993 5539 3119 5593 dum
3153 5541 3297 5595 inter
3321 5557 3415 5595 eos
3445 5544 3511 5598 ad

1944 5629 2441 5682 canendnmunum
2477 5630 2576 5683 hoc
2613 5630 2773 5682 modo
2794 5631 3277 5686 concinnat-erit“
3302 5632 3514 5689 Cohors

1944 5720 2053 5773 Deo
2089 5738 2401 5786 cxosorum,
2474 5722 2905 5787 malignantium,
2974 5725 3067 5778 Dei
3120 5727 3511 5796 parricidarum

1946 5815 2289 5884 congregatio
2338 5815 2641 5882 superstitit
2689 5815 2807 5883 tibi,
2844 5818 3080 5886 Christe,
3106 5832 3156 5874 et
3193 5832 3246 5874 ιιι
3284 5821 3506 5890 ῐιτῳηιιλι
