4020 6568
292 431 435 496 lfll'i

1274 432 1587 496 CON‘I‘RA-
1626 433 1787 493 MAN
1801 431 2059 493 UELEM
2115 426 2602 489 CRE'I‘ENSEM.

3415 417 3552 482 1318

303 540 698 613 θρωποπρεπεῐ
746 540 1150 612 συγκατασάσει
1205 544 1436 615 Κυρίου.
1507 562 1526 594 ι
1587 544 1661 594 Τὸ
1715 541 1876 595 αὐτὸν

1996 538 2070 608 ιιιί
2108 539 2163 592 in
2194 537 2391 593 omium
2439 531 2709 594 ascendit,
2744 531 2956 593 edocet,
2990 529 3065 583 uti
3116 528 3267 583 illius
3317 542 3552 583 concors

294 631 547 703 χρίεσθαι
566 630 646 702 τῷ
671 631 941 703 θεαρχικῷ
971 632 1273 703 Πνεύματι,
1297 634 1394 688 καὶ
1419 632 1760 702 ἀγιάζεσθαι,
1783 633 1876 686 καὶ

299 721 748 777 ἀποστέλλεσθαι.
783 722 1130 792 ἁρμοζόντως
1165 725 1257 778 καὶ
1303 724 1333 777 6
1370 723 1765 794 οὐρανοϐἀμων
1788 723 1875 776 δδε

294 810 680 876 μυσταγωγεῖ,
712 810 788 871 ὡς
827 813 856 863 6
881 811 1073 864 τούτου
1105 813 1371 883 σύμφρων
1396 816 1424 866 6
1458 815 1745 881 σύνεγγυς.
1764 813 1876 883 Τῆς

296 898 407 969 γὰρ
444 898 618 968 αὐτῆς
645 901 732 970 ἐφ’
755 891 816 954 οῦ
845 901 1062 971 λέγεται
1085 902 1258 958 ταῦτα
1286 901 1718 973 διατρανώσεως.
1749 903 1875 959 Ἐπὶ

291 989 349 1043 δέ
371 1006 434 1059 γε
460 991 555 1044 τοῦ
580 992 894 1063 Πνεύματος
921 996 950 1049 6
977 995 1075 1064 μὲν
1089 996 1365 1067 ἑκατέρων
1384 997 1687 1067 ἀποστολὴν
1709 997 1875 1053 αὐτοῦ

295 1083 392 1135 καὶ
424 1080 573 1136 δόσιν
595 1084 749 1154 παρά
774 1085 980 1150 Κυρίου
1032 1084 1328 1157 διατρανοῖ,
1376 1105 1396 1138 ι
1431 1089 1497 1160 τῇ
1536 1089 1637 1157 τῆς
1688 1087 1879 1155 θεῖκῆς

280 1171 458 1240 ’δόξης
496 1192 517 1226 ι
550 1175 693 1228 κατά
728 1176 883 1247 ρἦα
913 1176 1293 1248 μεγαλειότητι
1317 1193 1333 1209 ο
1363 1176 1393 1230 6
1434 1177 1493 1232 δὲ
1515 1176 1781 1249 χορηγίαν
1808 1181 1876 1250 τῇ

288 1265 436 1336 αὐτῇ
467 1266 676 1339 διανοίᾳ
704 1267 1037 1340 διαγορεύει.

366 1356 433 1412 δ’.
469 1356 631 1410 Ὅθεν
655 1360 684 1410 6
711 1357 803 1411 ἐπὶ
836 1358 1168 1433 καινοφωνίᾳ
1188 1363 1254 1432 τῇ
1273 1360 1373 1429 τῆς
1401 1359 1704 1430 ἀποστολῆς
1728 1360 1878 1430 παρὰ

290 1445 414 1500 Ἰιξιῖιιν
442 1445 724 1519 θεηγόρων
756 1448 932 1513 οὕτως
965 1449 1404 1521 ἀπελαυνόμενος
1433 1451 1527 1504 καὶ
1557 1452 1650 1503 τοῦ
1686 1468 1877 1505 σκοπι-

301 1538 553 1607 μωτάτου
590 1539 784 1605 τέλους
839 1542 1327 1609 συναπελαύνεται,
1377 1541 1473 1596 τοῦ
1531 1543 1605 1613 μὴ
1644 1544 1703 1609 ἐξ
1747 1542 1877 1596 Υῐοῦ

301 1628 557 1683 σπεύδειν
610 1630 888 1686 δεικνύναι
936 1632 1164 1698 Πνεῦμα
1214 1634 1273 1686 τὸ
1319 1634 1493 1702 ἅγιον,
1556 1629 1638 1696 οἷς
1684 1635 1875 1691 τούτου

301 1722 456 1791 παρὰ
481 1721 576 1775 τοῦ
595 1721 726 1777 Υίοῦ
753 1714 1214 1795 ἀποστελλόμενοι)
1237 1726 1329 1779 καὶ
1350 1726 1513 1780 αὑτὸν
1536 1726 1737 1794 ὁμοίως
1756 1744 1880 1781 και-

301 1812 532 1881 νολογεῖ,
565 1815 709 1868 κατὰ
753 1814 853 1868 τὸν
874 1815 1038 1869 αὐτὸν
1070 1816 1231 1883 λόγον
1262 1817 1413 1887 παρὰ
1441 1818 1535 1870 τοῦ
1565 1817 1882 1886 Πνεύματος

299 1904 753 1961 ἀποστέλλεσθαι.
811 1907 923 1961 Kal
978 1908 1075 1978 οὐχ
1102 1909 1249 1970 ὅπως
1277 1883 1354 1978 τῇ-
1398 1883 1725 1981 καινολογίᾳ*
1755 1911 1881 1980 τῇδε
1912 1883 1954 1938 Β

305 1997 401 2048 τοῦ
432 1995 635 2050 τοιοῦδε
658 1999 1127 2069 συμπεράσματος
1157 2000 1718 2070 συναπορῤαπίζεται,
1747 2002 1882 2057 ἀλλὰ

297 2089 402 2141 ῖκαὶ
424 2089 484 2154 ἐξ
512 2083 591 2144 ὧν
640 2090 924 2161 ἑπομένως
977 2094 1028 2147 οί
1076 2092 1244 2163 ἀγχοῦ
1286 2092 1668 2162 διαληφθέντες
1717 2095 1883 2165 ἄμφω

305 2177 549 2231 νοεῖσθαι
577 2177 802 2245 διδόασι,
834 2182 933 2234 καὶ
957 2179 1016 2246 ἐξ
1039 2174 1115 2236 ὧν
1141 2184 1192 2235 oi
1222 2183 1401 2235 λοιποὶ
1423 2183 1625 2237 τούτων
1647 2187 1884 2255 ὁμόφρο-

302 2285 398 2333 νες
454 2270 702 2340 θεοφόροι
760 2272 1061 2344 διαρρήδην
1113 2273 1442 2343 θεολογοῦσι,
1502 2276 1741 2346 πέμπειν
1792 2279 1883 2332 τὸν

310 2361 439 2413 Υίδν
467 2361 562 2414 καὶ
584 2362 783 2417 διδόναι
816 2364 910 2416 καὶ
939 2368 1197 2435 χορηγεῖν
1227 2364 1450 2434 Πνεῦμα
1495 2367 1558 2420 τὸ
1612 2368 1670 2434 εξ
1719 2368 1884 2422 αὑτοῦ

308 2450 653 2522 θεοπρεπῶς,
682 2454 747 2507 οὐ
765 2455 826 2507 τὸ
848 2456 1133 2526 ἀλλότριον
1150 2457 1590 2529 δογματίζοντες,
1614 2460 1643 2512 6
1664 2477 1723 2513 τε
1740 2461 1887 2530 Χρυ-

311 2540 553 2606 σολόγος,
593 2542 668 2603 ὠς
695 2546 1127 2614 προεκτέυειται,
1158 2549 1254 2600 καὶ
1285 2548 1461 2620 ἕτεροι
1488 2549 1583 2603 σὺν
1610 2551 1759 2622 αὐτῷ
1791 2554 1885 2606 xal.

315 2630 551 2700 μάλιστα
584 2632 693 2688 τῶν
712 2634 807 2688 τοῦ
831 2635 1127 2706 Νεστορίου
1152 2637 1216 2707 λη
1225 2655 1291 2709 ρη
1299 2639 1485 2708 μάτων
1507 2641 1535 2693 6
1557 2639 1886 2714 καθαιρέτης

314 2722 580 2794 Κύριλλος
610 2728 638 2779 6
678 2724 988 2794 θεσπέσιος,
1023 2730 1158 2799 μήτε
1185 2729 1245 2794 ἐξ
1274 2729 1427 2794 Υίοῦ,
1461 2733 1598 2801 μήτε
1651 2733 1719 2787 δι’
1752 2735 1885 2789 Υίοῦ

314 2818 643 2888 ἀνεχομένου
676 2818 898 2890 Πνεῦμα
935 2820 997 2874 τὸ
1027 2820 1181 2890 ἀγιον
1220 2824 1705 2893 καταγγέλλεσθαι,
1751 2827 1886 2899 πρδς

314 2906 374 2960 δν
407 2910 439 2961 6
466 2912 638 2979 μέγας
665 2913 1092 2983 ἀναφερόμενος
1119 2915 1424 2986 πανταχόσε
1465 2916 1732 2988 διελέγχει
1759 2921 1890 2974 κάν-

313 3002 489 3057 ταῦθα
514 3003 661 3057 οὕτω
686 3003 761 3075 μὴ
778 3005 1121 3075 ἀνεχόμενον,
1155 3003 1274 3060 εἶτα
1319 3010 1595 3078 φάσκοντα
1617 3012 1678 3065 τὸ
1693 3014 1768 3075 ,ὲκ
1790 3013 1885 3066 τοῦ

1978 630 2228 700 proxime
2258 627 2568 698 appositus.
2629 619 2883 678 Eamdeni
2910 621 3178 692 squidem
3217 621 3318 674 ista
3352 619 3420 673 de
3444 636 3552 688 quo

1978 723 2344 794 praedicantur
2368 716 2766 789 expositionem
2811 713 3123 769 admittunt.
3163 711 3553 765 Verumtamen

1981 816 2048 871 de
2078 815 2310 885 Spiritu,
2359 825 2545 867 eorum
2577 809 2715 864 alter
2735 806 3051 862 missionem
3088 804 3233 858 illius
3271 813 3324 857 et
3383 803 3556 857 dona-

1983 906 2186 960 tionem
2213 919 2243 957 a
2267 901 2497 956 Domino
2514 898 2784 959 enuntiat,
2802 894 2908 950 illis
2928 908 3059 949 usus
3077 892 3278 950 verbis.
3311 909 3330 943 ι
3355 891 3556 944 divinae

1979 995 2168 1067 gloriae
2234 990 2691 1062 magnitudinem,
2749 1007 2768 1041 ι
2837 987 2976 1042 alter
3052 983 3555 1056 suppeditationem

1944 1131 1949 1137 .
1979 1086 2170 1144 eadem
2197 1084 2476 1142 sententia
2513 1081 2709 1138 tradit.

2063 1365 2121 1420 4.
2157 1362 2296 1418 Hinc
2325 1360 2416 1431 qui
2451 1360 2699 1415 novitate
2724 1358 2875 1413 vocis
2913 1355 3191 1413 missionis
3224 1355 3325 1409 bac
3350 1353 3563 1407 ratione

1977 1455 2247 1524 rejicitur,
2293 1468 2322 1506 a
2363 1455 2470 1506 line
2497 1450 2662 1506 etiam
2695 1448 2798 1504 sibi
2857 1447 3095 1502 maxime
3134 1443 3414 1516 proposito
3467 1455 3560 1496 re-

1980 1548 2226 1619 pellitur.
2261 1545 2388 1601 dum
2441 1541 2701 1612 Spiritum
2733 1549 2979 1595 sanctum
3015 1552 3126 1592 non
3151 1550 3272 1590 esse
3297 1549 3364 1589 ex
3394 1533 3556 1598 Filio,

1979 1639 2259 1703 eteadem
2295 1635 2414 1706 ipsa
2455 1636 2691 1697 ratione,
2748 1646 2853 1701 qua
2884 1644 2915 1683 a
2944 1626 3086 1683 Filio
3116 1625 3371 1684 mittitur,
3406 1623 3559 1677 illum

1986 1728 2240 1785 similiter
2267 1743 2294 1782 a
2330 1726 2534 1798 Spiritu
2568 1724 2709 1779 mitti
2745 1720 3014 1776 sermonis
3049 1717 3286 1772 novitate
3320 1714 3565 1771 deblateo

1983 1830 2089 1876 rat.
2129 1821 2321 1890 Neque
2358 1829 2570 1873 tantum
2606 1816 2675 1871 ab
2726 1815 2957 1885 hujusce
2998 1807 3372 1866 conclusionis
3410 1804 3568 1859 novi-

1986 1922 2101 1969 tote
2147 1912 2452 1982 repellitur,
2512 1907 2607 1965 sed
2633 1923 2662 1961 a
2703 1904 2928 1969 reliquis
2986 1902 3175 1963 etiam,
3217 1914 3337 1968 qua:
3374 1908 3567 1951 conse-

1985 2014 2220 2078 quenter
2268 2002 2433 2057 ambo
2477 2000 2588 2070 jam
2629 1997 2762 2052 dicti
2800 1995 3102 2055 insinuant,
3148 2000 3203 2045 et
3253 2003 3446 2044 omnes
3474 1984 3569 2039 alii

1985 2075 2160 2154 divini
2188 2095 2381 2149 Patres
2405 2093 2511 2148 illis
2541 2088 2846 2146 concordes
2870 2085 3047 2155 palam
3078 2081 3372 2145 definiunt,
3422 2075 3567 2132 mitti

1965 2198 2015 2261 _a‘
2042 2187 2182 2242 Filio
2214 2194 2269 2240 et
2296 2184 2415 2240 dari
2445 2191 2501 2237 et
2526 2178 2867 2250 suppeditari
2901 2173 3192 2243 Spiritum,
3225 2171 3319 2240 qui
3354 2185 3418 2223 ex
3449 2168 3568 2238 ipso

1986 2288 2094 2341 est,
2133 2285 2194 2331 ut
2228 2276 2397 2330 Deum
2428 2273 2679 2334 addecet,
2707 2280 2761 2323 et
2787 2281 2898 2322 non
2955 2265 3193 2319 alienum
3226 2276 3257 2315 a
3310 2258 3445 2315 Filio
3468 2259 3566 2313 de-

1988 2376 2303 2431 cernentes,
2354 2374 2467 2420 tum
2504 2374 2671 2418 aurea
2721 2360 2905 2430 lingua
2960 2356 3246 2428 praeditus,
3305 2360 3364 2407 ut
3403 2362 3570 2422 supra

1992 2461 2301 2532 posuimus,
2362 2466 2473 2511 tum
2521 2469 2629 2509 una
2660 2467 2785 2508 cum
2837 2450 2930 2504 illo
2960 2446 3075 2510 alii.
3127 2456 3183 2502 et
3224 2444 3570 2516 potissimum

1997 2552 2332 2623 ineptiarum
2378 2547 2645 2613 Nestorii,
2697 2544 2792 2614 qui
2840 2546 3018 2612 neque
3066 2556 3131 2596 ex
3184 2536 3342 2602 Filio,
3387 2549 3572 2606 neque

1991 2660 2088 2714 per
2121 2642 2320 2697 Filium
2371 2638 2480 2694 dici
2530 2637 2796 2707 Spiritum
2846 2631 3168 2695 sustinebat,
3221 2640 3447 2683 eversor
3485 2623 3575 2679 di—

1992 2736 2158 2791 vinus
2189 2731 2451 2804 Cyrillu‘s,
2482 2729 2572 2785 cui
2614 2744 2674 2786 se
2725 2730 3008 2798 opponens
3053 2723 3257 2791 ubique
3294 2719 3573 2789 redarguit

1990 2827 2082 2883 hic
2116 2840 2338 2896 quoque
2374 2824 2448 2879 ita
2481 2822 2588 2877 dici
2619 2836 2732 2875 non
2763 2819 3153 2878 sustinentem,
3180 2823 3295 2869 tum
3332 2821 3573 2891 postmo-

1989 2924 2119 2979 dum
2152 2930 2508 2982 asserentem,
2548 2933 2674 2974 eum
2715 2914 2860 2987 quod
2904 2929 2971 2968 ex
3005 2912 3161 2966 Patre
3205 2898 3341 2964 erati
3381 2921 3572 2976 suppe-

1990 3017 2198 3072 ditabat
2228 3013 2566 3083 unigenitus,
2598 3008 2795 3065 servile
2847 3004 3213 3061 ministerium
3245 3000 3571 3070 adimplere,

320 3093 536 3164 ιῐατρὸς
564 3102 820 3167 χορηγεῖν
852 3097 943 3151 τὸν
979 3098 1260 3169 Μονογενῆ
1311 3102 1656 3172 λειτουργίαν
1686 3104 1890 3176 ὑπουρ-

1996 3118 2047 3165 et
2081 3110 2321 3163 alienum
2354 3104 2663 3177 porrigere.
2720 3102 2780 3156 ln
2828 3098 3173 3170 expositione
3206 3094 3352 3149 enim
3387 3092 3568 3145 Evan-

318 3186 484 3256 γικὴν
508 3186 864 3257 ἀποπληροῦν
888 3188 1091 3256 λέγειν,
1130 3194 1222 3245 καὶ
1272 3192 1335 3246 τὸ
1387 3194 1668 3261 ἀλλότριον
1729 3174 1892 3266 χορη-

1997 3200 2123 3273 gelii
2165 3174 2395 3255 Joannis
2446 3174 2627 3252 illud:
2661 3215 2678 3247 ι
2715 3192 2853 3248 Cum
2915 3187 3126 3245 venerit
3172 3174 3508 3265 Paracletus,
3549 3202 3569 3235 ι

317 3279 457 3343 γεῖν,
506 3278 599 3331 Ἐν
634 3278 744 3350 γὰρ
772 3280 1039 3355 ἑρμηνείᾳ
1089 3282 1185 3336 τοῦ
1240 3282 1384 3337 κατά
1443 3260 1895 3360 Ἰωάννην,”περὶ

1999 3307 2282 3364 exponens
2322 3291 2438 3346 haec
2479 3289 2644 3344 habet
2676 3305 2690 3341 :
2738 3304 2756 3337 ι
2785 3278 2999 3340 Etenim
3026 3282 3073 3336 si
3103 3278 3300 3334 servile
3328 3260 3578 3331 tniniste-

315 3367 417 3422 τοῦ
440 3409 455 3435 ,
494 3387 521 3422 ι·
551 3369 719 3425 Ὅταν
755 3367 849 3426 οὖν
870 3372 1000 3443 ἔλθῃ
1049 3374 1078 3427 6
1121 3373 1479 3447 Παράπλητος
1514 3395 1535 3430 ι
1598 3378 1897 3451 διαλαμσά-

322 3480 451 3568 Υων,
474 3461 638 3568 ὀὕτω
676 3463 891 3568 φησίν-θ
927 3483 948 3517 ι
979 3464 1047 3568 ίΞί
1079 3467 1189 3568 γαρ
1223 3467 1526 3539 ὑπουργίαν
1580 3470 1897 3543 διακονικὴν

320 3555 676 3626 ἀποπληροῦν
723 3557 901 3611 οτεσθε
947 3556 1038 3612 τὸν
1095 3557 1243 3623 Υίὸν,
1297 3562 1355 3614 τὸ
1413 3562 1690 3632 ἀλλότριον
1742 3564 1898 3635 ἡμῖν,

323 3643 574 3699 τουτέστι
624 3646 687 3700 τὸ
714 3649 866 3719 παρὰ
899 3646 1036 3701 Θεοῦ
1088 3650 1183 3703 καὶ
1215 3649 1446 3722 Πατρὸς,
1486 3656 1900 3725 κεχορηγηκότα
1932 3722 1935 3727 η

326 3738 484 3806 ἆγιον
511 3736 571 3792 ὃν
593 3740 734 3793 κατά
768 3742 930 3809 φύσιν
953 3739 1199 3810 Πνεῦμα,
1251 3743 1312 3796 ού
1350 3744 1490 3797 κατά
1532 3744 1693 3813 φύσιν
1744 3747 1898 3815 ἅγιος

324 3829 354 3880 6
390 3828 537 3894 Υίὺς,
573 3829 715 3883 κατά
749 3830 965 3901 μέθεξιν
992 3830 1050 3885 δὲ
1099 3829 1290 3903 ὥσπερ
1318 3834 1501 3905 ἡμεῖς.
1530 3851 1551 3887 ι
1601 3835 1899 3907 Ἀριδήλως

325 3919 658 3993 παρίστησιν
735 3924 763 3977 6
794 3922 939 3987 θεῖος
991 3923 1179 3995 Πατὴρ
1238 3926 1303 3979 ἐκ
1340 3925 1436 3979 τοῦ
1471 3929 1902 4001 κεχορηγηκέναι

322 4011 585 4082 λέγεσθαι
617 4012 757 4093 ἡμῖν
785 4013 887 4067 τὸν·
911 4012 1038 4068 Υίδν
1060 4015 1120 4069 τὸ
1143 4015 1295 4086 παρά
1321 4017 1417 4071 τοῦ
1458 4017 1596 4072 θεοῦ
1629 4021 1724 4074 καὶ
1786 4021 1899 4077 Πα-

324 4103 455 4173 τρὸς
477 4102 632 4172 ἀγιον
651 4103 712 4159 ὃν
737 4105 878 4159 κατά
908 4104 1069 4175 φύσιν
1098 4106 1342 4178 Πνεῦμα,
1372 4109 1434 4162 οὐ
1471 4111 1631 4179 μόνον
1656 4111 1905 4185 ὑπολαμο

321 4194 588 4249 εάνεσθδαι
618 4196 679 4249 t6
710 4195 993 4265 ἀλλότριον
1022 4197 1119 4251 καὶ
1147 4200 1208 4252 τὸ
1234 4200 1332 4269 τῆς
1363 4199 1678 4271 διακονικῆς
1700 4206 1904 4275 ὑπουρ-

324 4288 456 4356 γίας
478 4285 573 4341 τοῦ
601 4289 1060 4360 κεχορηγηκότος,
1087 4289 1224 4344 ἀλλά
1254 4293 1428 4346 καὶτὸ
1458 4295 1532 4365 μὴ
1563 4297 1705 4348 κατά
1742 4296 1905 4366 φύσιν

328 4379 495 4434 αὐτὸν
543 4378 699 4448 ἀγιον
750 4374 891 4435 εῖναι
958 4381 1308 4451 είσάγεσθαι,
1364 4387 1505 4441 κατὰ
1565 4388 1781 4459 μέθεξιν
1846 4386 1905 4443 δὲ

323 4470 519 4541 ὥσπερ
547 4472 731 4544 ἡμεῖς,
754 4471 834 4536 ὡς
858 4473 910 4525 οἱ
943 4473 1234 4527 ἀπόστολοι
1258 4475 1415 4546 δῆτα,
1442 4479 1491 4530 εἰ
1520 4478 1615 4531 καί
1636 4494 1781 4542 τινες
1799 4478 1905 4533 τῶν

1999 3389 2145 3442 rium
2176 3383 2478 3454 adimplere
2528 3377 2855 3436 existimatis
2889 3373 3110 3435 Filium,
3156 3372 3286 3425 dum
3325 3370 3569 3423 alienum

1998 3478 2178 3540 nobis,
2204 3478 2306 3530 hoc
2321 3472 2514 3543 estqui
2554 3487 2585 3525 a
2616 3468 2775 3525 Patre
2793 3469 2904 3521 Deo
2920 3473 3058 3528 erat,
3097 3468 3344 3517 sanctum
3382 3466 3574 3513 natura

2002 3570 2363 3628 exsistentem
2392 3563 2655 3634 Spiritum
2698 3562 2962 3631 porrexit,
2994 3569 3104 3608 non
3135 3563 3330 3606 natura
3351 3558 3576 3605 sanctus

2002 3661 2174 3719 Filius
2199 3671 2303 3721 est,
2328 3657 2423 3713 sed
2455 3650 2869 3726 participatione
2906 3647 2984 3702 uti
3014 3661 3117 3701 nos
3139 3657 3348 3699 sumus.
3384 3660 3402 3692 ι
3428 3638 3574 3693 Divi-

2004 3770 2111 3811 nus
2144 3754 2235 3809 hic
2263 3750 2429 3806 Pater
2465 3747 2643 3818 palam
2701 3740 2944 3798 ostendit
2987 3753 3055 3792 ex
3099 3735 3405 3790 assertione
3465 3732 3577 3794 illa,

2002 3840 2202 3896 Filium
2233 3838 2394 3893 nobis
2426 3827 2829 3904 suppeditasse,
2866 3826 2960 3899 qui
2990 3842 3020 3881 a
3070 3825 3181 3880 Deo
3208 3828 3265 3877 et"
3286 3822 3448 3877 Patre
3494 3828 3580 3875 εει

2003 3941 2252 3990 sanctum
2279 3939 2478 3985 natura
2536 3942 2636 3981 sua
2662 3920 2949 3994 Spiritum,
3006 3931 3119 3973 non
3172 3920 3380 3971 tantum
3431 3913 3577 3969 illius

2003 4037 2326 4082 extraneum
2356 4008 2608 4085 intelligi,
2639 4027 2695 4072 et
2742 4014 2945 4071 servile
2970 4010 3334 4067 ministerium
3361 4007 3580 4062 traden-

2005 4122 2098 4182 tis,
2131 4118 2225 4173 sed
2260 4131 2364 4171 nec
2388 4126 2586 4169 natura
2615 4126 2714 4166 sua
2744 4118 2998 4164 sanctum
3033 4121 3177 4171 esse,
3234 4104 3329 4158 sed
3364 4099 3583 4170 partici-

2004 4209 2229 4282 patione
2254 4206 2335 4261 uti
2362 4221 2465 4260 nos
2491 4217 2708 4267 sumus,
2756 4198 2914 4270 quasi
2948 4197 3102 4254 dicas
3159 4193 3456 4265 apostolos,
3497 4191 3584 4245 vel

2006 4300 2308 4357 nonnullos
2345 4311 2513 4353 cruce
2554 4294 2803 4364 signatos
2841 4290 3118 4351 homines,
3152 4287 3235 4342 vel
3280 4285 3371 4340 ille
3413 4285 3583 4339 etiam

2010 4394 2128 4466 ipse
2153 4392 2246 4462 qui
2282 4392 2397 4446 haec
2427 4387 2669 4458 scripsit,
2706 4382 2917 4439 inferri.
2973 4381 3033 4436 id
3096 4379 3265 4441 enim,
3306 4394 3325 4428 ι
3356 4376 3432 4431 uti
3480 4389 3585 4429 nos

2010 4501 2221 4549 sumus,
2265 4501 2285 4536 ι
2337 4481 2516 4536 innuit
2559 4472 3046 4548 :quandoquidem
3090 4480 3148 4525 et
3224 4466 3389 4523 Verbi
3445 4481 3585 4537 prte-

330 4565 713 4635 σημειοφόρων
736 4564 969 4636 ἀνδρῶν,
995 4566 1092 4620 καὶ
1129 4566 1204 4629 ὡς
1232 4568 1396 4632 αὐτὸς
1442 4569 1479 4621 6'
1498 4569 1670 4624 ταῦτα
1703 4570 1896 4639 λέγων.

2008 4591 2177 4633 cones
2208 4548 2279 4629 et
2326 4569 2582 4639 discipuli
2633 4558 3038 4638 elargi’ebantur
3068 4556 3361 4632 Spiritutu,
3412 4557 3488 4612 uti
3524 4554 3582 4610 in

329 4655 504 4711 τοῦτο
535 4656 645 4728 γὰρ
678 4654 759 4723 τὸ,
797 4672 817 4708 ι
858 4655 1046 4729 ὥσπερ
1074 4659 1255 4728 ἡμεῖς,
1295 4677 1314 4712 ι
1345 4659 1467 4713 ἔπεϊ
1499 4662 1594 4714 καὶ
1637 4663 1691 4716 oi
1721 4664 1900 4735 κήρυ-

328 4764 429 4812 κες
455 4747 552 4802 τοῦ
578 4747 741 4818 λόγου
763 4751 860 4803 καὶ
887 4748 1128 4821 μαθηταὶ
1147 4751 1354 4805 ἐδίδουν
1376 4752 1436 4806 τὸ
1482 4752 1725 4825 Πνεῦμα,
1785 4760 1905 4817 ταῖς

334 4838 605 4911 Πράξεσιν
628 4840 807 4894 αὐτῶν
832 4841 909 4904 ὡς
939 4842 1279 4913 ἐμφέρεται,
1312 4843 1453 4914 πλὴν
1482 4845 1582 4915 οὐχ
1636 4844 1710 4908 ὡς
1760 4846 1904 4916 ἀγιοι

327 4935 398 5003 τῇ
427 4932 608 5001 φύσει,
637 4935 704 5003 τῇ
737 4933 955 5004 μεθέξει
1004 4935 1082 5000 δὲ,
1118 4936 1211 4989 καὶ
1235 4935 1309 5001 ὼς
1353 4937 1623 5009 ὑπηρέται
1651 4939 1745 4992 τοῦ
1774 4939 1909 4994 διδο·

336 5025 521 5094 μένου.
587 5022 762 5089 Μόνος
816 5028 923 5098 γὰρ
977 5026 1112 5091 Θεὸς
1178 5029 1324 5083 κατὰ
1353 5030 1516 5100 φύσιν
1560 5010 1644 5096 ὧς
1689 5030 1843 5101 am;
1879 5036 1908 5088 6

2007 4666 2327 4724 earumdem
2359 4662 2590 4718 Actibus
2618 4654 2874 4723 refertur,
2912 4671 3025 4710 non
3081 4664 3261 4709 tamen
3293 4658 3353 4705 ut
3387 4658 3582 4703 natura

2004 4758 2205 4822 sancti,
2235 4756 2332 4812 sed
2359 4751 2799 4825 participatione,
2832 4756 2891 4804 et
2909 4757 2969 4803 ut
2999 4743 3228 4802 exhibiti
3250 4739 3581 4798 administri.

2005 4853 2167 4907 Solus
2192 4850 2342 4904 enim
2382 4848 2526 4902 Deus
2556 4854 2757 4899 natura
2785 4851 3006 4896 sanctus
3052 4838 3128 4893 nti
3160 4835 3353 4901 Filius,
3407 4843 3465 4888 ut
3489 4832 3585 4903 qui

2007 4943 2152 4999 Dens
2182 4951 2287 5006 est,
2315 4940 2390 4995 ita
2418 4947 2475 4994 et
2501 4939 2659 4992 datur
2685 4933 2942 5005 Spiritus,
2983 4929 3078 5002 qui
3106 4939 3304 4984 natura
3360 4933 3585 4981 sanctus

2006 5051 2063 5091 et
2091 5036 2235 5089 Deus
2261 5047 2386 5088 esse
2412 5028 2834 5100 depraedicatur.

338 5118 485 5183 Υἱὸς,
524 5117 659 5172 καθδ
687 5118 783 5173 καὶ
806 5117 958 5186 Θεὸς,
977 5118 1121 5177 οὕτω
1147 5078 1382 5194 χορηγὸς
1407 5123 1501 5178 τοῦ
1551 5124 1694 5179 κατά
1738 5078 1908 5195 φύσιν
1948 5127 2099 5193 ὄντος
2132 5126 2290 5197 ἁγίου
2347 5078 2832 5194 uulgata-oin?
2855 5115 2993 5171 Θεοῦ
3031 5115 3172 5171 κατὰ
3195 5114 3354 5184 φύσιν
3384 5110 3591 5178 ἀνακηο
3636 5078 3640 5083 Δ

337 5216 610 5289 ρύττεται.

406 5308 469 5369 ε’.
502 5310 727 5376 Τούτοις
781 5310 1073 5381 φθάνουσιν
1128 5310 1457 5381 ἀντεπάγειν
1510 5314 1560 5366 οἱ
1593 5314 1728 5385 πρὸς
1781 5315 1839 5370 ὃν
1859 5317 1909 5369 οί

336 5401 486 5469 λόγοι
519 5402 617 5471 τῆς
642 5402 951 5473 συμμορίας
978 5402 1057 5467 τὸ,
1111 5421 1131 5456 ι
1173 5401 1270 5456 Ἐκ
1296 5405 1509 5474 Πατρδς
1538 5386 1788 5476 λέγοντες
1830 5409 1911 5462 δι-

337 5492 486 5546 δόναι
510 5492 601 5544 τὸν
646 5491 776 5544 Υἱὺν
830 5494 888 5547 τὸ
925 5492 1170 5565 Πνεῦμα,
1200 5495 1260 5548 τὸ
1295 5496 1578 5565 δμοούσιον
1610 5498 1776 5552 αὑτοῦ
1807 5517 1911 5569 φα-

344 5600 444 5654 μεν
470 5585 589 5655 οὐχὶ
616 5585 676 5638 τὸ
700 5585 1003 5656 ἀλλότριον.
1041 5607 1060 5640 ι
1093 5590 1202 5643 Kal.
1231 5590 1294 5641 οὐ
1338 5590 1639 5663 συνορῶσιν
1691 5593 1767 5656 ὡς
1821 5594 1916 5645 ἀπ’

342 5674 508 5730 αὐτοῦ
538 5676 729 5731 τούτου
762 5681 1124 5750 συμπεραίνει
1166 5680 1227 5734 τὸ
1273 5680 1455 5750 σφίσιν
1503 5684 1917 5755 ὰπαρνούμενον
1962 5738 1978 5754 ,

341 5766 370 5819 6
396 5766 465 5822 τὰ
491 5768 608 5821 θεῖα
634 5769 821 5835 πολὺς,
855 5770 951 5825 καὶ
979 5770 1039 5823 τὸ
1075 5772 1360 5839 ὀμοούσιον
1403 5774 1618 5844 ἀναιρεῖ
1651 5774 1711 5828 τὸ
1749 5790 1919 5827 σπου-

342 5855 639 5929 δαζόμενον
671 5860 870 5927 αὐτοῖς,
900 5862 959 5914 οὐ
982 5862 1313 5931 συνίστησ.ν,
1353 5862 1441 5934 ,ὡς
1488 5862 1746 5934 ἀληθείας
1807 5864 1919 5933 ἔχει

2085 5315 2139 5370 5.
2178 5313 2275 5368 His
2325 5307 2660 5380 respondent
2712 5304 2846 5361 sor-ii
2877 5304 3043 5366 illius,
3073 5313 3234 5370 quem
3259 5305 3438 5350 noSIra
3465 5308 3591 5349 ora-

2018 5406 2092 5463 tio
2118 5403 2415 5474 -respicit:
2453 5420 2472 5453 ι
2513 5402 2588 5456 Ex
2644 5397 2806 5453 Patre
2872 5395 3000 5450 dum
3073 5390 3305 5447 dicimus
3346 5386 3604 5444 exhiberi.

2019 5496 2285 5567 Spiritum
2316 5512 2346 5551 a
2371 5493 2532 5561 Filio,
2579 5492 2756 5563 ipsius
2794 5484 3262 5544 consubstantiaie
3317 5489 3603 5541 notamus,

2018 5603 2129 5643 non
2164 5595 2512 5642 extraneum.
2559 5602 2578 5636 ι
2620 5581 2687 5636 Et
2711 5596 2822 5636 non
2860 5574 3226 5647 conspiciunt,
3281 5587 3351 5628 ex
3374 5572 3476 5627 hoc
3502 5584 3598 5625 eo-

2016 5679 2165 5745 dem,
2203 5677 2351 5747 quod
2385 5677 2485 5747 ipsi
2513 5678 2841 5745 pernegant,
2872 5685 2901 5723 a
2934 5667 3121 5724 divino
3157 5665 3262 5720 isto
3284 5663 3402 5716 viro
3433 5661 3596 5729 plane

2018 5772 2288 5836 concludi,
2346 5780 2397 5825 et
2449 5768 2592 5839 quod
2622 5766 2727 5837 ipsi
2776 5763 3066 5817 intendunt
3132 5752 3596 5814 consubstantiale

2020 5865 2218 5933 refelli,
2248 5881 2357 5920 non
2416 5860 2660 5935 probari,
2713 5867 2765 5912 ct
2802 5858 2894 5928 _uti
2945 5854 3153 5910 veritati
3205 5850 3451 5909 innixum
3501 5853 3586 5905 est
