3972 6644
284 462 394 533 1321

1240 454 1545 520 CONTRA
1586 438 2013 516 M’ANUELEM
2059 448 2537 512 CRETENSEM.

3351 444 3494 508 1322

288 575 558 645 κυριότητα
583 567 798 641 φοροῦν.
836 587 854 620 ι
885 568 980 630 Τίς
1008 562 1102 619 οὖν
1130 566 1195 619 ὲκ
1226 565 1337 618 τῶν
1385 566 1531 619 οὕτω
1575 540 1841 633 διηυκριε-ἱ

1944 558 2176 625 lictorie,
2232 568 2287 614 et
2339 557 2485 627 quod
2533 571 2602 610 ex
2658 553 2777 623 ipso
2849 552 3007 617 tradi,
3056 564 3110 607 et
3151 553 3279 608 illud
3340 571 3492 609 «non

286 664 509 736 νημένων
541 663 689 731 ἐρεῖν
715 660 1004 728 ἑξισχύσει,
1033 656 1186 727 μὴτὸ
1213 656 1491 725 ἀλλότριον
1549 656 1824 722 ἀντιφατι-

1927 665 1993 703 ex
2050 650 2169 721 ipso
2222 665 2240 699 ι
2292 648 2533 702 alienum
2601 643 2826 711 inferre,
2891 653 2947 698 et
3002 645 3103 698 hoc
3172 645 3348 713 palam
3409 663 3497 700 re-

290 756 384 818 κῶς
409 753 499 806 καὶ
525 751 587 805 τὸ
621 750 682 816 ἐξ
705 749 868 803 αὑτοῦ
901 747 1312 819 παραδίδοσθαι.
1342 748 1434 801 καὶ
1466 745 1527 798 rb
1559 746 1657 813 μὲν
1691 760 1712 794 t
1747 744 1822 811 μὴ

1954 742 2021 795 ici
2073 759 2092 793 ι
2138 757 2202 796 ex
2235 741 2369 810 {ipso
2405 740 2672 806 ijnentpe,
2724 751 2847 790 cum
2892 736 2961 790 de
2990 735 3235 802 datione,
3268 746 3323 791 et
3362 739 3497 792 mis-

284 846 335 911 ἐξ
355 843 514 898 αὐτοῦ
548 860 567 894 ι
598 845 659 896 τὸ
694 842 975 909 ἀλλότριον
1001 839 1377 911 παρεισάγειν,
1404 835 1562 890 τοῦτο
1583 836 1629 888 δ’
1668 837 1823 889 ἀπω·

286 935 478 989 θεῖσθαι
517 934 816 1004 διαρρήδην
842 932 905 986 τδ
932 950 949 984 ι
984 929 1043 996 ἐξ
1095 931 1260 984 αὐτοῦ
1301 950 1321 982 ι
1380 930 1470 981 ἐπί
1512 943 1571 981 τε
1634 928 1832 994 δόσεως

1885 878 1895 887 .
1934 836 2112 899 sione,
2150 846 2205 890 et
2237 832 2679 904 suppeditatione
2738 840 2794 885 et
2836 830 3110 885 similibus
3159 831 3216 884 in
3249 828 3499 900 utrisque

1942 927 2167 983 Deitatis
2188 924 2531 997 principibus
2558 922 2938 994 hypostasibus
2958 938 3157 979 .sermo
3188 932 3273 978 est
3296 922 3320 976 ?

285 1032 366 1085 καὶ
397 1029 695 1098 ἀποστολῆς
719 1026 811 1080 καλ
846 1027 1109 1095 χορηγίας
1126 1026 1221 1077 καὶ
1250 1024 1358 1077 τῶν
1380 1025 1580 1094 ὁμοίων
1610 1024 1669 1075 ὲν
1722 1023 2006 1094 ἑκατέραις
2039 1020 2356 1090 θεαρχικαῖς
2379 1017 2773 1082 ὑποστάσεσινς

346 1126 412 1188 ς’.
455 1124 514 1177 Εἰ
548 1122 605 1174 δὲ
639 1120 799 1175 τοῦτο
826 1121 901 1190 μὴ
946 1119 1086 1189 ἔχων
1119 1118 1268 1187 ὲρεῐν
1306 1117 1365 1168 τὸ
1394 1116 1504 1169 τῶν
1535 1116 1832 1170 ἀντιθέτων

282 1219 364 1270 καὶ
393 1216 508 1269 τόδε
542 1213 706 1283 φάναι
736 1212 1080 1282 βουλήσεται,
1107 1209 1182 1270 ὡς
1212 1210 1246 1279 ἡ
1275 1208 1383 1262 τῶν
1404 1208 1500 1261 δύο
1525 1208 1834 1279 προσώπων

280 1315 350 1372 εἰς
380 1310 436 1361 τὸ
473 1305 610 1360 εἶναι
669 1304 896 1376 πρόοδος
942 1302 1072 1355 Υἱοῦ
1126 1300 1221 1353 καί¹
1261 1298 1580 1368 Πνεύματος
1633 1300 1698 1351 ἑκ
1735 1297 1834 1365 τῆς

280 1396 536 1464 πατρικῆς
569 1394 758 1455 οὐσίας
787 1391 929 1455 ἐστὶ,
960 1389 1104 1458 καὶὴ
1125 1387 1480 1458 ὁμοουσιότης
1508 1388 1836 1457 ἀμφοτέρων

279 1482 535 1549 ἐντεῦθεν,
590 1484 665 1546 ὡς
716 1483 782 1535 ἐκ
814 1481 912 1551 τῆς
957 1479 1131 1544 αὐτῆς
1182 1477 1277 1530 καὶ
1309 1478 1440 1547 μιᾶς
1475 1478 1830 1546 ὑπαρχόντων

278 1579 453 1638 οὐσίας
479 1592 490 1605 ·
524 1575 618 1627 καὶ
649 1573 777 1626 ποία
800 1590 885 1635 τις
911 1571 1126 1638 ἀνάγκη
1152 1570 1214 1622 ὲκ
1235 1570 1336 1640 τῆς
1365 1569 1553 1629 οὐσίας
1581 1569 1674 1622 τοῦ
1696 1569 1830 1622 Υίοῦ

279 1670 445 1734 λέγειν
485 1665 546 1717 τὸ
577 1663 823 1733 Πνεῦμα,
852 1662 1029 1714 καὶτὸ
1047 1659 1335 1729 ὀμοούσιον
1373 1658 1624 1713 ἐντεῦθεν
1645 1660 1835 1728 σφίσιν

279 1757 600 1819 ἀποδιδόναι,
636 1755 730 1808 και
784 1753 844 1818 ἐξ
870 1752 1037 1808 αὐτοῦ
1093 1751 1466 1820 διαγγέλλεινς
1495 1749 1619 1812 Τοῖς
1653 1751 1835 1805 θεοσό-

276 1865 387 1917 φοις
406 1850 454 1901 εἰ
483 1848 561 1916 μὴ
593 1848 797 1913 αἰροζτο
821 1844 1203 1913 μυσταγωγοῖς
1234 1840 1461 1905 εἰδέναι,
1504 1839 1669 1910 μηδὲν
1693 1836 1834 1895 εἶναι

277 1942 714 2008 θεολογούμενον,
745 1937 773 1990 ὃ
798 1938 873 2006 μὴ
892 1934 1269 2007 ἀπαραίτητον
1293 1932 1408 2001 εχει
1427 1932 1490 1984 τὸ
1508 1935 1834 2001 ὲκφαντοριο

275 2034 363 2084 κον
394 2033 494 2098 τῆς
540 2028 972 2100 ἀναγορεύσεως,
1024 2028 1158 2079 καὶ”
1180 2025 1242 2077 τὸ
1291 2024 1354 2077 ὲκ
1388 2023 1486 2089 τῆς
1524 2022 1711 2083 οὐσίας
1742 2021 1839 2076 τοῦ

277 2120 401 2174 Υἱοῦ
429 2122 495 2173 τὸ
545 2119 774 2189 Πνεῦμα
808 2116 1276 2186 πεπλατυσμένως
1314 2114 1787 2185 ἀνακηρύττουσιν
1822 2127 1837 2143 °

273 2213 604 2267 ἀνατεινάτω
638 2211 700 2264 τὸ
744 2206 897 2280 ὄμμα
934 2213 1016 2273 εἰς
1065 2211 1132 2278 ἣν
1163 2202 1516 2277 προύθέμεθα
1553 2203 1842 2276 Κυριακὴν

275 2304 717 2374 ἐπιτασσομένην
770 2303 996 2372 ἔρευναν
1023 2302 1131 2357 τῶν
1170 2301 1427 2371 Γραφῶν,
1464 2300 1560 2354 καὶ
1619 2299 1841 2370 εὑρήσει

236 2397 548 2475 ιδιοφανῶς
579 2394 654 2458 ὡς
690 2395 727 2465 ἡ
761 2394 1116 2464 ὁμοουσιότης
1147 2391 1427 2475 ἑκατέρων
1447 2392 1754 2463 προσώπων
1778 2392 1843 2443 ὲκ

276 2488 368 2543 τοῦ
391 2487 536 2552 ἐνὸς,
568 2487 711 2541 οὕτω
734 2487 834 2557 τὴν
860 2488 961 2556 τῆς
989 2485 1284 2554 ἀδελφικῆς
1334 2465 1585 2552 ἑνότητος
1608 2483 1841 2553 ἀποτρέ-

272 2597 365 2635 πιι
393 2577 747 2648 παρείσδυσιν
776 2580 841 2631 ὲκ
882 2577 979 2630 τοῦ
1009 2576 1101 2630 διὰ
1141 2576 1373 2645 θατέρου
1407 2575 1632 2644 θάτερον
1666 2576 1845 2642 ἀμφο-

270 2671 446 2743 τέρων
476 2673 545 2725 ὲκ
566 2669 662 2725 τοῦ
686 2669 805 2732 ἑνὸς
827 2666 1249 2738 δογματίζεσθαι
1272 2666 1485 2721 καὶτοῦ
1512 2666 1612 2729 τὰς
1643 2664 1848 2734 δυσφη-

272 2764 399 2833 μίας
430 2763 545 2816 τῶν
571 2759 1064 2829 γλωσσαλγούντων
1093 2757 1345 2812 ἐντεῦθεν
1369 2755 1844 2828 ἀπορῤαπίζεσθαι

267 2855 363 2907 δύο
389 2854 549 2917 υἱοὺς
582 2854 646 2907 ὲκ
688 2853 874 2921 τῆςΐξ
903 2852 1023 2919 ἐνὸς
1052 2850 1222 2922 ἄμφω
1256 2850 1603 2917 συναγόντων
1659 2848 1846 2901 θεολο-

265 2948 418 3017 γίας,
445 2945 568 3011 καὶ,
586 2944 697 2999 Ποῦ
717 2944 776 2998 τὸ
805 2944 1091 3015 μονογενὲς
1110 2960 1128 3011 ;
1147 2943 1563 3011 ἀντεπαγόντων
1579 2943 1694 3004 τοῖς
1709 2939 1847 3010 ὀρθὰ

268 3036 572 3109 φρονοῦσιν
600 3033 1128 3107 ὲπαπορηματικῶς.
1189 3033 1351 3087 Ἀλλὰ
1385 3031 1594 3088 τούτων
1640 3032 1848 3099 ἀπελη-

264 3130 559 3201 λεγμένων
595 3130 709 3194 τοῖς
759 3128 1126 3199 θεορῥήμοριν
1192 3124 1343 3188 υἱούς
1367 3142 1428 3178 τε
1474 3125 1571 3181 καί⁹
1619 3125 1847 3189 υἱωνοὺς

263 3222 684 3280 ὲπιπλεκόντων
706 3222 764 3275 ὲν
794 3223 907 3284 τοῖς
928 3219 1070 3291 ὑπὲρ
1095 3220 1242 3290 ἡμᾶς
1263 3219 1493 3281 καὶτοῖς
1513 3218 1651 3289 ὑπὲρ
1674 3217 1846 3270 κατά-

1998 1113 2051 1168 6.
2088 1111 2243 1179 Quod
2278 1110 2322 1166 si
2356 1110 2459 1165 hoc
2487 1110 2672 1165 dicere
2701 1109 3051 1165 adversarius
3096 1110 3424 1181 nequiverit,
3445 1110 3501 1166 id

1932 1207 2090 1276 plane
2131 1204 2331 1258 dixerit
2367 1218 2381 1255 :
2413 1202 2650 1256 Duarum
2696 1216 3057 1271 personarum
3104 1203 3174 1257 ad
3214 1217 3336 1258 esse
3371 1218 3500 1271 pro-

1931 1297 2269 1367 gressionem
2317 1292 2439 1348 Filii
2478 1303 2533 1348 et
2580 1292 2816 1363 Spiritus
2868 1308 2935 1348 ex
2983 1296 3222 1349 essentia
3259 1304 3500 1364 paterna

1932 1403 2073 1453 esse,
2106 1388 2341 1456 indeque
2363 1385 2646 1440 amborum
2690 1384 3313 1441 consubstantialitatem
3347 1386 3504 1450 oriri,

1935 1494 2060 1533 cum
2089 1493 2154 1533 ex
2189 1493 2293 1533 una
2326 1478 2627 1546 eademque
2656 1477 2891 1533 essentia
2919 1476 3049 1532 sint.
3076 1475 3139 1531 Et
3167 1493 3288 1547 qua:
3313 1489 3505 1532 neces-

1932 1550 2064 1626 sitas
2091 1569 2275 1635 fuerit,
2303 1583 2368 1624 ex
2396 1568 2633 1624 essentia
2661 1566 2779 1623 Filii
2804 1568 2988 1624 dicere
3022 1568 3312 1639 Spiritum.
3349 1571 3507 1626 inde-

1934 1676 2039 1733 que
2078 1662 2186 1716 illis
2220 1661 2685 1717 consubstantiale
2720 1661 2986 1725 tribuere,
3017 1671 3072 1717 et
3117 1677 3186 1716 ex
3215 1663 3334 1733 ipso
3376 1679 3504 1734 pro-

1935 1753 2231 1809 nuntiare?
2276 1751 2378 1808 Per
2428 1753 2694 1808 divinitus
2727 1754 2952 1808 edoctus
2979 1753 3250 1819 homines,
3302 1756 3349 1810 si
3398 1757 3506 1811 illis

1938 1846 2264 1916 mystagogis
2294 1846 2372 1900 uti
2403 1846 2697 1904 voluerint.
2730 1845 2869 1899 nihil
2898 1855 2982 1901 est
3012 1846 3068 1900 in
3101 1847 3263 1902 rebus
3296 1848 3510 1902 theolo-

1938 1936 2069 2007 glcis
2095 1936 2396 2001 decretum,
2425 1937 2567 2006 quod
2602 1953 2710 1992 non
2744 1937 2944 2008 palam,
2975 1949 3030 1992 et
3055 1938 3143 1993 cui
3171 1940 3374 2009 opponi.
3397 1955 3507 1995 non

1941 2029 2135 2100 possit,
2172 2030 2679 2098 interpretationem
2720 2032 3024 2101 possideat,
3057 2031 3105 2087 si
3131 2032 3261 2086 illud
3295 2049 3513 2103 quoque

1942 2135 2006 2175 ex
2036 2121 2273 2176 essentia
2305 2120 2427 2175 Filii
2456 2120 2720 2192 Spiritum
2756 2121 2875 2178 fuse
2918 2123 3289 2193 depraedicant
3320 2141 3333 2177 :
3377 2142 3512 2180 ocu-

1941 2212 2121 2267 lorum
2165 2212 2337 2267 aciem
2391 2212 2590 2284 dirigat
2629 2213 2696 2268 ad
2746 2229 2889 2277 eam,
2931 2229 3094 2284 quam
3127 2216 3513 2286 proposuimus

1942 2300 2241 2358 Dominicis
2276 2302 2461 2358 verbis
2491 2296 2819 2373 praeceptam
2850 2301 3254 2374 Seripturarum
3293 2306 3514 2377 perqui-

1942 2392 2216 2458 sitionem,
2257 2405 2313 2450 et
2343 2395 2628 2464 perspicue
2650 2394 2889 2465 reperiet
2916 2396 3201 2451 ambarum
3246 2412 3513 2466 persona-

1942 2498 2064 2537 rum
2102 2484 2727 2539 censubstantialitatem
2751 2502 2820 2540 ex
2857 2500 2967 2541 uno
2996 2487 3253 2542 fraterne
3288 2488 3516 2542 unitatis

1943 2571 2401 2628 introductionem
2459 2576 2741 2641 revellere,
2797 2576 2944 2645 quod
2993 2577 3155 2630 ambo
3201 2593 3369 2632 unum
3418 2595 3516 2649 per

1944 2663 2091 2719 aliud
2137 2664 2486 2731 decernatur,
2527 2666 2765 2737 indeque
2815 2667 3206 2725 eﬂ‘renatorum
3257 2669 3517 2739 blasphe-

1944 2759 2102 2823 mias,
2128 2756 2267 2812 duos
2297 2757 2437 2812 illius
2470 2774 2535 2814 ex
2575 2774 2686 2813 uno
2723 2759 3165 2814 concludentium
3202 2759 3518 2815 dicacitates

1946 2852 2246 2916 amandari,
2280 2860 2335 2906 et
2362 2850 2589 2907 Ubinam
2618 2860 2702 2905 est
2744 2838 3128 2919 unigenitum?
3158 2852 3223 2907 iis
3249 2853 3340 2923 qui
3380 2852 3519 2907 bene

1946 2928 2212 3003 Sentiunt,
2238 2942 2390 3011 quasi
2427 2941 2495 2996 de
2535 2955 2601 2995 eo
2643 2941 2983 3007 addubitent,
3018 2953 3207 2998 contra
3242 2958 3524 3013 opponen-

1947 3030 2105 3086 tium.
2138 3030 2246 3086 Sed
2279 3047 2403 3086 cum
2430 3032 2551 3087 illos
2574 3032 2948 3103 redarguerint
2969 3032 3288 3104 diviniloqui
3309 3034 3519 3099 Patres,

1947 3124 2089 3178 tilios
2119 3133 2174 3178 et
2200 3131 2431 3193 nepotes
2467 3124 2523 3178 in
2555 3123 2622 3178 iis
2656 3138 2778 3194 quae
2799 3140 2963 3195 supra
2992 3139 3094 3180 nos
3124 3135 3285 3190 sunt,
3320 3135 3373 3182 et
3417 3141 3523 3183 no-

1947 3222 2115 3269 stram
2142 3214 2691 3284 comprehensionem
2716 3222 3067 3286 exsuperant,
3108 3217 3518 3287 complicantes,

259 3313 459 3386 ληψιν,
502 3312 808 3383 Ἀθανασίῳ
835 3312 932 3367 καὶ
954 3311 1187 3383 μάλιστα
1202 3309 1282 3380 τῷ
1303 3308 1681 3379 μεγαλωνύμῳ
1696 3310 1842 3377 σφῶν

1947 3316 2003 3360 et
2043 3294 2388 3375 potissimum
2440 3308 2622 3378 magni
2654 3308 2897 3363 nominis
2942 3308 3301 3379 Athanasius,
3333 3325 3521 3367 eorum

256 3409 364 3477 τὴν
428 3406 626 3461 ἄνοιαν
666 3404 1070 3474 στηλιτεὼυσι,
1130 3403 1506 3472 γενεαλογίας,
1564 3402 1763 3474 μᾶλλον
1791 3401 1848 3455 δὲ

258 3498 626 3570 μωρολογίας
664 3497 952 3567 ὲλληνικῆς
1012 3496 1365 3567 συνείρουσαν
1423 3494 1717 3562 ἀθεότητα,
1754 3492 1850 3546 δύο

255 3588 684 3661 παραθήσομαι
709 3586 819 3640 τῶν
843 3586 1192 3656 θεοφορήτων
1225 3588 1293 3639 ἐκ
1316 3585 1423 3639 τῶν
1457 3600 1480 3635 ‹
1518 3584 1580 3649 ἐξ
1603 3586 1806 3655 ἀμφοῖν
1825 3601 1844 3635 ι

255 3696 319 3733 τε
351 3678 457 3733 καὶ
501 3697 527 3728 ι
560 3676 630 3730 δι’
663 3673 791 3729 Υίοῦ
818 3694 837 3727 t
863 3676 1058 3744 φωνῶν
1084 3676 1145 3728 τὸ
1177 3674 1468 3745 μονογενὲς
1495 3676 1587 3728 ἐπὶ
1608 3674 1703 3728 τοῦ
1720 3673 1849 3727 Υἰοῦ

1949 3399 2309 3455 stoliditatem
2344 3399 2637 3466 infamant,
2674 3416 2799 3471 quae
2830 3401 3174 3472 genealogias
3193 3402 3309 3459 sive
3342 3405 3522 3472 potius

1952 3491 2242 3545 stultorum
2296 3503 2735 3547 assumentorum
2810 3493 3147 3564 impietatem
3220 3496 3519 3550 connectit.

1951 3582 2098 3637 Duos
2127 3583 2212 3637 hic
2243 3581 2463 3637 aﬁ‘eram
2497 3583 2715 3639 divinos
2755 3583 2967 3649 Patres,
3001 3585 3093 3655 qui
3134 3599 3204 3641 ex
3239 3585 3390 3643 hisce
3426 3605 3522 3641 vn-

1950 3671 2128 3738 cibus,
2157 3689 2176 3724 ‹
2210 3687 2278 3726 ex
2310 3681 2562 3741 utroque,
2605 3690 2626 3723 ι
2657 3668 2734 3735 et,
2772 3689 2792 3723 ι
2828 3687 2926 3742 per
2950 3672 3169 3740 Filium,
3208 3692 3230 3727 ι
3266 3675 3522 3746 unigeni-

1955 3763 2159 3819 tumin
2192 3763 2333 3817 Filio
2378 3763 2587 3833 absque
2630 3763 2739 3818 ulla
2784 3758 3127 3821 dubitatione
3177 3780 3422 3832 manere,
3468 3778 3524 3823 et

1953 3856 2230 3911 ﬁltationis
2255 3862 2420 3925 atque
2456 3854 2817 3910 fraternitatis
2854 3857 3227 3927 duplicitatem
3269 3859 3520 3929 relegari,

1952 3947 2218 4019 longeque
2250 3946 2381 4016 pelli
2427 3946 2832 4002 demonstrant.
2891 3948 2968 4002 Ex
3012 3949 3099 4003 his
3137 3947 3276 4003 alter
3315 3948 3479 4003 fuerit
3508 3989 3524 4010 ,

1951 4033 2320 4107 Nyssenorutn
2350 4046 2410 4091 et
2436 4038 2585 4093 orbis
2618 4039 2802 4092 lumen
2848 4039 2902 4092 in
2955 4038 3060 4094 illis
3103 4053 3224 4107 qua
3258 4038 3327 4094 ad
3357 4038 3525 4094 Abla-

1954 4127 2104 4183 bium
2130 4127 2369 4198 scripsit,
2410 4130 2467 4184 in
2494 4131 2694 4199 quibus
2726 4131 2933 4199 absque
2963 4145 3133 4186 causa
3163 4144 3384 4185 causam
3422 4131 3523 4185 Pa-

1954 4230 2094 4273 trem
2118 4220 2319 4284 fassus,
2335 4229 2391 4275 et
2405 4235 2477 4274 ex
2498 4221 2693 4275 eodem
2711 4221 2821 4275 duo
2841 4232 3086 4296 causata,
3104 4220 3300 4276 Filium
3328 4234 3525 4291 nempe

1956 4316 2012 4366 et
2048 4309 2312 4381 Spiritum
2340 4349 2357 4375 ,
2388 4321 2445 4365 et
2494 4312 2688 4366 horum
2725 4311 2891 4366 unius
2922 4326 3048 4383 erga
3080 4311 3315 4366 alterum
3361 4312 3524 4367 ditle-

250 3770 601 3832 δεικνύντας
624 3767 1011 3837 ἀναμφιϐόλως
1034 3767 1247 3836 μένειν,
1270 3766 1363 3820 καὶ
1394 3767 1454 3819 τὸ
1474 3753 1583 3836 ’τῆς
1605 3767 1852 3835 υἱότητος

252 3857 502 3913 διπλοῦν
557 3859 656 3911 καὶ
695 3856 793 3927 τῆς
826 3856 1186 3926 ἀδελφότητος
1236 3855 1689 3926 ἀποπέμπεσθαι.
1730 3854 1850 3908 ἰ’ῶν

247 3948 351 4005 δύο
376 3950 505 4020 γὰρ
532 3946 761 4019 θάτερος
782 3947 809 3999 ὁ
829 3945 936 4000 τῶν
958 3946 1253 4001 Νυσσαέων
1275 3947 1369 3999 καὶ
1399 3945 1500 4015 τῆς
1527 3945 1850 4015 οἰκουμένης

220 4042 547 4113 ,λαμπτὴρ
587 4041 646 4094 ἐν
676 4039 790 4100 τοῖς
820 4037 959 4109 πρὸς
1018 4036 1338 4102 ’Ᾱὸλάὸιον,
1378 4038 1556 4090 αἰτίαν
1611 4036 1853 4089 ἀναίτιον

241 4133 345 4186 τὸν
411 4129 657 4201 Πατέρα
709 4125 1063 4197 θεολογήσας,
1112 4127 1202 4179 καὶ
1249 4124 1349 4196 τὴν
1379 4126 1437 4191 ἐξ
1490 4124 1653 4177 αὑτοῦ
1682 4123 1855 4177 δυάδα

244 4222 393 4276 Υἰοῦ
426 4219 541 4275 καὶ
594 4218 913 4286 Πνεῦματος
945 4217 1212 4283 αἰτιατον,
1242 4218 1361 4293 ικαὶ
1395 4216 1554 4268 τοῦτο
1592 4214 1691 4268 τοῦ
1734 4214 1853 4279 ἑνὸς

239 4316 397 4387 πρὸς
433 4312 622 4384 ἄμφω
659 4309 927 4380 διαφορὰν
953 4308 1250 4380 παραδοὺς,
1269 4306 1363 4359 τοῦ
1390 4304 1636 4360 αἰτιατοῦ
1671 4306 1851 4372 πάλιν,

236 4408 396 4476 ὅπερ
469 4400 637 4470 δυὰς,
705 4398 876 4470 ἄλλην
935 4398 1199 4470 διαφορὰν
1246 4397 1608 4468 παραδίδωσι,
1656 4397 1717 4448 τὸ
1758 4397 1856 4466 μὲν

232 4495 577 4572 προσεχῶς
608 4489 751 4547 εἶναι
774 4493 953 4561 λέγων
977 4492 1043 4545 ὲκ
1064 4491 1164 4560 τῆς
1190 4490 1389 4554 αἰτίας,
1412 4490 1477 4562 ἥν
1505 4489 1603 4542 καὶ
1628 4489 1857 4559 πρώτην

231 4593 443 4654 καλεῖ,
492 4589 596 4643 τὸν
638 4586 758 4641 Υίδν
790 4582 1055 4659 δηλονότι,
1114 4581 1338 4653 ἀμέσως
1367 4583 1430 4635 ὲκ
1477 4581 1570 4634 τοῦ
1607 4581 1854 4651 Πατρός⁶

1956 4493 2103 4548 aliud
2132 4493 2431 4549 discrimen
2473 4494 2659 4558 tradit,
2686 4494 2836 4565 quod
2884 4510 2994 4549 non
3043 4495 3325 4566 centigue,
3377 4511 3529 4550 asse-

1957 4600 2109 4650 rens,
2131 4601 2331 4653 causa,
2351 4602 2514 4656 quam
2538 4596 2601 4642 et
2626 4587 2857 4658 primam
2885 4596 3064 4651 vocat,
3087 4586 3282 4641 Filium
3306 4602 3530 4658 nempe,

1956 4402 2187 4457 rentiam
2219 4402 2526 4471 assignans,
2561 4402 2768 4457 causati
2804 4417 3012 4469 rursus,
3035 4406 3269 4458 duorum
3304 4417 3525 4474 nempe,
3606 4442 3615 4453 .

224 4684 299 4737 τὸ
336 4683 505 4738 αὐτὸ
538 4680 649 4750 γὰρ
688 4676 910 4748 ἀμέσως
953 4677 1048 4730 καὶ
1087 4675 1407 4746 προσεχιῖκο
1446 4674 1509 4728 τὸ
1533 4675 1589 4727 δὲ
1629 4674 1717 4728 διὰ
1763 4672 1842 4727 toi

1961 4666 2338 4732 imtnediate'a
2369 4676 2563 4743 Patre;
2593 4677 2737 4732 idem
2770 4679 2916 4731 enim
2942 4686 3030 4732 est
3062 4677 3314 4748 contigue
3343 4686 3398 4733 et
3429 4679 3532 4732 im-
3633 4666 3641 4673 ’

227 4773 578 4848 προσεχῶς
608 4774 674 4825 ἐκ
695 4769 789 4823 τοῦ
814 4766 1052 4840 πρώτου,
1087 4767 1337 4820 τουτέστι
1376 4767 1471 4820 τοῦ
1514 4764 1842 4836 Ιινεῦμοιτος1

1958 4764 2230 4833 mediate;
2260 4768 2407 4823 aliud
2436 4783 2569 4824 vero
2599 4767 2852 4839 perillud
2874 4768 3018 4838 quod
3047 4769 3304 4840 contigue
3327 4775 3434 4834 est,
3462 4784 3530 4824 ex

218 4870 292 4922 τὸ
320 4864 596 4935 Πνεῦμα
634 4860 835 4932 δηλαδὴ
869 4861 959 4913 διὰ
1004 4857 1099 4912 τοῦ
1131 4858 1263 4912 Υἱοῦ
1319 4857 1842 4929 μεσοθεωρουμένου

1957 4859 2159 4930 primo,
2195 4861 2434 4930 Spiritus
2464 4862 2694 4928 scilicet,
2722 4861 2961 4932 Spiritus
2988 4875 3189 4932 nempe
3215 4877 3314 4933 per
3329 4859 3531 4917 Filium

222 4962 355 5014 Καὶ
396 4957 573 5026 αῦτη
629 4954 838 5024 tot-ivi)
877 4950 1146 5021 θεολογία,
1193 4949 1228 5019 ἡ
1256 4948 1317 5003 τὸ
1353 4949 1451 5020 μὲν
1484 4949 1577 5003 τοῦ
1609 4936 1842 5006 αἰτιατοῐ

1961 4949 2199 5007 medium
2232 4952 2587 5008 intellectum.
2622 4951 2690 5007 Et
2733 4956 2852 5009 haec
2898 4962 2984 5008 est
3014 4954 3173 5024 plane
3219 4954 3530 5027 theologia,

216 5054 378 5108 Υίὸν
446 5042 868 5120 παραδιδοῦσα,
929 5045 989 5097 τὸ
1019 5045 1077 5097 δὲ
1136 5041 1380 5112 Πνεῦμα,
1434 5044 1530 5095 καὶ
1558 5042 1637 5112 μὴ
1691 5043 1842 5112 ἀμφο

1958 5053 2079 5109 qua:
2110 5048 2329 5094 causata
2370 5040 2535 5095 tradit
2569 5050 2682 5096 tum
2722 5039 2924 5095 Filium
2957 5051 3073 5096 tum
3099 5041 3397 5111 Spiritum,
3425 5057 3531 5096 nec

210 5145 431 5207 θεοὺς,
470 5139 571 5208 τῷ
611 5138 672 5191 τὸ
712 5133 813 5205 μὲν
842 5135 1068 5206 ἀμέσως
1126 5134 1190 5188 ὲκ
1244 5133 1345 5203 τῆς
1375 5132 1555 5196 αἰτίας
1601 5129 1761 5196 εἶναι,
1793 5134 1842 5185 τί

1957 5127 2150 5182 ambos
2182 5128 2340 5189 ﬁlios,
2372 5128 2515 5197 quod
2566 5129 2655 5185 hic
2698 5131 2921 5195 quidem
2977 5131 3291 5187 immediate
3334 5140 3422 5186 est
3465 5147 3531 5186 ex

194 5234 271 5290 δὲ
320 5232 436 5287 8ιά
475 5227 595 5283 τοῦ
628 5228 869 5297 ἀμέσως.
904 5223 1076 5278 Τοῦτο
1111 5224 1220 5293 γὰρ
1243 5224 1338 5288 καὶ
1364 5222 1601 5290 καθεξῆς
1631 5223 1665 5292 ἡ
1697 5222 1842 5293 ῥῆσις

1960 5234 2147 5284 causa,
2177 5220 2267 5275 ille
2299 5235 2397 5292 per
2418 5236 2567 5287 eum,
2612 5222 2706 5291 qui
2756 5223 3072 5281 iuunediate
3099 5233 3201 5279 est.
3227 5225 3344 5278 Hoc
3373 5238 3532 5277 nam-

201 5315 774 5385 κατασκευάζουσα
827 5316 1048 5388 φάσκει,
1079 5334 1098 5369 ι
1142 5317 1305 5368 Ὥστε
1341 5316 1435 5367 καὶ
1480 5316 1540 5366 τὸ
1567 5314 1842 5384 μονογενὲ,

1960 5326 2066 5381 que
2098 5310 2443 5382 subsequens
2465 5313 2671 5369 dictum
2698 5317 3023 5385 comprobat
3045 5330 3173 5370 cum
3202 5314 3283 5371 ait
3303 5330 3321 5369 :
3343 5315 3528 5369 «Adeo

193 5414 660 5491 ἀναμφ-ίΰολον
686 5396 689 5399 ’
720 5411 815 5464 ἐπὶ
847 5410 943 5463 τοῦ
998 5409 1131 5465 Υἰοῦ
1187 5408 1393 5477 μένειν,
1454 5408 1549 5486 καὶ
1578 5405 1640 5458 τὸ
1666 5406 1730 5457 ἐκ
1757 5404 1842 5457 τοῐ

1962 5415 2023 5459 ut
2054 5413 2111 5458 et
2143 5406 2484 5477 unigenitum
2515 5408 2880 5467 indubitatum
2927 5409 2984 5463 in
3024 5408 3173 5464 Filio.
3210 5417 3445 5470 maneat.
3473 5419 3532 5464 et

193 5498 475 5581 Πατρὺς
510 5499 667 5559 εἶναι
692 5504 752 5556 τὸ
791 5501 1014 5585 Πνεῦμα
1066 5500 1140 5572 μὴ
1171 5496 1560 5569 ἀμφιϐάλλειν,
1605 5495 1704 5566 τῆς
1761 5493 1842 5547 rei

1952 5511 2019 5551 ex
2056 5498 2217 5553 Patre
2244 5513 2368 5567 esse
2397 5498 2662 5569 Spiritum
2685 5511 2899 5559 certum
2920 5500 3013 5564 sit,
3041 5499 3376 5565 mediatlone
3401 5498 3525 5556 Filii

192 5603 361 5661 ΥῙοῦ
401 5596 727 5674 μεσιτείας
751 5596 846 5647 καὶ
866 5593 1042 5662 ἐαυτῷ
1066 5591 1125 5644 τὸ
1142 5589 1436 5677 ’μονογενὲς
1457 5587 1842 5658 φυλαττούσης,

1952 5595 2009 5645 et
2042 5588 2149 5644 sibi
2178 5589 2281 5659 ipsi
2320 5590 2661 5662 unigenitum
2686 5601 3072 5659 conservante,
3108 5601 3165 5648 et
3197 5591 3461 5661 Spiritum
3495 5609 3527 5646 a

184 5697 305 5751 καὶ
347 5691 431 5747 τὸ
475 5686 731 5758 Πνεῦμα
762 5687 861 5753 τῆς
899 5682 1134 5753 φυσικῆς
1195 5678 1329 5751 πρὸς
1360 5680 1450 5732 τὸν
1483 5678 1700 5748 Πατέρα
1732 5679 1842 5749 σχέ-

1953 5681 2188 5737 naturali
2220 5682 2289 5737 ad
2320 5681 2533 5738 Patrem
2570 5684 2894 5743 habitudine
2923 5700 3033 5739 non
3070 5695 3345 5742 arcente»
3375 5685 3535 5741 Alius

182 5800 368 5851 σεως
410 5782 515 5853 μὴ
552 5778 955 5850 ἀπειργούσης.
1008 5774 1249 5844 Θάτερος
1288 5772 1343 5826 δὲ
1375 5774 1401 5826 ὁ
1451 5772 1842 5843 θεοφανέρωτος

1949 5786 1981 5826 a
2010 5771 2119 5826 Dco
2164 5774 2542 5830 manil'estatus
2592 5774 2938 5849 Epiphanius
2972 5778 3027 5832 in
3077 5779 3221 5835 libro
3265 5779 3528 5850 Ancyram

195 5874 617 5949 Ἐπὶφάνιος
642 5873 702 5924 ὲν
731 5874 795 5941 τῇ
829 5869 991 5922 αὐτοῦ
1028 5867 1191 5939 βίϐλῳ
1213 5870 1276 5937 τῇ
1311 5863 1627 5935 καλουμένῃ
1645 5864 1842 5931 Ἀγκυ-

1952 5864 2097 5921 dicto
2123 5865 2189 5922 de
2220 5867 2412 5923 iisdem
2439 5869 2554 5924 hac
2581 5867 2747 5923 habet
2780 5883 2797 5925 :
2830 5869 2972 5926 «Sed
2997 5871 3203 5928 dixerit
3220 5874 3490 5943 quispiam
3516 5890 3532 5926 -.

604 5968 871 6028 PATROL.
899 5969 1008 6024 Gn.
1046 5964 1250 6026 CXLI.
3101 5965 3175 6025 42
