  <div class='ocr_page' id='page_1' title='image "/cluster/home/n/w/nwhite01/storage/ocr_20150623/141/hvd.32044019208313/670.png"; bbox 0 0 3972 6644; ppageno 0'>
   <div class='ocr_carea' id='block_1_1' title="bbox 241 483 354 553">
    <p class='ocr_par' dir='ltr' id='par_1_1' title="bbox 241 483 354 553">
     <span class='ocr_line' id='line_1_1' title="bbox 241 483 354 553; baseline -0.053 0"><span class='ocrx_word' id='word_1_1' title='bbox 241 483 354 553; x_wconf 72' lang='lat'><strong>1325</strong></span> 
     </span>
    </p>
   </div>
   <div class='ocr_carea' id='block_1_2' title="bbox 1196 432 2571 536">
    <p class='ocr_par' dir='ltr' id='par_1_2' title="bbox 1196 432 2571 536">
     <span class='ocr_line' id='line_1_2' title="bbox 1196 432 2571 536; baseline -0.009 -1"><span class='ocrx_word' id='word_1_2' title='bbox 1196 472 1496 535; x_wconf 76' lang='lat' dir='ltr'><strong>CONTRA</strong></span> <span class='ocrx_word' id='word_1_3' title='bbox 1528 467 1959 536; x_wconf 82' lang='lat' dir='ltr'><strong>MANUELEM</strong></span> <span class='ocrx_word' id='word_1_4' title='bbox 1994 458 2470 529; x_wconf 81' lang='lat' dir='ltr'><strong>CRETENSEM.</strong></span> <span class='ocrx_word' id='word_1_5' title='bbox 2568 432 2571 437; x_wconf 80' lang='grc'><em>’</em></span> 
     </span>
    </p>
   </div>
   <div class='ocr_carea' id='block_1_3' title="bbox 3327 454 3460 518">
    <p class='ocr_par' dir='ltr' id='par_1_3' title="bbox 3327 454 3460 518">
     <span class='ocr_line' id='line_1_3' title="bbox 3327 454 3460 518; baseline 0.023 -3"><span class='ocrx_word' id='word_1_6' title='bbox 3327 454 3460 518; x_wconf 67' lang='grc' dir='ltr'>Ῑ3ἐθ</span> 
     </span>
    </p>
   </div>
   <div class='ocr_carea' id='block_1_4' title="bbox 238 560 1806 655">
    <p class='ocr_par' dir='ltr' id='par_1_4' title="bbox 238 580 1792 655">
     <span class='ocr_line' id='line_1_4' title="bbox 238 580 1792 655; baseline -0.012 -3"><span class='ocrx_word' id='word_1_7' title='bbox 238 600 261 653; x_wconf 83' lang='grc' dir='ltr'>ὁ</span> <span class='ocrx_word' id='word_1_8' title='bbox 285 595 330 649; x_wconf 74' lang='grc' dir='ltr'>δὲ</span> <span class='ocrx_word' id='word_1_9' title='bbox 359 590 510 655; x_wconf 73' lang='grc' dir='ltr'>Υἱὸς,</span> <span class='ocrx_word' id='word_1_10' title='bbox 531 590 595 643; x_wconf 73' lang='grc' dir='ltr'>ὲκ</span> <span class='ocrx_word' id='word_1_11' title='bbox 614 588 710 641; x_wconf 86' lang='grc' dir='ltr'><strong>τοῦ</strong></span> <span class='ocrx_word' id='word_1_12' title='bbox 735 585 870 640; x_wconf 83' lang='grc' dir='ltr'>Θεοῦ</span> <span class='ocrx_word' id='word_1_13' title='bbox 894 584 990 647; x_wconf 85' lang='grc' dir='ltr'>ὣν,</span> <span class='ocrx_word' id='word_1_14' title='bbox 1016 582 1199 636; x_wconf 73' lang='grc' dir='ltr'>οὐκέτι</span> <span class='ocrx_word' id='word_1_15' title='bbox 1231 582 1328 635; x_wconf 75' lang='grc' dir='ltr'>καὶ</span> <span class='ocrx_word' id='word_1_16' title='bbox 1355 580 1450 635; x_wconf 89' lang='grc' dir='ltr'><strong>τοῦ</strong></span> <span class='ocrx_word' id='word_1_17' title='bbox 1472 581 1792 651; x_wconf 85' lang='grc' dir='ltr'>Πνεύματος</span> 
     </span>
    </p>
   </div>
   <div class='ocr_carea' id='block_1_5' title="bbox 1907 560 3463 655">
    <p class='ocr_par' dir='ltr' id='par_1_5' title="bbox 1907 560 3463 648">
     <span class='ocr_line' id='line_1_5' title="bbox 1907 560 3463 648; baseline -0.008 -16"><span class='ocrx_word' id='word_1_18' title='bbox 1907 576 2183 648; x_wconf 79' lang='lat' dir='ltr'><strong>Spiritus:</strong></span> <span class='ocrx_word' id='word_1_19' title='bbox 2225 586 2404 642; x_wconf 79' lang='lat' dir='ltr'><strong>neque</strong></span> <span class='ocrx_word' id='word_1_20' title='bbox 2454 568 2603 625; x_wconf 85' lang='lat' dir='ltr'><strong>enim</strong></span> <span class='ocrx_word' id='word_1_21' title='bbox 2651 586 2842 625; x_wconf 73' lang='lat' dir='ltr'><strong>contra</strong></span> <span class='ocrx_word' id='word_1_22' title='bbox 2888 564 3118 621; x_wconf 76' lang='lat' dir='ltr'><strong>vertitur</strong></span> <span class='ocrx_word' id='word_1_23' title='bbox 3168 560 3463 621; x_wconf 73' lang='lat' dir='ltr'><strong>habitualis</strong></span> 
     </span>
    </p>
   </div>
   <div class='ocr_carea' id='block_1_6' title="bbox 235 660 1806 748">
    <p class='ocr_par' dir='ltr' id='par_1_6' title="bbox 235 675 1790 748">
     <span class='ocr_line' id='line_1_6' title="bbox 235 675 1790 748; baseline -0.013 -5"><span class='ocrx_word' id='word_1_24' title='bbox 235 689 339 744; x_wconf 70' lang='grc' dir='ltr'>οὐτε</span> <span class='ocrx_word' id='word_1_25' title='bbox 393 685 565 748; x_wconf 74' lang='grc' dir='ltr'>ἐστὶν,</span> <span class='ocrx_word' id='word_1_26' title='bbox 604 680 730 735; x_wconf 82' lang='grc' dir='ltr'>οὐτε</span> <span class='ocrx_word' id='word_1_27' title='bbox 768 680 1016 748; x_wconf 76' lang='grc' dir='ltr'><strong>λέγεται⁸</strong></span> <span class='ocrx_word' id='word_1_28' title='bbox 1074 676 1197 729; x_wconf 67' lang='grc' dir='ltr'>οὐδὲ</span> <span class='ocrx_word' id='word_1_29' title='bbox 1226 675 1572 746; x_wconf 80' lang='grc' dir='ltr'><strong>ἀντιστρέφει</strong></span> <span class='ocrx_word' id='word_1_30' title='bbox 1598 676 1633 744; x_wconf 81' lang='grc' dir='ltr'><strong>ἡ</strong></span> <span class='ocrx_word' id='word_1_31' title='bbox 1667 688 1790 743; x_wconf 84' lang='grc' dir='ltr'>σχε-</span> 
     </span>
    </p>
   </div>
   <div class='ocr_carea' id='block_1_7' title="bbox 1907 660 3467 748">
    <p class='ocr_par' dir='ltr' id='par_1_7' title="bbox 1911 660 3467 737">
     <span class='ocr_line' id='line_1_7' title="bbox 1911 660 3467 737; baseline -0.006 -14"><span class='ocrx_word' id='word_1_32' title='bbox 1911 678 1993 723; x_wconf 90' lang='lat' dir='ltr'><strong>sta</strong></span> <span class='ocrx_word' id='word_1_33' title='bbox 2029 665 2268 737; x_wconf 87' lang='lat' dir='ltr'><strong>scquela.</strong></span> <span class='ocrx_word' id='word_1_34' title='bbox 2311 683 2330 717; x_wconf 74' lang='grc' dir='ltr'>ι</span> <span class='ocrx_word' id='word_1_35' title='bbox 2368 662 2503 717; x_wconf 89' lang='lat' dir='ltr'><strong>Cum</strong></span> <span class='ocrx_word' id='word_1_36' title='bbox 2531 676 2662 717; x_wconf 90' lang='lat' dir='ltr'><strong>vero</strong></span> <span class='ocrx_word' id='word_1_37' title='bbox 2700 661 3105 729; x_wconf 87' lang='lat' dir='ltr'><strong>subsequantur</strong></span> <span class='ocrx_word' id='word_1_38' title='bbox 3134 673 3294 728; x_wconf 86' lang='lat' dir='ltr'><strong>quam</strong></span> <span class='ocrx_word' id='word_1_39' title='bbox 3343 660 3467 729; x_wconf 70' lang='grc' dir='ltr'>ριιι-</span> 
     </span>
    </p>
   </div>
   <div class='ocr_carea' id='block_1_8' title="bbox 237 760 1790 847">
    <p class='ocr_par' dir='ltr' id='par_1_8' title="bbox 237 760 1790 847">
     <span class='ocr_line' id='line_1_8' title="bbox 237 760 1790 847; baseline -0.013 -14"><span class='ocrx_word' id='word_1_40' title='bbox 237 779 340 847; x_wconf 80' lang='grc' dir='ltr'>τικὴ</span> <span class='ocrx_word' id='word_1_41' title='bbox 387 771 679 828; x_wconf 72' lang='grc' dir='ltr'><strong>ἀκολουθία</strong></span> <span class='ocrx_word' id='word_1_42' title='bbox 726 772 884 840; x_wconf 83' lang='grc' dir='ltr'>αὐτη.</span> <span class='ocrx_word' id='word_1_43' title='bbox 924 788 945 822; x_wconf 71' lang='grc' dir='ltr'><strong>ι</strong></span> <span class='ocrx_word' id='word_1_44' title='bbox 1024 766 1253 835; x_wconf 78' lang='grc' dir='ltr'>Ἐφεξῆς</span> <span class='ocrx_word' id='word_1_45' title='bbox 1305 760 1641 835; x_wconf 68' lang='grc' dir='ltr'>δὲ’χρήσεων</span> <span class='ocrx_word' id='word_1_46' title='bbox 1687 761 1790 815; x_wconf 81' lang='grc' dir='ltr'><strong>οὐκ</strong></span> 
     </span>
    </p>
   </div>
   <div class='ocr_carea' id='block_1_9' title="bbox 237 853 1790 935">
    <p class='ocr_par' dir='ltr' id='par_1_9' title="bbox 237 853 1790 935">
     <span class='ocr_line' id='line_1_9' title="bbox 237 853 1790 935; baseline -0.01 -15"><span class='ocrx_word' id='word_1_47' title='bbox 237 869 412 935; x_wconf 83' lang='grc' dir='ltr'>ὀλίγων</span> <span class='ocrx_word' id='word_1_48' title='bbox 447 862 622 918; x_wconf 83' lang='grc' dir='ltr'>οὐσῶν</span> <span class='ocrx_word' id='word_1_49' title='bbox 657 864 883 933; x_wconf 78' lang='grc' dir='ltr'>ἑτέρων.</span> <span class='ocrx_word' id='word_1_50' title='bbox 907 860 965 914; x_wconf 76' lang='grc' dir='ltr'>αἳ</span> <span class='ocrx_word' id='word_1_51' title='bbox 996 861 1094 931; x_wconf 82' lang='grc' dir='ltr'><strong>τὴν</strong></span> <span class='ocrx_word' id='word_1_52' title='bbox 1121 858 1291 929; x_wconf 71' lang='grc' dir='ltr'>αὐτὴν</span> <span class='ocrx_word' id='word_1_53' title='bbox 1317 858 1552 911; x_wconf 83' lang='grc' dir='ltr'>διάνοιαν</span> <span class='ocrx_word' id='word_1_54' title='bbox 1583 857 1648 907; x_wconf 81' lang='grc' dir='ltr'>ὲκ</span> <span class='ocrx_word' id='word_1_55' title='bbox 1680 853 1790 906; x_wconf 84' lang='grc' dir='ltr'><strong>τῶν</strong></span> 
     </span>
    </p>
   </div>
   <div class='ocr_carea' id='block_1_10' title="bbox 240 944 1793 1031">
    <p class='ocr_par' dir='ltr' id='par_1_10' title="bbox 240 944 1793 1031">
     <span class='ocr_line' id='line_1_10' title="bbox 240 944 1793 1031; baseline -0.012 -18"><span class='ocrx_word' id='word_1_56' title='bbox 240 955 719 1031; x_wconf 79' lang='grc' dir='ltr'>προεκτεθειμένων</span> <span class='ocrx_word' id='word_1_57' title='bbox 752 953 943 1021; x_wconf 84' lang='grc' dir='ltr'>φωνῶν</span> <span class='ocrx_word' id='word_1_58' title='bbox 993 952 1416 1021; x_wconf 79' lang='grc' dir='ltr'>παριστάνουσιν</span> <span class='ocrx_word' id='word_1_59' title='bbox 1436 987 1450 1012; x_wconf 95' lang='grc'><strong>,</strong></span> <span class='ocrx_word' id='word_1_60' title='bbox 1487 946 1638 1009; x_wconf 72' lang='grc' dir='ltr'>ἐνίας</span> <span class='ocrx_word' id='word_1_61' title='bbox 1669 944 1793 996; x_wconf 78' lang='grc' dir='ltr'>σκέ-</span> 
     </span>
    </p>
   </div>
   <div class='ocr_carea' id='block_1_11' title="bbox 237 1036 1790 1120">
    <p class='ocr_par' dir='ltr' id='par_1_11' title="bbox 237 1036 1790 1120">
     <span class='ocr_line' id='line_1_11' title="bbox 237 1036 1790 1120; baseline -0.01 -19"><span class='ocrx_word' id='word_1_62' title='bbox 237 1050 343 1120; x_wconf 73' lang='grc' dir='ltr'>ψεσι</span> <span class='ocrx_word' id='word_1_63' title='bbox 372 1048 494 1108; x_wconf 79' lang='grc' dir='ltr'>ταῖς</span> <span class='ocrx_word' id='word_1_64' title='bbox 546 1044 859 1113; x_wconf 76' lang='grc' dir='ltr'>ἔμπροσθεν</span> <span class='ocrx_word' id='word_1_65' title='bbox 917 1043 1045 1104; x_wconf 74' lang='grc' dir='ltr'>ἴσως</span> <span class='ocrx_word' id='word_1_66' title='bbox 1093 1039 1548 1111; x_wconf 73' lang='grc' dir='ltr'>παραληψόμεθα,</span> <span class='ocrx_word' id='word_1_67' title='bbox 1596 1036 1790 1096; x_wconf 76' lang='grc' dir='ltr'>ἐῶντες</span> 
     </span>
    </p>
   </div>
   <div class='ocr_carea' id='block_1_12' title="bbox 243 1126 1796 1215">
    <p class='ocr_par' dir='ltr' id='par_1_12' title="bbox 243 1126 1796 1215">
     <span class='ocr_line' id='line_1_12' title="bbox 243 1126 1796 1215; baseline -0.01 -21"><span class='ocrx_word' id='word_1_68' title='bbox 243 1141 450 1212; x_wconf 80' lang='grc' dir='ltr'><strong>ἀρτίως,</strong></span> <span class='ocrx_word' id='word_1_69' title='bbox 483 1138 573 1191; x_wconf 83' lang='grc' dir='ltr'><strong>ἴνα</strong></span> <span class='ocrx_word' id='word_1_70' title='bbox 613 1138 688 1206; x_wconf 85' lang='grc' dir='ltr'>μὴ</span> <span class='ocrx_word' id='word_1_71' title='bbox 725 1135 818 1189; x_wconf 74' lang='grc' dir='ltr'>ἐπὶ</span> <span class='ocrx_word' id='word_1_72' title='bbox 862 1136 975 1195; x_wconf 85' lang='grc' dir='ltr'>τοῖς</span> <span class='ocrx_word' id='word_1_73' title='bbox 1013 1133 1197 1195; x_wconf 82' lang='grc' dir='ltr'>αὐτοῖς</span> <span class='ocrx_word' id='word_1_74' title='bbox 1227 1132 1318 1185; x_wconf 81' lang='grc' dir='ltr'>τὸν</span> <span class='ocrx_word' id='word_1_75' title='bbox 1349 1130 1506 1198; x_wconf 90' lang='grc' dir='ltr'>λόγον</span> <span class='ocrx_word' id='word_1_76' title='bbox 1543 1126 1796 1215; x_wconf 56' lang='grc' dir='ltr'>μηκύνω-</span> 
     </span>
    </p>
   </div>
   <div class='ocr_carea' id='block_1_13' title="bbox 243 1218 1796 1305">
    <p class='ocr_par' dir='ltr' id='par_1_13' title="bbox 243 1218 1796 1305">
     <span class='ocr_line' id='line_1_13' title="bbox 243 1218 1796 1305; baseline -0.01 -20"><span class='ocrx_word' id='word_1_77' title='bbox 243 1252 346 1305; x_wconf 83' lang='grc' dir='ltr'>μεν,</span> <span class='ocrx_word' id='word_1_78' title='bbox 379 1227 518 1299; x_wconf 79' lang='grc' dir='ltr'>πλὴν</span> <span class='ocrx_word' id='word_1_79' title='bbox 549 1230 614 1282; x_wconf 75' lang='grc' dir='ltr'>ὲκ</span> <span class='ocrx_word' id='word_1_80' title='bbox 652 1228 760 1280; x_wconf 84' lang='grc' dir='ltr'><strong>τῶν</strong></span> <span class='ocrx_word' id='word_1_81' title='bbox 787 1226 1043 1297; x_wconf 79' lang='grc' dir='ltr'><strong>ἀμυδρῶς</strong></span> <span class='ocrx_word' id='word_1_82' title='bbox 1093 1222 1489 1293; x_wconf 77' lang='grc' dir='ltr'><strong>διειλημμένων</strong></span> <span class='ocrx_word' id='word_1_83' title='bbox 1510 1218 1573 1272; x_wconf 76' lang='grc' dir='ltr'>τὸ</span> <span class='ocrx_word' id='word_1_84' title='bbox 1600 1234 1796 1272; x_wconf 82' lang='grc' dir='ltr'>ταυτο-</span> 
     </span>
    </p>
   </div>
   <div class='ocr_carea' id='block_1_14' title="bbox 243 1308 1798 1393">
    <p class='ocr_par' dir='ltr' id='par_1_14' title="bbox 243 1308 1798 1393">
     <span class='ocr_line' id='line_1_14' title="bbox 243 1308 1798 1393; baseline -0.011 -13"><span class='ocrx_word' id='word_1_85' title='bbox 243 1329 458 1393; x_wconf 77' lang='grc' dir='ltr'>δύναμον</span> <span class='ocrx_word' id='word_1_86' title='bbox 495 1321 603 1373; x_wconf 83' lang='grc' dir='ltr'><strong>τῶν</strong></span> <span class='ocrx_word' id='word_1_87' title='bbox 650 1320 849 1385; x_wconf 77' lang='grc' dir='ltr'>λέξεων</span> <span class='ocrx_word' id='word_1_88' title='bbox 885 1317 1266 1371; x_wconf 84' lang='grc' dir='ltr'>διαδείκνυται.</span> <span class='ocrx_word' id='word_1_89' title='bbox 1322 1313 1483 1366; x_wconf 86' lang='grc' dir='ltr'>Ὅθεν</span> <span class='ocrx_word' id='word_1_90' title='bbox 1505 1314 1533 1365; x_wconf 88' lang='grc' dir='ltr'><strong>ό</strong></span> <span class='ocrx_word' id='word_1_91' title='bbox 1565 1308 1798 1380; x_wconf 85' lang='grc' dir='ltr'>χαριτώ-</span> 
     </span>
    </p>
   </div>
   <div class='ocr_carea' id='block_1_15' title="bbox 242 1402 1794 1489">
    <p class='ocr_par' dir='ltr' id='par_1_15' title="bbox 242 1402 1794 1489">
     <span class='ocr_line' id='line_1_15' title="bbox 242 1402 1794 1489; baseline -0.01 -21"><span class='ocrx_word' id='word_1_92' title='bbox 242 1432 386 1489; x_wconf 66' lang='grc' dir='ltr'>νυμρς</span> <span class='ocrx_word' id='word_1_93' title='bbox 428 1413 878 1482; x_wconf 75' lang='grc' dir='ltr'>Χρυσοοῤῥήμων</span> <span class='ocrx_word' id='word_1_94' title='bbox 935 1411 991 1460; x_wconf 82' lang='grc' dir='ltr'>ἐν</span> <span class='ocrx_word' id='word_1_95' title='bbox 1022 1407 1099 1477; x_wconf 83' lang='grc' dir='ltr'>τῷ</span> <span class='ocrx_word' id='word_1_96' title='bbox 1154 1407 1236 1465; x_wconf 82' lang='grc' dir='ltr'><strong>εἰς</strong></span> <span class='ocrx_word' id='word_1_97' title='bbox 1288 1406 1386 1472; x_wconf 84' lang='grc' dir='ltr'>τὴν</span> <span class='ocrx_word' id='word_1_98' title='bbox 1421 1402 1794 1471; x_wconf 75' lang='grc' dir='ltr'>Πεντηκοστὴν</span> 
     </span>
    </p>
   </div>
   <div class='ocr_carea' id='block_1_16' title="bbox 241 1488 1796 1571">
    <p class='ocr_par' dir='ltr' id='par_1_16' title="bbox 241 1488 1796 1571">
     <span class='ocr_line' id='line_1_16' title="bbox 241 1488 1796 1571; baseline -0.012 -11"><span class='ocrx_word' id='word_1_99' title='bbox 241 1488 386 1560; x_wconf 84' lang='grc' dir='ltr'>αὐτοῦ</span> <span class='ocrx_word' id='word_1_100' title='bbox 424 1504 567 1571; x_wconf 84' lang='grc' dir='ltr'>λόγῳ</span> <span class='ocrx_word' id='word_1_101' title='bbox 593 1500 845 1564; x_wconf 78' lang='grc' dir='ltr'><strong>διέξεισιν</strong></span> <span class='ocrx_word' id='word_1_102' title='bbox 869 1498 1067 1551; x_wconf 71' lang='grc' dir='ltr'>οὑτωσί</span> <span class='ocrx_word' id='word_1_103' title='bbox 1090 1510 1105 1524; x_wconf 82' lang='lat'>&#39;</span> <span class='ocrx_word' id='word_1_104' title='bbox 1140 1515 1159 1548; x_wconf 80' lang='grc' dir='ltr'><strong>ι</strong></span> <span class='ocrx_word' id='word_1_105' title='bbox 1194 1496 1289 1558; x_wconf 84' lang='grc' dir='ltr'>Τίς</span> <span class='ocrx_word' id='word_1_106' title='bbox 1315 1496 1372 1548; x_wconf 83' lang='grc' dir='ltr'><strong>δὲ</strong></span> <span class='ocrx_word' id='word_1_107' title='bbox 1394 1496 1427 1563; x_wconf 81' lang='grc' dir='ltr'>ὴ</span> <span class='ocrx_word' id='word_1_108' title='bbox 1455 1493 1681 1561; x_wconf 80' lang='grc' dir='ltr'>δύναμις</span> <span class='ocrx_word' id='word_1_109' title='bbox 1702 1488 1796 1543; x_wconf 88' lang='grc' dir='ltr'><strong>τοῦ</strong></span> 
     </span>
    </p>
   </div>
   <div class='ocr_carea' id='block_1_17' title="bbox 240 1582 1796 1661">
    <p class='ocr_par' dir='ltr' id='par_1_17' title="bbox 240 1582 1796 1661">
     <span class='ocr_line' id='line_1_17' title="bbox 240 1582 1796 1661; baseline -0.01 -11"><span class='ocrx_word' id='word_1_110' title='bbox 240 1593 642 1661; x_wconf 57' lang='lat' dir='ltr'><strong>succedenti;</strong></span> <span class='ocrx_word' id='word_1_111' title='bbox 668 1591 786 1643; x_wconf 83' lang='grc' dir='ltr'>Ἰνα</span> <span class='ocrx_word' id='word_1_112' title='bbox 813 1591 872 1643; x_wconf 84' lang='grc' dir='ltr'>τὸ</span> <span class='ocrx_word' id='word_1_113' title='bbox 903 1588 1003 1658; x_wconf 75' lang='grc' dir='ltr'>τῆς</span> <span class='ocrx_word' id='word_1_114' title='bbox 1024 1589 1329 1655; x_wconf 83' lang='grc' dir='ltr'>γεννήσεως</span> <span class='ocrx_word' id='word_1_115' title='bbox 1361 1586 1533 1654; x_wconf 76' lang='grc' dir='ltr'>ὄνομα</span> <span class='ocrx_word' id='word_1_116' title='bbox 1556 1582 1796 1653; x_wconf 77' lang='grc' dir='ltr'>παρέλθῃ</span> 
     </span>
    </p>
   </div>
   <div class='ocr_carea' id='block_1_18' title="bbox 1890 753 3459 825">
    <p class='ocr_par' dir='ltr' id='par_1_18' title="bbox 1890 753 3459 825">
     <span class='ocr_line' id='line_1_18' title="bbox 1890 753 3459 825; baseline -0.008 -10"><span class='ocrx_word' id='word_1_117' title='bbox 1890 763 2029 815; x_wconf 88' lang='lat' dir='ltr'><strong>rima</strong></span> <span class='ocrx_word' id='word_1_118' title='bbox 2056 760 2160 814; x_wconf 88' lang='lat' dir='ltr'><strong>alia</strong></span> <span class='ocrx_word' id='word_1_119' title='bbox 2190 758 2524 819; x_wconf 87' lang='lat' dir='ltr'><strong>testimonia,</strong></span> <span class='ocrx_word' id='word_1_120' title='bbox 2553 771 2673 825; x_wconf 70' lang='lat' dir='ltr'><strong>quae</strong></span> <span class='ocrx_word' id='word_1_121' title='bbox 2701 754 2933 825; x_wconf 68' lang='lat' dir='ltr'><strong>similem</strong></span> <span class='ocrx_word' id='word_1_122' title='bbox 2975 753 3300 808; x_wconf 88' lang='lat' dir='ltr'><strong>sententiam</strong></span> <span class='ocrx_word' id='word_1_123' title='bbox 3335 766 3459 804; x_wconf 81' lang='lat' dir='ltr'><strong>ver-</strong></span> 
     </span>
    </p>
   </div>
   <div class='ocr_carea' id='block_1_19' title="bbox 1892 843 3462 921">
    <p class='ocr_par' dir='ltr' id='par_1_19' title="bbox 1892 843 3462 921">
     <span class='ocr_line' id='line_1_19' title="bbox 1892 843 3462 921; baseline -0.006 -16"><span class='ocrx_word' id='word_1_124' title='bbox 1892 850 1977 905; x_wconf 86' lang='lat' dir='ltr'><strong>bis</strong></span> <span class='ocrx_word' id='word_1_125' title='bbox 2006 865 2168 920; x_wconf 79' lang='lat' dir='ltr'><strong>supra</strong></span> <span class='ocrx_word' id='word_1_126' title='bbox 2191 851 2301 921; x_wconf 86' lang='lat' dir='ltr'><strong>jam</strong></span> <span class='ocrx_word' id='word_1_127' title='bbox 2326 847 2549 918; x_wconf 75' lang='lat' dir='ltr'><strong>digestis</strong></span> <span class='ocrx_word' id='word_1_128' title='bbox 2573 843 2877 914; x_wconf 75' lang='lat' dir='ltr'><strong>expositam</strong></span> <span class='ocrx_word' id='word_1_129' title='bbox 2917 843 3293 911; x_wconf 76' lang='lat' dir='ltr'><strong>comprobent,</strong></span> <span class='ocrx_word' id='word_1_130' title='bbox 3327 856 3462 895; x_wconf 86' lang='lat' dir='ltr'><strong>non-</strong></span> 
     </span>
    </p>
   </div>
   <div class='ocr_carea' id='block_1_20' title="bbox 1893 934 3462 1003">
    <p class='ocr_par' dir='ltr' id='par_1_20' title="bbox 1893 934 3462 1003">
     <span class='ocr_line' id='line_1_20' title="bbox 1893 934 3462 1003; baseline -0.004 -8"><span class='ocrx_word' id='word_1_131' title='bbox 1893 943 2041 996; x_wconf 85' lang='lat' dir='ltr'><strong>nulla</strong></span> <span class='ocrx_word' id='word_1_132' title='bbox 2073 941 2366 995; x_wconf 53' lang='lat' dir='ltr'><strong>ab&#39;iisdem</strong></span> <span class='ocrx_word' id='word_1_133' title='bbox 2412 954 2524 992; x_wconf 87' lang='lat' dir='ltr'><strong>non</strong></span> <span class='ocrx_word' id='word_1_134' title='bbox 2574 935 2857 989; x_wconf 73' lang='lat' dir='ltr'><strong>dissimilia</strong></span> <span class='ocrx_word' id='word_1_135' title='bbox 2898 935 3209 997; x_wconf 80' lang='lat' dir='ltr'><strong>aﬂ&#39;eremus,</strong></span> <span class='ocrx_word' id='word_1_136' title='bbox 3253 934 3462 1003; x_wconf 84' lang='lat' dir='ltr'><strong>reliqua</strong></span> 
     </span>
    </p>
   </div>
   <div class='ocr_carea' id='block_1_21' title="bbox 1893 1026 3465 1105">
    <p class='ocr_par' dir='ltr' id='par_1_21' title="bbox 1893 1026 3465 1105">
     <span class='ocr_line' id='line_1_21' title="bbox 1893 1026 3465 1105; baseline -0.004 -19"><span class='ocrx_word' id='word_1_137' title='bbox 1893 1043 2309 1105; x_wconf 73' lang='lat' dir='ltr'><strong>praetereuntes.</strong></span> <span class='ocrx_word' id='word_1_138' title='bbox 2360 1046 2429 1084; x_wconf 87' lang='lat' dir='ltr'><strong>ne</strong></span> <span class='ocrx_word' id='word_1_139' title='bbox 2476 1029 2666 1084; x_wconf 73' lang='lat' dir='ltr'><strong>eadem</strong></span> <span class='ocrx_word' id='word_1_140' title='bbox 2720 1027 3019 1095; x_wconf 85' lang='lat' dir='ltr'><strong>repetendo</strong></span> <span class='ocrx_word' id='word_1_141' title='bbox 3050 1041 3359 1081; x_wconf 87' lang='lat' dir='ltr'><strong>sermonem</strong></span> <span class='ocrx_word' id='word_1_142' title='bbox 3406 1026 3465 1079; x_wconf 88' lang='lat' dir='ltr'><strong>in</strong></span> 
     </span>
    </p>
   </div>
   <div class='ocr_carea' id='block_1_22' title="bbox 1894 1119 3466 1196">
    <p class='ocr_par' dir='ltr' id='par_1_22' title="bbox 1894 1119 3466 1196">
     <span class='ocr_line' id='line_1_22' title="bbox 1894 1119 3466 1196; baseline -0.004 -18"><span class='ocrx_word' id='word_1_143' title='bbox 1894 1125 2115 1196; x_wconf 85' lang='lat' dir='ltr'><strong>longum</strong></span> <span class='ocrx_word' id='word_1_144' title='bbox 2145 1123 2548 1193; x_wconf 82' lang='lat' dir='ltr'><strong>protrahamus,</strong></span> <span class='ocrx_word' id='word_1_145' title='bbox 2577 1122 2703 1177; x_wconf 72' lang='lat' dir='ltr'><strong>licet</strong></span> <span class='ocrx_word' id='word_1_146' title='bbox 2725 1136 2792 1174; x_wconf 83' lang='lat' dir='ltr'><strong>ex</strong></span> <span class='ocrx_word' id='word_1_147' title='bbox 2825 1134 2988 1190; x_wconf 85' lang='lat' dir='ltr'><strong>supra</strong></span> <span class='ocrx_word' id='word_1_148' title='bbox 3023 1121 3260 1173; x_wconf 90' lang='lat' dir='ltr'><strong>tenuiter</strong></span> <span class='ocrx_word' id='word_1_149' title='bbox 3287 1119 3466 1172; x_wconf 81' lang='lat' dir='ltr'><strong>addu-</strong></span> 
     </span>
    </p>
   </div>
   <div class='ocr_carea' id='block_1_23' title="bbox 1895 1209 3461 1283">
    <p class='ocr_par' dir='ltr' id='par_1_23' title="bbox 1895 1209 3461 1283">
     <span class='ocr_line' id='line_1_23' title="bbox 1895 1209 3461 1283; baseline -0.005 -12"><span class='ocrx_word' id='word_1_150' title='bbox 1895 1217 2000 1271; x_wconf 89' lang='lat' dir='ltr'><strong>ctis</strong></span> <span class='ocrx_word' id='word_1_151' title='bbox 2032 1216 2333 1270; x_wconf 75' lang='lat' dir='ltr'><strong>dictionum</strong></span> <span class='ocrx_word' id='word_1_152' title='bbox 2361 1229 2518 1283; x_wconf 87' lang='lat' dir='ltr'><strong>pares</strong></span> <span class='ocrx_word' id='word_1_153' title='bbox 2562 1216 2703 1266; x_wconf 84' lang='lat' dir='ltr'><strong>vires</strong></span> <span class='ocrx_word' id='word_1_154' title='bbox 2733 1214 3193 1266; x_wconf 85' lang='lat' dir='ltr'><strong>demonstrentur.</strong></span> <span class='ocrx_word' id='word_1_155' title='bbox 3228 1209 3370 1265; x_wconf 89' lang='lat' dir='ltr'><strong>llinc</strong></span> <span class='ocrx_word' id='word_1_156' title='bbox 3397 1225 3461 1264; x_wconf 77' lang='lat' dir='ltr'><strong>ex</strong></span> 
     </span>
    </p>
   </div>
   <div class='ocr_carea' id='block_1_24' title="bbox 1897 1303 3465 1378">
    <p class='ocr_par' dir='ltr' id='par_1_24' title="bbox 1897 1303 3465 1378">
     <span class='ocr_line' id='line_1_24' title="bbox 1897 1303 3465 1378; baseline -0.003 -18"><span class='ocrx_word' id='word_1_157' title='bbox 1897 1308 2064 1378; x_wconf 81' lang='lat' dir='ltr'><strong>gratia</strong></span> <span class='ocrx_word' id='word_1_158' title='bbox 2103 1306 2207 1360; x_wconf 89' lang='lat' dir='ltr'><strong>sibi</strong></span> <span class='ocrx_word' id='word_1_159' title='bbox 2256 1321 2458 1359; x_wconf 88' lang='lat' dir='ltr'><strong>nomen</strong></span> <span class='ocrx_word' id='word_1_160' title='bbox 2531 1305 2814 1357; x_wconf 86' lang='lat' dir='ltr'><strong>vindicans</strong></span> <span class='ocrx_word' id='word_1_161' title='bbox 2875 1303 3298 1373; x_wconf 79' lang='lat' dir='ltr'><strong>Glirysostomus</strong></span> <span class='ocrx_word' id='word_1_162' title='bbox 3342 1318 3465 1355; x_wconf 79' lang='lat' dir='ltr'><strong>ora-</strong></span> 
     </span>
    </p>
   </div>
   <div class='ocr_carea' id='block_1_25' title="bbox 1898 1392 3466 1458">
    <p class='ocr_par' dir='ltr' id='par_1_25' title="bbox 1898 1392 3466 1458">
     <span class='ocr_line' id='line_1_25' title="bbox 1898 1392 3466 1458; baseline -0.002 -8"><span class='ocrx_word' id='word_1_163' title='bbox 1898 1397 2048 1450; x_wconf 90' lang='lat' dir='ltr'><strong>tione</strong></span> <span class='ocrx_word' id='word_1_164' title='bbox 2077 1397 2130 1449; x_wconf 89' lang='lat' dir='ltr'><strong>in</strong></span> <span class='ocrx_word' id='word_1_165' title='bbox 2164 1395 2523 1449; x_wconf 75' lang='lat' dir='ltr'><strong>Pentecosten</strong></span> <span class='ocrx_word' id='word_1_166' title='bbox 2559 1394 2672 1448; x_wconf 64' lang='lat' dir='ltr'><strong>haec</strong></span> <span class='ocrx_word' id='word_1_167' title='bbox 2720 1394 2923 1447; x_wconf 85' lang='lat' dir='ltr'><strong>habet:</strong></span> <span class='ocrx_word' id='word_1_168' title='bbox 2953 1410 2971 1445; x_wconf 83' lang='lat' dir='ltr'><strong>t</strong></span> <span class='ocrx_word' id='word_1_169' title='bbox 3006 1392 3136 1458; x_wconf 67' lang='lat' dir='ltr'><strong>Quae</strong></span> <span class='ocrx_word' id='word_1_170' title='bbox 3169 1404 3351 1447; x_wconf 81' lang='lat' dir='ltr'><strong>autem</strong></span> <span class='ocrx_word' id='word_1_171' title='bbox 3385 1392 3466 1447; x_wconf 81' lang='lat' dir='ltr'><strong>vis</strong></span> 
     </span>
    </p>
   </div>
   <div class='ocr_carea' id='block_1_26' title="bbox 1897 1485 3509 1555">
    <p class='ocr_par' dir='ltr' id='par_1_26' title="bbox 1897 1485 3509 1555">
     <span class='ocr_line' id='line_1_26' title="bbox 1897 1485 3509 1555; baseline 0 -15"><span class='ocrx_word' id='word_1_172' title='bbox 1897 1497 1979 1541; x_wconf 90' lang='lat' dir='ltr'><strong>est</strong></span> <span class='ocrx_word' id='word_1_173' title='bbox 2004 1486 2156 1540; x_wconf 89' lang='lat' dir='ltr'><strong>verbi</strong></span> <span class='ocrx_word' id='word_1_174' title='bbox 2190 1487 2461 1555; x_wconf 81' lang='lat' dir='ltr'><strong>procedit?</strong></span> <span class='ocrx_word' id='word_1_175' title='bbox 2493 1485 2560 1540; x_wconf 87' lang='lat' dir='ltr'><strong>Ut</strong></span> <span class='ocrx_word' id='word_1_176' title='bbox 2594 1486 2970 1553; x_wconf 78' lang='lat' dir='ltr'><strong>generationis</strong></span> <span class='ocrx_word' id='word_1_177' title='bbox 3002 1502 3199 1539; x_wconf 83' lang='lat' dir='ltr'><strong>nomen</strong></span> <span class='ocrx_word' id='word_1_178' title='bbox 3235 1500 3465 1553; x_wconf 80' lang='lat' dir='ltr'><strong>proeter-</strong></span> <span class='ocrx_word' id='word_1_179' title='bbox 3504 1528 3509 1533; x_wconf 90' lang='lat'>.</span> 
     </span>
    </p>
   </div>
   <div class='ocr_carea' id='block_1_27' title="bbox 1900 1576 3468 1647">
    <p class='ocr_par' dir='ltr' id='par_1_27' title="bbox 1900 1576 3468 1647">
     <span class='ocr_line' id='line_1_27' title="bbox 1900 1576 3468 1647; baseline -0.001 -15"><span class='ocrx_word' id='word_1_180' title='bbox 1900 1578 2004 1633; x_wconf 88' lang='lat' dir='ltr'><strong>iret</strong></span> <span class='ocrx_word' id='word_1_181' title='bbox 2051 1578 2354 1647; x_wconf 86' lang='lat' dir='ltr'><strong>Scriptura,</strong></span> <span class='ocrx_word' id='word_1_182' title='bbox 2403 1594 2473 1633; x_wconf 86' lang='lat' dir='ltr'><strong>ne</strong></span> <span class='ocrx_word' id='word_1_183' title='bbox 2518 1576 2715 1631; x_wconf 86' lang='lat' dir='ltr'><strong>Filium</strong></span> <span class='ocrx_word' id='word_1_184' title='bbox 2767 1578 2918 1632; x_wconf 92' lang='lat' dir='ltr'><strong>illum</strong></span> <span class='ocrx_word' id='word_1_185' title='bbox 2971 1587 3216 1644; x_wconf 84' lang='lat' dir='ltr'><strong>vocaret,</strong></span> <span class='ocrx_word' id='word_1_186' title='bbox 3289 1579 3468 1633; x_wconf 84' lang='lat' dir='ltr'><strong>dicit:</strong></span> 
     </span>
    </p>
   </div>
   <div class='ocr_carea' id='block_1_28' title="bbox 134 1668 1806 1757">
    <p class='ocr_par' dir='ltr' id='par_1_28' title="bbox 134 1673 1799 1757">
     <span class='ocr_line' id='line_1_28' title="bbox 134 1673 1799 1757; baseline -0.008 -19"><span class='ocrx_word' id='word_1_187' title='bbox 134 1710 141 1715; x_wconf 66' lang='grc' dir='ltr'>ι</span> <span class='ocrx_word' id='word_1_188' title='bbox 239 1689 270 1757; x_wconf 74' lang='grc' dir='ltr'><strong>ἡ</strong></span> <span class='ocrx_word' id='word_1_189' title='bbox 297 1682 500 1755; x_wconf 72' lang='grc' dir='ltr'>Γραφὴ,</span> <span class='ocrx_word' id='word_1_190' title='bbox 537 1681 627 1735; x_wconf 79' lang='grc' dir='ltr'><strong>ἵνα</strong></span> <span class='ocrx_word' id='word_1_191' title='bbox 658 1680 732 1751; x_wconf 85' lang='grc' dir='ltr'><strong>μὴ</strong></span> <span class='ocrx_word' id='word_1_192' title='bbox 759 1679 888 1731; x_wconf 77' lang='grc' dir='ltr'>Υῐδν</span> <span class='ocrx_word' id='word_1_193' title='bbox 942 1678 1075 1731; x_wconf 80' lang='grc' dir='ltr'>αὐτὸ</span> <span class='ocrx_word' id='word_1_194' title='bbox 1107 1676 1333 1745; x_wconf 74' lang='grc' dir='ltr'>καλέσῃ,</span> <span class='ocrx_word' id='word_1_195' title='bbox 1382 1675 1529 1743; x_wconf 84' lang='grc' dir='ltr'>λέγει</span> <span class='ocrx_word' id='word_1_196' title='bbox 1559 1673 1799 1741; x_wconf 78' lang='grc' dir='ltr'><strong>Πνεῦμα</strong></span> 
     </span>
    </p>
   </div>
   <div class='ocr_carea' id='block_1_29' title="bbox 1907 1668 3470 1757">
    <p class='ocr_par' dir='ltr' id='par_1_29' title="bbox 1907 1668 3470 1739">
     <span class='ocr_line' id='line_1_29' title="bbox 1907 1668 3470 1739; baseline 0 -16"><span class='ocrx_word' id='word_1_197' title='bbox 1907 1668 2160 1736; x_wconf 77' lang='lat' dir='ltr'><strong>Spiritum</strong></span> <span class='ocrx_word' id='word_1_198' title='bbox 2180 1678 2442 1734; x_wconf 85' lang='lat' dir='ltr'><strong>sanctum,</strong></span> <span class='ocrx_word' id='word_1_199' title='bbox 2466 1671 2556 1739; x_wconf 79' lang='lat' dir='ltr'><strong>qui</strong></span> <span class='ocrx_word' id='word_1_200' title='bbox 2584 1685 2647 1722; x_wconf 79' lang='lat' dir='ltr'><strong>ea:</strong></span> <span class='ocrx_word' id='word_1_201' title='bbox 2688 1669 2848 1723; x_wconf 85' lang='lat' dir='ltr'><strong>Patre</strong></span> <span class='ocrx_word' id='word_1_202' title='bbox 2881 1671 3135 1739; x_wconf 84' lang='lat' dir='ltr'><strong>procedit.</strong></span> <span class='ocrx_word' id='word_1_203' title='bbox 3169 1670 3470 1724; x_wconf 82' lang='lat' dir='ltr'><strong>lntrodncit</strong></span> 
     </span>
    </p>
   </div>
   <div class='ocr_carea' id='block_1_30' title="bbox 240 1758 1806 1847">
    <p class='ocr_par' dir='ltr' id='par_1_30' title="bbox 240 1765 1801 1847">
     <span class='ocr_line' id='line_1_30' title="bbox 240 1765 1801 1847; baseline -0.01 -15"><span class='ocrx_word' id='word_1_204' title='bbox 240 1779 415 1847; x_wconf 72' lang='grc' dir='ltr'>ἄτιον,</span> <span class='ocrx_word' id='word_1_205' title='bbox 443 1774 474 1828; x_wconf 83' lang='grc' dir='ltr'>ὃ</span> <span class='ocrx_word' id='word_1_206' title='bbox 507 1774 665 1842; x_wconf 79' lang='grc' dir='ltr'>παρὰ</span> <span class='ocrx_word' id='word_1_207' title='bbox 701 1771 807 1825; x_wconf 87' lang='grc' dir='ltr'><strong>τοῦ</strong></span> <span class='ocrx_word' id='word_1_208' title='bbox 849 1769 1077 1836; x_wconf 82' lang='grc' dir='ltr'>Πατρός</span> <span class='ocrx_word' id='word_1_209' title='bbox 1136 1768 1556 1834; x_wconf 65' lang='grc' dir='ltr'>ὲκπορεύεταν</span> <span class='ocrx_word' id='word_1_210' title='bbox 1591 1765 1801 1832; x_wconf 80' lang='grc' dir='ltr'><strong>εἰσάγει</strong></span> 
     </span>
    </p>
   </div>
   <div class='ocr_carea' id='block_1_31' title="bbox 1907 1758 3472 1847">
    <p class='ocr_par' dir='ltr' id='par_1_31' title="bbox 1907 1758 3472 1839">
     <span class='ocr_line' id='line_1_31' title="bbox 1907 1758 3472 1839; baseline 0.002 -26"><span class='ocrx_word' id='word_1_211' title='bbox 1907 1758 2078 1829; x_wconf 86' lang='lat' dir='ltr'><strong>ipsum</strong></span> <span class='ocrx_word' id='word_1_212' title='bbox 2119 1764 2525 1829; x_wconf 74' lang='lat' dir='ltr'><strong>procedentem,</strong></span> <span class='ocrx_word' id='word_1_213' title='bbox 2554 1769 2613 1814; x_wconf 90' lang='lat' dir='ltr'><strong>ut</strong></span> <span class='ocrx_word' id='word_1_214' title='bbox 2645 1777 2839 1831; x_wconf 89' lang='lat' dir='ltr'><strong>aquam</strong></span> <span class='ocrx_word' id='word_1_215' title='bbox 2864 1778 2893 1816; x_wconf 87' lang='lat' dir='ltr'><strong>e</strong></span> <span class='ocrx_word' id='word_1_216' title='bbox 2925 1762 3077 1817; x_wconf 77' lang='lat' dir='ltr'><strong>fonte</strong></span> <span class='ocrx_word' id='word_1_217' title='bbox 3107 1764 3472 1839; x_wconf 81' lang='lat' dir='ltr'><strong>exsilcntem,</strong></span> 
     </span>
    </p>
   </div>
   <div class='ocr_carea' id='block_1_32' title="bbox 239 1849 1806 1935">
    <p class='ocr_par' dir='ltr' id='par_1_32' title="bbox 239 1857 1800 1935">
     <span class='ocr_line' id='line_1_32' title="bbox 239 1857 1800 1935; baseline -0.008 -13"><span class='ocrx_word' id='word_1_218' title='bbox 239 1869 359 1925; x_wconf 80' lang='grc' dir='ltr'>αὐτὸ</span> <span class='ocrx_word' id='word_1_219' title='bbox 376 1865 828 1935; x_wconf 69' lang='grc' dir='ltr'>ἐκπορευόμενον,</span> <span class='ocrx_word' id='word_1_220' title='bbox 849 1861 922 1923; x_wconf 85' lang='grc' dir='ltr'>ὡς</span> <span class='ocrx_word' id='word_1_221' title='bbox 948 1860 1091 1930; x_wconf 73' lang='grc' dir='ltr'>ὕδωρ</span> <span class='ocrx_word' id='word_1_222' title='bbox 1116 1861 1222 1914; x_wconf 81' lang='grc' dir='ltr'>ἀπὸ</span> <span class='ocrx_word' id='word_1_223' title='bbox 1242 1861 1423 1929; x_wconf 80' lang='grc' dir='ltr'>πηγῆς</span> <span class='ocrx_word' id='word_1_224' title='bbox 1450 1857 1632 1928; x_wconf 78' lang='grc' dir='ltr'>βρύον,</span> <span class='ocrx_word' id='word_1_225' title='bbox 1659 1857 1800 1909; x_wconf 81' lang='grc' dir='ltr'>κατὰ</span> 
     </span>
    </p>
   </div>
   <div class='ocr_carea' id='block_1_33' title="bbox 1907 1849 3477 1935">
    <p class='ocr_par' dir='ltr' id='par_1_33' title="bbox 1907 1849 3477 1922">
     <span class='ocr_line' id='line_1_33' title="bbox 1907 1849 3477 1922; baseline 0.002 -20"><span class='ocrx_word' id='word_1_226' title='bbox 1907 1850 2063 1904; x_wconf 86' lang='lat' dir='ltr'><strong>sicuti</strong></span> <span class='ocrx_word' id='word_1_227' title='bbox 2110 1849 2314 1905; x_wconf 89' lang='lat' dir='ltr'><strong>dictum</strong></span> <span class='ocrx_word' id='word_1_228' title='bbox 2354 1861 2438 1906; x_wconf 88' lang='lat' dir='ltr'><strong>est</strong></span> <span class='ocrx_word' id='word_1_229' title='bbox 2467 1854 2532 1907; x_wconf 88' lang='lat' dir='ltr'><strong>de</strong></span> <span class='ocrx_word' id='word_1_230' title='bbox 2561 1854 2853 1922; x_wconf 75' lang='lat' dir='ltr'><strong>paradiso:</strong></span> <span class='ocrx_word' id='word_1_231' title='bbox 2890 1852 3109 1908; x_wconf 77' lang='lat' dir='ltr'><strong>Flavius</strong></span> <span class='ocrx_word' id='word_1_232' title='bbox 3145 1856 3376 1921; x_wconf 81' lang='lat' dir='ltr'><strong>procedit</strong></span> <span class='ocrx_word' id='word_1_233' title='bbox 3412 1870 3477 1906; x_wconf 76' lang='lat' dir='ltr'><strong>ex</strong></span> 
     </span>
    </p>
   </div>
   <div class='ocr_carea' id='block_1_34' title="bbox 242 1931 1806 2027">
    <p class='ocr_par' dir='ltr' id='par_1_34' title="bbox 242 1931 1799 2027">
     <span class='ocr_line' id='line_1_34' title="bbox 242 1931 1799 2027; baseline -0.008 -16"><span class='ocrx_word' id='word_1_234' title='bbox 242 1959 294 2012; x_wconf 79' lang='grc' dir='ltr'>τὸ</span> <span class='ocrx_word' id='word_1_235' title='bbox 325 1931 609 2027; x_wconf 73' lang='grc' dir='ltr'>εἰρημένον</span> <span class='ocrx_word' id='word_1_236' title='bbox 643 1931 769 2023; x_wconf 78' lang='grc' dir='ltr'>περὶ</span> <span class='ocrx_word' id='word_1_237' title='bbox 793 1951 886 2004; x_wconf 90' lang='grc' dir='ltr'><strong>τοῦ</strong></span> <span class='ocrx_word' id='word_1_238' title='bbox 919 1950 1272 2019; x_wconf 75' lang='grc' dir='ltr'><strong>παραδείσου.</strong></span> <span class='ocrx_word' id='word_1_239' title='bbox 1308 1967 1327 2000; x_wconf 83' lang='lat' dir='ltr'><strong>t</strong></span> <span class='ocrx_word' id='word_1_240' title='bbox 1357 1950 1603 2016; x_wconf 83' lang='grc' dir='ltr'>Ποταμὺς</span> <span class='ocrx_word' id='word_1_241' title='bbox 1627 1948 1684 1999; x_wconf 82' lang='grc' dir='ltr'>δὲ</span> <span class='ocrx_word' id='word_1_242' title='bbox 1702 1950 1799 1999; x_wconf 82' lang='grc' dir='ltr'><strong>ὲκ·-</strong></span> 
     </span>
    </p>
   </div>
   <div class='ocr_carea' id='block_1_35' title="bbox 1907 1931 3476 2027">
    <p class='ocr_par' dir='ltr' id='par_1_35' title="bbox 1907 1942 3476 2021">
     <span class='ocr_line' id='line_1_35' title="bbox 1907 1942 3476 2021; baseline 0.004 -23"><span class='ocrx_word' id='word_1_243' title='bbox 1907 1944 2055 1999; x_wconf 85' lang='lat' dir='ltr'><strong>Eden</strong></span> <span class='ocrx_word' id='word_1_244' title='bbox 2083 1946 2129 1998; x_wconf 82' lang='lat'><strong>&#39;.</strong></span> <span class='ocrx_word' id='word_1_245' title='bbox 2158 1942 2435 2009; x_wconf 89' lang='lat' dir='ltr'><strong>Procedit,</strong></span> <span class='ocrx_word' id='word_1_246' title='bbox 2465 1955 2523 2001; x_wconf 93' lang='lat' dir='ltr'><strong>et</strong></span> <span class='ocrx_word' id='word_1_247' title='bbox 2560 1947 2742 2003; x_wconf 79' lang='lat' dir='ltr'><strong>exsilit</strong></span> <span class='ocrx_word' id='word_1_248' title='bbox 2776 1948 2966 2003; x_wconf 89' lang='lat' dir='ltr'><strong>dicens</strong></span> <span class='ocrx_word' id='word_1_249' title='bbox 2995 1949 3217 2004; x_wconf 87' lang='lat' dir='ltr'><strong>divinus</strong></span> <span class='ocrx_word' id='word_1_250' title='bbox 3249 1950 3336 2006; x_wconf 88' lang='lat' dir='ltr'><strong>bic</strong></span> <span class='ocrx_word' id='word_1_251' title='bbox 3358 1967 3476 2021; x_wconf 84' lang='lat' dir='ltr'><strong>my-</strong></span> 
     </span>
    </p>
   </div>
   <div class='ocr_carea' id='block_1_36' title="bbox 244 2037 1806 2119">
    <p class='ocr_par' dir='ltr' id='par_1_36' title="bbox 244 2037 1798 2119">
     <span class='ocr_line' id='line_1_36' title="bbox 244 2037 1798 2119; baseline -0.008 -16"><span class='ocrx_word' id='word_1_252' title='bbox 244 2048 527 2118; x_wconf 76' lang='grc' dir='ltr'>πορεύεται</span> <span class='ocrx_word' id='word_1_253' title='bbox 579 2045 639 2112; x_wconf 78' lang='grc' dir='ltr'><strong>ἐξ</strong></span> <span class='ocrx_word' id='word_1_254' title='bbox 711 2044 894 2113; x_wconf 80' lang='grc' dir='ltr'><strong>Ἐδέμ.</strong></span> <span class='ocrx_word' id='word_1_255' title='bbox 931 2060 950 2093; x_wconf 75' lang='grc' dir='ltr'><strong>ι</strong></span> <span class='ocrx_word' id='word_1_256' title='bbox 1004 2040 1394 2119; x_wconf 62' lang='grc' dir='ltr'>Ἐκτξορεῦεται</span> <span class='ocrx_word' id='word_1_257' title='bbox 1429 2039 1526 2092; x_wconf 74' lang='grc' dir='ltr'><strong>καὶ</strong></span> <span class='ocrx_word' id='word_1_258' title='bbox 1561 2037 1798 2108; x_wconf 77' lang='grc' dir='ltr'>πηγάζει</span> 
     </span>
    </p>
   </div>
   <div class='ocr_carea' id='block_1_37' title="bbox 1907 2037 3549 2119">
    <p class='ocr_par' dir='ltr' id='par_1_37' title="bbox 1907 2037 3549 2110">
     <span class='ocr_line' id='line_1_37' title="bbox 1907 2037 3549 2110; baseline 0.002 -19"><span class='ocrx_word' id='word_1_259' title='bbox 1907 2037 2192 2091; x_wconf 86' lang='lat' dir='ltr'><strong>steriorum</strong></span> <span class='ocrx_word' id='word_1_260' title='bbox 2227 2037 2507 2104; x_wconf 87' lang='lat' dir='ltr'><strong>collector,</strong></span> <span class='ocrx_word' id='word_1_261' title='bbox 2558 2038 2710 2093; x_wconf 89' lang='lat' dir='ltr'><strong>verbi</strong></span> <span class='ocrx_word' id='word_1_262' title='bbox 2744 2040 2979 2110; x_wconf 86' lang='lat' dir='ltr'><strong>procedit</strong></span> <span class='ocrx_word' id='word_1_263' title='bbox 3010 2041 3120 2095; x_wconf 85' lang='lat' dir='ltr'><strong>vim</strong></span> <span class='ocrx_word' id='word_1_264' title='bbox 3157 2057 3280 2096; x_wconf 87' lang='lat' dir='ltr'><strong>esse</strong></span> <span class='ocrx_word' id='word_1_265' title='bbox 3310 2042 3475 2096; x_wconf 84' lang='lat' dir='ltr'><strong>dicti-</strong></span> <span class='ocrx_word' id='word_1_266' title='bbox 3542 2068 3549 2077; x_wconf 74' lang='grc' dir='ltr'>ι</span> 
     </span>
    </p>
   </div>
   <div class='ocr_carea' id='block_1_38' title="bbox 240 2130 1806 2211">
    <p class='ocr_par' dir='ltr' id='par_1_38' title="bbox 240 2130 1800 2211">
     <span class='ocr_line' id='line_1_38' title="bbox 240 2130 1800 2211; baseline -0.007 -17"><span class='ocrx_word' id='word_1_267' title='bbox 240 2137 468 2211; x_wconf 74' lang='grc' dir='ltr'>εἰρηκὼς</span> <span class='ocrx_word' id='word_1_268' title='bbox 517 2137 546 2188; x_wconf 82' lang='grc' dir='ltr'><strong>ὁ</strong></span> <span class='ocrx_word' id='word_1_269' title='bbox 599 2135 737 2196; x_wconf 87' lang='grc' dir='ltr'>θεῖος</span> <span class='ocrx_word' id='word_1_270' title='bbox 769 2133 1135 2205; x_wconf 82' lang='grc' dir='ltr'>μυστολέκτης</span> <span class='ocrx_word' id='word_1_271' title='bbox 1171 2133 1268 2203; x_wconf 84' lang='grc' dir='ltr'>τὴν</span> <span class='ocrx_word' id='word_1_272' title='bbox 1294 2130 1387 2185; x_wconf 83' lang='grc' dir='ltr'><strong>τοῦ</strong></span> <span class='ocrx_word' id='word_1_273' title='bbox 1415 2131 1800 2198; x_wconf 75' lang='grc' dir='ltr'><strong>ἐκπορεύεται</strong></span> 
     </span>
    </p>
   </div>
   <div class='ocr_carea' id='block_1_39' title="bbox 1907 2130 3483 2211">
    <p class='ocr_par' dir='ltr' id='par_1_39' title="bbox 1907 2130 3483 2204">
     <span class='ocr_line' id='line_1_39' title="bbox 1907 2130 3483 2204; baseline 0.004 -20"><span class='ocrx_word' id='word_1_274' title='bbox 1907 2136 2000 2196; x_wconf 88' lang='lat' dir='ltr'><strong>tat,</strong></span> <span class='ocrx_word' id='word_1_275' title='bbox 2051 2138 2111 2185; x_wconf 89' lang='lat' dir='ltr'><strong>ut</strong></span> <span class='ocrx_word' id='word_1_276' title='bbox 2182 2144 2277 2199; x_wconf 88' lang='lat' dir='ltr'><strong>per</strong></span> <span class='ocrx_word' id='word_1_277' title='bbox 2318 2130 2448 2186; x_wconf 77' lang='lat' dir='ltr'><strong>iliud</strong></span> <span class='ocrx_word' id='word_1_278' title='bbox 2501 2132 2854 2203; x_wconf 72' lang='lat' dir='ltr'><strong>generationis</strong></span> <span class='ocrx_word' id='word_1_279' title='bbox 2923 2149 3123 2190; x_wconf 89' lang='lat' dir='ltr'><strong>nomen</strong></span> <span class='ocrx_word' id='word_1_280' title='bbox 3177 2135 3483 2204; x_wconf 64' lang='lat' dir='ltr'><strong>praeteriret</strong></span> 
     </span>
    </p>
   </div>
   <div class='ocr_carea' id='block_1_40' title="bbox 234 2220 1806 2303">
    <p class='ocr_par' dir='ltr' id='par_1_40' title="bbox 234 2220 1801 2303">
     <span class='ocr_line' id='line_1_40' title="bbox 234 2220 1801 2303; baseline -0.008 -18"><span class='ocrx_word' id='word_1_281' title='bbox 234 2234 484 2303; x_wconf 84' lang='grc' dir='ltr'>δύναμιν,</span> <span class='ocrx_word' id='word_1_282' title='bbox 511 2230 586 2292; x_wconf 84' lang='grc' dir='ltr'>ὡς</span> <span class='ocrx_word' id='word_1_283' title='bbox 617 2228 705 2281; x_wconf 84' lang='grc' dir='ltr'><strong>ῐνα</strong></span> <span class='ocrx_word' id='word_1_284' title='bbox 740 2227 807 2279; x_wconf 88' lang='grc' dir='ltr'>δι’</span> <span class='ocrx_word' id='word_1_285' title='bbox 839 2224 1006 2279; x_wconf 88' lang='grc' dir='ltr'>αὐτοῦ</span> <span class='ocrx_word' id='word_1_286' title='bbox 1032 2224 1094 2277; x_wconf 86' lang='grc' dir='ltr'><strong>τδ</strong></span> <span class='ocrx_word' id='word_1_287' title='bbox 1146 2224 1244 2294; x_wconf 81' lang='grc' dir='ltr'><strong>τῆς</strong></span> <span class='ocrx_word' id='word_1_288' title='bbox 1289 2223 1594 2292; x_wconf 73' lang='grc' dir='ltr'>γεννήσεως</span> <span class='ocrx_word' id='word_1_289' title='bbox 1630 2220 1801 2290; x_wconf 75' lang='grc' dir='ltr'>ὄνομα</span> 
     </span>
    </p>
   </div>
   <div class='ocr_carea' id='block_1_41' title="bbox 1907 2220 3479 2303">
    <p class='ocr_par' dir='ltr' id='par_1_41' title="bbox 1907 2220 3479 2295">
     <span class='ocr_line' id='line_1_41' title="bbox 1907 2220 3479 2295; baseline 0.004 -18"><span class='ocrx_word' id='word_1_290' title='bbox 1907 2220 2187 2293; x_wconf 87' lang='lat' dir='ltr'><strong>Scriptura</strong></span> <span class='ocrx_word' id='word_1_291' title='bbox 2209 2259 2227 2288; x_wconf 90' lang='lat'><strong>,</strong></span> <span class='ocrx_word' id='word_1_292' title='bbox 2274 2234 2329 2277; x_wconf 90' lang='lat' dir='ltr'><strong>et</strong></span> <span class='ocrx_word' id='word_1_293' title='bbox 2363 2238 2474 2278; x_wconf 90' lang='lat' dir='ltr'><strong>non</strong></span> <span class='ocrx_word' id='word_1_294' title='bbox 2503 2224 2697 2280; x_wconf 89' lang='lat' dir='ltr'><strong>Filium</strong></span> <span class='ocrx_word' id='word_1_295' title='bbox 2733 2224 2996 2295; x_wconf 85' lang='lat' dir='ltr'><strong>Spiritum</strong></span> <span class='ocrx_word' id='word_1_296' title='bbox 3036 2227 3479 2295; x_wconf 77' lang='lat' dir='ltr'><strong>demonstraret,</strong></span> 
     </span>
    </p>
   </div>
   <div class='ocr_carea' id='block_1_42' title="bbox 235 2312 1806 2399">
    <p class='ocr_par' dir='ltr' id='par_1_42' title="bbox 235 2313 1803 2399">
     <span class='ocr_line' id='line_1_42' title="bbox 235 2313 1803 2399; baseline -0.01 -18"><span class='ocrx_word' id='word_1_297' title='bbox 235 2325 487 2399; x_wconf 78' lang='grc' dir='ltr'>ἠΓραφὴ</span> <span class='ocrx_word' id='word_1_298' title='bbox 515 2321 780 2393; x_wconf 77' lang='grc' dir='ltr'><strong>παρέλθῃ,</strong></span> <span class='ocrx_word' id='word_1_299' title='bbox 806 2321 902 2372; x_wconf 79' lang='grc' dir='ltr'><strong>καὶ</strong></span> <span class='ocrx_word' id='word_1_300' title='bbox 952 2318 1027 2389; x_wconf 76' lang='grc' dir='ltr'>μὴ</span> <span class='ocrx_word' id='word_1_301' title='bbox 1071 2317 1318 2386; x_wconf 76' lang='grc' dir='ltr'>γέννημα</span> <span class='ocrx_word' id='word_1_302' title='bbox 1366 2315 1697 2388; x_wconf 77' lang='grc' dir='ltr'>παραστήσῃ</span> <span class='ocrx_word' id='word_1_303' title='bbox 1739 2313 1803 2367; x_wconf 87' lang='grc' dir='ltr'><strong>τὸ</strong></span> 
     </span>
    </p>
   </div>
   <div class='ocr_carea' id='block_1_43' title="bbox 1907 2312 3479 2399">
    <p class='ocr_par' dir='ltr' id='par_1_43' title="bbox 1907 2312 3479 2389">
     <span class='ocr_line' id='line_1_43' title="bbox 1907 2312 3479 2389; baseline 0.004 -23"><span class='ocrx_word' id='word_1_304' title='bbox 1907 2327 2027 2381; x_wconf 63' lang='lat' dir='ltr'><strong>quae</strong></span> <span class='ocrx_word' id='word_1_305' title='bbox 2068 2312 2416 2381; x_wconf 85' lang='lat' dir='ltr'><strong>postmodum</strong></span> <span class='ocrx_word' id='word_1_306' title='bbox 2465 2313 2744 2369; x_wconf 84' lang='lat' dir='ltr'><strong>subsecuti</strong></span> <span class='ocrx_word' id='word_1_307' title='bbox 2790 2315 3010 2385; x_wconf 88' lang='lat' dir='ltr'><strong>pietatis</strong></span> <span class='ocrx_word' id='word_1_308' title='bbox 3044 2326 3479 2389; x_wconf 76' lang='lat' dir='ltr'><strong>propugnatores</strong></span> 
     </span>
    </p>
   </div>
   <div class='ocr_carea' id='block_1_44' title="bbox 237 2403 1806 2485">
    <p class='ocr_par' dir='ltr' id='par_1_44' title="bbox 237 2405 1801 2485">
     <span class='ocr_line' id='line_1_44' title="bbox 237 2405 1801 2485; baseline -0.008 -15"><span class='ocrx_word' id='word_1_309' title='bbox 237 2415 479 2485; x_wconf 81' lang='grc' dir='ltr'>Πνεῦμα,</span> <span class='ocrx_word' id='word_1_310' title='bbox 510 2412 656 2481; x_wconf 74' lang='grc' dir='ltr'>ἅπερ</span> <span class='ocrx_word' id='word_1_311' title='bbox 677 2411 728 2463; x_wconf 78' lang='grc' dir='ltr'><strong>οἱ</strong></span> <span class='ocrx_word' id='word_1_312' title='bbox 757 2407 991 2477; x_wconf 79' lang='grc' dir='ltr'>καθεξῆς</span> <span class='ocrx_word' id='word_1_313' title='bbox 1011 2406 1265 2478; x_wconf 79' lang='grc' dir='ltr'>πρόϐολοι</span> <span class='ocrx_word' id='word_1_314' title='bbox 1294 2406 1396 2475; x_wconf 77' lang='grc' dir='ltr'><strong>τῆς</strong></span> <span class='ocrx_word' id='word_1_315' title='bbox 1418 2405 1698 2470; x_wconf 75' lang='grc' dir='ltr'>εὐσεϐείας</span> <span class='ocrx_word' id='word_1_316' title='bbox 1720 2406 1801 2468; x_wconf 78' lang='grc' dir='ltr'><strong>είς</strong></span> 
     </span>
    </p>
   </div>
   <div class='ocr_carea' id='block_1_45' title="bbox 1907 2403 3479 2485">
    <p class='ocr_par' dir='ltr' id='par_1_45' title="bbox 1908 2403 3479 2475">
     <span class='ocr_line' id='line_1_45' title="bbox 1908 2403 3479 2475; baseline 0.004 -16"><span class='ocrx_word' id='word_1_317' title='bbox 1908 2404 2165 2475; x_wconf 83' lang='lat' dir='ltr'><strong>dictionis</strong></span> <span class='ocrx_word' id='word_1_318' title='bbox 2195 2403 2503 2461; x_wconf 76' lang='lat' dir='ltr'><strong>ﬁnitionem</strong></span> <span class='ocrx_word' id='word_1_319' title='bbox 2534 2416 2866 2472; x_wconf 88' lang='lat' dir='ltr'><strong>statuerunt,</strong></span> <span class='ocrx_word' id='word_1_320' title='bbox 2896 2408 3063 2462; x_wconf 89' lang='lat' dir='ltr'><strong>alium</strong></span> <span class='ocrx_word' id='word_1_321' title='bbox 3088 2410 3236 2463; x_wconf 85' lang='lat' dir='ltr'><strong>hunc</strong></span> <span class='ocrx_word' id='word_1_322' title='bbox 3257 2409 3479 2465; x_wconf 86' lang='lat' dir='ltr'><strong>modum</strong></span> 
     </span>
    </p>
   </div>
   <div class='ocr_carea' id='block_1_46' title="bbox 234 2496 1806 2580">
    <p class='ocr_par' dir='ltr' id='par_1_46' title="bbox 234 2497 1804 2580">
     <span class='ocr_line' id='line_1_46' title="bbox 234 2497 1804 2580; baseline -0.008 -18"><span class='ocrx_word' id='word_1_323' title='bbox 234 2512 357 2580; x_wconf 81' lang='grc' dir='ltr'>ὅρον</span> <span class='ocrx_word' id='word_1_324' title='bbox 386 2507 488 2576; x_wconf 81' lang='grc' dir='ltr'>τῆς</span> <span class='ocrx_word' id='word_1_325' title='bbox 512 2502 708 2568; x_wconf 78' lang='grc' dir='ltr'>λέξεως</span> <span class='ocrx_word' id='word_1_326' title='bbox 739 2502 1069 2572; x_wconf 79' lang='grc' dir='ltr'>ἁφιέρωσαν,</span> <span class='ocrx_word' id='word_1_327' title='bbox 1100 2498 1258 2552; x_wconf 72' lang='grc' dir='ltr'>ἄλλον</span> <span class='ocrx_word' id='word_1_328' title='bbox 1287 2498 1489 2569; x_wconf 83' lang='grc' dir='ltr'>τρόπον</span> <span class='ocrx_word' id='word_1_329' title='bbox 1516 2497 1804 2569; x_wconf 78' lang='grc' dir='ltr'>ὑπάρξεως</span> 
     </span>
    </p>
   </div>
   <div class='ocr_carea' id='block_1_47' title="bbox 1907 2496 3474 2580">
    <p class='ocr_par' dir='ltr' id='par_1_47' title="bbox 1908 2496 3474 2568">
     <span class='ocr_line' id='line_1_47' title="bbox 1908 2496 3474 2568; baseline 0.001 -15"><span class='ocrx_word' id='word_1_330' title='bbox 1908 2496 2237 2553; x_wconf 67' lang='lat' dir='ltr'><strong>exsistentia</strong></span> <span class='ocrx_word' id='word_1_331' title='bbox 2260 2496 2330 2553; x_wconf 88' lang='lat' dir='ltr'><strong>ab</strong></span> <span class='ocrx_word' id='word_1_332' title='bbox 2355 2510 2426 2553; x_wconf 90' lang='lat' dir='ltr'><strong>eo</strong></span> <span class='ocrx_word' id='word_1_333' title='bbox 2453 2499 2546 2567; x_wconf 87' lang='lat' dir='ltr'><strong>qui</strong></span> <span class='ocrx_word' id='word_1_334' title='bbox 2565 2499 2937 2568; x_wconf 75' lang='lat' dir='ltr'><strong>generationis</strong></span> <span class='ocrx_word' id='word_1_335' title='bbox 2965 2509 3071 2566; x_wconf 87' lang='lat' dir='ltr'><strong>est,</strong></span> <span class='ocrx_word' id='word_1_336' title='bbox 3096 2515 3163 2556; x_wconf 89' lang='lat' dir='ltr'><strong>ac</strong></span> <span class='ocrx_word' id='word_1_337' title='bbox 3192 2500 3474 2557; x_wconf 79' lang='lat' dir='ltr'><strong>diversum</strong></span> 
     </span>
    </p>
   </div>
   <div class='ocr_carea' id='block_1_48' title="bbox 232 2590 1807 2672">
    <p class='ocr_par' dir='ltr' id='par_1_48' title="bbox 232 2590 1807 2672">
     <span class='ocr_line' id='line_1_48' title="bbox 232 2590 1807 2672; baseline -0.006 -19"><span class='ocrx_word' id='word_1_338' title='bbox 232 2600 383 2672; x_wconf 73' lang='grc' dir='ltr'>παρὰ</span> <span class='ocrx_word' id='word_1_339' title='bbox 414 2597 512 2650; x_wconf 77' lang='grc' dir='ltr'><strong>τὸν</strong></span> <span class='ocrx_word' id='word_1_340' title='bbox 543 2597 642 2665; x_wconf 83' lang='grc' dir='ltr'>τῆς</span> <span class='ocrx_word' id='word_1_341' title='bbox 670 2596 998 2664; x_wconf 77' lang='grc' dir='ltr'>γεννήσεως,</span> <span class='ocrx_word' id='word_1_342' title='bbox 1024 2594 1117 2646; x_wconf 71' lang='grc' dir='ltr'><strong>καὶ</strong></span> <span class='ocrx_word' id='word_1_343' title='bbox 1141 2592 1396 2662; x_wconf 81' lang='grc' dir='ltr'>διάφορον</span> <span class='ocrx_word' id='word_1_344' title='bbox 1419 2590 1621 2662; x_wconf 83' lang='grc' dir='ltr'>τρόπον</span> <span class='ocrx_word' id='word_1_345' title='bbox 1646 2591 1807 2644; x_wconf 74' lang='grc' dir='ltr'>καλέ-</span> 
     </span>
    </p>
   </div>
   <div class='ocr_carea' id='block_1_49' title="bbox 236 2682 1808 2757">
    <p class='ocr_par' dir='ltr' id='par_1_49' title="bbox 236 2682 1808 2757">
     <span class='ocr_line' id='line_1_49' title="bbox 236 2682 1808 2757; baseline -0.008 -9"><span class='ocrx_word' id='word_1_346' title='bbox 236 2708 448 2757; x_wconf 76' lang='grc' dir='ltr'>σαντες,</span> <span class='ocrx_word' id='word_1_347' title='bbox 505 2688 653 2751; x_wconf 82' lang='grc' dir='ltr'>τέλος</span> <span class='ocrx_word' id='word_1_348' title='bbox 687 2689 764 2750; x_wconf 77' lang='grc' dir='ltr'><strong>είς</strong></span> <span class='ocrx_word' id='word_1_349' title='bbox 800 2685 994 2739; x_wconf 76' lang='grc' dir='ltr'>ταυτὸν</span> <span class='ocrx_word' id='word_1_350' title='bbox 1029 2685 1161 2739; x_wconf 84' lang='grc' dir='ltr'>αὐτὸ</span> <span class='ocrx_word' id='word_1_351' title='bbox 1188 2684 1251 2738; x_wconf 81' lang='grc' dir='ltr'>τὸ</span> <span class='ocrx_word' id='word_1_352' title='bbox 1276 2683 1666 2752; x_wconf 78' lang='grc' dir='ltr'>ἐκπορεύεται</span> <span class='ocrx_word' id='word_1_353' title='bbox 1711 2682 1808 2736; x_wconf 76' lang='grc' dir='ltr'>καὶ</span> 
     </span>
    </p>
   </div>
   <div class='ocr_carea' id='block_1_50' title="bbox 230 2774 1809 2855">
    <p class='ocr_par' dir='ltr' id='par_1_50' title="bbox 230 2774 1809 2855">
     <span class='ocr_line' id='line_1_50' title="bbox 230 2774 1809 2855; baseline -0.008 -15"><span class='ocrx_word' id='word_1_354' title='bbox 230 2782 484 2855; x_wconf 72' lang='grc' dir='ltr'>πηγάζει</span> <span class='ocrx_word' id='word_1_355' title='bbox 511 2779 815 2844; x_wconf 80' lang='grc' dir='ltr'>συντάττει,</span> <span class='ocrx_word' id='word_1_356' title='bbox 843 2777 917 2840; x_wconf 83' lang='grc' dir='ltr'>ὡς</span> <span class='ocrx_word' id='word_1_357' title='bbox 939 2777 1033 2831; x_wconf 70' lang='grc' dir='ltr'><strong>καὶ</strong></span> <span class='ocrx_word' id='word_1_358' title='bbox 1061 2776 1226 2846; x_wconf 76' lang='grc' dir='ltr'>ἄμφω</span> <span class='ocrx_word' id='word_1_359' title='bbox 1253 2777 1316 2828; x_wconf 80' lang='grc' dir='ltr'>τὸ</span> <span class='ocrx_word' id='word_1_360' title='bbox 1342 2774 1438 2828; x_wconf 87' lang='grc' dir='ltr'><strong>τοῦ</strong></span> <span class='ocrx_word' id='word_1_361' title='bbox 1468 2775 1668 2848; x_wconf 87' lang='grc' dir='ltr'>τρόπου</span> <span class='ocrx_word' id='word_1_362' title='bbox 1692 2775 1809 2828; x_wconf 74' lang='grc' dir='ltr'>ἓτε-</span> 
     </span>
    </p>
   </div>
   <div class='ocr_carea' id='block_1_51' title="bbox 1908 2588 3480 2664">
    <p class='ocr_par' dir='ltr' id='par_1_51' title="bbox 1908 2588 3480 2664">
     <span class='ocr_line' id='line_1_51' title="bbox 1908 2588 3480 2664; baseline 0.002 -22"><span class='ocrx_word' id='word_1_363' title='bbox 1908 2595 2312 2657; x_wconf 86' lang='lat' dir='ltr'><strong>nuncupantes,</strong></span> <span class='ocrx_word' id='word_1_364' title='bbox 2337 2588 2555 2644; x_wconf 83' lang='lat' dir='ltr'><strong>tandem</strong></span> <span class='ocrx_word' id='word_1_365' title='bbox 2598 2588 2662 2644; x_wconf 82' lang='lat' dir='ltr'><strong>in</strong></span> <span class='ocrx_word' id='word_1_366' title='bbox 2690 2590 2882 2646; x_wconf 91' lang='lat' dir='ltr'><strong>eodem</strong></span> <span class='ocrx_word' id='word_1_367' title='bbox 2914 2591 3035 2648; x_wconf 86' lang='lat' dir='ltr'><strong>loco</strong></span> <span class='ocrx_word' id='word_1_368' title='bbox 3060 2592 3216 2664; x_wconf 85' lang='lat' dir='ltr'><strong>ponit</strong></span> <span class='ocrx_word' id='word_1_369' title='bbox 3239 2593 3480 2664; x_wconf 85' lang='lat' dir='ltr'><strong>procedit</strong></span> 
     </span>
    </p>
   </div>
   <div class='ocr_carea' id='block_1_52' title="bbox 1909 2679 3480 2752">
    <p class='ocr_par' dir='ltr' id='par_1_52' title="bbox 1909 2679 3480 2752">
     <span class='ocr_line' id='line_1_52' title="bbox 1909 2679 3480 2752; baseline 0.004 -17"><span class='ocrx_word' id='word_1_370' title='bbox 1909 2689 1965 2735; x_wconf 89' lang='lat' dir='ltr'><strong>et</strong></span> <span class='ocrx_word' id='word_1_371' title='bbox 1988 2679 2183 2747; x_wconf 75' lang='lat' dir='ltr'><strong>exsilit,</strong></span> <span class='ocrx_word' id='word_1_372' title='bbox 2212 2690 2467 2750; x_wconf 89' lang='lat' dir='ltr'><strong>tanquam</strong></span> <span class='ocrx_word' id='word_1_373' title='bbox 2498 2696 2620 2752; x_wconf 85' lang='lat' dir='ltr'><strong>quae</strong></span> <span class='ocrx_word' id='word_1_374' title='bbox 2642 2682 2803 2738; x_wconf 89' lang='lat' dir='ltr'><strong>ambo</strong></span> <span class='ocrx_word' id='word_1_375' title='bbox 2829 2684 3052 2739; x_wconf 86' lang='lat' dir='ltr'><strong>modum</strong></span> <span class='ocrx_word' id='word_1_376' title='bbox 3085 2685 3363 2751; x_wconf 85' lang='lat' dir='ltr'><strong>diversum</strong></span> <span class='ocrx_word' id='word_1_377' title='bbox 3387 2700 3480 2741; x_wconf 83' lang='lat' dir='ltr'><strong>ex-</strong></span> 
     </span>
    </p>
   </div>
   <div class='ocr_carea' id='block_1_53' title="bbox 1911 2770 3484 2845">
    <p class='ocr_par' dir='ltr' id='par_1_53' title="bbox 1911 2770 3484 2845">
     <span class='ocr_line' id='line_1_53' title="bbox 1911 2770 3484 2845; baseline 0.004 -18"><span class='ocrx_word' id='word_1_378' title='bbox 1911 2770 2176 2827; x_wconf 76' lang='lat' dir='ltr'><strong>sistentize</strong></span> <span class='ocrx_word' id='word_1_379' title='bbox 2226 2770 2488 2827; x_wconf 82' lang='lat' dir='ltr'><strong>inferunt.</strong></span> <span class='ocrx_word' id='word_1_380' title='bbox 2543 2772 2778 2829; x_wconf 72' lang='lat' dir='ltr'><strong>Exsitirs</strong></span> <span class='ocrx_word' id='word_1_381' title='bbox 2824 2789 2991 2845; x_wconf 87' lang='lat' dir='ltr'><strong>porro</strong></span> <span class='ocrx_word' id='word_1_382' title='bbox 3034 2785 3089 2830; x_wconf 91' lang='lat' dir='ltr'><strong>et</strong></span> <span class='ocrx_word' id='word_1_383' title='bbox 3134 2770 3203 2832; x_wconf 81' lang='lat' dir='ltr'><strong>dé</strong></span> <span class='ocrx_word' id='word_1_384' title='bbox 3250 2777 3389 2834; x_wconf 84' lang='lat' dir='ltr'><strong>Filio</strong></span> <span class='ocrx_word' id='word_1_385' title='bbox 3425 2780 3484 2833; x_wconf 86' lang='lat' dir='ltr'><strong>in</strong></span> 
     </span>
    </p>
   </div>
   <div class='ocr_carea' id='block_1_54' title="bbox 234 2865 1806 2948">
    <p class='ocr_par' dir='ltr' id='par_1_54' title="bbox 234 2865 1806 2948">
     <span class='ocr_line' id='line_1_54' title="bbox 234 2865 1806 2948; baseline -0.004 -21"><span class='ocrx_word' id='word_1_386' title='bbox 234 2894 326 2948; x_wconf 82' lang='grc' dir='ltr'><strong>ρον</strong></span> <span class='ocrx_word' id='word_1_387' title='bbox 360 2876 461 2943; x_wconf 83' lang='grc' dir='ltr'>τῆς</span> <span class='ocrx_word' id='word_1_388' title='bbox 496 2871 784 2943; x_wconf 79' lang='grc' dir='ltr'>ὑπάρξεως</span> <span class='ocrx_word' id='word_1_389' title='bbox 808 2868 1231 2941; x_wconf 80' lang='grc' dir='ltr'>παριστάνοντα.</span> <span class='ocrx_word' id='word_1_390' title='bbox 1259 2868 1384 2921; x_wconf 82' lang='grc' dir='ltr'>Ὀτι</span> <span class='ocrx_word' id='word_1_391' title='bbox 1407 2867 1467 2920; x_wconf 69' lang='grc' dir='ltr'>δὲ</span> <span class='ocrx_word' id='word_1_392' title='bbox 1484 2870 1543 2921; x_wconf 88' lang='grc' dir='ltr'>τὸ</span> <span class='ocrx_word' id='word_1_393' title='bbox 1561 2865 1806 2937; x_wconf 78' lang='grc' dir='ltr'>πηγάζει</span> 
     </span>
    </p>
   </div>
   <div class='ocr_carea' id='block_1_55' title="bbox 1907 2865 3484 2948">
    <p class='ocr_par' dir='ltr' id='par_1_55' title="bbox 1916 2865 3484 2945">
     <span class='ocr_line' id='line_1_55' title="bbox 1916 2865 3484 2945; baseline 0.004 -28"><span class='ocrx_word' id='word_1_394' title='bbox 1916 2865 2106 2919; x_wconf 88' lang='lat' dir='ltr'><strong>multis</strong></span> <span class='ocrx_word' id='word_1_395' title='bbox 2131 2879 2195 2920; x_wconf 88' lang='lat' dir='ltr'><strong>ac</strong></span> <span class='ocrx_word' id='word_1_396' title='bbox 2223 2865 2522 2945; x_wconf 68' lang='lat' dir='ltr'><strong>saepissime</strong></span> <span class='ocrx_word' id='word_1_397' title='bbox 2557 2865 2901 2937; x_wconf 85' lang='lat' dir='ltr'><strong>Scripturam</strong></span> <span class='ocrx_word' id='word_1_398' title='bbox 2929 2882 3192 2936; x_wconf 78' lang='lat' dir='ltr'><strong>usurpare</strong></span> <span class='ocrx_word' id='word_1_399' title='bbox 3219 2872 3439 2941; x_wconf 77' lang='lat' dir='ltr'><strong>agnosci</strong></span> <span class='ocrx_word' id='word_1_400' title='bbox 3465 2910 3484 2938; x_wconf 92' lang='lat'><strong>,</strong></span> 
     </span>
    </p>
   </div>
   <div class='ocr_carea' id='block_1_56' title="bbox 230 2957 1806 3035">
    <p class='ocr_par' dir='ltr' id='par_1_56' title="bbox 230 2961 1806 3032">
     <span class='ocr_line' id='line_1_56' title="bbox 230 2961 1806 3032; baseline -0.006 -10"><span class='ocrx_word' id='word_1_401' title='bbox 230 2970 324 3022; x_wconf 71' lang='grc' dir='ltr'><strong>καὶ</strong></span> <span class='ocrx_word' id='word_1_402' title='bbox 355 2966 457 3020; x_wconf 75' lang='grc' dir='ltr'><strong>ἐπὶ</strong></span> <span class='ocrx_word' id='word_1_403' title='bbox 486 2964 581 3019; x_wconf 90' lang='grc' dir='ltr'><strong>τοῦ</strong></span> <span class='ocrx_word' id='word_1_404' title='bbox 619 2963 750 3017; x_wconf 81' lang='grc' dir='ltr'>Υὶοῦ</span> <span class='ocrx_word' id='word_1_405' title='bbox 774 2965 831 3017; x_wconf 74' lang='grc' dir='ltr'>ἐν</span> <span class='ocrx_word' id='word_1_406' title='bbox 859 2962 1075 3026; x_wconf 86' lang='grc' dir='ltr'>πολλοῖς</span> <span class='ocrx_word' id='word_1_407' title='bbox 1110 2963 1204 3016; x_wconf 72' lang='grc' dir='ltr'><strong>κα)⁸</strong></span> <span class='ocrx_word' id='word_1_408' title='bbox 1253 2962 1531 3026; x_wconf 77' lang='grc' dir='ltr'><strong>πολλάκις·</strong></span> <span class='ocrx_word' id='word_1_409' title='bbox 1554 2962 1589 3032; x_wconf 75' lang='grc' dir='ltr'><strong>η</strong></span> <span class='ocrx_word' id='word_1_410' title='bbox 1622 2961 1806 3032; x_wconf 76' lang='grc' dir='ltr'>Γραφὴ</span> 
     </span>
    </p>
   </div>
   <div class='ocr_carea' id='block_1_57' title="bbox 1907 2957 3485 3035">
    <p class='ocr_par' dir='ltr' id='par_1_57' title="bbox 1914 2957 3485 3035">
     <span class='ocr_line' id='line_1_57' title="bbox 1914 2957 3485 3035; baseline 0.004 -22"><span class='ocrx_word' id='word_1_411' title='bbox 1914 2958 2094 3030; x_wconf 86' lang='lat' dir='ltr'><strong>palam</strong></span> <span class='ocrx_word' id='word_1_412' title='bbox 2124 2957 2272 3024; x_wconf 82' lang='lat' dir='ltr'><strong>facit,</strong></span> <span class='ocrx_word' id='word_1_413' title='bbox 2312 2959 2406 3029; x_wconf 88' lang='lat' dir='ltr'><strong>qui</strong></span> <span class='ocrx_word' id='word_1_414' title='bbox 2435 2959 2830 3030; x_wconf 78' lang='lat' dir='ltr'><strong>Cbrysostomo</strong></span> <span class='ocrx_word' id='word_1_415' title='bbox 2855 2961 3116 3031; x_wconf 81' lang='lat' dir='ltr'><strong>grandior</strong></span> <span class='ocrx_word' id='word_1_416' title='bbox 3145 2973 3326 3025; x_wconf 66' lang='lat' dir='ltr'><strong>aetate.</strong></span> <span class='ocrx_word' id='word_1_417' title='bbox 3355 2979 3485 3035; x_wconf 81' lang='lat' dir='ltr'><strong>erga</strong></span> 
     </span>
    </p>
   </div>
   <div class='ocr_carea' id='block_1_58' title="bbox 228 3050 1806 3131">
    <p class='ocr_par' dir='ltr' id='par_1_58' title="bbox 228 3054 1806 3131">
     <span class='ocr_line' id='line_1_58' title="bbox 228 3054 1806 3131; baseline -0.005 -16"><span class='ocrx_word' id='word_1_418' title='bbox 228 3059 604 3131; x_wconf 78' lang='grc' dir='ltr'>διατρανοῦσα</span> <span class='ocrx_word' id='word_1_419' title='bbox 635 3054 980 3127; x_wconf 78' lang='grc' dir='ltr'>γνωρίζεται,</span> <span class='ocrx_word' id='word_1_420' title='bbox 1017 3056 1175 3126; x_wconf 77' lang='grc' dir='ltr'>δῆλον</span> <span class='ocrx_word' id='word_1_421' title='bbox 1205 3059 1298 3109; x_wconf 78' lang='grc' dir='ltr'><strong>καὶ</strong></span> <span class='ocrx_word' id='word_1_422' title='bbox 1328 3061 1353 3110; x_wconf 86' lang='grc' dir='ltr'><strong>ό</strong></span> <span class='ocrx_word' id='word_1_423' title='bbox 1401 3056 1509 3128; x_wconf 76' lang='grc' dir='ltr'>πρὸ</span> <span class='ocrx_word' id='word_1_424' title='bbox 1538 3056 1632 3109; x_wconf 89' lang='grc' dir='ltr'><strong>τοῦ</strong></span> <span class='ocrx_word' id='word_1_425' title='bbox 1662 3055 1806 3126; x_wconf 84' lang='grc' dir='ltr'>Χρυ-</span> 
     </span>
    </p>
   </div>
   <div class='ocr_carea' id='block_1_59' title="bbox 1907 3050 3490 3131">
    <p class='ocr_par' dir='ltr' id='par_1_59' title="bbox 1915 3050 3490 3121">
     <span class='ocr_line' id='line_1_59' title="bbox 1915 3050 3490 3121; baseline 0.004 -17"><span class='ocrx_word' id='word_1_426' title='bbox 1915 3050 2086 3104; x_wconf 89' lang='lat' dir='ltr'><strong>Deum</strong></span> <span class='ocrx_word' id='word_1_427' title='bbox 2118 3067 2247 3105; x_wconf 88' lang='lat' dir='ltr'><strong>vero</strong></span> <span class='ocrx_word' id='word_1_428' title='bbox 2273 3050 2439 3108; x_wconf 87' lang='lat' dir='ltr'><strong>rebus</strong></span> <span class='ocrx_word' id='word_1_429' title='bbox 2465 3052 2635 3121; x_wconf 89' lang='lat' dir='ltr'><strong>gestis</strong></span> <span class='ocrx_word' id='word_1_430' title='bbox 2656 3061 2711 3108; x_wconf 90' lang='lat' dir='ltr'><strong>et</strong></span> <span class='ocrx_word' id='word_1_431' title='bbox 2738 3052 3085 3108; x_wconf 78' lang='lat' dir='ltr'><strong>sermonibus</strong></span> <span class='ocrx_word' id='word_1_432' title='bbox 3112 3068 3345 3110; x_wconf 89' lang='lat' dir='ltr'><strong>concors</strong></span> <span class='ocrx_word' id='word_1_433' title='bbox 3375 3072 3490 3110; x_wconf 54' lang='lat' dir='ltr'><strong>uta.</strong></span> 
     </span>
    </p>
   </div>
   <div class='ocr_carea' id='block_1_60' title="bbox 228 3142 1806 3223">
    <p class='ocr_par' dir='ltr' id='par_1_60' title="bbox 228 3146 1806 3223">
     <span class='ocr_line' id='line_1_60' title="bbox 228 3146 1806 3223; baseline -0.004 -16"><span class='ocrx_word' id='word_1_434' title='bbox 228 3154 458 3223; x_wconf 80' lang='grc' dir='ltr'>σολόγου</span> <span class='ocrx_word' id='word_1_435' title='bbox 492 3149 571 3221; x_wconf 83' lang='grc' dir='ltr'>τῷ</span> <span class='ocrx_word' id='word_1_436' title='bbox 599 3150 797 3221; x_wconf 84' lang='grc' dir='ltr'>χρόνῳ,</span> <span class='ocrx_word' id='word_1_437' title='bbox 828 3150 942 3213; x_wconf 74' lang='grc' dir='ltr'>τοῖς</span> <span class='ocrx_word' id='word_1_438' title='bbox 971 3147 1027 3201; x_wconf 81' lang='grc' dir='ltr'>δὲ</span> <span class='ocrx_word' id='word_1_439' title='bbox 1057 3147 1203 3201; x_wconf 78' lang='grc' dir='ltr'>κατᾶ</span> <span class='ocrx_word' id='word_1_440' title='bbox 1222 3148 1354 3201; x_wconf 80' lang='grc' dir='ltr'>Θεὸν</span> <span class='ocrx_word' id='word_1_441' title='bbox 1383 3147 1564 3218; x_wconf 75' lang='grc' dir='ltr'>ἔργοις</span> <span class='ocrx_word' id='word_1_442' title='bbox 1595 3147 1690 3200; x_wconf 75' lang='grc' dir='ltr'><strong>καὶ</strong></span> <span class='ocrx_word' id='word_1_443' title='bbox 1720 3146 1806 3200; x_wconf 91' lang='grc' dir='ltr'>λό-</span> 
     </span>
    </p>
   </div>
   <div class='ocr_carea' id='block_1_61' title="bbox 1907 3142 3491 3223">
    <p class='ocr_par' dir='ltr' id='par_1_61' title="bbox 1917 3142 3491 3212">
     <span class='ocr_line' id='line_1_61' title="bbox 1917 3142 3491 3212; baseline 0.005 -18"><span class='ocrx_word' id='word_1_444' title='bbox 1917 3155 2057 3212; x_wconf 87' lang='lat' dir='ltr'><strong>gnus</strong></span> <span class='ocrx_word' id='word_1_445' title='bbox 2091 3142 2583 3197; x_wconf 79' lang='lat' dir='ltr'><strong>Alexandrinorum</strong></span> <span class='ocrx_word' id='word_1_446' title='bbox 2617 3152 2803 3212; x_wconf 84' lang='lat' dir='ltr'><strong>pastor</strong></span> <span class='ocrx_word' id='word_1_447' title='bbox 2843 3144 3201 3212; x_wconf 80' lang='lat' dir='ltr'><strong>Athanasius,</strong></span> <span class='ocrx_word' id='word_1_448' title='bbox 3238 3146 3294 3201; x_wconf 87' lang='lat' dir='ltr'><strong>in</strong></span> <span class='ocrx_word' id='word_1_449' title='bbox 3322 3147 3491 3202; x_wconf 81' lang='lat' dir='ltr'><strong>collo-</strong></span> 
     </span>
    </p>
   </div>
   <div class='ocr_carea' id='block_1_62' title="bbox 224 3230 1806 3326">
    <p class='ocr_par' dir='ltr' id='par_1_62' title="bbox 224 3240 1806 3316">
     <span class='ocr_line' id='line_1_62' title="bbox 224 3240 1806 3316; baseline -0.006 -15"><span class='ocrx_word' id='word_1_450' title='bbox 224 3263 344 3316; x_wconf 81' lang='grc' dir='ltr'>τοις</span> <span class='ocrx_word' id='word_1_451' title='bbox 381 3245 716 3315; x_wconf 74' lang='grc' dir='ltr'>ὁμότροπος,</span> <span class='ocrx_word' id='word_1_452' title='bbox 747 3243 775 3295; x_wconf 89' lang='grc' dir='ltr'><strong>ὁ</strong></span> <span class='ocrx_word' id='word_1_453' title='bbox 821 3241 931 3295; x_wconf 83' lang='grc' dir='ltr'>τῶν</span> <span class='ocrx_word' id='word_1_454' title='bbox 960 3240 1363 3312; x_wconf 70' lang='grc' dir='ltr'>’Δλεξανδρέων</span> <span class='ocrx_word' id='word_1_455' title='bbox 1394 3244 1565 3310; x_wconf 81' lang='grc' dir='ltr'>μέγας</span> <span class='ocrx_word' id='word_1_456' title='bbox 1606 3240 1806 3311; x_wconf 81' lang='grc' dir='ltr'>ποιμὴν</span> 
     </span>
    </p>
   </div>
   <div class='ocr_carea' id='block_1_63' title="bbox 1907 3230 3494 3326">
    <p class='ocr_par' dir='ltr' id='par_1_63' title="bbox 1918 3230 3494 3301">
     <span class='ocr_line' id='line_1_63' title="bbox 1918 3230 3494 3301; baseline 0.006 -18"><span class='ocrx_word' id='word_1_457' title='bbox 1918 3230 2068 3299; x_wconf 91' lang='lat' dir='ltr'><strong>quio,</strong></span> <span class='ocrx_word' id='word_1_458' title='bbox 2095 3232 2242 3301; x_wconf 91' lang='lat' dir='ltr'><strong>quod</strong></span> <span class='ocrx_word' id='word_1_459' title='bbox 2278 3230 2371 3287; x_wconf 79' lang='lat' dir='ltr'><strong>ille</strong></span> <span class='ocrx_word' id='word_1_460' title='bbox 2399 3232 2772 3299; x_wconf 81' lang='lat' dir='ltr'><strong>concinnavit,</strong></span> <span class='ocrx_word' id='word_1_461' title='bbox 2801 3231 3107 3291; x_wconf 79' lang='lat' dir='ltr'><strong>Orthodoxi</strong></span> <span class='ocrx_word' id='word_1_462' title='bbox 3134 3245 3191 3292; x_wconf 91' lang='lat' dir='ltr'><strong>et</strong></span> <span class='ocrx_word' id='word_1_463' title='bbox 3241 3235 3494 3293; x_wconf 80' lang='lat' dir='ltr'><strong>Macedo-</strong></span> 
     </span>
    </p>
   </div>
   <div class='ocr_carea' id='block_1_64' title="bbox 224 3325 1806 3408">
    <p class='ocr_par' dir='ltr' id='par_1_64' title="bbox 224 3326 1806 3408">
     <span class='ocr_line' id='line_1_64' title="bbox 224 3326 1806 3408; baseline -0.006 -14"><span class='ocrx_word' id='word_1_464' title='bbox 224 3337 563 3398; x_wconf 76' lang='grc' dir='ltr'>Ἀθανὰσιος</span> <span class='ocrx_word' id='word_1_465' title='bbox 619 3337 677 3389; x_wconf 79' lang='grc' dir='ltr'>ὲν</span> <span class='ocrx_word' id='word_1_466' title='bbox 728 3326 1028 3408; x_wconf 76' lang='grc' dir='ltr'>ᾖποεεῐται</span> <span class='ocrx_word' id='word_1_467' title='bbox 1083 3332 1317 3396; x_wconf 79' lang='grc' dir='ltr'>διαλέξει</span> <span class='ocrx_word' id='word_1_468' title='bbox 1377 3331 1689 3404; x_wconf 76' lang='grc' dir='ltr'>Ὀρθοδόξου</span> <span class='ocrx_word' id='word_1_469' title='bbox 1725 3332 1806 3384; x_wconf 71' lang='grc' dir='ltr'>καὶ</span> 
     </span>
    </p>
   </div>
   <div class='ocr_carea' id='block_1_65' title="bbox 1907 3325 3494 3408">
    <p class='ocr_par' dir='ltr' id='par_1_65' title="bbox 1920 3325 3494 3392">
     <span class='ocr_line' id='line_1_65' title="bbox 1920 3325 3494 3392; baseline 0.005 -11"><span class='ocrx_word' id='word_1_470' title='bbox 1920 3325 2106 3392; x_wconf 88' lang='lat' dir='ltr'><strong>niani,</strong></span> <span class='ocrx_word' id='word_1_471' title='bbox 2156 3327 2225 3382; x_wconf 89' lang='lat' dir='ltr'><strong>de</strong></span> <span class='ocrx_word' id='word_1_472' title='bbox 2274 3325 2434 3382; x_wconf 70' lang='lat' dir='ltr'><strong>verbo</strong></span> <span class='ocrx_word' id='word_1_473' title='bbox 2488 3327 2703 3383; x_wconf 73' lang='lat' dir='ltr'><strong>exsilire</strong></span> <span class='ocrx_word' id='word_1_474' title='bbox 2731 3329 2848 3385; x_wconf 76' lang='lat' dir='ltr'><strong>haec</strong></span> <span class='ocrx_word' id='word_1_475' title='bbox 2888 3331 3081 3386; x_wconf 83' lang='lat' dir='ltr'><strong>scribit</strong></span> <span class='ocrx_word' id='word_1_476' title='bbox 3126 3348 3142 3387; x_wconf 92' lang='lat'><strong>:</strong></span> <span class='ocrx_word' id='word_1_477' title='bbox 3183 3351 3203 3384; x_wconf 75' lang='grc' dir='ltr'><strong>ι</strong></span> <span class='ocrx_word' id='word_1_478' title='bbox 3242 3332 3398 3388; x_wconf 77' lang='lat' dir='ltr'><strong>Absit</strong></span> <span class='ocrx_word' id='word_1_479' title='bbox 3434 3343 3494 3390; x_wconf 87' lang='lat' dir='ltr'><strong>ut</strong></span> 
     </span>
    </p>
   </div>
   <div class='ocr_carea' id='block_1_66' title="bbox 221 3419 1806 3501">
    <p class='ocr_par' dir='ltr' id='par_1_66' title="bbox 221 3422 1806 3501">
     <span class='ocr_line' id='line_1_66' title="bbox 221 3422 1806 3501; baseline -0.006 -15"><span class='ocrx_word' id='word_1_480' title='bbox 221 3425 669 3489; x_wconf 78' lang='grc' dir='ltr'>Μακεδονιανοῦ,</span> <span class='ocrx_word' id='word_1_481' title='bbox 720 3426 850 3497; x_wconf 63' lang='grc' dir='ltr'><strong>περ)⁸</strong></span> <span class='ocrx_word' id='word_1_482' title='bbox 899 3423 992 3478; x_wconf 88' lang='grc' dir='ltr'><strong>τοῦ</strong></span> <span class='ocrx_word' id='word_1_483' title='bbox 1032 3422 1281 3494; x_wconf 77' lang='grc' dir='ltr'>πηγάζει</span> <span class='ocrx_word' id='word_1_484' title='bbox 1314 3424 1457 3501; x_wconf 26' lang='grc' dir='ltr'>τάδε-</span> <span class='ocrx_word' id='word_1_485' title='bbox 1500 3422 1806 3493; x_wconf 88' lang='grc' dir='ltr'>συντίθησι·</span> 
     </span>
    </p>
   </div>
   <div class='ocr_carea' id='block_1_67' title="bbox 1907 3419 3491 3501">
    <p class='ocr_par' dir='ltr' id='par_1_67' title="bbox 1920 3419 3491 3495">
     <span class='ocr_line' id='line_1_67' title="bbox 1920 3419 3491 3495; baseline 0.006 -23"><span class='ocrx_word' id='word_1_486' title='bbox 1920 3419 2038 3489; x_wconf 88' lang='lat' dir='ltr'><strong>ipse</strong></span> <span class='ocrx_word' id='word_1_487' title='bbox 2064 3419 2238 3474; x_wconf 90' lang='lat' dir='ltr'><strong>dicam</strong></span> <span class='ocrx_word' id='word_1_488' title='bbox 2264 3419 2623 3475; x_wconf 86' lang='lat' dir='ltr'><strong>adventitium</strong></span> <span class='ocrx_word' id='word_1_489' title='bbox 2654 3422 2786 3492; x_wconf 88' lang='lat' dir='ltr'><strong>quid</strong></span> <span class='ocrx_word' id='word_1_490' title='bbox 2814 3436 2937 3478; x_wconf 87' lang='lat' dir='ltr'><strong>esse</strong></span> <span class='ocrx_word' id='word_1_491' title='bbox 2962 3422 3020 3477; x_wconf 92' lang='lat' dir='ltr'><strong>in</strong></span> <span class='ocrx_word' id='word_1_492' title='bbox 3044 3424 3251 3495; x_wconf 82' lang='lat' dir='ltr'><strong>Spiritu</strong></span> <span class='ocrx_word' id='word_1_493' title='bbox 3272 3436 3491 3481; x_wconf 85' lang='lat' dir='ltr'><strong>sancto.</strong></span> 
     </span>
    </p>
   </div>
   <div class='ocr_carea' id='block_1_68' title="bbox 226 3509 1806 3593">
    <p class='ocr_par' dir='ltr' id='par_1_68' title="bbox 226 3514 1806 3593">
     <span class='ocr_line' id='line_1_68' title="bbox 226 3514 1806 3593; baseline -0.005 -18"><span class='ocrx_word' id='word_1_494' title='bbox 226 3541 247 3575; x_wconf 83' lang='lat' dir='ltr'><strong>t</strong></span> <span class='ocrx_word' id='word_1_495' title='bbox 278 3523 377 3593; x_wconf 77' lang='grc' dir='ltr'><strong>Μή</strong></span> <span class='ocrx_word' id='word_1_496' title='bbox 416 3538 521 3591; x_wconf 90' lang='grc' dir='ltr'><strong>μοι</strong></span> <span class='ocrx_word' id='word_1_497' title='bbox 544 3521 751 3588; x_wconf 84' lang='grc' dir='ltr'>γένοιτο</span> <span class='ocrx_word' id='word_1_498' title='bbox 778 3518 955 3571; x_wconf 79' lang='grc' dir='ltr'>εἰπεῖν</span> <span class='ocrx_word' id='word_1_499' title='bbox 990 3516 1283 3586; x_wconf 82' lang='grc' dir='ltr'>ὲπίκτητόν</span> <span class='ocrx_word' id='word_1_500' title='bbox 1313 3533 1366 3569; x_wconf 87' lang='grc' dir='ltr'><strong>τι</strong></span> <span class='ocrx_word' id='word_1_501' title='bbox 1396 3515 1488 3568; x_wconf 77' lang='grc' dir='ltr'><strong>ἐπὶ</strong></span> <span class='ocrx_word' id='word_1_502' title='bbox 1522 3514 1615 3569; x_wconf 84' lang='grc' dir='ltr'><strong>τοῦ</strong></span> <span class='ocrx_word' id='word_1_503' title='bbox 1650 3516 1806 3568; x_wconf 71' lang='lat' dir='ltr'><strong>Ilvati-</strong></span> 
     </span>
    </p>
   </div>
   <div class='ocr_carea' id='block_1_69' title="bbox 1907 3509 3497 3593">
    <p class='ocr_par' dir='ltr' id='par_1_69' title="bbox 1922 3509 3497 3589">
     <span class='ocr_line' id='line_1_69' title="bbox 1922 3509 3497 3589; baseline 0.006 -25"><span class='ocrx_word' id='word_1_504' title='bbox 1922 3509 2106 3580; x_wconf 78' lang='lat' dir='ltr'><strong>Neque</strong></span> <span class='ocrx_word' id='word_1_505' title='bbox 2136 3510 2282 3566; x_wconf 88' lang='lat' dir='ltr'><strong>enim</strong></span> <span class='ocrx_word' id='word_1_506' title='bbox 2312 3521 2584 3577; x_wconf 88' lang='lat' dir='ltr'><strong>sanctum,</strong></span> <span class='ocrx_word' id='word_1_507' title='bbox 2634 3528 2813 3585; x_wconf 91' lang='lat' dir='ltr'><strong>neque</strong></span> <span class='ocrx_word' id='word_1_508' title='bbox 2844 3515 3282 3587; x_wconf 77' lang='lat' dir='ltr'><strong>ineorruptibile,</strong></span> <span class='ocrx_word' id='word_1_509' title='bbox 3316 3532 3497 3589; x_wconf 83' lang='lat' dir='ltr'><strong>neque</strong></span> 
     </span>
    </p>
   </div>
   <div class='ocr_carea' id='block_1_70' title="bbox 221 3602 1806 3684">
    <p class='ocr_par' dir='ltr' id='par_1_70' title="bbox 221 3604 1806 3684">
     <span class='ocr_line' id='line_1_70' title="bbox 221 3604 1806 3684; baseline -0.003 -19"><span class='ocrx_word' id='word_1_510' title='bbox 221 3627 428 3684; x_wconf 83' lang='grc' dir='ltr'>ματος.</span> <span class='ocrx_word' id='word_1_511' title='bbox 455 3606 604 3663; x_wconf 78' lang='grc' dir='ltr'>Οὔτε</span> <span class='ocrx_word' id='word_1_512' title='bbox 633 3609 740 3678; x_wconf 79' lang='grc' dir='ltr'>γὰρ</span> <span class='ocrx_word' id='word_1_513' title='bbox 765 3608 827 3660; x_wconf 84' lang='grc' dir='ltr'><strong>τδ</strong></span> <span class='ocrx_word' id='word_1_514' title='bbox 854 3605 1029 3675; x_wconf 76' lang='grc' dir='ltr'>ἅγιον,</span> <span class='ocrx_word' id='word_1_515' title='bbox 1061 3605 1184 3659; x_wconf 78' lang='grc' dir='ltr'>οὐτε</span> <span class='ocrx_word' id='word_1_516' title='bbox 1215 3605 1276 3659; x_wconf 81' lang='grc' dir='ltr'><strong>τὸ</strong></span> <span class='ocrx_word' id='word_1_517' title='bbox 1298 3605 1588 3675; x_wconf 74' lang='grc' dir='ltr'>ἄφθαρτον,</span> <span class='ocrx_word' id='word_1_518' title='bbox 1614 3604 1736 3659; x_wconf 81' lang='grc' dir='ltr'>οὐτε</span> <span class='ocrx_word' id='word_1_519' title='bbox 1756 3606 1806 3660; x_wconf 72' lang='grc' dir='ltr'><strong>τί</strong></span> 
     </span>
    </p>
   </div>
   <div class='ocr_carea' id='block_1_71' title="bbox 1907 3602 3497 3684">
    <p class='ocr_par' dir='ltr' id='par_1_71' title="bbox 1921 3602 3497 3677">
     <span class='ocr_line' id='line_1_71' title="bbox 1921 3602 3497 3677; baseline 0.005 -22"><span class='ocrx_word' id='word_1_520' title='bbox 1921 3602 2251 3667; x_wconf 82' lang='lat' dir='ltr'><strong>immortale,</strong></span> <span class='ocrx_word' id='word_1_521' title='bbox 2282 3617 2460 3672; x_wconf 87' lang='lat' dir='ltr'><strong>neque</strong></span> <span class='ocrx_word' id='word_1_522' title='bbox 2483 3603 2632 3660; x_wconf 89' lang='lat' dir='ltr'><strong>aliud</strong></span> <span class='ocrx_word' id='word_1_523' title='bbox 2658 3605 2938 3676; x_wconf 90' lang='lat' dir='ltr'><strong>quidpiam</strong></span> <span class='ocrx_word' id='word_1_524' title='bbox 2970 3608 3115 3677; x_wconf 89' lang='lat' dir='ltr'><strong>quod</strong></span> <span class='ocrx_word' id='word_1_525' title='bbox 3141 3609 3209 3664; x_wconf 88' lang='lat' dir='ltr'><strong>de</strong></span> <span class='ocrx_word' id='word_1_526' title='bbox 3236 3610 3345 3664; x_wconf 85' lang='lat' dir='ltr'><strong>Deo</strong></span> <span class='ocrx_word' id='word_1_527' title='bbox 3371 3626 3497 3665; x_wconf 55' lang='lat' dir='ltr'><strong>con.</strong></span> 
     </span>
    </p>
   </div>
   <div class='ocr_carea' id='block_1_72' title="bbox 219 3697 1820 3768">
    <p class='ocr_par' dir='ltr' id='par_1_72' title="bbox 219 3697 1820 3768">
     <span class='ocr_line' id='line_1_72' title="bbox 219 3697 1820 3768; baseline -0.003 -12"><span class='ocrx_word' id='word_1_528' title='bbox 219 3704 539 3765; x_wconf 79' lang='grc' dir='ltr'>αθάνατον,</span> <span class='ocrx_word' id='word_1_529' title='bbox 578 3698 702 3753; x_wconf 86' lang='grc' dir='ltr'>οὐτε</span> <span class='ocrx_word' id='word_1_530' title='bbox 729 3698 859 3753; x_wconf 77' lang='grc' dir='ltr'>ἄλλο</span> <span class='ocrx_word' id='word_1_531' title='bbox 881 3715 934 3750; x_wconf 89' lang='grc' dir='ltr'><strong>τι</strong></span> <span class='ocrx_word' id='word_1_532' title='bbox 963 3697 1073 3751; x_wconf 82' lang='grc' dir='ltr'><strong>τῶν</strong></span> <span class='ocrx_word' id='word_1_533' title='bbox 1105 3702 1234 3768; x_wconf 75' lang='grc' dir='ltr'>περὶ</span> <span class='ocrx_word' id='word_1_534' title='bbox 1268 3697 1400 3750; x_wconf 86' lang='grc' dir='ltr'>Θεὸν</span> <span class='ocrx_word' id='word_1_535' title='bbox 1434 3697 1820 3768; x_wconf 66' lang='grc' dir='ltr'>θεωρουμένων</span> 
     </span>
    </p>
   </div>
   <div class='ocr_carea' id='block_1_73' title="bbox 212 3787 1821 3865">
    <p class='ocr_par' dir='ltr' id='par_1_73' title="bbox 212 3787 1821 3865">
     <span class='ocr_line' id='line_1_73' title="bbox 212 3787 1821 3865; baseline -0.003 -17"><span class='ocrx_word' id='word_1_536' title='bbox 212 3797 372 3865; x_wconf 71' lang='grc' dir='ltr'>λέγω</span> <span class='ocrx_word' id='word_1_537' title='bbox 406 3791 561 3851; x_wconf 77' lang='grc' dir='ltr'>εἶναι</span> <span class='ocrx_word' id='word_1_538' title='bbox 585 3792 875 3863; x_wconf 69' lang='grc' dir='ltr'>ἐπίκτητον</span> <span class='ocrx_word' id='word_1_539' title='bbox 896 3787 975 3861; x_wconf 80' lang='grc' dir='ltr'>τῷ</span> <span class='ocrx_word' id='word_1_540' title='bbox 1006 3789 1147 3859; x_wconf 84' lang='grc' dir='ltr'>ἁγίῳ</span> <span class='ocrx_word' id='word_1_541' title='bbox 1163 3789 1442 3859; x_wconf 77' lang='grc' dir='ltr'>Πνεῦματι</span> <span class='ocrx_word' id='word_1_542' title='bbox 1458 3804 1473 3819; x_wconf 85' lang='lat'><strong><em>°</em></strong></span> <span class='ocrx_word' id='word_1_543' title='bbox 1507 3788 1642 3844; x_wconf 80' lang='grc' dir='ltr'>ἀλλὰ</span> <span class='ocrx_word' id='word_1_544' title='bbox 1663 3787 1821 3858; x_wconf 74' lang='grc' dir='ltr'>φύσει</span> 
     </span>
    </p>
   </div>
   <div class='ocr_carea' id='block_1_74' title="bbox 218 3876 1822 3954">
    <p class='ocr_par' dir='ltr' id='par_1_74' title="bbox 218 3876 1822 3954">
     <span class='ocr_line' id='line_1_74' title="bbox 218 3876 1822 3954; baseline -0.002 -19"><span class='ocrx_word' id='word_1_545' title='bbox 218 3876 414 3954; x_wconf 54' lang='grc' dir='ltr'>Ξὲιον,</span> <span class='ocrx_word' id='word_1_546' title='bbox 478 3881 648 3951; x_wconf 81' lang='grc' dir='ltr'>φύσει</span> <span class='ocrx_word' id='word_1_547' title='bbox 685 3879 910 3949; x_wconf 72' lang='grc' dir='ltr'>ἀγαθὸν,</span> <span class='ocrx_word' id='word_1_548' title='bbox 973 3878 1131 3948; x_wconf 82' lang='grc' dir='ltr'>φύσει</span> <span class='ocrx_word' id='word_1_549' title='bbox 1176 3877 1451 3948; x_wconf 79' lang='grc' dir='ltr'>ἄφθαρτον</span> <span class='ocrx_word' id='word_1_550' title='bbox 1500 3880 1575 3943; x_wconf 85' lang='grc' dir='ltr'><strong>ὡς</strong></span> <span class='ocrx_word' id='word_1_551' title='bbox 1600 3879 1822 3950; x_wconf 80' lang='grc' dir='ltr'>Πνεῦμα</span> 
     </span>
    </p>
   </div>
   <div class='ocr_carea' id='block_1_75' title="bbox 213 3970 1813 4042">
    <p class='ocr_par' dir='ltr' id='par_1_75' title="bbox 213 3970 1813 4042">
     <span class='ocr_line' id='line_1_75' title="bbox 213 3970 1813 4042; baseline -0.004 -13"><span class='ocrx_word' id='word_1_552' title='bbox 213 3977 361 4031; x_wconf 70' lang='grc' dir='ltr'>θεοῦ</span> <span class='ocrx_word' id='word_1_553' title='bbox 389 3974 500 4029; x_wconf 74' lang='grc' dir='ltr'>καὶ</span> <span class='ocrx_word' id='word_1_554' title='bbox 535 3972 598 4039; x_wconf 75' lang='grc' dir='ltr'>ἐξ</span> <span class='ocrx_word' id='word_1_555' title='bbox 624 3972 788 4029; x_wconf 79' lang='grc' dir='ltr'>αὐτοῦ</span> <span class='ocrx_word' id='word_1_556' title='bbox 811 3970 1078 4042; x_wconf 55' lang='grc' dir='ltr'>πηγόζον,</span> <span class='ocrx_word' id='word_1_557' title='bbox 1109 3970 1284 4024; x_wconf 83' lang='grc' dir='ltr'>εῐτουν</span> <span class='ocrx_word' id='word_1_558' title='bbox 1309 3972 1813 4041; x_wconf 67' lang='grc' dir='ltr'>ζὲκπορευόμενον.»</span> 
     </span>
    </p>
   </div>
   <div class='ocr_carea' id='block_1_76' title="bbox 212 4062 1826 4136">
    <p class='ocr_par' dir='ltr' id='par_1_76' title="bbox 212 4062 1826 4136">
     <span class='ocr_line' id='line_1_76' title="bbox 212 4062 1826 4136; baseline -0.002 -15"><span class='ocrx_word' id='word_1_559' title='bbox 212 4071 241 4121; x_wconf 84' lang='lat' dir='ltr'><strong>&#39;l</strong></span> <span class='ocrx_word' id='word_1_560' title='bbox 261 4069 345 4123; x_wconf 87' lang='grc' dir='ltr'>ὦν</span> <span class='ocrx_word' id='word_1_561' title='bbox 375 4066 484 4122; x_wconf 80' lang='grc' dir='ltr'><strong>οὖν</strong></span> <span class='ocrx_word' id='word_1_562' title='bbox 520 4066 1024 4136; x_wconf 81' lang='grc' dir='ltr'>Πνευματομάχων,</span> <span class='ocrx_word' id='word_1_563' title='bbox 1058 4064 1133 4127; x_wconf 80' lang='grc' dir='ltr'>ὡς</span> <span class='ocrx_word' id='word_1_564' title='bbox 1159 4063 1228 4117; x_wconf 82' lang='grc' dir='ltr'>τὰ</span> <span class='ocrx_word' id='word_1_565' title='bbox 1257 4063 1353 4117; x_wconf 88' lang='grc' dir='ltr'><strong>τοῦ</strong></span> <span class='ocrx_word' id='word_1_566' title='bbox 1385 4062 1542 4132; x_wconf 85' lang='grc' dir='ltr'>λόγου</span> <span class='ocrx_word' id='word_1_567' title='bbox 1573 4063 1661 4118; x_wconf 76' lang='grc' dir='ltr'><strong>διὰ</strong></span> <span class='ocrx_word' id='word_1_568' title='bbox 1690 4064 1826 4136; x_wconf 84' lang='grc' dir='ltr'>βρα-</span> 
     </span>
    </p>
   </div>
   <div class='ocr_carea' id='block_1_77' title="bbox 207 4155 1825 4233">
    <p class='ocr_par' dir='ltr' id='par_1_77' title="bbox 207 4155 1825 4233">
     <span class='ocr_line' id='line_1_77' title="bbox 207 4155 1825 4233; baseline -0.004 -17"><span class='ocrx_word' id='word_1_569' title='bbox 207 4162 365 4233; x_wconf 72' lang='grc' dir='ltr'>χέων</span> <span class='ocrx_word' id='word_1_570' title='bbox 390 4158 1010 4229; x_wconf 83' lang='grc' dir='ltr'>ἀνακεφαλαιώσωμεν,</span> <span class='ocrx_word' id='word_1_571' title='bbox 1034 4156 1098 4209; x_wconf 76' lang='grc' dir='ltr'>ἐκ</span> <span class='ocrx_word' id='word_1_572' title='bbox 1118 4155 1213 4209; x_wconf 88' lang='grc' dir='ltr'><strong>τοῦ</strong></span> <span class='ocrx_word' id='word_1_573' title='bbox 1241 4156 1340 4227; x_wconf 81' lang='grc' dir='ltr'>τὴν</span> <span class='ocrx_word' id='word_1_574' title='bbox 1362 4156 1529 4211; x_wconf 84' lang='grc' dir='ltr'>δυάδα</span> <span class='ocrx_word' id='word_1_575' title='bbox 1556 4156 1665 4210; x_wconf 82' lang='grc' dir='ltr'><strong>τῶν</strong></span> <span class='ocrx_word' id='word_1_576' title='bbox 1686 4158 1825 4210; x_wconf 77' lang='grc' dir='ltr'>ὐποο</span> 
     </span>
    </p>
   </div>
   <div class='ocr_carea' id='block_1_78' title="bbox 209 4239 1869 4324">
    <p class='ocr_par' dir='ltr' id='par_1_78' title="bbox 209 4239 1869 4324">
     <span class='ocr_line' id='line_1_78' title="bbox 209 4239 1869 4324; baseline -0.005 -14"><span class='ocrx_word' id='word_1_577' title='bbox 209 4257 485 4311; x_wconf 79' lang='grc' dir='ltr'>στάσεων</span> <span class='ocrx_word' id='word_1_578' title='bbox 516 4255 589 4307; x_wconf 82' lang='grc' dir='ltr'>ὲκ</span> <span class='ocrx_word' id='word_1_579' title='bbox 621 4239 740 4324; x_wconf 80' lang='grc' dir='ltr'>τῆς</span> <span class='ocrx_word' id='word_1_580' title='bbox 764 4253 1037 4323; x_wconf 81' lang='grc' dir='ltr'>πατρικῆς</span> <span class='ocrx_word' id='word_1_581' title='bbox 1065 4250 1253 4314; x_wconf 86' lang='grc' dir='ltr'>οὐσίας</span> <span class='ocrx_word' id='word_1_582' title='bbox 1280 4247 1653 4317; x_wconf 85' lang='grc' dir='ltr'>θεολογεῖσθαι</span> <span class='ocrx_word' id='word_1_583' title='bbox 1676 4249 1869 4303; x_wconf 76' lang='grc' dir='ltr'>ἀδελ-ο·</span> 
     </span>
    </p>
   </div>
   <div class='ocr_carea' id='block_1_79' title="bbox 197 4340 1825 4422">
    <p class='ocr_par' dir='ltr' id='par_1_79' title="bbox 197 4340 1825 4422">
     <span class='ocr_line' id='line_1_79' title="bbox 197 4340 1825 4422; baseline -0.005 -21"><span class='ocrx_word' id='word_1_584' title='bbox 197 4349 389 4422; x_wconf 76' lang='grc' dir='ltr'>φικὴν</span> <span class='ocrx_word' id='word_1_585' title='bbox 422 4345 841 4415; x_wconf 83' lang='grc' dir='ltr'>ὁμοουσιότητα</span> <span class='ocrx_word' id='word_1_586' title='bbox 879 4343 1242 4412; x_wconf 80' lang='grc' dir='ltr'>συναγόντων,</span> <span class='ocrx_word' id='word_1_587' title='bbox 1274 4343 1389 4407; x_wconf 72' lang='grc' dir='ltr'>καὶ,</span> <span class='ocrx_word' id='word_1_588' title='bbox 1430 4340 1542 4394; x_wconf 84' lang='grc' dir='ltr'><strong>Ποῦ</strong></span> <span class='ocrx_word' id='word_1_589' title='bbox 1572 4340 1632 4394; x_wconf 81' lang='grc' dir='ltr'><strong>τὸ</strong></span> <span class='ocrx_word' id='word_1_590' title='bbox 1665 4358 1825 4413; x_wconf 89' lang='grc' dir='ltr'>μονο-</span> 
     </span>
    </p>
   </div>
   <div class='ocr_carea' id='block_1_80' title="bbox 198 4437 1827 4510">
    <p class='ocr_par' dir='ltr' id='par_1_80' title="bbox 198 4437 1827 4510">
     <span class='ocr_line' id='line_1_80' title="bbox 198 4437 1827 4510; baseline -0.003 -15"><span class='ocrx_word' id='word_1_591' title='bbox 198 4443 414 4510; x_wconf 80' lang='grc' dir='ltr'>γενέςς</span> <span class='ocrx_word' id='word_1_592' title='bbox 496 4437 1124 4509; x_wconf 66' lang='grc' dir='ltr'>ἀντιωρατιθεμένων,</span> <span class='ocrx_word' id='word_1_593' title='bbox 1197 4438 1490 4493; x_wconf 76' lang='grc' dir='ltr'>κάντεῦθεν</span> <span class='ocrx_word' id='word_1_594' title='bbox 1545 4438 1620 4502; x_wconf 82' lang='grc' dir='ltr'>ὡς</span> <span class='ocrx_word' id='word_1_595' title='bbox 1670 4437 1827 4491; x_wconf 84' lang='grc' dir='ltr'>τοῦτο</span> 
     </span>
    </p>
   </div>
   <div class='ocr_carea' id='block_1_81' title="bbox 190 4526 1806 4604">
    <p class='ocr_par' dir='ltr' id='par_1_81' title="bbox 190 4526 1806 4604">
     <span class='ocr_line' id='line_1_81' title="bbox 190 4526 1806 4604; baseline -0.002 -18"><span class='ocrx_word' id='word_1_596' title='bbox 190 4535 474 4604; x_wconf 81' lang='grc' dir='ltr'>τηροῐτο,</span> <span class='ocrx_word' id='word_1_597' title='bbox 521 4529 609 4601; x_wconf 80' lang='grc' dir='ltr'>μὴ</span> <span class='ocrx_word' id='word_1_598' title='bbox 637 4530 702 4583; x_wconf 71' lang='grc' dir='ltr'>ἑκ</span> <span class='ocrx_word' id='word_1_599' title='bbox 728 4531 829 4600; x_wconf 83' lang='grc' dir='ltr'>τῆς</span> <span class='ocrx_word' id='word_1_600' title='bbox 855 4530 1046 4593; x_wconf 84' lang='grc' dir='ltr'>οὐσίας</span> <span class='ocrx_word' id='word_1_601' title='bbox 1078 4526 1220 4584; x_wconf 76' lang='grc' dir='ltr'>εἶναι</span> <span class='ocrx_word' id='word_1_602' title='bbox 1260 4530 1361 4600; x_wconf 81' lang='grc' dir='ltr'>τῆς</span> <span class='ocrx_word' id='word_1_603' title='bbox 1389 4530 1682 4601; x_wconf 80' lang='grc' dir='ltr'>πατρικῆς,</span> <span class='ocrx_word' id='word_1_604' title='bbox 1711 4529 1806 4583; x_wconf 85' lang='grc' dir='ltr'>ἀλλ</span> 
     </span>
    </p>
   </div>
   <div class='ocr_carea' id='block_1_82' title="bbox 1907 4526 3506 4604">
    <p class='ocr_par' dir='ltr' id='par_1_82' title="bbox 1930 4526 3506 4597">
     <span class='ocr_line' id='line_1_82' title="bbox 1930 4526 3506 4597; baseline 0.004 -18"><span class='ocrx_word' id='word_1_605' title='bbox 1930 4533 2168 4588; x_wconf 88' lang='lat' dir='ltr'><strong>varetur.</strong></span> <span class='ocrx_word' id='word_1_606' title='bbox 2219 4540 2330 4581; x_wconf 90' lang='lat' dir='ltr'><strong>non</strong></span> <span class='ocrx_word' id='word_1_607' title='bbox 2380 4541 2445 4581; x_wconf 82' lang='lat' dir='ltr'><strong>ex</strong></span> <span class='ocrx_word' id='word_1_608' title='bbox 2497 4526 2735 4582; x_wconf 83' lang='lat' dir='ltr'><strong>essentia</strong></span> <span class='ocrx_word' id='word_1_609' title='bbox 2774 4535 3024 4597; x_wconf 84' lang='lat' dir='ltr'><strong>paterna,</strong></span> <span class='ocrx_word' id='word_1_610' title='bbox 3065 4529 3161 4584; x_wconf 86' lang='lat' dir='ltr'><strong>sed</strong></span> <span class='ocrx_word' id='word_1_611' title='bbox 3198 4529 3255 4583; x_wconf 89' lang='lat' dir='ltr'><strong>in</strong></span> <span class='ocrx_word' id='word_1_612' title='bbox 3289 4541 3506 4587; x_wconf 85' lang='lat' dir='ltr'><strong>creatu-</strong></span> 
     </span>
    </p>
   </div>
   <div class='ocr_carea' id='block_1_83' title="bbox 193 4617 1806 4691">
    <p class='ocr_par' dir='ltr' id='par_1_83' title="bbox 193 4617 1806 4691">
     <span class='ocr_line' id='line_1_83' title="bbox 193 4617 1806 4691; baseline -0.003 -16"><span class='ocrx_word' id='word_1_613' title='bbox 193 4624 280 4686; x_wconf 69' lang='grc' dir='ltr'><strong>είς</strong></span> <span class='ocrx_word' id='word_1_614' title='bbox 309 4622 432 4691; x_wconf 80' lang='grc' dir='ltr'><strong>τὴν</strong></span> <span class='ocrx_word' id='word_1_615' title='bbox 467 4624 667 4673; x_wconf 80' lang='grc' dir='ltr'>κτίσιν</span> <span class='ocrx_word' id='word_1_616' title='bbox 689 4618 1037 4688; x_wconf 86' lang='grc' dir='ltr'>καταγόντων</span> <span class='ocrx_word' id='word_1_617' title='bbox 1063 4619 1286 4688; x_wconf 81' lang='grc' dir='ltr'>Πνεῦμα</span> <span class='ocrx_word' id='word_1_618' title='bbox 1313 4620 1374 4672; x_wconf 82' lang='grc' dir='ltr'>τὸ</span> <span class='ocrx_word' id='word_1_619' title='bbox 1403 4618 1581 4688; x_wconf 76' lang='grc' dir='ltr'>ἅγιον,</span> <span class='ocrx_word' id='word_1_620' title='bbox 1611 4621 1705 4673; x_wconf 70' lang='grc' dir='ltr'><strong>καὶ</strong></span> <span class='ocrx_word' id='word_1_621' title='bbox 1720 4617 1806 4671; x_wconf 63' lang='grc' dir='ltr'>τῶι</span> 
     </span>
    </p>
   </div>
   <div class='ocr_carea' id='block_1_84' title="bbox 1907 4617 3507 4691">
    <p class='ocr_par' dir='ltr' id='par_1_84' title="bbox 1935 4617 3507 4689">
     <span class='ocr_line' id='line_1_84' title="bbox 1935 4617 3507 4689; baseline 0.004 -17"><span class='ocrx_word' id='word_1_622' title='bbox 1935 4634 2051 4674; x_wconf 86' lang='lat' dir='ltr'><strong>ram</strong></span> <span class='ocrx_word' id='word_1_623' title='bbox 2086 4617 2354 4689; x_wconf 84' lang='lat' dir='ltr'><strong>Spiritum</strong></span> <span class='ocrx_word' id='word_1_624' title='bbox 2392 4628 2644 4675; x_wconf 86' lang='lat' dir='ltr'><strong>sanctum</strong></span> <span class='ocrx_word' id='word_1_625' title='bbox 2697 4620 2995 4687; x_wconf 80' lang='lat' dir='ltr'><strong>deterrent,</strong></span> <span class='ocrx_word' id='word_1_626' title='bbox 3044 4631 3100 4676; x_wconf 90' lang='lat' dir='ltr'><strong>et</strong></span> <span class='ocrx_word' id='word_1_627' title='bbox 3141 4638 3267 4678; x_wconf 87' lang='lat' dir='ltr'><strong>cum</strong></span> <span class='ocrx_word' id='word_1_628' title='bbox 3315 4638 3347 4679; x_wconf 88' lang='lat' dir='ltr'><strong>a</strong></span> <span class='ocrx_word' id='word_1_629' title='bbox 3393 4623 3507 4679; x_wconf 86' lang='lat' dir='ltr'><strong>Deo</strong></span> 
     </span>
    </p>
   </div>
   <div class='ocr_carea' id='block_1_85' title="bbox 192 4708 1806 4785">
    <p class='ocr_par' dir='ltr' id='par_1_85' title="bbox 192 4708 1806 4785">
     <span class='ocr_line' id='line_1_85' title="bbox 192 4708 1806 4785; baseline -0.005 -18"><span class='ocrx_word' id='word_1_630' title='bbox 192 4712 670 4785; x_wconf 62' lang='grc' dir='ltr'>ἳεοπροσλήτων</span> <span class='ocrx_word' id='word_1_631' title='bbox 695 4710 1025 4764; x_wconf 82' lang='grc' dir='ltr'>διδασκάλων</span> <span class='ocrx_word' id='word_1_632' title='bbox 1056 4710 1155 4781; x_wconf 84' lang='grc' dir='ltr'><strong>τὴν</strong></span> <span class='ocrx_word' id='word_1_633' title='bbox 1181 4710 1515 4781; x_wconf 76' lang='grc' dir='ltr'>ἁποσόὸησιν</span> <span class='ocrx_word' id='word_1_634' title='bbox 1546 4710 1706 4781; x_wconf 80' lang='grc' dir='ltr'>τῆσδε</span> <span class='ocrx_word' id='word_1_635' title='bbox 1728 4708 1806 4779; x_wconf 58' lang='lat' dir='ltr'><strong>sip</strong></span> 
     </span>
    </p>
   </div>
   <div class='ocr_carea' id='block_1_86' title="bbox 1907 4708 3505 4785">
    <p class='ocr_par' dir='ltr' id='par_1_86' title="bbox 1935 4708 3505 4784">
     <span class='ocr_line' id='line_1_86' title="bbox 1935 4708 3505 4784; baseline 0.004 -20"><span class='ocrx_word' id='word_1_636' title='bbox 1935 4708 2176 4764; x_wconf 87' lang='lat' dir='ltr'><strong>instituti</strong></span> <span class='ocrx_word' id='word_1_637' title='bbox 2204 4709 2448 4781; x_wconf 75' lang='lat' dir='ltr'><strong>magistri</strong></span> <span class='ocrx_word' id='word_1_638' title='bbox 2469 4711 2864 4781; x_wconf 82' lang='lat' dir='ltr'><strong>blasphemiam</strong></span> <span class='ocrx_word' id='word_1_639' title='bbox 2887 4713 3127 4768; x_wconf 86' lang='lat' dir='ltr'><strong>similem</strong></span> <span class='ocrx_word' id='word_1_640' title='bbox 3146 4714 3505 4784; x_wconf 85' lang='lat' dir='ltr'><strong>repellerent,</strong></span> 
     </span>
    </p>
   </div>
   <div class='ocr_carea' id='block_1_87' title="bbox 178 4799 1806 4878">
    <p class='ocr_par' dir='ltr' id='par_1_87' title="bbox 178 4801 1806 4878">
     <span class='ocr_line' id='line_1_87' title="bbox 178 4801 1806 4878; baseline -0.004 -19"><span class='ocrx_word' id='word_1_641' title='bbox 178 4806 565 4878; x_wconf 67' lang='grc' dir='ltr'>,ὶδσφημεας</span> <span class='ocrx_word' id='word_1_642' title='bbox 591 4802 1009 4875; x_wconf 83' lang='grc' dir='ltr'>παραδιδόντων,</span> <span class='ocrx_word' id='word_1_643' title='bbox 1040 4804 1106 4856; x_wconf 82' lang='grc' dir='ltr'>ὲκ</span> <span class='ocrx_word' id='word_1_644' title='bbox 1132 4801 1226 4855; x_wconf 89' lang='grc' dir='ltr'><strong>τοῦ</strong></span> <span class='ocrx_word' id='word_1_645' title='bbox 1251 4802 1343 4856; x_wconf 80' lang='grc' dir='ltr'><strong>τὸν</strong></span> <span class='ocrx_word' id='word_1_646' title='bbox 1372 4803 1473 4873; x_wconf 79' lang='grc' dir='ltr'><strong>μὲν</strong></span> <span class='ocrx_word' id='word_1_647' title='bbox 1497 4803 1626 4857; x_wconf 82' lang='grc' dir='ltr'>Υἱδν</span> <span class='ocrx_word' id='word_1_648' title='bbox 1649 4805 1713 4857; x_wconf 74' lang='grc' dir='ltr'>ὲκ</span> <span class='ocrx_word' id='word_1_649' title='bbox 1734 4803 1806 4855; x_wconf 71' lang='grc' dir='ltr'><strong>τοί</strong></span> 
     </span>
    </p>
   </div>
   <div class='ocr_carea' id='block_1_88' title="bbox 1907 4799 3506 4878">
    <p class='ocr_par' dir='ltr' id='par_1_88' title="bbox 1937 4799 3506 4878">
     <span class='ocr_line' id='line_1_88' title="bbox 1937 4799 3506 4878; baseline 0.005 -22"><span class='ocrx_word' id='word_1_650' title='bbox 1937 4801 2083 4873; x_wconf 90' lang='lat' dir='ltr'><strong>quod</strong></span> <span class='ocrx_word' id='word_1_651' title='bbox 2111 4799 2282 4856; x_wconf 85' lang='lat' dir='ltr'><strong>Filius</strong></span> <span class='ocrx_word' id='word_1_652' title='bbox 2311 4817 2377 4856; x_wconf 80' lang='lat' dir='ltr'><strong>ex</strong></span> <span class='ocrx_word' id='word_1_653' title='bbox 2410 4802 2587 4858; x_wconf 84' lang='lat' dir='ltr'><strong>Patris</strong></span> <span class='ocrx_word' id='word_1_654' title='bbox 2620 4804 2857 4859; x_wconf 87' lang='lat' dir='ltr'><strong>essentia</strong></span> <span class='ocrx_word' id='word_1_655' title='bbox 2885 4804 3300 4871; x_wconf 85' lang='lat' dir='ltr'><strong>decerneretur,</strong></span> <span class='ocrx_word' id='word_1_656' title='bbox 3328 4804 3506 4878; x_wconf 83' lang='lat' dir='ltr'><strong>Spiri-</strong></span> 
     </span>
    </p>
   </div>
   <div class='ocr_carea' id='block_1_89' title="bbox 182 4893 1806 4972">
    <p class='ocr_par' dir='ltr' id='par_1_89' title="bbox 182 4893 1806 4972">
     <span class='ocr_line' id='line_1_89' title="bbox 182 4893 1806 4972; baseline -0.008 -18"><span class='ocrx_word' id='word_1_657' title='bbox 182 4901 439 4972; x_wconf 73' lang='grc' dir='ltr'>Ματρὸς</span> <span class='ocrx_word' id='word_1_658' title='bbox 474 4894 946 4966; x_wconf 79' lang='grc' dir='ltr'>δογματίζεσθαι,</span> <span class='ocrx_word' id='word_1_659' title='bbox 991 4894 1053 4947; x_wconf 81' lang='grc' dir='ltr'><strong>τὸ</strong></span> <span class='ocrx_word' id='word_1_660' title='bbox 1080 4894 1136 4947; x_wconf 79' lang='grc' dir='ltr'>δὲ</span> <span class='ocrx_word' id='word_1_661' title='bbox 1167 4893 1392 4964; x_wconf 86' lang='grc' dir='ltr'>Πνεῦμα</span> <span class='ocrx_word' id='word_1_662' title='bbox 1441 4895 1505 4949; x_wconf 78' lang='grc' dir='ltr'>ἐκ</span> <span class='ocrx_word' id='word_1_663' title='bbox 1529 4894 1629 4965; x_wconf 84' lang='grc' dir='ltr'>τῆς</span> <span class='ocrx_word' id='word_1_664' title='bbox 1657 4895 1806 4965; x_wconf 55' lang='grc' dir='ltr'>αὐτῆι</span> 
     </span>
    </p>
   </div>
   <div class='ocr_carea' id='block_1_90' title="bbox 1907 4893 3511 4972">
    <p class='ocr_par' dir='ltr' id='par_1_90' title="bbox 1938 4894 3511 4970">
     <span class='ocr_line' id='line_1_90' title="bbox 1938 4894 3511 4970; baseline 0.004 -20"><span class='ocrx_word' id='word_1_665' title='bbox 1938 4903 2026 4950; x_wconf 86' lang='lat' dir='ltr'><strong>tus</strong></span> <span class='ocrx_word' id='word_1_666' title='bbox 2057 4909 2123 4950; x_wconf 81' lang='lat' dir='ltr'><strong>ex</strong></span> <span class='ocrx_word' id='word_1_667' title='bbox 2151 4894 2343 4950; x_wconf 89' lang='lat' dir='ltr'><strong>eadem</strong></span> <span class='ocrx_word' id='word_1_668' title='bbox 2374 4894 2659 4964; x_wconf 88' lang='lat' dir='ltr'><strong>utriusque</strong></span> <span class='ocrx_word' id='word_1_669' title='bbox 2680 4896 2947 4962; x_wconf 82' lang='lat' dir='ltr'><strong>essentia,</strong></span> <span class='ocrx_word' id='word_1_670' title='bbox 2974 4913 3277 4970; x_wconf 85' lang='lat' dir='ltr'><strong>rursusque</strong></span> <span class='ocrx_word' id='word_1_671' title='bbox 3306 4916 3375 4956; x_wconf 78' lang='lat' dir='ltr'><strong>ex</strong></span> <span class='ocrx_word' id='word_1_672' title='bbox 3401 4901 3511 4957; x_wconf 85' lang='lat' dir='ltr'><strong>Pa-</strong></span> 
     </span>
    </p>
   </div>
   <div class='ocr_carea' id='block_1_91' title="bbox 182 4984 1806 5063">
    <p class='ocr_par' dir='ltr' id='par_1_91' title="bbox 182 4984 1806 5063">
     <span class='ocr_line' id='line_1_91' title="bbox 182 4984 1806 5063; baseline -0.005 -18"><span class='ocrx_word' id='word_1_673' title='bbox 182 4989 584 5063; x_wconf 66' lang='grc' dir='ltr'>ἂμφοτὲρων</span> <span class='ocrx_word' id='word_1_674' title='bbox 614 4985 824 5051; x_wconf 89' lang='grc' dir='ltr'>οὐσίας,</span> <span class='ocrx_word' id='word_1_675' title='bbox 879 4986 972 5040; x_wconf 75' lang='grc' dir='ltr'><strong>καὶ</strong></span> <span class='ocrx_word' id='word_1_676' title='bbox 1002 4984 1094 5039; x_wconf 84' lang='grc' dir='ltr'><strong>οῦν</strong></span> <span class='ocrx_word' id='word_1_677' title='bbox 1127 4987 1192 5039; x_wconf 66' lang='grc' dir='ltr'>ἑκ</span> <span class='ocrx_word' id='word_1_678' title='bbox 1217 4986 1312 5039; x_wconf 90' lang='grc' dir='ltr'><strong>τοῦ</strong></span> <span class='ocrx_word' id='word_1_679' title='bbox 1365 4986 1573 5057; x_wconf 74' lang='grc' dir='ltr'>Πατρός</span> <span class='ocrx_word' id='word_1_680' title='bbox 1598 4986 1687 5040; x_wconf 78' lang='grc' dir='ltr'>διὰ</span> <span class='ocrx_word' id='word_1_681' title='bbox 1734 4988 1806 5040; x_wconf 69' lang='grc' dir='ltr'><strong>τοί</strong></span> 
     </span>
    </p>
   </div>
   <div class='ocr_carea' id='block_1_92' title="bbox 1907 4984 3514 5063">
    <p class='ocr_par' dir='ltr' id='par_1_92' title="bbox 1937 4987 3514 5063">
     <span class='ocr_line' id='line_1_92' title="bbox 1937 4987 3514 5063; baseline 0.004 -22"><span class='ocrx_word' id='word_1_682' title='bbox 1937 5001 2021 5043; x_wconf 89' lang='lat' dir='ltr'><strong>tre</strong></span> <span class='ocrx_word' id='word_1_683' title='bbox 2065 5003 2163 5059; x_wconf 88' lang='lat' dir='ltr'><strong>per</strong></span> <span class='ocrx_word' id='word_1_684' title='bbox 2204 4987 2439 5054; x_wconf 87' lang='lat' dir='ltr'><strong>Filium,</strong></span> <span class='ocrx_word' id='word_1_685' title='bbox 2491 4987 2733 5055; x_wconf 84' lang='lat' dir='ltr'><strong>indeque</strong></span> <span class='ocrx_word' id='word_1_686' title='bbox 2776 4988 3123 5060; x_wconf 79' lang='lat' dir='ltr'><strong>unigenitum</strong></span> <span class='ocrx_word' id='word_1_687' title='bbox 3165 4991 3373 5063; x_wconf 87' lang='lat' dir='ltr'><strong>absque</strong></span> <span class='ocrx_word' id='word_1_688' title='bbox 3406 4991 3514 5049; x_wconf 87' lang='lat' dir='ltr'><strong>ulla</strong></span> 
     </span>
    </p>
   </div>
   <div class='ocr_carea' id='block_1_93' title="bbox 172 5077 1806 5153">
    <p class='ocr_par' dir='ltr' id='par_1_93' title="bbox 172 5077 1806 5153">
     <span class='ocr_line' id='line_1_93' title="bbox 172 5077 1806 5153; baseline -0.005 -11"><span class='ocrx_word' id='word_1_689' title='bbox 172 5088 354 5153; x_wconf 76' lang='grc' dir='ltr'>Υἰοῦ,</span> <span class='ocrx_word' id='word_1_690' title='bbox 392 5080 693 5139; x_wconf 66' lang='grc' dir='ltr'>ἐντεῦθέν</span> <span class='ocrx_word' id='word_1_691' title='bbox 718 5096 778 5133; x_wconf 86' lang='grc' dir='ltr'><strong>τε</strong></span> <span class='ocrx_word' id='word_1_692' title='bbox 810 5077 872 5133; x_wconf 78' lang='grc' dir='ltr'>τὸ</span> <span class='ocrx_word' id='word_1_693' title='bbox 903 5080 1190 5149; x_wconf 75' lang='grc' dir='ltr'>μονογενὲς</span> <span class='ocrx_word' id='word_1_694' title='bbox 1218 5078 1601 5149; x_wconf 76' lang='grc' dir='ltr'>ἀναμφιϐόλως</span> <span class='ocrx_word' id='word_1_695' title='bbox 1649 5081 1806 5152; x_wconf 85' lang='grc' dir='ltr'>τηρεί</span> 
     </span>
    </p>
   </div>
   <div class='ocr_carea' id='block_1_94' title="bbox 1907 5077 3514 5153">
    <p class='ocr_par' dir='ltr' id='par_1_94' title="bbox 1939 5078 3514 5144">
     <span class='ocr_line' id='line_1_94' title="bbox 1939 5078 3514 5144; baseline 0.003 -9"><span class='ocrx_word' id='word_1_696' title='bbox 1939 5078 2283 5135; x_wconf 64' lang='lat' dir='ltr'><strong>haesitatione</strong></span> <span class='ocrx_word' id='word_1_697' title='bbox 2321 5090 2766 5144; x_wconf 85' lang='lat' dir='ltr'><strong>conservaretur,</strong></span> <span class='ocrx_word' id='word_1_698' title='bbox 2808 5090 2864 5136; x_wconf 91' lang='lat' dir='ltr'><strong>et</strong></span> <span class='ocrx_word' id='word_1_699' title='bbox 2906 5081 3149 5140; x_wconf 72' lang='lat' dir='ltr'><strong>fraterna</strong></span> <span class='ocrx_word' id='word_1_700' title='bbox 3178 5095 3514 5140; x_wconf 86' lang='lat' dir='ltr'><strong>connatura-</strong></span> 
     </span>
    </p>
   </div>
   <div class='ocr_carea' id='block_1_95' title="bbox 168 5171 1806 5246">
    <p class='ocr_par' dir='ltr' id='par_1_95' title="bbox 168 5171 1805 5245">
     <span class='ocr_line' id='line_1_95' title="bbox 168 5171 1805 5245; baseline -0.007 -9"><span class='ocrx_word' id='word_1_701' title='bbox 168 5182 346 5245; x_wconf 80' lang='grc' dir='ltr'>σθαι,</span> <span class='ocrx_word' id='word_1_702' title='bbox 388 5176 515 5233; x_wconf 77' lang='grc' dir='ltr'>καὶ</span> <span class='ocrx_word' id='word_1_703' title='bbox 549 5174 622 5229; x_wconf 79' lang='grc' dir='ltr'>τὸ</span> <span class='ocrx_word' id='word_1_704' title='bbox 652 5174 751 5244; x_wconf 84' lang='grc' dir='ltr'>τῆς</span> <span class='ocrx_word' id='word_1_705' title='bbox 802 5171 1100 5242; x_wconf 82' lang='grc' dir='ltr'>ἁδελφικῆς</span> <span class='ocrx_word' id='word_1_706' title='bbox 1146 5172 1414 5243; x_wconf 77' lang='grc' dir='ltr'>ὁμοφυῒας</span> <span class='ocrx_word' id='word_1_707' title='bbox 1459 5172 1805 5244; x_wconf 72' lang='grc' dir='ltr'>ἀπορῥαπὶζε</span> 
     </span>
    </p>
   </div>
   <div class='ocr_carea' id='block_1_96' title="bbox 1907 5171 3515 5246">
    <p class='ocr_par' dir='ltr' id='par_1_96' title="bbox 1937 5171 3515 5246">
     <span class='ocr_line' id='line_1_96' title="bbox 1937 5171 3515 5246; baseline 0.004 -21"><span class='ocrx_word' id='word_1_708' title='bbox 1937 5171 2063 5226; x_wconf 75' lang='lat' dir='ltr'><strong>litae</strong></span> <span class='ocrx_word' id='word_1_709' title='bbox 2104 5171 2471 5242; x_wconf 77' lang='lat' dir='ltr'><strong>relegaretur;</strong></span> <span class='ocrx_word' id='word_1_710' title='bbox 2515 5184 2891 5245; x_wconf 71' lang='lat' dir='ltr'><strong>praetereaque</strong></span> <span class='ocrx_word' id='word_1_711' title='bbox 2943 5174 3241 5232; x_wconf 83' lang='lat' dir='ltr'><strong>dictionem</strong></span> <span class='ocrx_word' id='word_1_712' title='bbox 3277 5178 3515 5246; x_wconf 80' lang='lat' dir='ltr'><strong>procedit</strong></span> 
     </span>
    </p>
   </div>
   <div class='ocr_carea' id='block_1_97' title="bbox 160 5260 1806 5339">
    <p class='ocr_par' dir='ltr' id='par_1_97' title="bbox 160 5260 1806 5339">
     <span class='ocr_line' id='line_1_97' title="bbox 160 5260 1806 5339; baseline -0.005 -11"><span class='ocrx_word' id='word_1_713' title='bbox 160 5260 349 5339; x_wconf 56' lang='grc' dir='ltr'>σθαι,</span> <span class='ocrx_word' id='word_1_714' title='bbox 384 5270 492 5325; x_wconf 69' lang='grc' dir='ltr'>ἔτι</span> <span class='ocrx_word' id='word_1_715' title='bbox 555 5283 628 5321; x_wconf 79' lang='grc' dir='ltr'><strong>τε</strong></span> <span class='ocrx_word' id='word_1_716' title='bbox 674 5266 775 5335; x_wconf 81' lang='grc' dir='ltr'>τὴν</span> <span class='ocrx_word' id='word_1_717' title='bbox 797 5262 1183 5335; x_wconf 68' lang='grc' dir='ltr'>ἐκπορεύεται</span> <span class='ocrx_word' id='word_1_718' title='bbox 1234 5265 1379 5332; x_wconf 76' lang='grc' dir='ltr'>λέξιν</span> <span class='ocrx_word' id='word_1_719' title='bbox 1408 5265 1806 5335; x_wconf 76' lang='grc' dir='ltr'>σαφηνιζόντων</span> 
     </span>
    </p>
   </div>
   <div class='ocr_carea' id='block_1_98' title="bbox 1907 5260 3515 5339">
    <p class='ocr_par' dir='ltr' id='par_1_98' title="bbox 1940 5266 3515 5339">
     <span class='ocr_line' id='line_1_98' title="bbox 1940 5266 3515 5339; baseline 0.004 -20"><span class='ocrx_word' id='word_1_720' title='bbox 1940 5266 2454 5334; x_wconf 87' lang='lat' dir='ltr'><strong>interpretarentur,</strong></span> <span class='ocrx_word' id='word_1_721' title='bbox 2493 5267 2595 5322; x_wconf 82' lang='lat' dir='ltr'><strong>hoc</strong></span> <span class='ocrx_word' id='word_1_722' title='bbox 2625 5266 2769 5321; x_wconf 88' lang='lat' dir='ltr'><strong>idem</strong></span> <span class='ocrx_word' id='word_1_723' title='bbox 2812 5277 3043 5335; x_wconf 78' lang='lat' dir='ltr'><strong>notare,</strong></span> <span class='ocrx_word' id='word_1_724' title='bbox 3073 5269 3152 5325; x_wconf 87' lang='lat' dir='ltr'><strong>sic</strong></span> <span class='ocrx_word' id='word_1_725' title='bbox 3177 5269 3400 5339; x_wconf 86' lang='lat' dir='ltr'><strong>quidem</strong></span> <span class='ocrx_word' id='word_1_726' title='bbox 3447 5286 3515 5326; x_wconf 79' lang='lat' dir='ltr'><strong>ex</strong></span> 
     </span>
    </p>
   </div>
   <div class='ocr_carea' id='block_1_99' title="bbox 162 5354 1806 5433">
    <p class='ocr_par' dir='ltr' id='par_1_99' title="bbox 162 5356 1806 5430">
     <span class='ocr_line' id='line_1_99' title="bbox 162 5356 1806 5430; baseline 0 -19"><span class='ocrx_word' id='word_1_727' title='bbox 162 5367 251 5429; x_wconf 74' lang='grc' dir='ltr'>ὡς</span> <span class='ocrx_word' id='word_1_728' title='bbox 272 5358 463 5417; x_wconf 79' lang='grc' dir='ltr'>τοῦτ’</span> <span class='ocrx_word' id='word_1_729' title='bbox 507 5358 668 5414; x_wconf 79' lang='grc' dir='ltr'>αὐτὸ</span> <span class='ocrx_word' id='word_1_730' title='bbox 699 5357 1078 5429; x_wconf 79' lang='grc' dir='ltr'>παριστῶσαν,</span> <span class='ocrx_word' id='word_1_731' title='bbox 1100 5356 1242 5410; x_wconf 86' lang='grc' dir='ltr'>οῦτω</span> <span class='ocrx_word' id='word_1_732' title='bbox 1276 5359 1377 5429; x_wconf 82' lang='grc' dir='ltr'>μὲν</span> <span class='ocrx_word' id='word_1_733' title='bbox 1411 5360 1476 5412; x_wconf 62' lang='grc' dir='ltr'>ἐκ</span> <span class='ocrx_word' id='word_1_734' title='bbox 1497 5358 1592 5412; x_wconf 87' lang='grc' dir='ltr'><strong>τοῦ</strong></span> <span class='ocrx_word' id='word_1_735' title='bbox 1625 5359 1806 5430; x_wconf 74' lang='grc' dir='ltr'>Πατρὺ</span> 
     </span>
    </p>
   </div>
   <div class='ocr_carea' id='block_1_100' title="bbox 1907 5354 3517 5433">
    <p class='ocr_par' dir='ltr' id='par_1_100' title="bbox 1940 5354 3517 5433">
     <span class='ocr_line' id='line_1_100' title="bbox 1940 5354 3517 5433; baseline 0.006 -24"><span class='ocrx_word' id='word_1_736' title='bbox 1940 5354 2099 5410; x_wconf 86' lang='lat' dir='ltr'><strong>Patre</strong></span> <span class='ocrx_word' id='word_1_737' title='bbox 2124 5354 2347 5418; x_wconf 82' lang='lat' dir='ltr'><strong>Filium,</strong></span> <span class='ocrx_word' id='word_1_738' title='bbox 2382 5355 2462 5411; x_wconf 89' lang='lat' dir='ltr'><strong>sic</strong></span> <span class='ocrx_word' id='word_1_739' title='bbox 2492 5355 2623 5413; x_wconf 89' lang='lat' dir='ltr'><strong>item</strong></span> <span class='ocrx_word' id='word_1_740' title='bbox 2649 5371 2717 5412; x_wconf 73' lang='lat' dir='ltr'><strong>ex</strong></span> <span class='ocrx_word' id='word_1_741' title='bbox 2747 5360 3017 5415; x_wconf 85' lang='lat' dir='ltr'><strong>ambobus</strong></span> <span class='ocrx_word' id='word_1_742' title='bbox 3057 5360 3326 5432; x_wconf 88' lang='lat' dir='ltr'><strong>Spiritum</strong></span> <span class='ocrx_word' id='word_1_743' title='bbox 3360 5378 3517 5433; x_wconf 76' lang='lat' dir='ltr'><strong>egre-</strong></span> 
     </span>
    </p>
   </div>
   <div class='ocr_carea' id='block_1_101' title="bbox 154 5448 1806 5524">
    <p class='ocr_par' dir='ltr' id='par_1_101' title="bbox 154 5448 1805 5524">
     <span class='ocr_line' id='line_1_101' title="bbox 154 5448 1805 5524; baseline -0.011 -9"><span class='ocrx_word' id='word_1_744' title='bbox 154 5462 266 5514; x_wconf 77' lang='grc' dir='ltr'>τὸν</span> <span class='ocrx_word' id='word_1_745' title='bbox 300 5458 502 5520; x_wconf 74' lang='grc' dir='ltr'>Υἰὸν,</span> <span class='ocrx_word' id='word_1_746' title='bbox 544 5448 709 5506; x_wconf 77' lang='grc' dir='ltr'>οὕτω</span> <span class='ocrx_word' id='word_1_747' title='bbox 759 5450 819 5504; x_wconf 76' lang='grc' dir='ltr'>δὲ</span> <span class='ocrx_word' id='word_1_748' title='bbox 872 5451 933 5516; x_wconf 75' lang='grc' dir='ltr'><strong>ἐξ</strong></span> <span class='ocrx_word' id='word_1_749' title='bbox 960 5452 1162 5522; x_wconf 79' lang='grc' dir='ltr'>ἀμφοῖν</span> <span class='ocrx_word' id='word_1_750' title='bbox 1190 5450 1265 5511; x_wconf 69' lang='grc' dir='ltr'><strong>τὸ,</strong></span> <span class='ocrx_word' id='word_1_751' title='bbox 1308 5450 1538 5523; x_wconf 78' lang='grc' dir='ltr'>Πνεῦμα</span> <span class='ocrx_word' id='word_1_752' title='bbox 1571 5453 1805 5524; x_wconf 74' lang='grc' dir='ltr'>προέρχε</span> 
     </span>
    </p>
   </div>
   <div class='ocr_carea' id='block_1_102' title="bbox 1907 5448 3517 5524">
    <p class='ocr_par' dir='ltr' id='par_1_102' title="bbox 1942 5448 3517 5520">
     <span class='ocr_line' id='line_1_102' title="bbox 1942 5448 3517 5520; baseline 0.004 -16"><span class='ocrx_word' id='word_1_753' title='bbox 1942 5450 2035 5514; x_wconf 85' lang='lat' dir='ltr'><strong>di;</strong></span> <span class='ocrx_word' id='word_1_754' title='bbox 2068 5448 2122 5504; x_wconf 92' lang='lat' dir='ltr'><strong>id</strong></span> <span class='ocrx_word' id='word_1_755' title='bbox 2154 5448 2301 5503; x_wconf 88' lang='lat' dir='ltr'><strong>enim</strong></span> <span class='ocrx_word' id='word_1_756' title='bbox 2330 5448 2472 5503; x_wconf 87' lang='lat' dir='ltr'><strong>alius</strong></span> <span class='ocrx_word' id='word_1_757' title='bbox 2507 5450 2704 5505; x_wconf 89' lang='lat' dir='ltr'><strong>modus</strong></span> <span class='ocrx_word' id='word_1_758' title='bbox 2733 5452 3075 5509; x_wconf 73' lang='lat' dir='ltr'><strong>exsistentite</strong></span> <span class='ocrx_word' id='word_1_759' title='bbox 3102 5462 3208 5520; x_wconf 86' lang='lat' dir='ltr'><strong>est,</strong></span> <span class='ocrx_word' id='word_1_760' title='bbox 3250 5463 3304 5510; x_wconf 87' lang='lat' dir='ltr'><strong>et</strong></span> <span class='ocrx_word' id='word_1_761' title='bbox 3331 5455 3517 5510; x_wconf 82' lang='lat' dir='ltr'><strong>diver~</strong></span> 
     </span>
    </p>
   </div>
   <div class='ocr_carea' id='block_1_103' title="bbox 157 5541 1806 5618">
    <p class='ocr_par' dir='ltr' id='par_1_103' title="bbox 157 5543 1806 5618">
     <span class='ocr_line' id='line_1_103' title="bbox 157 5543 1806 5618; baseline -0.007 -10"><span class='ocrx_word' id='word_1_762' title='bbox 157 5557 337 5617; x_wconf 71' lang='grc' dir='ltr'>σθαι,</span> <span class='ocrx_word' id='word_1_763' title='bbox 391 5549 611 5604; x_wconf 74' lang='grc' dir='ltr'>τοῦτο</span> <span class='ocrx_word' id='word_1_764' title='bbox 640 5546 748 5618; x_wconf 86' lang='grc' dir='ltr'><strong>γὰρ</strong></span> <span class='ocrx_word' id='word_1_765' title='bbox 785 5543 989 5607; x_wconf 77' lang='grc' dir='ltr'>ὁᾶλλος</span> <span class='ocrx_word' id='word_1_766' title='bbox 1020 5545 1222 5616; x_wconf 87' lang='grc' dir='ltr'>τρόπος</span> <span class='ocrx_word' id='word_1_767' title='bbox 1255 5547 1352 5614; x_wconf 81' lang='grc' dir='ltr'>τῆς</span> <span class='ocrx_word' id='word_1_768' title='bbox 1398 5543 1708 5616; x_wconf 74' lang='grc' dir='ltr'>ὑπάρξεως,</span> <span class='ocrx_word' id='word_1_769' title='bbox 1741 5561 1806 5597; x_wconf 84' lang='grc' dir='ltr'><strong>κσ</strong></span> 
     </span>
    </p>
   </div>
   <div class='ocr_carea' id='block_1_104' title="bbox 1907 5541 3512 5618">
    <p class='ocr_par' dir='ltr' id='par_1_104' title="bbox 1941 5541 3512 5617">
     <span class='ocr_line' id='line_1_104' title="bbox 1941 5541 3512 5617; baseline 0.004 -19"><span class='ocrx_word' id='word_1_770' title='bbox 1941 5558 2056 5605; x_wconf 88' lang='lat' dir='ltr'><strong>sus,</strong></span> <span class='ocrx_word' id='word_1_771' title='bbox 2088 5556 2302 5597; x_wconf 87' lang='lat' dir='ltr'><strong>necnon</strong></span> <span class='ocrx_word' id='word_1_772' title='bbox 2333 5550 2390 5596; x_wconf 90' lang='lat' dir='ltr'><strong>et</strong></span> <span class='ocrx_word' id='word_1_773' title='bbox 2429 5541 2586 5599; x_wconf 89' lang='lat' dir='ltr'><strong>illud:</strong></span> <span class='ocrx_word' id='word_1_774' title='bbox 2623 5562 2643 5595; x_wconf 73' lang='grc' dir='ltr'><strong>ι</strong></span> <span class='ocrx_word' id='word_1_775' title='bbox 2685 5542 2759 5598; x_wconf 90' lang='lat' dir='ltr'><strong>De</strong></span> <span class='ocrx_word' id='word_1_776' title='bbox 2787 5559 2910 5600; x_wconf 80' lang='lat' dir='ltr'><strong>meo</strong></span> <span class='ocrx_word' id='word_1_777' title='bbox 2941 5545 3197 5617; x_wconf 77' lang='lat' dir='ltr'><strong>accipiet,</strong></span> <span class='ocrx_word' id='word_1_778' title='bbox 3243 5566 3263 5600; x_wconf 75' lang='grc' dir='ltr'><strong>ι</strong></span> <span class='ocrx_word' id='word_1_779' title='bbox 3299 5557 3352 5604; x_wconf 87' lang='lat' dir='ltr'><strong>et</strong></span> <span class='ocrx_word' id='word_1_780' title='bbox 3382 5549 3512 5604; x_wconf 85' lang='lat' dir='ltr'><strong>reli-</strong></span> 
     </span>
    </p>
   </div>
   <div class='ocr_carea' id='block_1_105' title="bbox 146 5634 1806 5714">
    <p class='ocr_par' dir='ltr' id='par_1_105' title="bbox 146 5635 1806 5714">
     <span class='ocr_line' id='line_1_105' title="bbox 146 5635 1806 5714; baseline -0.002 -22"><span class='ocrx_word' id='word_1_781' title='bbox 146 5648 507 5714; x_wconf 75' lang='grc' dir='ltr'>διάφορος,</span> <span class='ocrx_word' id='word_1_782' title='bbox 536 5639 655 5690; x_wconf 74' lang='grc' dir='ltr'>καὶ</span> <span class='ocrx_word' id='word_1_783' title='bbox 685 5636 768 5702; x_wconf 75' lang='grc' dir='ltr'><strong>τὸ,</strong></span> <span class='ocrx_word' id='word_1_784' title='bbox 797 5654 815 5688; x_wconf 85' lang='grc' dir='ltr'><strong>ι</strong></span> <span class='ocrx_word' id='word_1_785' title='bbox 860 5637 957 5690; x_wconf 84' lang='grc' dir='ltr'><strong>Ἐκ</strong></span> <span class='ocrx_word' id='word_1_786' title='bbox 985 5637 1075 5689; x_wconf 85' lang='grc' dir='ltr'><strong>τοῦ</strong></span> <span class='ocrx_word' id='word_1_787' title='bbox 1110 5635 1246 5707; x_wconf 66' lang='grc' dir='ltr'>ἐμοῦ</span> <span class='ocrx_word' id='word_1_788' title='bbox 1280 5636 1535 5706; x_wconf 71' lang='grc' dir='ltr'>λήψεται,</span> <span class='ocrx_word' id='word_1_789' title='bbox 1571 5656 1589 5689; x_wconf 72' lang='grc' dir='ltr'><strong>ι</strong></span> <span class='ocrx_word' id='word_1_790' title='bbox 1614 5639 1708 5691; x_wconf 79' lang='grc' dir='ltr'><strong>καὶ</strong></span> <span class='ocrx_word' id='word_1_791' title='bbox 1728 5636 1806 5690; x_wconf 90' lang='grc' dir='ltr'><strong>λοι</strong></span> 
     </span>
    </p>
   </div>
   <div class='ocr_carea' id='block_1_106' title="bbox 1907 5634 3531 5714">
    <p class='ocr_par' dir='ltr' id='par_1_106' title="bbox 1941 5634 3531 5712">
     <span class='ocr_line' id='line_1_106' title="bbox 1941 5634 3531 5712; baseline 0.005 -23"><span class='ocrx_word' id='word_1_792' title='bbox 1941 5652 2078 5708; x_wconf 87' lang='lat' dir='ltr'><strong>quas</strong></span> <span class='ocrx_word' id='word_1_793' title='bbox 2099 5635 2234 5690; x_wconf 87' lang='lat' dir='ltr'><strong>alias</strong></span> <span class='ocrx_word' id='word_1_794' title='bbox 2259 5636 2504 5705; x_wconf 85' lang='lat' dir='ltr'><strong>ejusdem</strong></span> <span class='ocrx_word' id='word_1_795' title='bbox 2552 5636 2890 5709; x_wconf 74' lang='lat' dir='ltr'><strong>signiﬁcatus</strong></span> <span class='ocrx_word' id='word_1_796' title='bbox 2926 5654 3113 5706; x_wconf 84' lang='lat' dir='ltr'><strong>voces,</strong></span> <span class='ocrx_word' id='word_1_797' title='bbox 3150 5634 3531 5712; x_wconf 48' lang='lat' dir='ltr'><strong>exponerenu</strong></span> 
     </span>
    </p>
   </div>
   <div class='ocr_carea' id='block_1_107' title="bbox 149 5724 1806 5805">
    <p class='ocr_par' dir='ltr' id='par_1_107' title="bbox 149 5724 1806 5805">
     <span class='ocr_line' id='line_1_107' title="bbox 149 5724 1806 5805; baseline -0.006 -12"><span class='ocrx_word' id='word_1_798' title='bbox 149 5724 283 5804; x_wconf 52' lang='grc' dir='ltr'>στας</span> <span class='ocrx_word' id='word_1_799' title='bbox 323 5737 584 5805; x_wconf 77' lang='grc' dir='ltr'>ἑτέρας</span> <span class='ocrx_word' id='word_1_800' title='bbox 628 5732 810 5799; x_wconf 65' lang='grc' dir='ltr'>φωνᾶς</span> <span class='ocrx_word' id='word_1_801' title='bbox 838 5731 933 5800; x_wconf 80' lang='grc' dir='ltr'>τῆς</span> <span class='ocrx_word' id='word_1_802' title='bbox 966 5729 1132 5799; x_wconf 77' lang='grc' dir='ltr'>αὐτῆς</span> <span class='ocrx_word' id='word_1_803' title='bbox 1172 5730 1431 5796; x_wconf 82' lang='grc' dir='ltr'>διανοίας,</span> <span class='ocrx_word' id='word_1_804' title='bbox 1464 5730 1806 5803; x_wconf 81' lang='grc' dir='ltr'>διευκρινούν</span> 
     </span>
    </p>
   </div>
   <div class='ocr_carea' id='block_1_108' title="bbox 1907 5724 3516 5805">
    <p class='ocr_par' dir='ltr' id='par_1_108' title="bbox 1944 5727 3516 5801">
     <span class='ocr_line' id='line_1_108' title="bbox 1944 5727 3516 5801; baseline 0.004 -17"><span class='ocrx_word' id='word_1_805' title='bbox 1944 5740 1999 5784; x_wconf 90' lang='lat' dir='ltr'><strong>et</strong></span> <span class='ocrx_word' id='word_1_806' title='bbox 2030 5727 2223 5782; x_wconf 86' lang='lat' dir='ltr'><strong>Filium</strong></span> <span class='ocrx_word' id='word_1_807' title='bbox 2264 5728 2416 5783; x_wconf 86' lang='lat' dir='ltr'><strong>nullo</strong></span> <span class='ocrx_word' id='word_1_808' title='bbox 2445 5729 2608 5785; x_wconf 82' lang='lat' dir='ltr'><strong>modo</strong></span> <span class='ocrx_word' id='word_1_809' title='bbox 2636 5729 2835 5785; x_wconf 83' lang='lat' dir='ltr'><strong>servile</strong></span> <span class='ocrx_word' id='word_1_810' title='bbox 2864 5732 3228 5791; x_wconf 86' lang='lat' dir='ltr'><strong>ministerium</strong></span> <span class='ocrx_word' id='word_1_811' title='bbox 3269 5735 3516 5801; x_wconf 74' lang='lat' dir='ltr'><strong>exciere,</strong></span> 
     </span>
    </p>
   </div>
   <div class='ocr_carea' id='block_1_109' title="bbox 1923 3787 3498 3859">
    <p class='ocr_par' dir='ltr' id='par_1_109' title="bbox 1923 3787 3498 3859">
     <span class='ocr_line' id='line_1_109' title="bbox 1923 3787 3498 3859; baseline 0.005 -17"><span class='ocrx_word' id='word_1_812' title='bbox 1923 3796 2047 3853; x_wconf 90' lang='lat' dir='ltr'><strong>cto;</strong></span> <span class='ocrx_word' id='word_1_813' title='bbox 2081 3787 2176 3844; x_wconf 88' lang='lat' dir='ltr'><strong>sed</strong></span> <span class='ocrx_word' id='word_1_814' title='bbox 2214 3798 2411 3843; x_wconf 85' lang='lat' dir='ltr'><strong>natura</strong></span> <span class='ocrx_word' id='word_1_815' title='bbox 2441 3801 2690 3845; x_wconf 87' lang='lat' dir='ltr'><strong>sanctum</strong></span> <span class='ocrx_word' id='word_1_816' title='bbox 2715 3831 2731 3856; x_wconf 93' lang='lat'><strong>,</strong></span> <span class='ocrx_word' id='word_1_817' title='bbox 2778 3800 2976 3846; x_wconf 85' lang='lat' dir='ltr'><strong>natura</strong></span> <span class='ocrx_word' id='word_1_818' title='bbox 3006 3793 3209 3848; x_wconf 70' lang='lat' dir='ltr'><strong>bonum</strong></span> <span class='ocrx_word' id='word_1_819' title='bbox 3233 3828 3250 3859; x_wconf 87' lang='lat'><strong>,</strong></span> <span class='ocrx_word' id='word_1_820' title='bbox 3300 3804 3498 3851; x_wconf 80' lang='lat' dir='ltr'><strong>natura</strong></span> 
     </span>
    </p>
   </div>
   <div class='ocr_carea' id='block_1_110' title="bbox 1924 3870 3497 3956">
    <p class='ocr_par' dir='ltr' id='par_1_110' title="bbox 1924 3870 3497 3956">
     <span class='ocr_line' id='line_1_110' title="bbox 1924 3870 3497 3956; baseline 0.007 -24"><span class='ocrx_word' id='word_1_821' title='bbox 1924 3870 2416 3950; x_wconf 82' lang='lat' dir='ltr'><strong>incorruptibilem,</strong></span> <span class='ocrx_word' id='word_1_822' title='bbox 2451 3880 2531 3936; x_wconf 89' lang='lat' dir='ltr'><strong>uti</strong></span> <span class='ocrx_word' id='word_1_823' title='bbox 2559 3879 2824 3951; x_wconf 82' lang='lat' dir='ltr'><strong>Spiritum</strong></span> <span class='ocrx_word' id='word_1_824' title='bbox 2857 3878 2986 3950; x_wconf 86' lang='lat' dir='ltr'><strong>Dei,</strong></span> <span class='ocrx_word' id='word_1_825' title='bbox 3008 3893 3066 3939; x_wconf 89' lang='lat' dir='ltr'><strong>et</strong></span> <span class='ocrx_word' id='word_1_826' title='bbox 3094 3899 3163 3939; x_wconf 74' lang='lat' dir='ltr'><strong>ex</strong></span> <span class='ocrx_word' id='word_1_827' title='bbox 3196 3885 3317 3956; x_wconf 90' lang='lat' dir='ltr'><strong>ipso</strong></span> <span class='ocrx_word' id='word_1_828' title='bbox 3346 3889 3497 3942; x_wconf 63' lang='lat' dir='ltr'><strong>exsio</strong></span> 
     </span>
    </p>
   </div>
   <div class='ocr_carea' id='block_1_111' title="bbox 1924 3970 3503 4047">
    <p class='ocr_par' dir='ltr' id='par_1_111' title="bbox 1924 3970 3503 4047">
     <span class='ocr_line' id='line_1_111' title="bbox 1924 3970 3503 4047; baseline 0.005 -20"><span class='ocrx_word' id='word_1_829' title='bbox 1924 3970 2173 4035; x_wconf 74' lang='lat' dir='ltr'><strong>lientetn,</strong></span> <span class='ocrx_word' id='word_1_830' title='bbox 2202 3971 2315 4027; x_wconf 88' lang='lat' dir='ltr'><strong>sive</strong></span> <span class='ocrx_word' id='word_1_831' title='bbox 2340 3971 2758 4043; x_wconf 86' lang='lat' dir='ltr'><strong>procedentem.</strong></span> <span class='ocrx_word' id='word_1_832' title='bbox 2800 3993 2821 4027; x_wconf 71' lang='grc' dir='ltr'><strong>ι</strong></span> <span class='ocrx_word' id='word_1_833' title='bbox 2854 3976 2991 4031; x_wconf 83' lang='lat' dir='ltr'><strong>Cum</strong></span> <span class='ocrx_word' id='word_1_834' title='bbox 3018 3976 3203 4047; x_wconf 88' lang='lat' dir='ltr'><strong>itaque</strong></span> <span class='ocrx_word' id='word_1_835' title='bbox 3231 3977 3503 4035; x_wconf 84' lang='lat' dir='ltr'><strong>Pnenma-</strong></span> 
     </span>
    </p>
   </div>
   <div class='ocr_carea' id='block_1_112' title="bbox 1928 4062 3502 4143">
    <p class='ocr_par' dir='ltr' id='par_1_112' title="bbox 1928 4062 3502 4143">
     <span class='ocr_line' id='line_1_112' title="bbox 1928 4062 3502 4143; baseline 0.008 -27"><span class='ocrx_word' id='word_1_836' title='bbox 1928 4062 2203 4127; x_wconf 83' lang='lat' dir='ltr'><strong>tomacbi.</strong></span> <span class='ocrx_word' id='word_1_837' title='bbox 2251 4071 2314 4118; x_wconf 92' lang='lat' dir='ltr'><strong>ut</strong></span> <span class='ocrx_word' id='word_1_838' title='bbox 2348 4063 2657 4121; x_wconf 86' lang='lat' dir='ltr'><strong>orationem</strong></span> <span class='ocrx_word' id='word_1_839' title='bbox 2688 4066 3031 4125; x_wconf 86' lang='lat' dir='ltr'><strong>brevioribus</strong></span> <span class='ocrx_word' id='word_1_840' title='bbox 3069 4069 3322 4125; x_wconf 86' lang='lat' dir='ltr'><strong>terminis</strong></span> <span class='ocrx_word' id='word_1_841' title='bbox 3364 4086 3502 4143; x_wconf 67' lang='lat' dir='ltr'><strong>prae-</strong></span> 
     </span>
    </p>
   </div>
   <div class='ocr_carea' id='block_1_113' title="bbox 1927 4155 3502 4233">
    <p class='ocr_par' dir='ltr' id='par_1_113' title="bbox 1927 4155 3502 4233">
     <span class='ocr_line' id='line_1_113' title="bbox 1927 4155 3502 4233; baseline 0.006 -23"><span class='ocrx_word' id='word_1_842' title='bbox 1927 4155 2234 4220; x_wconf 88' lang='lat' dir='ltr'><strong>cludamus,</strong></span> <span class='ocrx_word' id='word_1_843' title='bbox 2265 4158 2417 4227; x_wconf 86' lang='lat' dir='ltr'><strong>quod</strong></span> <span class='ocrx_word' id='word_1_844' title='bbox 2447 4156 2649 4229; x_wconf 78' lang='lat' dir='ltr'><strong>duplex</strong></span> <span class='ocrx_word' id='word_1_845' title='bbox 2686 4159 2997 4231; x_wconf 85' lang='lat' dir='ltr'><strong>hypostasis</strong></span> <span class='ocrx_word' id='word_1_846' title='bbox 3027 4176 3093 4217; x_wconf 79' lang='lat' dir='ltr'><strong>ex</strong></span> <span class='ocrx_word' id='word_1_847' title='bbox 3128 4162 3369 4217; x_wconf 88' lang='lat' dir='ltr'><strong>essentia</strong></span> <span class='ocrx_word' id='word_1_848' title='bbox 3404 4180 3502 4233; x_wconf 85' lang='lat' dir='ltr'><strong>pa-</strong></span> 
     </span>
    </p>
   </div>
   <div class='ocr_carea' id='block_1_114' title="bbox 1926 4248 3499 4315">
    <p class='ocr_par' dir='ltr' id='par_1_114' title="bbox 1926 4248 3499 4315">
     <span class='ocr_line' id='line_1_114' title="bbox 1926 4248 3499 4315; baseline 0.006 -13"><span class='ocrx_word' id='word_1_849' title='bbox 1926 4255 2084 4303; x_wconf 88' lang='lat' dir='ltr'><strong>terna</strong></span> <span class='ocrx_word' id='word_1_850' title='bbox 2114 4248 2332 4305; x_wconf 82' lang='lat' dir='ltr'><strong>exsilire</strong></span> <span class='ocrx_word' id='word_1_851' title='bbox 2351 4250 2648 4315; x_wconf 89' lang='lat' dir='ltr'><strong>diceretur,</strong></span> <span class='ocrx_word' id='word_1_852' title='bbox 2682 4251 2984 4307; x_wconf 80' lang='lat' dir='ltr'><strong>fraternam</strong></span> <span class='ocrx_word' id='word_1_853' title='bbox 3010 4254 3499 4311; x_wconf 84' lang='lat' dir='ltr'><strong>consubstantiali-</strong></span> 
     </span>
    </p>
   </div>
   <div class='ocr_carea' id='block_1_115' title="bbox 1927 4328 3498 4416">
    <p class='ocr_par' dir='ltr' id='par_1_115' title="bbox 1927 4328 3498 4416">
     <span class='ocr_line' id='line_1_115' title="bbox 1927 4328 3498 4416; baseline 0.005 -20"><span class='ocrx_word' id='word_1_854' title='bbox 1927 4349 2093 4396; x_wconf 87' lang='lat' dir='ltr'><strong>tatem</strong></span> <span class='ocrx_word' id='word_1_855' title='bbox 2114 4339 2456 4413; x_wconf 86' lang='lat' dir='ltr'><strong>colligerent,</strong></span> <span class='ocrx_word' id='word_1_856' title='bbox 2472 4351 2777 4413; x_wconf 87' lang='lat' dir='ltr'><strong>contraque</strong></span> <span class='ocrx_word' id='word_1_857' title='bbox 2806 4328 3152 4414; x_wconf 80' lang='lat' dir='ltr'><strong>opponerent</strong></span> <span class='ocrx_word' id='word_1_858' title='bbox 3166 4358 3498 4416; x_wconf 59' lang='lat' dir='ltr'><strong>quaerentes,</strong></span> 
     </span>
    </p>
   </div>
   <div class='ocr_carea' id='block_1_116' title="bbox 230 5913 723 5981">
    <p class='ocr_par' dir='ltr' id='par_1_116' title="bbox 230 5913 723 5981">
     <span class='ocr_line' id='line_1_116' title="bbox 230 5913 723 5981; baseline -0.016 0"><span class='ocrx_word' id='word_1_859' title='bbox 230 5927 262 5960; x_wconf 80' lang='lat'><strong>’</strong></span> <span class='ocrx_word' id='word_1_860' title='bbox 297 5926 477 5981; x_wconf 68' lang='lat' dir='ltr'><strong>Ucn.</strong></span> <span class='ocrx_word' id='word_1_861' title='bbox 518 5933 598 5973; x_wconf 78' lang='grc' dir='ltr'>ιι.</span> <span class='ocrx_word' id='word_1_862' title='bbox 659 5913 723 5966; x_wconf 76' lang='grc'><strong>10</strong></span> 
     </span>
    </p>
   </div>
   <div class='ocr_carea' id='block_1_117' title="bbox 1922 3693 3616 3770">
    <p class='ocr_par' dir='ltr' id='par_1_117' title="bbox 1922 3693 3616 3770">
     <span class='ocr_line' id='line_1_117' title="bbox 1922 3693 3616 3770; baseline 0.006 -22"><span class='ocrx_word' id='word_1_863' title='bbox 1922 3695 2215 3758; x_wconf 72' lang='lat' dir='ltr'><strong>sidaretur,</strong></span> <span class='ocrx_word' id='word_1_864' title='bbox 2273 3694 2397 3750; x_wconf 87' lang='lat' dir='ltr'><strong>dico</strong></span> <span class='ocrx_word' id='word_1_865' title='bbox 2461 3710 2583 3752; x_wconf 85' lang='lat' dir='ltr'><strong>esse</strong></span> <span class='ocrx_word' id='word_1_866' title='bbox 2665 3699 3027 3753; x_wconf 83' lang='lat' dir='ltr'><strong>adventitium</strong></span> <span class='ocrx_word' id='word_1_867' title='bbox 3079 3699 3307 3770; x_wconf 88' lang='lat' dir='ltr'><strong>Spiritui</strong></span> <span class='ocrx_word' id='word_1_868' title='bbox 3362 3717 3496 3757; x_wconf 76' lang='lat' dir='ltr'><strong>san-</strong></span> <span class='ocrx_word' id='word_1_869' title='bbox 3602 3693 3616 3706; x_wconf 84' lang='grc'><em>’</em></span> 
     </span>
    </p>
   </div>
   <div class='ocr_carea' id='block_1_118' title="bbox 1928 4431 3596 4504">
    <p class='ocr_par' dir='ltr' id='par_1_118' title="bbox 1928 4431 3596 4504">
     <span class='ocr_line' id='line_1_118' title="bbox 1928 4431 3596 4504; baseline 0.004 -15"><span class='ocrx_word' id='word_1_870' title='bbox 1928 4431 2165 4489; x_wconf 87' lang='lat' dir='ltr'><strong>Ubinam</strong></span> <span class='ocrx_word' id='word_1_871' title='bbox 2223 4431 2564 4503; x_wconf 68' lang='lat' dir='ltr'><strong>unigenitum</strong></span> <span class='ocrx_word' id='word_1_872' title='bbox 2593 4433 2800 4488; x_wconf 77' lang='lat' dir='ltr'><strong>fuerit?</strong></span> <span class='ocrx_word' id='word_1_873' title='bbox 2826 4434 3062 4504; x_wconf 87' lang='lat' dir='ltr'><strong>indeque</strong></span> <span class='ocrx_word' id='word_1_874' title='bbox 3097 4446 3159 4491; x_wconf 91' lang='lat' dir='ltr'><strong>ut</strong></span> <span class='ocrx_word' id='word_1_875' title='bbox 3190 4436 3245 4491; x_wconf 90' lang='lat' dir='ltr'><strong>id</strong></span> <span class='ocrx_word' id='word_1_876' title='bbox 3276 4452 3504 4494; x_wconf 57' lang='lat' dir='ltr'><strong>consern</strong></span> <span class='ocrx_word' id='word_1_877' title='bbox 3586 4452 3596 4470; x_wconf 71' lang='grc' dir='ltr'><em>τ</em></span> 
     </span>
    </p>
   </div>
  </div>
