4020 6612
245 516 376 582 t323

1246 521 1545 584 CONTRA
1577 521 2003 585 MANUELEM
2040 522 2519 585 CRETENSEM.

3363 515 3500 581 130

240 634 541 690 κάντεῦθεν
575 636 635 689 τὸ
680 636 741 705 ἐξ
774 633 929 702 Υῑοῦ,
982 635 1018 706 ἢ
1046 634 1112 689 δι’
1139 633 1271 690 Υίοῦ
1299 630 1440 690 εἶναι
1483 637 1548 690 τὸ
1585 634 1816 705 Πνεῦμα

1936 637 2179 707 najorem
2246 633 2562 704 accipient?
2612 632 2773 687 Certe
2839 640 3098 686 extremae
3148 629 3505 698 blasphemia:

239 725 427 779 τέλεον
451 727 858 797 ἀπωθούμενοι.
883 726 948 781 El
975 727 1051 798 μὴ
1073 725 1184 799 γὰρ
1214 725 1277 781 τδ
1304 726 1642 782 ἀπωθεῖσθαι
1671 724 1818 780 ἀπώ-

243 833 449 882 σονται,
481 816 605 870 καθ’
634 819 817 872 ὁποῖον
841 818 948 888 ἄρα
977 817 1087 872 τῶν
1118 817 1537 891 σημαινομένων
1570 818 1678 872 τοῦ
1691 818 1819 886 μει-

244 909 417 976 ζονος
441 911 576 966 αὐτὸ
600 910 884 981 λήψονται,
913 911 1158 983 κρημνὸν
1185 911 1285 983 οὐχ
1314 911 1531 976 ἕξουσιν
1561 910 1818 977 ἐξαλύξαι

240 1002 337 1053 τὸν
366 991 821 1072 τῆς”ἁκροτᾶτης
869 1001 1184 1072 δυσφημίας
1232 997 1593 1055 οὐδοπωσοῦν.
1624 1002 1819 1054 Καίτοι

243 1091 502 1163 καθαρῶς
536 1092 564 1145 6
586 1091 915 1165 ίερομύστης
954 1109 976 1144 ι
1020 1094 1241 1163 μείζονα
1272 1093 1374 1147 τοῦ
1388 1091 1704 1161 Πνεύματος
1726 1092 1820 1145 τὸν

245 1183 376 1236 Υίὸν
412 1202 432 1236 ι
466 1185 664 1256 φήσας,
686 1185 782 1238 καὶ
812 1185 927 1239 ἴσον
960 1185 1150 1256 εἴρηκε
1171 1184 1473 1255 παρευθύς.
1495 1185 1602 1237 Καὶ
1621 1182 1821 1252 ἐφεξῆς

243 1276 550 1345 ἐπήγαγεν,
580 1295 597 1328 ι
653 1276 856 1330 Ἑδίδου
880 1275 942 1328 τὸ
978 1275 1223 1346 Πνεῦμα,
1262 1276 1357 1329 καὶ
1383 1274 1593 1343 ἔλεγεν,
1630 1293 1650 1327 ι
1672 1273 1822 1343 Ἐγὼ

243 1364 590 1429 ἀποστελῶ,
624 1386 643 1419 ι
682 1367 1087 1437 διαφανέστατα
1117 1367 1487 1435 παριστάνων,
1527 1367 1609 1420 ὅτι
1633 1366 1820 1436 ὥσπερ

244 1462 279 1531 ὴ
309 1460 611 1530 αὐτοσοφία
661 1460 755 1514 τὸν
786 1460 1008 1530 Πατέρα
1059 1460 1282 1530 μείζονα
1327 1461 1422 1514 καὶ
1471 1460 1590 1512 ἴσον
1624 1457 1819 1513 ἑαυτοῦ

246 1550 436 1621 σαφῶς
468 1550 933 1622 ἑμυσταγώγησεν
961 1553 1021 1606 ἐν
1057 1550 1417 1621 Εὑαγγελίοις
1464 1550 1653 1614 είπὼν,
1689 1568 1708 1601 ι
1757 1550 1820 1603 '0

212 1688 215 1691 ,
247 1642 438 1712 Πατήρ
469 1658 572 1711 μου
626 1640 831 1712 μείζων
881 1639 982 1712 μού
1031 1642 1144 1693 ἐστι
1165 1679 1181 1705 ,
1224 1658 1244 1693 ι
1280 1639 1375 1693 καὶ
1401 1640 1585 1700 πάλιν,
1621 1656 1641 1691 ι
1681 1638 1822 1707 Ἐγὼ

247 1733 344 1805 καὶ
373 1737 402 1787 6
430 1734 618 1805 Πατὴρ
647 1733 707 1787 ἓν
738 1735 906 1803 ἐσμεν
936 1752 952 1769 ο
999 1751 1020 1786 ι
1064 1731 1239 1796 οὕτως
1296 1732 1484 1787 ἐνθάδε
1540 1731 1720 1793 διδοὺς
1761 1731 1822 1784 τὸ

246 1823 476 1894 Πνεῦμα
513 1824 657 1879 κατὰ
682 1824 782 1895 τὴν
814 1823 1042 1895 θεότητα
1066 1824 1162 1876 καὶ
1191 1821 1564 1884 ἀποστέλλων,
1597 1821 1823 1890 μείζονα

244 1915 442 1970 τούτου
486 1917 583 1971 καὶ
629 1917 746 1972 ἴσον
775 1917 966 1971 ἑαυτὸν
997 1914 1269 1987 ἀριδήλως
1318 1914 1593 1983 ὲσήμανευ
1626 1915 1719 1966 καὶ
1746 1913 1821 1975 ὡς

245 2005 368 2060 licet
400 2008 460 2060 τὸ
497 2004 638 2072 ἴσον,
670 2006 814 2061 οὕτω
845 2005 1127 2060 κάνταῦθα
1176 2002 1319 2058 κατὰ
1366 2005 1424 2056 τὸ
1474 2003 1575 2074 τῆς
1607 2005 1822 2073 φύσεως

248 2097 693 2170 ἀπαράλλακτον,
723 2098 787 2152 τὸ
837 2098 896 2151 δὲ
932 2098 1115 2169 μεῖζον
1143 2097 1263 2150 κατ’
1300 2094 1540 2166 ίδιότητα
1588 2096 1711 2165 τὴν,
1740 2097 1824 2151 ὅτι

249 2207 360 2261 περ
386 2192 452 2244 ὲκ
483 2190 577 2245 τοῦ
609 2190 825 2260 Πατρός
849 2192 879 2244 6
909 2189 1059 2253 Υἱὸς,
1099 2188 1214 2241 ἀλλ’
1270 2188 1371 2241 οὐκ
1401 2190 1466 2241 ἐκ
1497 2187 1691 2242 τούτου
1716 2189 1827 2242 Πα-

246 2282 377 2352 τὴρ.
400 2282 557 2336 τοῦτο
595 2281 706 2353 γᾴρ
738 2281 959 2351 ἰδιότης,
985 2279 1082 2333 καὶ
1108 2279 1209 2349 τὴν
1237 2279 1318 2331 ὅτι
1351 2296 1458 2349 περ
1489 2281 1553 2333 ὲκ
1581 2280 1675 2333 τοῦ
1699 2279 1826 2334 Υίοῦ

250 2378 346 2431 καὶ
372 2376 459 2430 διὰ
490 2374 584 2428 τοῦ
620 2373 748 2428 Υίοῦ
783 2372 844 2426 τὸ
871 2369 1121 2445 Πνεῦμα,
1169 2371 1265 2423 καὶ⁸
1296 2371 1416 2441 οὐχὶ
1447 2372 1508 2425 τὸ
1536 2371 1824 2428 ἀνάπαλιν.

251 2467 420 2521 Ὅθεν
452 2466 529 2531 ὡς
560 2463 833 2535 ἀποστολὴ
880 2462 976 2517 τοῦ
1010 2461 1140 2516 Υίοῦ
1196 2463 1348 2534 παρὰ
1395 2461 1491 2516 τοῦ
1523 2463 1735 2533 Πατρδς
1765 2465 1827 2517 οὐ

164 2609 177 2619 ρ
251 2561 374 2615 καθ’
423 2558 601 2639 αὐτὴν.
634 2559 835 2629 ἔχουσα
877 2558 939 2611 τὸ
980 2556 1175 2627 δηλοῦν
1216 2557 1316 2628 τὴν
1361 2557 1428 2610 ἐκ
1470 2555 1566 2609 τοῦ
1617 2557 1829 2627 Πατρὸς

250 2654 583 2723 ὑπέρχρονον
608 2650 845 2721 ὓπαρξιν
867 2650 960 2704 τοῦ
995 2650 1125 2703 Υἰοῦ
1144 2648 1253 2704 τῶν
1283 2648 1556 2719 ἑγχρόνων
1579 2649 1655 2712 ὡς
1685 2649 1823 2703 οὖσα

252 2748 350 2799 καὶ
402 2745 540 2815 πρὸς
564 2744 665 2817 τὴν
698 2745 898 2799 κτίσιν.
943 2743 1034 2807 Ὦς
1062 2744 1108 2797 δ’
1140 2743 1380 2813 ἑπομένη
1416 2742 1541 2813 τῇδε
1571 2742 1636 2813 τῇ
1686 2743 1829 2813 ὑπὲρ

252 2838 471 2908 χρόνον.
502 2838 596 2891 καὶ
621 2837 772 2907 παρὰ
796 2836 957 2890 τοῦτο
988 2835 1291 2905 τεκμήριον
1322 2834 1496 2904 αὐτῆς
1525 2837 1827 2903 πεφυκυῖα,

253 2931 372 3000 ἔχει
405 2930 503 2999 μὲν
532 2928 595 2982 τὸ
623 2922 766 2982 εἶναι
800 2930 891 2982 καὶ
928 2926 1187 2996 λέγεσθαι
1217 2926 1312 2980 τοῦ
1363 2922 1495 2980 Υίοῦ
1541 2928 1695 2999 παρὰ
1733 2928 1829 2981 τοῦ

256 3022 493 3094 Πατρδς,
521 3022 724 3093 ἥκιστα
751 3019 811 3073 δὲ
842 3019 933 3074 καὶ
977 3019 1071 3072 τοῦ
1110 3019 1323 3088 Πατρὸς
1352 3019 1506 3089 παρὰ
1531 3020 1626 3073 τοῦ
1660 3018 1793 3073 Υίοῦ
1813 3034 1828 3049 ’

255 3114 432 3176 οὕτως
451 3114 728 3183 ἀποστολὴ
749 3110 845 3166 τοῦ
887 3110 1206 3181 Πνεῦματος
1240 3110 1390 3180 παρὰ
1409 3109 1501 3163 τοῦ
1533 3110 1664 3164 Υίοῦ
1689 3111 1832 3165 κατὰ

258 3206 351 3260 τὸν
380 3206 544 3260 αὐτὸν
597 3204 756 3273 λόγον
808 3203 1159 3274 θεωρουμένη
1198 3202 1317 3258 ἔστι
1373 3218 1432 3256 τε
1484 3206 1580 3256 καὶ
1612 3202 1831 3271 λέγεται

1919 728 2280 801 praecipitium
2319 726 2561 796 eii‘ugere
2594 725 2747 779 nullo
2776 725 2938 778 modo
2985 730 3266 794 poterunt.
3329 721 3393 775 Et
3412 729 3502 776 ta-

1920 836 2044 877 men
2073 824 2362 892 perspicue
2393 819 2723 889 hieromysta
2781 834 2800 870 ι
2834 816 3096 886 majorem
3148 814 3354 885 Spiritu
3412 813 3502 867 Fl-

1921 918 2053 972 lium
2086 936 2104 970 t
2135 916 2346 983 dicens,
2378 914 2634 985 aqualem
2658 926 2917 983 perquam
2943 911 3124 966 subito
3149 907 3504 978 nuncupavit,

1921 1019 1976 1064 et
2023 1009 2365 1079 postmodum
2396 1005 2699 1074 subjunxit.
2750 1023 2769 1056 ι
2811 1002 3085 1058 Tradebat
3126 1000 3390 1072 Spiritum
3447 1009 3505 1054 et

1920 1101 2171 1156 dicebat:
2199 1099 2306 1169 Ego
2326 1100 2555 1160 mittam,
2587 1115 2606 1149 ι
2636 1094 3088 1151 manifestissime
3111 1094 3502 1163 comprobans,

1921 1193 1998 1246 uti
2033 1192 2148 1260 ipsa
2181 1191 2453 1259 Sapientia
2478 1188 2693 1243 Patrem
2734 1187 2995 1257 majorem
3029 1196 3082 1240 et
3113 1187 3380 1257 aqualem
3413 1185 3501 1239 sui

1921 1282 2099 1352 palam
2127 1281 2348 1336 edocuit
2393 1281 2446 1334 iu
2479 1278 2794 1350 Evangeliis
2825 1278 3045 1333 dicens:
3101 1296 3121 1329 ι
3153 1275 3312 1331 Pater
3347 1290 3504 1330 meus

1921 1374 2096 1440 major
2122 1386 2209 1428 me
2231 1381 2351 1438 est;
2391 1389 2411 1423 ι
2437 1385 2733 1439 rursusque
2760 1385 2776 1425 ε
2814 1388 2834 1421 ι
2861 1366 2974 1440 Ego
3021 1377 3078 1424 et
3139 1367 3297 1423 Pater
3328 1383 3497 1421 unum

1921 1476 2132 1526 sumus,
2167 1481 2187 1513 ι
2221 1462 2294 1515 ita
2326 1469 2382 1515 et
2421 1462 2508 1516 hic
2540 1461 2804 1529 Spiritum
2854 1461 3142 1531 porrigens
3200 1459 3501 1515 secundum

1920 1552 2282 1616 divinitatem,
2315 1563 2369 1608 ct
2406 1554 2629 1608 mittens
2690 1554 2953 1622 majorem
3004 1552 3097 1607 illo
3141 1562 3197 1607 et
3236 1553 3501 1621 aequalem

1922 1646 2272 1715 semetipsum
2299 1646 2458 1716 plane
2493 1646 2804 1699 enuntiavit
2854 1661 2868 1698 :
2913 1654 2970 1700 et
3027 1646 3106 1699 uti
3148 1644 3225 1698 ibi
3273 1640 3502 1712 aequale,

1923 1739 2000 1794 ita
2054 1749 2112 1793 et
2165 1739 2255 1794 hic
2293 1740 2595 1794 secundum
2651 1749 2860 1793 natura:
2912 1750 3011 1806 per
3066 1736 3248 1792 omnia
3305 1735 3505 1799 simile,

1922 1831 2099 1899 majus
2129 1845 2260 1885 vero
2283 1831 2583 1887 secundum
2618 1832 3027 1900 prOprictatem,
3051 1830 3192 1897 quod
3219 1828 3392 1883 Filius
3440 1844 3507 1881 ex
3564 1902 3567 1905 Δ

1923 1922 2083 1977 Patre
2140 1931 2243 1987 est,
2281 1937 2393 1976 non
2444 1932 2624 1977 autem
2674 1936 2740 1975 ex
2786 1919 2924 1975 Filio
2964 1923 3149 1975 Pater.
3199 1921 3321 1975 Haec
3358 1920 3507 1974 enim
3566 1910 3572 1923 ³

1926 2014 2228 2084 proprietas
2261 2021 2364 2075 est.
2389 2029 2494 2083 qua
2527 2028 2596 2067 ex
2635 2012 2775 2067 Filio
2811 2021 2867 2067 et
2895 2028 2996 2083 per
3022 2012 3215 2067 Filium
3272 2012 3510 2082 Spiritus

1927 2115 2030 2171 est,
2088 2114 2143 2160 et
2192 2120 2303 2160 non
2359 2104 2475 2161 vice
2499 2120 2677 2160 versa.
2707 2104 2863 2161 Unde
2905 2104 3095 2161 missio
3128 2104 3247 2160 Filii
3282 2121 3309 2159 a
3350 2102 3535 2182 Patre_
3628 2102 3635 2111 ’

1929 2211 2035 2250 nou
2064 2210 2130 2250 ex
2169 2196 2344 2265 seipsa
2377 2197 2559 2258 habet,
2601 2210 2780 2265 neque
2825 2196 3065 2250 ostendit
3117 2192 3509 2265 sempiternam

1928 2301 1994 2342 ex
2020 2285 2179 2341 Patre
2211 2286 2583 2342 exsistentiam
2609 2285 2755 2348 Filii,
2791 2300 2914 2341 cum
2946 2286 3002 2340 in
3034 2296 3282 2357 tempore
3329 2286 3399 2341 sit
3454 2296 3511 2341 et

1929 2378 1997 2431 ad
2024 2387 2325 2433 creaturas.
2359 2377 2447 2433 Uti
2485 2393 2618 2431 vero
2651 2379 3006 2446 consequitur
3033 2393 3152 2432 eam
3188 2392 3309 2448 quae
3344 2393 3511 2448 supra

1929 2485 2092 2525 omne
2127 2478 2341 2540 tempus
2360 2480 2465 2537 est,
2498 2477 2556 2524 et
2583 2472 2880 2525 secundum
2917 2470 3047 2525 illud
3070 2485 3191 2525 eam
3214 2485 3336 2526 esse
3368 2471 3512 2525 indi-

1929 2561 2075 2615 cium
2106 2570 2211 2620 est.
2247 2561 2516 2631 habetque
2546 2561 2690 2630 quod
2714 2562 2786 2616 sit
2818 2571 2873 2616 et
2898 2562 3113 2616 dicatur
3144 2558 3266 2616 Filii
3322 2576 3354 2617 a
3382 2560 3515 2627 ,Ρα-

1930 2665 2036 2715 tre,
2061 2653 2155 2707 sed
2185 2667 2291 2707 non
2327 2653 2458 2708 item
2497 2653 2670 2708 Patris
2693 2670 2720 2708 a
2748 2652 2903 2719 Filio,
2947 2654 3063 2724 pari
3127 2654 3289 2709 modo
3321 2636 3512 2711 missio

1931 2743 2167 2813 Spiritus
2195 2759 2225 2798 a
2252 2744 2395 2800 Filio
2417 2746 2714 2801 secundum
2741 2746 2985 2800 eamdem
3013 2745 3513 2801 considerationem

1932 2832 2133 2903 agnita,
2175 2843 2258 2888 est
2291 2833 2603 2904 dici‘turque
2632 2850 2666 2889 a
2696 2834 2858 2901 Filio,
2885 2843 2940 2888 at
2964 2846 3076 2889 non
3119 2835 3247 2888 item
3283 2850 3512 2906 prorsus

1930 2919 2051 2975 Filii
2078 2937 2109 2977 a
2138 2920 2346 2991 Spiritu
2404 2923 2706 2977 secundum
2736 2924 3099 2980 divinitatem.
3153 2922 3220 2979 Et
3259 2926 3527 2980 eumdctn'

1930 3012 2297 3069 confessionis
2325 3015 2532 3085 apicem
2559 3017 2939 3081 Athanasium,
2958 3018 3076 3072 haec
3096 3017 3170 3072 ita
3203 3033 3262 3074 se
3284 3019 3507 3083 habere.

1930 3117 1985 3160 et
2014 3107 2189 3174 majus
2249 3107 2327 3161 uti
2368 3109 2436 3163 de
2486 3108 2645 3164 Patre
2674 3118 2729 3164 et
2778 3110 2936 3175 Fiiio,
2996 3113 3155 3165 itaet
3193 3113 3260 3166 de
3288 3110 3426 3167 Filio
3459 3122 3515 3168 et

1934 3196 2142 3267 Spiritu
2217 3200 2518 3257 secundum
2573 3202 2685 3271 jam
2758 3203 3062 3272 expositam
3123 3205 3510 3273 proprietatem

259 3301 413 3369 παρὰ
443 3298 539 3353 τοῦ
564 3296 716 3360 Υίοῦ,
749 3295 864 3350 ἀλλ’
896 3297 957 3348 οὐ
1001 3295 1176 3364 δήπου
1205 3298 1301 3349 τοῦ
1336 3295 1468 3349 Υἱοῦ
1505 3296 1832 3365 τοπαράπαν

1937 3291 2269 3357 decrevisse,
2299 3302 2352 3346 et
2381 3307 2448 3347 ex
2477 3293 2579 3348 hoc
2607 3294 2755 3349 dicto
2789 3305 2843 3349 et
2889 3310 2957 3349 cx
2983 3296 3103 3350 aliis
3160 3294 3406 3365 plurimis
3458 3298 3511 3349 in

263 3390 420 3458 παρὰ
461 3387 559 3442 τοῦ
580 3386 899 3457 Πνεύματος
944 3385 1086 3439 κατὰ
1117 3385 1215 3455 τὴν
1250 3384 1500 3455 θεότητα.
1534 3386 1599 3439 Ὀ
1630 3402 1692 3455 γε
1726 3384 1832 3456 μὴν

259 3482 428 3544 αὐτὸς
479 3484 508 3535 6
558 3479 659 3549 τῆς
708 3478 998 3550 ὁμολογίας
1053 3478 1312 3548 ἀκρέμων
1358 3478 1695 3543 Ἀθανάσιος,
1749 3479 1833 3532 ὅτι

258 3571 419 3626 ταῦθ’
452 3569 627 3634 οὔτως
657 3570 792 3639 εχει,
826 3571 921 3623 καὶ
951 3569 1013 3622 τὸ
1034 3566 1236 3638 μεῖζον
1267 3567 1343 3632 ὠς
1383 3570 1476 3621 ἐπὶ
1506 3568 1719 3640 Πατρός
1742 3571 1836 3623 καὶ

260 3662 417 3724 Υἱοῦ,
460 3658 635 3725 οὕτως
665 3662 758 3714 ἰπὶ
785 3659 918 3715 Υίοῦ
964 3662 1059 3713 καὶ
1093 3659 1414 3729 Πνεῦματος
1447 3661 1566 3715 κατ’
1597 3661 1836 3732 ἰδιότητα

260 3754 365 3825 τὴν
390 3754 785 3824 διειλημμένην
814 3751 1186 3822 ὲθεολὸγησεν,
1213 3752 1276 3806 ἐκ
1296 3769 1354 3809 τε
1381 3752 1833 3824 ῥησεωςταύτης,

262 3847 360 3901 καὶ
388 3845 484 3915 ἀφ’
524 3841 600 3899 ὧν
646 3848 706 3899 ὲν
755 3845 1038 3907 πλείσταις
1076 3843 1245 3899 αὐτοῦ
1285 3844 1597 3915 θεηγορίαις
1646 3844 1836 3899 διασα-

265 3939 377 4007 φεῖ,
406 3936 648 3993 δείκνυσι
673 3934 952 4003 καθαρῶς,
974 3934 1068 3986 νῦν
1097 3934 1153 3988 δὲ
1186 3934 1364 4002 μόνως
1399 3933 1458 3998 ἐξ
1480 3927 1555 3987 ὧν
1585 3950 1752 4005 φησιν
1780 3938 1837 3988 ἐν

263 4027 577 4089 ἐπιστολαῖς
595 4028 715 4090 ταῖς
736 4025 869 4095 πρὸς
889 4025 1211 4094 Σεραπίωνα
1234 4024 1572 4093 βεϐαιώσειε.
1599 4026 1640 4076 Τ
1644 4025 1879 4090 αὐταις⁹

264 4120 378 4190 γὰρ
419 4118 680 4191 εἰρηκὼς,
724 4137 744 4170 ι
786 4116 1058 4186 Τοιαύτην
1096 4116 1248 4182 ’τάξιν
1277 4117 1372 4168 κα)⁸
1423 4117 1587 4185 φύσιν
1625 4116 1839 4187 ἔχοντος

262 4212 362 4267 τοῦ
399 4211 714 4282 Πνεῦματος
743 4208 880 4281 πρὸς
910 4209 1003 4261 τὸν
1052 4207 1201 4271 Υίὸν,
1249 4207 1442 4260 ὁποίαν
1480 4208 1685 4277 6,1‘16;
1722 4207 1853 4278 ἔχει

266 4304 407 4373 πρὸς
465 4303 559 4356 τὸν
597 4302 839 4371 Πατέρα,
879 4319 899 4351 ι
933 4302 993 4353 6v
1045 4300 1237 4362 αὐταῖς
1284 4299 1438 4362 αὖθις
1486 4299 1838 4368 διαγορεύειο

273 4414 294 4449 ι
330 4396 462 4450 Οζαν
512 4395 621 4466 γὰρ
674 4394 920 4462 ἔγνωμεν
975 4392 1213 4461 ἰδιότητα
1261 4390 1355 4445 τοῦ
1388 4390 1520 4445 Υίοῦ
1566 4391 1704 4455 πρὸς
1750 4391 1842 4444 τὸν

268 4490 512 4560 Πατέρα,
543 4486 748 4556 ταύτην
778 4486 923 4556 ἔχειν
944 4483 1006 4538 τὸ
1032 4483 1258 4554 Πνεῦμα
1292 4485 1429 4554 πρὸς
1454 4485 1548 4538 τὸν
1582 4486 1711 4537 Υίὸν
1749 4485 1842 4538 εὑ-

234 4568 241 4575 ’
274 4580 536 4648 ρήσομεν.
572 4594 591 4628 ι
628 4575 741 4628 Καὶ
774 4575 970 4628 πάλινο
1006 4592 1026 4627 ι
1065 4574 1279 4645 Ὠσπερ
1305 4575 1416 4646 γὰρ
1446 4576 1504 4627 ὲν
1536 4574 1645 4646 ἰδίᾳ
1673 4576 1842 4629 εικόνι

1936 3381 2052 3437 suis
2084 3382 2286 3440 divinis
2311 3387 2721 3440 commentariis
2753 3386 3021 3456 inspersis
3079 3387 3366 3462 perspicue
3420 3402 3515 3461 ap-

1936 3483 2110 3543 paret,
2144 3491 2291 3531 nunc
2335 3492 2465 3532 vero
2486 3479 2670 3532 solum'
2689 3493 2753 3534 ex
2794 3479 2864 3534 iis
2918 3494 3037 3552 qua:
3089 3480 3140 3536 iu
3175 3483 3419 3550 epistolis
3447 3486 3529 3537 ad”

1936 3566 2289 3638 Serapionem
2341 3568 2632 3638 decernit;
2698 3584 2936 3644 namque
2989 3590 3112 3629 cum
3163 3576 3269 3629 illis
3318 3576 3513 3630 dicat:

1945 3675 1965 3710 ι
2004 3659 2268 3715 Eomdem
2295 3661 2543 3717 ordinem
2574 3670 2631 3719 et
2655 3673 2905 3719 naturam
2958 3681 3079 3721 cum
3115 3666 3310 3721 habeat
3345 3665 3516 3735 Spiri-

1940 3760 2027 3805 tus
2047 3766 2174 3821 erga
2200 3751 2418 3818 Filium.
2455 3771 2615 3822 quam
2648 3756 2815 3813 habet
2842 3756 3010 3812 Filius
3058 3772 3182 3828 erga
3211 3758 3445 3820 Patrem.
3491 3752 3538 3808 ι’

1939 3842 1994 3897 in
2024 3841 2217 3897 iisdem
2240 3841 2438 3899 iterum
2457 3856 2668 3915 repetat
2695 3864 2710 3902 :
2745 3865 2764 3899 ι
2787 3846 2963 3915 Quam
2995 3847 3140 3904 enim
3168 3850 3514 3921 agnoscimus

1941 3933 2329 4001 proprietatem
2358 3933 2480 3991 Filii
2534 3953 2664 4010 erga
2713 3937 2950 4003 Patrem,
2999 3941 3246 3995 eamdem
3312 3940 3514 3995 habere

1942 4024 2205 4093 Spiritum
2266 4043 2390 4097 erga
2456 4027 2654 4084 Filium
2704 4030 3060 4101 reperiemus.
3106 4050 3124 4083 ι
3154 4032 3513 4103 Rursusque:

1947 4132 1966 4165 ι
1999 4114 2175 4170 Veluti
2200 4117 2254 4170 in
2288 4118 2507 4187 prepria
2545 4119 2781 4188 imagine
2828 4128 2913 4175 est
2962 4120 3134 4176 Filius
3175 4126 3228 4175 in
3283 4121 3513 4191 Spiritu,

1942 4219 2048 4259 non
2071 4206 2177 4261 alio
2208 4208 2371 4263 modo
2396 4218 2481 4263 est
2508 4208 2670 4265 Pater
2701 4210 2754 4264 in
2784 4209 2945 4266 Filio.
2981 4230 3001 4263 ι
3031 4211 3143 4274 Nec
3170 4222 3290 4281 post
3325 4213 3513 4266 multa:

1949 4316 1967 4350 ι
2007 4298 2186 4370 imago
2236 4300 2359 4356 Filii
2410 4302 2613 4357 dicitur
2670 4312 2728 4358 et
2776 4313 2862 4358 est
2904 4303 3169 4373 Spiritus;
3202 4318 3339 4374 quos
3369 4306 3514 4359 enim
3585 4360 3593 4367 ,

1943 4392 2197 4461 cognovit
2249 4400 2307 4446 et
2350 4392 2853 4456 pmdeterminavit
2911 4395 3224 4452 conformes
3268 4396 3517 4467 imaginis

1945 4478 2066 4534 Filii
2115 4481 2223 4537 sui.
2264 4499 2286 4533 ι
2331 4482 2399 4537 Et
2422 4483 2516 4553 qui
2546 4484 2812 4555 operibus
2865 4484 3086 4539 nomine
3125 4500 3234 4539 non
3292 4485 3521 4541 inferior

1945 4583 2026 4628 est
2048 4572 2343 4644 Gregorius
2373 4574 2834 4646 Thaumaturgus,
2862 4577 2914 4633 in
2945 4592 3057 4631 sua:
3082 4578 3401 4649 dogmatica:
3434 4594 3522 4634 re-

274 4671 423 4725 ἐστὶν
452 4670 480 4722 6
499 4668 628 4732 Υἱὸς
672 4670 728 4721 ὲν
755 4665 834 4737 τῷ
860 4665 1162 4736 Πνεῦματι,
1187 4665 1330 4720 οὕτω
1352 4669 1447 4720 καὶ
1478 4667 1507 4720 6
1539 4667 1732 4738 Πατὴρ
1779 4671 1834 4722 ὲν

1947 4665 2237 4720 velationis
2259 4666 2586 4734 initiatione,
2632 4672 2666 4720 ἰ
2701 4668 2883 4722 Patris
2908 4666 3107 4739 imago,
3140 4669 3236 4732 ait.
3266 4669 3458 4733 Filius,
3492 4688 3510 4721 ι

269 4761 350 4834 τῷ
388 4761 524 4832 Υίῷ.
568 4779 589 4813 ι
623 4761 734 4813 Καὶ
769 4759 907 4828 μετά
934 4774 1088 4812 τινα·
1124 4776 1144 4809 ι
1187 4759 1367 4812 Είκὼν
1398 4758 1493 4811 τοῦ
1526 4759 1656 4813 Υίοῦ
1688 4761 1845 4827 λέγε-

271 4871 365 4907 ται
398 4855 491 4907 καὶ
526 4851 651 4905 ἐστι
689 4850 751 4905 τδ
784 4850 1036 4921 Πνεῦμα.
1085 4849 1191 4914 Οὓς
1219 4850 1329 4921 γὰρ
1381 4850 1525 4918 ἔγνω
1562 4850 1845 4923 ,προώρισε

276 4945 636 5016 συμμόρφους
668 4943 768 5013 τῆς
822 4941 1029 5001 elatave;
1061 4940 1155 4994 τοῦ
1188 4941 1318 4995 Υίοῦ
1354 4941 1543 5003 αὐτοῦ.
1599 4961 1617 4993 ι
1668 4944 1776 4995 Καὶ
1819 4945 1848 4996 6

274 5036 618 5108 φερωνυμῶν
648 5036 715 5089 ὲκ
746 5035 855 5090 τῶν
883 5034 1062 5105 ἔργων
1093 5033 1396 5104 Γρηγόριος
1430 5036 1458 5087 ὁ
1487 5033 1849 5105 Θαυματουρ-

275 5131 373 5198 γὸς
423 5132 480 5182 ἐν
533 5131 601 5198 τῇ
655 5128 755 5195 τῆς
803 5125 969 5180 αὐτοῦ
1022 5126 1362 5196 δογματικῆς
1429 5125 1847 5195 ’Λποχαλύψεως

278 5222 501 5290 μυήσει,
547 5237 567 5272 ι
604 5217 710 5272 Τοῦ
748 5217 961 5285 Πατρὸς
1010 5219 1195 5284 είκων,
1234 5204 1261 5268 ι’
1296 5216 1482 5287 φησιν,
1510 5235 1530 5269 ι
1568 5218 1597 5270 6
1639 5217 1789 5280 Υἱὸς,
1822 5235 1842 5268 ι

276 5316 371 5368 καὶ
404 5313 543 5382 μετὰ
583 5310 780 5381 βραχὺ,
811 5329 830 5361 ι
872 5308 1055 5365 Είκὼν
1079 5306 1176 5362 τοῦ
1208 5307 1341 5362 Υίοῦ
1374 5308 1436 5362 τὸ
1472 5307 1849 5378 Πνεῦμαδτε-

275 5405 423 5461 λείου
450 5402 632 5457 τελεία
651 5419 666 5432 ο
700 5421 720 5455 ι
750 5402 845 5455 καὶ
886 5399 1157 5471 πολλαχοῦ
1188 5399 1350 5454 τοῦτο
1393 5400 1493 5470 τῆς
1527 5400 1679 5464 θείας
1708 5400 1851 5473 Γρα-

279 5497 411 5567 φῆς,
440 5514 460 5547 ι
495 5495 590 5549 τοῦ
617 5493 829 5564 Πατρός
854 5495 882 5548 6
907 5492 1059 5560 Υίὸς,
1085 5492 1289 5547 καὶτοῦ
1313 5491 1441 5547 Υίοῦ
1462 5492 1523 5545 τὸ
1551 5491 1798 5563 Πνεῦμα,
1824 5513 1843 5546 ι

279 5588 381 5645 καὶ
408 5587 472 5641 οὑ
508 5587 682 5657 δήπου
713 5585 807 5638 τοῦ
853 5583 984 5638 Υἱοῦ
1011 5583 1178 5641 εἰκὼν
1209 5586 1238 5637 6
1268 5584 1478 5653 Πατὴρ,
1503 5584 1627 5638 οὐδέ
1656 5601 1720 5653 γε
1752 5584 1851 5638 τοῦ

281 5678 599 5750 Πνεύματος
632 5681 659 5735 6
682 5678 833 5741 Υἱὸς,
859 5679 952 5733 καὶ
990 5676 1166 5732 ταῦτα
1193 5675 1301 5729 τῶν
1334 5676 1504 5743 τριῶν
1545 5677 1733 5741 οὐσίας
1759 5675 1851 5732 οὖ-

284 5788 386 5843 σης
419 5773 550 5842 μιᾶς
569 5786 586 5804 '
619 5769 796 5825 καίτοι
821 5772 870 5823 ei
896 5768 1211 5838 διὰταύτην
1245 5768 1464 5836 ἐλέγετο
1489 5768 1636 5833 τάδε,
1669 5768 1766 5822 καὶ
1791 5769 1851 5821 οὐ

281 5866 375 5920 διὰ
394 5864 494 5936 τὴν
521 5863 851 5935 λελεγμένην
902 5863 1139 5933 ίδιότητα
1180 5862 1410 5933 προόδου
1449 5863 1546 5931 τῆς
1593 5862 1850 5930 φυσικῆς,

286 5958 595 6030 ἀδιαφόρως
636 5957 703 6013 ἂν
734 5956 962 6029 θατέρου
991 5956 1217 6026 θάτερον
1247 5953 1491 6009 ἐκαλεῖτο
1519 5952 1702 6021 εἰκὼν,
1737 5952 1852 6007 ἀλλ’

1946 4770 2049 4809 nec
2095 4756 2265 4813 multo
2320 4769 2443 4826 post
2479 4775 2494 4813 :
2532 4776 2550 4809 ι
2579 4758 2762 4829 Imago
2796 4758 2916 4813 Filii
2971 4758 3225 4829 Spiritus,
3292 4752 3518 4831 perfecti

1948 4849 2248 4919 perfecta.»
2303 4849 2372 4905 Et
2433 4849 2633 4920 passim
2683 4849 2739 4904 in
2787 4849 2989 4905 divinis
3023 4849 3244 4904 Litteris
3301 4850 3518 4923 legitur,

1954 4958 1973 4991 ι
2014 4939 2188 4997 Patris
2220 4940 2408 5003 Filius,
2433 4950 2486 4995 et
2511 4933 2636 4994 Filii
2658 4938 2916 5008 Spiritus,
2961 4960 2980 4992 ι
3026 4954 3128 4996 nec
3155 4941 3263 4997 ullo
3291 4934 3347 4995 in
3378 4942 3519 5007 loco,

1949 5029 2072 5085 Filii
2130 5029 2307 5101 imago
2359 5028 2520 5085 Pater
2561 5036 2667 5094 est,
2720 5040 2902 5097 neque
2957 5026 3191 5097 Spiritus
3229 5028 3369 5093 Filii,
3392 5016 3561 5083 licet.

1952 5123 2148 5181 horum
2176 5123 2337 5179 trium
2371 5134 2478 5175 una
2509 5119 2746 5175 essentia
2776 5122 2869 5183 sit,
2900 5120 3149 5189 quamvis
3193 5120 3239 5176 si
3275 5122 3343 5174 ob
3382 5121 3523 5177 hanc

1951 5214 2057 5271 ista
2077 5213 2480 5271 aﬂirmarentur
2506 5220 2692 5267 etnon
2722 5213 2792 5266 ob
2831 5212 2942 5281 jam
2971 5210 3170 5266 dictam
3222 5210 3525 5280 proprieta-

1952 5317 2061 5362 tem
2100 5306 2367 5361 naturalis
2386 5319 2727 5376 progressus,
2749 5305 3120 5359 indifferenter
3164 5304 3397 5357 alterum
3446 5304 3526 5357 al-

1954 5399 2123 5454 terius
2153 5398 2332 5468 imago
2362 5410 2795 5469 nuncuparetur.
2828 5398 3212 5454 Verumtamen
3258 5397 3376 5451 inec
3413 5389 3523 5452 ndn
3554 5448 3564 5456 .

1953 5497 2105 5552 sunt,
2142 5503 2318 5557 neque
2344 5487 2623 5543 dicuntur.
2653 5487 2838 5557 Imago
2867 5489 3013 5543 enim
3028 5483 3206 5538 Filius
3227 5494 3312 5539 est
3350 5484 3516 5548 illius,

1953 5597 2018 5641 ex
2085 5595 2193 5650 quo
2241 5589 2344 5646 est,
2399 5579 2577 5634 Patris
2630 5579 2898 5635 sententia
2951 5575 3198 5648 Gregorii
3246 5575 3300 5630 in
3357 5576 3527 5631 rebus

1957 5670 2274 5741 tbeologicis
2305 5669 2666 5741 magni.Cum
2698 5669 2849 5724 enim
2900 5672 3064 5737 supra
3120 5683 3239 5722 eam
3288 5676 3528 5725 consub-

1956 5764 2207 5833 stantiale
2259 5768 2553 5832 posuisset,
2586 5763 2767 5816 statim
2817 5761 3146 5816 subintulit:
3209 5780 3227 5813 ι
3271 5760 3336 5816 Et
3383 5766 3565 5832 quotl‘

1957 5854 2065 5909 hoc
2094 5853 2224 5910 inde
2252 5862 2360 5919 est,
2388 5869 2499 5907 non
2535 5854 2665 5909 item
2696 5868 2761 5909 ex
2794 5854 2897 5908 hoc
2917 5853 3099 5921 Pater,
3127 5871 3146 5905 ι
3180 5853 3353 5926 ipsam
3384 5856 3528 5911 inter

1958 5967 2017 6009 se
2038 5950 2465 6025 congruentiam
2499 5948 2786 6020 adaptans,
2814 5963 2940 6007 cum
2965 5954 3024 6007 et
3056 5949 3526 6008 consubstantia'e
