  <div class='ocr_page' id='page_1' title='image "/cluster/home/n/w/nwhite01/storage/ocr_20150623/141/hvd.32044019208313/673.png"; bbox 0 0 3972 6570; ppageno 0'>
   <div class='ocr_carea' id='block_1_1' title="bbox 516 479 653 546">
    <p class='ocr_par' dir='ltr' id='par_1_1' title="bbox 516 479 653 546">
     <span class='ocr_line' id='line_1_1' title="bbox 516 479 653 546; baseline 0.044 -6"><span class='ocrx_word' id='word_1_1' title='bbox 516 479 653 546; x_wconf 79' lang='grc'><strong>1331</strong></span> 
     </span>
    </p>
   </div>
   <div class='ocr_carea' id='block_1_2' title="bbox 1762 468 2591 534">
    <p class='ocr_par' dir='ltr' id='par_1_2' title="bbox 1762 468 2591 534">
     <span class='ocr_line' id='line_1_2' title="bbox 1762 468 2591 534; baseline -0.008 0"><span class='ocrx_word' id='word_1_2' title='bbox 1762 471 2089 534; x_wconf 82' lang='lat' dir='ltr'><strong>GEORGII</strong></span> <span class='ocrx_word' id='word_1_3' title='bbox 2131 471 2183 529; x_wconf 83' lang='lat' dir='ltr'><strong>M</strong></span> <span class='ocrx_word' id='word_1_4' title='bbox 2195 468 2591 531; x_wconf 66' lang='lat' dir='ltr'><strong>ETOCllszE</strong></span> 
     </span>
    </p>
   </div>
   <div class='ocr_carea' id='block_1_3' title="bbox 3629 443 3752 510">
    <p class='ocr_par' dir='ltr' id='par_1_3' title="bbox 3629 443 3752 510">
     <span class='ocr_line' id='line_1_3' title="bbox 3629 443 3752 510; baseline 0.008 -2"><span class='ocrx_word' id='word_1_5' title='bbox 3629 443 3752 510; x_wconf 79' lang='lat'><strong>1332</strong></span> 
     </span>
    </p>
   </div>
   <div class='ocr_carea' id='block_1_4' title="bbox 514 563 2089 662">
    <p class='ocr_par' dir='ltr' id='par_1_4' title="bbox 514 587 2089 662">
     <span class='ocr_line' id='line_1_4' title="bbox 514 587 2089 662; baseline -0.01 -12"><span class='ocrx_word' id='word_1_6' title='bbox 514 597 645 650; x_wconf 82' lang='lat' dir='ltr'><strong>inde</strong></span> <span class='ocrx_word' id='word_1_7' title='bbox 679 596 770 656; x_wconf 91' lang='lat' dir='ltr'><strong>sit,</strong></span> <span class='ocrx_word' id='word_1_8' title='bbox 802 594 945 662; x_wconf 89' lang='lat' dir='ltr'><strong>quod</strong></span> <span class='ocrx_word' id='word_1_9' title='bbox 992 609 1060 647; x_wconf 78' lang='lat' dir='ltr'><strong>ex</strong></span> <span class='ocrx_word' id='word_1_10' title='bbox 1113 592 1348 646; x_wconf 88' lang='lat' dir='ltr'><strong>essentia</strong></span> <span class='ocrx_word' id='word_1_11' title='bbox 1405 589 1580 644; x_wconf 90' lang='lat' dir='ltr'><strong>Patris</strong></span> <span class='ocrx_word' id='word_1_12' title='bbox 1639 587 1809 643; x_wconf 88' lang='lat' dir='ltr'><strong>Filius</strong></span> <span class='ocrx_word' id='word_1_13' title='bbox 1848 587 1941 650; x_wconf 87' lang='lat' dir='ltr'><strong>sit,</strong></span> <span class='ocrx_word' id='word_1_14' title='bbox 1987 599 2089 637; x_wconf 92' lang='lat' dir='ltr'><strong>non</strong></span> 
     </span>
    </p>
   </div>
   <div class='ocr_carea' id='block_1_5' title="bbox 2191 563 3751 662">
    <p class='ocr_par' dir='ltr' id='par_1_5' title="bbox 2199 563 3751 641">
     <span class='ocr_line' id='line_1_5' title="bbox 2199 563 3751 641; baseline -0.01 -7"><span class='ocrx_word' id='word_1_15' title='bbox 2199 583 2298 634; x_wconf 77' lang='grc' dir='ltr'><strong>οὐκ</strong></span> <span class='ocrx_word' id='word_1_16' title='bbox 2333 580 2504 641; x_wconf 72' lang='grc' dir='ltr'>ἔστιν,</span> <span class='ocrx_word' id='word_1_17' title='bbox 2543 576 2669 629; x_wconf 71' lang='grc' dir='ltr'>οῦτε</span> <span class='ocrx_word' id='word_1_18' title='bbox 2695 575 2933 641; x_wconf 84' lang='grc' dir='ltr'>λέγεται.</span> <span class='ocrx_word' id='word_1_19' title='bbox 2969 567 3148 624; x_wconf 78' lang='grc' dir='ltr'><strong>Εὶκὼν</strong></span> <span class='ocrx_word' id='word_1_20' title='bbox 3176 566 3284 637; x_wconf 80' lang='grc' dir='ltr'><strong>γὰρ</strong></span> <span class='ocrx_word' id='word_1_21' title='bbox 3328 567 3357 619; x_wconf 99' lang='lat'><strong>6</strong></span> <span class='ocrx_word' id='word_1_22' title='bbox 3396 564 3526 628; x_wconf 71' lang='grc' dir='ltr'>Υἱὸς</span> <span class='ocrx_word' id='word_1_23' title='bbox 3557 563 3751 619; x_wconf 63' lang='grc' dir='ltr'>ἐκείνου</span> 
     </span>
    </p>
   </div>
   <div class='ocr_carea' id='block_1_6' title="bbox 516 682 2090 750">
    <p class='ocr_par' dir='ltr' id='par_1_6' title="bbox 516 682 2090 750">
     <span class='ocr_line' id='line_1_6' title="bbox 516 682 2090 750; baseline -0.008 -8"><span class='ocrx_word' id='word_1_24' title='bbox 516 688 646 742; x_wconf 86' lang='lat' dir='ltr'><strong>item</strong></span> <span class='ocrx_word' id='word_1_25' title='bbox 669 703 734 742; x_wconf 82' lang='lat' dir='ltr'><strong>ex</strong></span> <span class='ocrx_word' id='word_1_26' title='bbox 765 686 1000 740; x_wconf 84' lang='lat' dir='ltr'><strong>essentia</strong></span> <span class='ocrx_word' id='word_1_27' title='bbox 1031 685 1102 739; x_wconf 93' lang='lat' dir='ltr'><strong>ob</strong></span> <span class='ocrx_word' id='word_1_28' title='bbox 1129 682 1619 745; x_wconf 87' lang='lat' dir='ltr'><strong>consubstantiale,</strong></span> <span class='ocrx_word' id='word_1_29' title='bbox 1670 682 1738 736; x_wconf 86' lang='lat' dir='ltr'><strong>de</strong></span> <span class='ocrx_word' id='word_1_30' title='bbox 1771 695 1881 750; x_wconf 91' lang='lat' dir='ltr'><strong>quo</strong></span> <span class='ocrx_word' id='word_1_31' title='bbox 1926 693 2090 743; x_wconf 81' lang='lat' dir='ltr'><strong>supra</strong></span> 
     </span>
    </p>
   </div>
   <div class='ocr_carea' id='block_1_7' title="bbox 516 769 2092 845">
    <p class='ocr_par' dir='ltr' id='par_1_7' title="bbox 516 769 2092 845">
     <span class='ocr_line' id='line_1_7' title="bbox 516 769 2092 845; baseline -0.008 -11"><span class='ocrx_word' id='word_1_32' title='bbox 516 779 756 834; x_wconf 74' lang='lat' dir='ltr'><strong>tenuiter</strong></span> <span class='ocrx_word' id='word_1_33' title='bbox 795 777 1268 845; x_wconf 80' lang='lat' dir='ltr'><strong>pertractavimus,</strong></span> <span class='ocrx_word' id='word_1_34' title='bbox 1297 775 1442 843; x_wconf 91' lang='lat' dir='ltr'><strong>quod</strong></span> <span class='ocrx_word' id='word_1_35' title='bbox 1493 773 1667 828; x_wconf 78' lang='lat' dir='ltr'><strong>fusius</strong></span> <span class='ocrx_word' id='word_1_36' title='bbox 1712 771 1831 826; x_wconf 87' lang='lat' dir='ltr'><strong>aliis</strong></span> <span class='ocrx_word' id='word_1_37' title='bbox 1889 769 2092 823; x_wconf 78' lang='lat' dir='ltr'><strong>nostris</strong></span> 
     </span>
    </p>
   </div>
   <div class='ocr_carea' id='block_1_8' title="bbox 515 862 2094 938">
    <p class='ocr_par' dir='ltr' id='par_1_8' title="bbox 515 862 2094 938">
     <span class='ocr_line' id='line_1_8' title="bbox 515 862 2094 938; baseline -0.007 -14"><span class='ocrx_word' id='word_1_38' title='bbox 515 869 860 926; x_wconf 69' lang='lat' dir='ltr'><strong>sermonibus</strong></span> <span class='ocrx_word' id='word_1_39' title='bbox 894 868 1222 938; x_wconf 86' lang='lat' dir='ltr'><strong>peregimus,</strong></span> <span class='ocrx_word' id='word_1_40' title='bbox 1247 877 1448 937; x_wconf 89' lang='lat' dir='ltr'><strong>quanta</strong></span> <span class='ocrx_word' id='word_1_41' title='bbox 1479 865 1548 920; x_wconf 88' lang='lat' dir='ltr'><strong>sit</strong></span> <span class='ocrx_word' id='word_1_42' title='bbox 1575 879 1762 920; x_wconf 80' lang='lat' dir='ltr'><strong>eorum</strong></span> <span class='ocrx_word' id='word_1_43' title='bbox 1785 862 2094 916; x_wconf 85' lang='lat' dir='ltr'><strong>absurditas</strong></span> 
     </span>
    </p>
   </div>
   <div class='ocr_carea' id='block_1_9' title="bbox 516 950 2091 1026">
    <p class='ocr_par' dir='ltr' id='par_1_9' title="bbox 516 950 2091 1026">
     <span class='ocr_line' id='line_1_9' title="bbox 516 950 2091 1026; baseline -0.006 -14"><span class='ocrx_word' id='word_1_44' title='bbox 516 958 888 1018; x_wconf 73' lang='lat' dir='ltr'><strong>ostendentes.</strong></span> <span class='ocrx_word' id='word_1_45' title='bbox 923 959 1014 1026; x_wconf 88' lang='lat' dir='ltr'><strong>qui</strong></span> <span class='ocrx_word' id='word_1_46' title='bbox 1057 959 1361 1012; x_wconf 86' lang='lat' dir='ltr'><strong>secundum</strong></span> <span class='ocrx_word' id='word_1_47' title='bbox 1391 958 1680 1011; x_wconf 78' lang='lat' dir='ltr'><strong>afﬁrmant.</strong></span> <span class='ocrx_word' id='word_1_48' title='bbox 1734 952 1914 1022; x_wconf 79' lang='lat' dir='ltr'><strong>Imago</strong></span> <span class='ocrx_word' id='word_1_49' title='bbox 1937 950 2091 1004; x_wconf 87' lang='lat' dir='ltr'><strong>simi-</strong></span> 
     </span>
    </p>
   </div>
   <div class='ocr_carea' id='block_1_10' title="bbox 515 1047 2093 1118">
    <p class='ocr_par' dir='ltr' id='par_1_10' title="bbox 515 1047 2093 1118">
     <span class='ocr_line' id='line_1_10' title="bbox 515 1047 2093 1118; baseline -0.006 -13"><span class='ocrx_word' id='word_1_50' title='bbox 515 1050 638 1105; x_wconf 89' lang='lat' dir='ltr'><strong>liter</strong></span> <span class='ocrx_word' id='word_1_51' title='bbox 660 1048 776 1103; x_wconf 83' lang='lat' dir='ltr'><strong>Filii</strong></span> <span class='ocrx_word' id='word_1_52' title='bbox 820 1049 1053 1118; x_wconf 78' lang='lat' dir='ltr'><strong>Spiritus</strong></span> <span class='ocrx_word' id='word_1_53' title='bbox 1077 1059 1160 1103; x_wconf 89' lang='lat' dir='ltr'><strong>est</strong></span> <span class='ocrx_word' id='word_1_54' title='bbox 1191 1060 1442 1118; x_wconf 84' lang='lat' dir='ltr'><strong>tanquam</strong></span> <span class='ocrx_word' id='word_1_55' title='bbox 1470 1049 1561 1117; x_wconf 92' lang='lat' dir='ltr'><strong>qui</strong></span> <span class='ocrx_word' id='word_1_56' title='bbox 1593 1065 1655 1104; x_wconf 79' lang='lat' dir='ltr'><strong>ex</strong></span> <span class='ocrx_word' id='word_1_57' title='bbox 1686 1047 1824 1116; x_wconf 88' lang='lat' dir='ltr'><strong>ipso,</strong></span> <span class='ocrx_word' id='word_1_58' title='bbox 1884 1059 1939 1103; x_wconf 90' lang='lat' dir='ltr'><strong>et</strong></span> <span class='ocrx_word' id='word_1_59' title='bbox 1994 1059 2093 1116; x_wconf 91' lang='lat' dir='ltr'><strong>per</strong></span> 
     </span>
    </p>
   </div>
   <div class='ocr_carea' id='block_1_11' title="bbox 517 1142 2092 1213">
    <p class='ocr_par' dir='ltr' id='par_1_11' title="bbox 517 1142 2092 1213">
     <span class='ocr_line' id='line_1_11' title="bbox 517 1142 2092 1213; baseline 0.001 -18"><span class='ocrx_word' id='word_1_60' title='bbox 517 1142 696 1209; x_wconf 91' lang='lat' dir='ltr'><strong>ipsum</strong></span> <span class='ocrx_word' id='word_1_61' title='bbox 726 1145 1024 1197; x_wconf 87' lang='lat' dir='ltr'><strong>secundum</strong></span> <span class='ocrx_word' id='word_1_62' title='bbox 1057 1143 1307 1213; x_wconf 78' lang='lat' dir='ltr'><strong>imaginis</strong></span> <span class='ocrx_word' id='word_1_63' title='bbox 1337 1143 1681 1198; x_wconf 88' lang='lat' dir='ltr'><strong>traditionem</strong></span> <span class='ocrx_word' id='word_1_64' title='bbox 1707 1154 1811 1198; x_wconf 88' lang='lat' dir='ltr'><strong>est.</strong></span> <span class='ocrx_word' id='word_1_65' title='bbox 1874 1145 1927 1199; x_wconf 90' lang='lat' dir='ltr'><strong>Si</strong></span> <span class='ocrx_word' id='word_1_66' title='bbox 1961 1159 2092 1198; x_wconf 89' lang='lat' dir='ltr'><strong>vero</strong></span> 
     </span>
    </p>
   </div>
   <div class='ocr_carea' id='block_1_12' title="bbox 517 1218 2091 1304">
    <p class='ocr_par' dir='ltr' id='par_1_12' title="bbox 517 1218 2091 1304">
     <span class='ocr_line' id='line_1_12' title="bbox 517 1218 2091 1304; baseline 0.003 -18"><span class='ocrx_word' id='word_1_67' title='bbox 517 1233 664 1287; x_wconf 88' lang='lat' dir='ltr'><strong>illius</strong></span> <span class='ocrx_word' id='word_1_68' title='bbox 725 1249 788 1288; x_wconf 81' lang='lat' dir='ltr'><strong>ex</strong></span> <span class='ocrx_word' id='word_1_69' title='bbox 829 1251 959 1303; x_wconf 87' lang='lat' dir='ltr'><strong>quo.</strong></span> <span class='ocrx_word' id='word_1_70' title='bbox 1021 1218 1164 1304; x_wconf 81' lang='lat' dir='ltr'><strong>quod</strong></span> <span class='ocrx_word' id='word_1_71' title='bbox 1195 1250 1260 1289; x_wconf 84' lang='lat' dir='ltr'><strong>ex</strong></span> <span class='ocrx_word' id='word_1_72' title='bbox 1295 1251 1358 1290; x_wconf 93' lang='lat' dir='ltr'><strong>eo</strong></span> <span class='ocrx_word' id='word_1_73' title='bbox 1390 1244 1494 1298; x_wconf 90' lang='lat' dir='ltr'><strong>est,</strong></span> <span class='ocrx_word' id='word_1_74' title='bbox 1541 1236 1841 1290; x_wconf 89' lang='lat' dir='ltr'><strong>secundum</strong></span> <span class='ocrx_word' id='word_1_75' title='bbox 1875 1245 2091 1290; x_wconf 88' lang='lat' dir='ltr'><strong>nostros</strong></span> 
     </span>
    </p>
   </div>
   <div class='ocr_carea' id='block_1_13' title="bbox 515 1324 2092 1396">
    <p class='ocr_par' dir='ltr' id='par_1_13' title="bbox 515 1324 2092 1396">
     <span class='ocr_line' id='line_1_13' title="bbox 515 1324 2092 1396; baseline 0.001 -18"><span class='ocrx_word' id='word_1_76' title='bbox 515 1324 733 1378; x_wconf 81' lang='lat' dir='ltr'><strong>divinos</strong></span> <span class='ocrx_word' id='word_1_77' title='bbox 755 1325 1080 1394; x_wconf 77' lang='lat' dir='ltr'><strong>interpretes</strong></span> <span class='ocrx_word' id='word_1_78' title='bbox 1103 1333 1159 1380; x_wconf 89' lang='lat' dir='ltr'><strong>et</strong></span> <span class='ocrx_word' id='word_1_79' title='bbox 1192 1326 1357 1381; x_wconf 79' lang='lat' dir='ltr'><strong>duces</strong></span> <span class='ocrx_word' id='word_1_80' title='bbox 1382 1325 1554 1396; x_wconf 89' lang='lat' dir='ltr'><strong>imago</strong></span> <span class='ocrx_word' id='word_1_81' title='bbox 1583 1335 1686 1388; x_wconf 90' lang='lat' dir='ltr'><strong>est,</strong></span> <span class='ocrx_word' id='word_1_82' title='bbox 1719 1326 1860 1395; x_wconf 86' lang='lat' dir='ltr'><strong>quod</strong></span> <span class='ocrx_word' id='word_1_83' title='bbox 1895 1343 1962 1381; x_wconf 82' lang='lat' dir='ltr'><strong>ex</strong></span> <span class='ocrx_word' id='word_1_84' title='bbox 1988 1327 2092 1380; x_wconf 90' lang='lat' dir='ltr'><strong>hoc</strong></span> 
     </span>
    </p>
   </div>
   <div class='ocr_carea' id='block_1_14' title="bbox 514 1417 2092 1486">
    <p class='ocr_par' dir='ltr' id='par_1_14' title="bbox 514 1417 2092 1486">
     <span class='ocr_line' id='line_1_14' title="bbox 514 1417 2092 1486; baseline 0 -16"><span class='ocrx_word' id='word_1_85' title='bbox 514 1419 750 1486; x_wconf 83' lang='lat' dir='ltr'><strong>quodam</strong></span> <span class='ocrx_word' id='word_1_86' title='bbox 780 1431 887 1473; x_wconf 85' lang='lat' dir='ltr'><strong>nOn</strong></span> <span class='ocrx_word' id='word_1_87' title='bbox 920 1417 1102 1483; x_wconf 79' lang='lat' dir='ltr'><strong>fuerit,</strong></span> <span class='ocrx_word' id='word_1_88' title='bbox 1130 1433 1308 1486; x_wconf 90' lang='lat' dir='ltr'><strong>neque</strong></span> <span class='ocrx_word' id='word_1_89' title='bbox 1339 1423 1514 1486; x_wconf 88' lang='lat' dir='ltr'><strong>imago</strong></span> <span class='ocrx_word' id='word_1_90' title='bbox 1541 1417 1682 1471; x_wconf 90' lang='lat' dir='ltr'><strong>illius</strong></span> <span class='ocrx_word' id='word_1_91' title='bbox 1708 1417 1870 1472; x_wconf 83' lang='lat' dir='ltr'><strong>fuerit</strong></span> <span class='ocrx_word' id='word_1_92' title='bbox 1896 1433 1960 1472; x_wconf 82' lang='lat' dir='ltr'><strong>ex</strong></span> <span class='ocrx_word' id='word_1_93' title='bbox 1984 1432 2092 1484; x_wconf 89' lang='lat' dir='ltr'><strong>quo</strong></span> 
     </span>
    </p>
   </div>
   <div class='ocr_carea' id='block_1_15' title="bbox 516 1508 2090 1579">
    <p class='ocr_par' dir='ltr' id='par_1_15' title="bbox 516 1508 2090 1579">
     <span class='ocr_line' id='line_1_15' title="bbox 516 1508 2090 1579; baseline -0.001 -17"><span class='ocrx_word' id='word_1_94' title='bbox 516 1524 629 1562; x_wconf 89' lang='lat' dir='ltr'><strong>non</strong></span> <span class='ocrx_word' id='word_1_95' title='bbox 658 1517 761 1562; x_wconf 90' lang='lat' dir='ltr'><strong>est.</strong></span> <span class='ocrx_word' id='word_1_96' title='bbox 789 1508 1189 1578; x_wconf 87' lang='lat' dir='ltr'><strong>Proptereaque</strong></span> <span class='ocrx_word' id='word_1_97' title='bbox 1224 1524 1400 1578; x_wconf 84' lang='lat' dir='ltr'><strong>neque</strong></span> <span class='ocrx_word' id='word_1_98' title='bbox 1427 1511 1588 1564; x_wconf 85' lang='lat' dir='ltr'><strong>Pater</strong></span> <span class='ocrx_word' id='word_1_99' title='bbox 1635 1509 1809 1579; x_wconf 82' lang='lat' dir='ltr'><strong>imago</strong></span> <span class='ocrx_word' id='word_1_100' title='bbox 1832 1509 1952 1563; x_wconf 88' lang='lat' dir='ltr'><strong>Filii</strong></span> <span class='ocrx_word' id='word_1_101' title='bbox 1984 1518 2090 1571; x_wconf 86' lang='lat' dir='ltr'><strong>est,</strong></span> 
     </span>
    </p>
   </div>
   <div class='ocr_carea' id='block_1_16' title="bbox 515 1599 2092 1673">
    <p class='ocr_par' dir='ltr' id='par_1_16' title="bbox 515 1599 2092 1673">
     <span class='ocr_line' id='line_1_16' title="bbox 515 1599 2092 1673; baseline 0.002 -23"><span class='ocrx_word' id='word_1_102' title='bbox 515 1599 661 1673; x_wconf 84' lang='lat' dir='ltr'><strong>quod</strong></span> <span class='ocrx_word' id='word_1_103' title='bbox 697 1615 760 1654; x_wconf 80' lang='lat' dir='ltr'><strong>ex</strong></span> <span class='ocrx_word' id='word_1_104' title='bbox 795 1599 914 1668; x_wconf 87' lang='lat' dir='ltr'><strong>ipso</strong></span> <span class='ocrx_word' id='word_1_105' title='bbox 941 1615 1049 1654; x_wconf 88' lang='lat' dir='ltr'><strong>non</strong></span> <span class='ocrx_word' id='word_1_106' title='bbox 1079 1610 1184 1663; x_wconf 89' lang='lat' dir='ltr'><strong>est,</strong></span> <span class='ocrx_word' id='word_1_107' title='bbox 1217 1601 1312 1655; x_wconf 89' lang='lat' dir='ltr'><strong>sed</strong></span> <span class='ocrx_word' id='word_1_108' title='bbox 1353 1601 1496 1668; x_wconf 87' lang='lat' dir='ltr'><strong>quod</strong></span> <span class='ocrx_word' id='word_1_109' title='bbox 1546 1601 1647 1654; x_wconf 91' lang='lat' dir='ltr'><strong>hoc</strong></span> <span class='ocrx_word' id='word_1_110' title='bbox 1709 1600 1836 1655; x_wconf 85' lang='lat' dir='ltr'><strong>inde</strong></span> <span class='ocrx_word' id='word_1_111' title='bbox 1876 1608 1979 1663; x_wconf 88' lang='lat' dir='ltr'><strong>est,</strong></span> <span class='ocrx_word' id='word_1_112' title='bbox 2033 1609 2092 1653; x_wconf 91' lang='lat' dir='ltr'><strong>ut</strong></span> 
     </span>
    </p>
   </div>
   <div class='ocr_carea' id='block_1_17' title="bbox 519 1691 2091 1762">
    <p class='ocr_par' dir='ltr' id='par_1_17' title="bbox 519 1691 2091 1762">
     <span class='ocr_line' id='line_1_17' title="bbox 519 1691 2091 1762; baseline -0.001 -15"><span class='ocrx_word' id='word_1_113' title='bbox 519 1691 896 1762; x_wconf 83' lang='lat' dir='ltr'><strong>theologorum</strong></span> <span class='ocrx_word' id='word_1_114' title='bbox 945 1693 1126 1760; x_wconf 84' lang='lat' dir='ltr'><strong>apices</strong></span> <span class='ocrx_word' id='word_1_115' title='bbox 1182 1692 1526 1756; x_wconf 89' lang='lat' dir='ltr'><strong>decernunt,</strong></span> <span class='ocrx_word' id='word_1_116' title='bbox 1582 1693 1883 1747; x_wconf 89' lang='lat' dir='ltr'><strong>secundum</strong></span> <span class='ocrx_word' id='word_1_117' title='bbox 1949 1692 2091 1746; x_wconf 88' lang='lat' dir='ltr'><strong>hanc</strong></span> 
     </span>
    </p>
   </div>
   <div class='ocr_carea' id='block_1_18' title="bbox 517 1783 2088 1855">
    <p class='ocr_par' dir='ltr' id='par_1_18' title="bbox 517 1783 2088 1855">
     <span class='ocr_line' id='line_1_18' title="bbox 517 1783 2088 1855; baseline -0.001 -17"><span class='ocrx_word' id='word_1_118' title='bbox 517 1785 765 1838; x_wconf 65' lang='lat' dir='ltr'><strong>eumdem</strong></span> <span class='ocrx_word' id='word_1_119' title='bbox 795 1785 1062 1839; x_wconf 89' lang='lat' dir='ltr'><strong>rationem</strong></span> <span class='ocrx_word' id='word_1_120' title='bbox 1089 1783 1328 1854; x_wconf 85' lang='lat' dir='ltr'><strong>Spiritus</strong></span> <span class='ocrx_word' id='word_1_121' title='bbox 1351 1784 1529 1855; x_wconf 80' lang='lat' dir='ltr'><strong>imago</strong></span> <span class='ocrx_word' id='word_1_122' title='bbox 1557 1783 1727 1838; x_wconf 85' lang='lat' dir='ltr'><strong>Filius</strong></span> <span class='ocrx_word' id='word_1_123' title='bbox 1763 1799 1938 1853; x_wconf 82' lang='lat' dir='ltr'><strong>neque</strong></span> <span class='ocrx_word' id='word_1_124' title='bbox 1981 1793 2088 1847; x_wconf 88' lang='lat' dir='ltr'><strong>est,</strong></span> 
     </span>
    </p>
   </div>
   <div class='ocr_carea' id='block_1_19' title="bbox 475 1876 2088 1948">
    <p class='ocr_par' dir='ltr' id='par_1_19' title="bbox 475 1876 2088 1948">
     <span class='ocr_line' id='line_1_19' title="bbox 475 1876 2088 1948; baseline -0.003 -14"><span class='ocrx_word' id='word_1_125' title='bbox 475 1931 479 1936; x_wconf 85' lang='lat'><strong>,</strong></span> <span class='ocrx_word' id='word_1_126' title='bbox 518 1891 699 1946; x_wconf 83' lang='lat' dir='ltr'><strong>neque</strong></span> <span class='ocrx_word' id='word_1_127' title='bbox 747 1876 969 1930; x_wconf 90' lang='lat' dir='ltr'><strong>dicitur.</strong></span> <span class='ocrx_word' id='word_1_128' title='bbox 1039 1876 1142 1931; x_wconf 89' lang='lat' dir='ltr'><strong>Sed</strong></span> <span class='ocrx_word' id='word_1_129' title='bbox 1193 1877 1321 1946; x_wconf 39' lang='lat' dir='ltr'><strong>.Filii</strong></span> <span class='ocrx_word' id='word_1_130' title='bbox 1348 1877 1567 1947; x_wconf 90' lang='lat' dir='ltr'><strong>quidem</strong></span> <span class='ocrx_word' id='word_1_131' title='bbox 1598 1877 1952 1948; x_wconf 85' lang='lat' dir='ltr'><strong>archetypum</strong></span> <span class='ocrx_word' id='word_1_132' title='bbox 2007 1884 2088 1930; x_wconf 88' lang='lat' dir='ltr'><strong>est</strong></span> 
     </span>
    </p>
   </div>
   <div class='ocr_carea' id='block_1_20' title="bbox 517 1967 2088 2040">
    <p class='ocr_par' dir='ltr' id='par_1_20' title="bbox 517 1967 2088 2040">
     <span class='ocr_line' id='line_1_20' title="bbox 517 1967 2088 2040; baseline -0.001 -17"><span class='ocrx_word' id='word_1_133' title='bbox 517 1968 698 2031; x_wconf 81' lang='lat' dir='ltr'><strong>Pater,</strong></span> <span class='ocrx_word' id='word_1_134' title='bbox 725 1969 959 2037; x_wconf 86' lang='lat' dir='ltr'><strong>Spiritus</strong></span> <span class='ocrx_word' id='word_1_135' title='bbox 989 1983 1118 2024; x_wconf 90' lang='lat' dir='ltr'><strong>vero</strong></span> <span class='ocrx_word' id='word_1_136' title='bbox 1139 1978 1458 2040; x_wconf 89' lang='lat' dir='ltr'><strong>prototypus</strong></span> <span class='ocrx_word' id='word_1_137' title='bbox 1485 1980 1569 2024; x_wconf 90' lang='lat' dir='ltr'><strong>est</strong></span> <span class='ocrx_word' id='word_1_138' title='bbox 1591 1969 1779 2024; x_wconf 83' lang='lat' dir='ltr'><strong>Filius.</strong></span> <span class='ocrx_word' id='word_1_139' title='bbox 1814 1968 1969 2024; x_wconf 88' lang='lat' dir='ltr'><strong>Unde</strong></span> <span class='ocrx_word' id='word_1_140' title='bbox 1997 1967 2088 2037; x_wconf 92' lang='lat' dir='ltr'><strong>qui</strong></span> 
     </span>
    </p>
   </div>
   <div class='ocr_carea' id='block_1_21' title="bbox 513 2059 2096 2131">
    <p class='ocr_par' dir='ltr' id='par_1_21' title="bbox 513 2059 2096 2131">
     <span class='ocr_line' id='line_1_21' title="bbox 513 2059 2096 2131; baseline -0.002 -13"><span class='ocrx_word' id='word_1_141' title='bbox 513 2075 545 2118; x_wconf 86' lang='lat' dir='ltr'><strong>a</strong></span> <span class='ocrx_word' id='word_1_142' title='bbox 581 2060 734 2114; x_wconf 91' lang='lat' dir='ltr'><strong>miris</strong></span> <span class='ocrx_word' id='word_1_143' title='bbox 761 2059 989 2115; x_wconf 85' lang='lat' dir='ltr'><strong>edendis</strong></span> <span class='ocrx_word' id='word_1_144' title='bbox 1033 2075 1333 2131; x_wconf 89' lang='lat' dir='ltr'><strong>cognomen</strong></span> <span class='ocrx_word' id='word_1_145' title='bbox 1383 2061 1487 2117; x_wconf 84' lang='lat' dir='ltr'><strong>sibi</strong></span> <span class='ocrx_word' id='word_1_146' title='bbox 1523 2061 1818 2116; x_wconf 88' lang='lat' dir='ltr'><strong>vindicavit</strong></span> <span class='ocrx_word' id='word_1_147' title='bbox 1871 2059 2096 2115; x_wconf 65' lang='lat' dir='ltr'><strong>Neocae-</strong></span> 
     </span>
    </p>
   </div>
   <div class='ocr_carea' id='block_1_22' title="bbox 518 2153 2088 2224">
    <p class='ocr_par' dir='ltr' id='par_1_22' title="bbox 518 2153 2088 2224">
     <span class='ocr_line' id='line_1_22' title="bbox 518 2153 2088 2224; baseline -0.003 -15"><span class='ocrx_word' id='word_1_148' title='bbox 518 2153 776 2209; x_wconf 83' lang='lat' dir='ltr'><strong>sariensis</strong></span> <span class='ocrx_word' id='word_1_149' title='bbox 835 2157 1097 2216; x_wconf 85' lang='lat' dir='ltr'><strong>antistes,</strong></span> <span class='ocrx_word' id='word_1_150' title='bbox 1156 2158 1401 2210; x_wconf 89' lang='lat' dir='ltr'><strong>oratione</strong></span> <span class='ocrx_word' id='word_1_151' title='bbox 1481 2154 1635 2223; x_wconf 85' lang='lat' dir='ltr'><strong>cujus</strong></span> <span class='ocrx_word' id='word_1_152' title='bbox 1709 2153 2088 2224; x_wconf 87' lang='lat' dir='ltr'><strong>principium:</strong></span> 
     </span>
    </p>
   </div>
   <div class='ocr_carea' id='block_1_23' title="bbox 523 2242 2091 2316">
    <p class='ocr_par' dir='ltr' id='par_1_23' title="bbox 523 2242 2091 2316">
     <span class='ocr_line' id='line_1_23' title="bbox 523 2242 2091 2316; baseline 0.001 -22"><span class='ocrx_word' id='word_1_153' title='bbox 523 2262 542 2293; x_wconf 74' lang='grc' dir='ltr'><strong>ι</strong></span> <span class='ocrx_word' id='word_1_154' title='bbox 577 2244 940 2302; x_wconf 87' lang='lat' dir='ltr'><strong>lnimicissimi</strong></span> <span class='ocrx_word' id='word_1_155' title='bbox 975 2255 1032 2302; x_wconf 89' lang='lat' dir='ltr'><strong>et</strong></span> <span class='ocrx_word' id='word_1_156' title='bbox 1078 2243 1238 2301; x_wconf 80' lang='lat' dir='ltr'><strong>alien&#39;i</strong></span> <span class='ocrx_word' id='word_1_157' title='bbox 1287 2246 1354 2301; x_wconf 91' lang='lat' dir='ltr'><strong>ab</strong></span> <span class='ocrx_word' id='word_1_158' title='bbox 1399 2246 1695 2316; x_wconf 86' lang='lat' dir='ltr'><strong>apostolica</strong></span> <span class='ocrx_word' id='word_1_159' title='bbox 1742 2242 2091 2300; x_wconf 79' lang='lat' dir='ltr'><strong>confessione</strong></span> 
     </span>
    </p>
   </div>
   <div class='ocr_carea' id='block_1_24' title="bbox 515 2339 2090 2409">
    <p class='ocr_par' dir='ltr' id='par_1_24' title="bbox 515 2339 2090 2409">
     <span class='ocr_line' id='line_1_24' title="bbox 515 2339 2090 2409; baseline 0.001 -19"><span class='ocrx_word' id='word_1_160' title='bbox 515 2347 664 2402; x_wconf 88' lang='lat' dir='ltr'><strong>sunt,</strong></span> <span class='ocrx_word' id='word_1_161' title='bbox 697 2339 791 2409; x_wconf 82' lang='lat' dir='ltr'><strong>qui</strong></span> <span class='ocrx_word' id='word_1_162' title='bbox 824 2341 1018 2396; x_wconf 88' lang='lat' dir='ltr'><strong>Filittm</strong></span> <span class='ocrx_word' id='word_1_163' title='bbox 1044 2357 1113 2394; x_wconf 62' lang='lat' dir='ltr'><strong>ex</strong></span> <span class='ocrx_word' id='word_1_164' title='bbox 1137 2340 1204 2394; x_wconf 90' lang='lat' dir='ltr'><strong>iis</strong></span> <span class='ocrx_word' id='word_1_165' title='bbox 1233 2356 1354 2409; x_wconf 72' lang='lat' dir='ltr'><strong>qua:</strong></span> <span class='ocrx_word' id='word_1_166' title='bbox 1380 2355 1488 2394; x_wconf 91' lang='lat' dir='ltr'><strong>non</strong></span> <span class='ocrx_word' id='word_1_167' title='bbox 1525 2349 1654 2394; x_wconf 89' lang='lat' dir='ltr'><strong>sunt</strong></span> <span class='ocrx_word' id='word_1_168' title='bbox 1674 2349 1944 2402; x_wconf 85' lang='lat' dir='ltr'><strong>asserunt,</strong></span> <span class='ocrx_word' id='word_1_169' title='bbox 1975 2359 1992 2392; x_wconf 75' lang='grc' dir='ltr'><strong>ι</strong></span> <span class='ocrx_word' id='word_1_170' title='bbox 2018 2369 2090 2380; x_wconf 88' lang='lat'><strong>—-</strong></span> 
     </span>
    </p>
   </div>
   <div class='ocr_carea' id='block_1_25' title="bbox 525 2431 2091 2508">
    <p class='ocr_par' dir='ltr' id='par_1_25' title="bbox 525 2431 2091 2508">
     <span class='ocr_line' id='line_1_25' title="bbox 525 2431 2091 2508; baseline 0.002 -24"><span class='ocrx_word' id='word_1_171' title='bbox 525 2449 544 2484; x_wconf 85' lang='grc'><strong>‹</strong></span> <span class='ocrx_word' id='word_1_172' title='bbox 578 2431 694 2485; x_wconf 81' lang='lat' dir='ltr'><strong>Filii</strong></span> <span class='ocrx_word' id='word_1_173' title='bbox 715 2431 874 2486; x_wconf 86' lang='lat' dir='ltr'><strong>Pater</strong></span> <span class='ocrx_word' id='word_1_174' title='bbox 899 2431 1226 2502; x_wconf 88' lang='lat' dir='ltr'><strong>principium</strong></span> <span class='ocrx_word' id='word_1_175' title='bbox 1258 2441 1362 2496; x_wconf 87' lang='lat' dir='ltr'><strong>est,</strong></span> <span class='ocrx_word' id='word_1_176' title='bbox 1393 2432 1490 2498; x_wconf 87' lang='lat' dir='ltr'><strong>ait,</strong></span> <span class='ocrx_word' id='word_1_177' title='bbox 1523 2431 1590 2486; x_wconf 90' lang='lat' dir='ltr'><strong>ab</strong></span> <span class='ocrx_word' id='word_1_178' title='bbox 1609 2441 1811 2508; x_wconf 72' lang='lat' dir='ltr'><strong>aeterno</strong></span> <span class='ocrx_word' id='word_1_179' title='bbox 1845 2448 1968 2486; x_wconf 88' lang='lat' dir='ltr'><strong>eum</strong></span> <span class='ocrx_word' id='word_1_180' title='bbox 1995 2447 2091 2502; x_wconf 87' lang='lat' dir='ltr'><strong>ge-</strong></span> 
     </span>
    </p>
   </div>
   <div class='ocr_carea' id='block_1_26' title="bbox 513 2522 2090 2594">
    <p class='ocr_par' dir='ltr' id='par_1_26' title="bbox 513 2522 2090 2594">
     <span class='ocr_line' id='line_1_26' title="bbox 513 2522 2090 2594; baseline -0.001 -14"><span class='ocrx_word' id='word_1_181' title='bbox 513 2538 736 2585; x_wconf 80' lang='lat' dir='ltr'><strong>neratis,</strong></span> <span class='ocrx_word' id='word_1_182' title='bbox 775 2533 831 2579; x_wconf 91' lang='lat' dir='ltr'><strong>et</strong></span> <span class='ocrx_word' id='word_1_183' title='bbox 862 2524 1124 2578; x_wconf 88' lang='lat' dir='ltr'><strong>Dominus</strong></span> <span class='ocrx_word' id='word_1_184' title='bbox 1151 2532 1233 2579; x_wconf 92' lang='lat' dir='ltr'><strong>est</strong></span> <span class='ocrx_word' id='word_1_185' title='bbox 1261 2532 1578 2594; x_wconf 85' lang='lat' dir='ltr'><strong>prototypus</strong></span> <span class='ocrx_word' id='word_1_186' title='bbox 1613 2522 1866 2591; x_wconf 82' lang='lat' dir='ltr'><strong>Spiritus.</strong></span> <span class='ocrx_word' id='word_1_187' title='bbox 1905 2541 1923 2574; x_wconf 71' lang='grc' dir='ltr'><strong>ι</strong></span> <span class='ocrx_word' id='word_1_188' title='bbox 1964 2522 2090 2579; x_wconf 73' lang='lat' dir='ltr'><strong>llam</strong></span> 
     </span>
    </p>
   </div>
   <div class='ocr_carea' id='block_1_27' title="bbox 519 2613 2094 2687">
    <p class='ocr_par' dir='ltr' id='par_1_27' title="bbox 519 2613 2094 2687">
     <span class='ocr_line' id='line_1_27' title="bbox 519 2613 2094 2687; baseline 0 -19"><span class='ocrx_word' id='word_1_189' title='bbox 519 2615 828 2674; x_wconf 88' lang='lat' dir='ltr'><strong>divinorum</strong></span> <span class='ocrx_word' id='word_1_190' title='bbox 861 2615 1240 2687; x_wconf 83' lang='lat' dir='ltr'><strong>mysteriorum</strong></span> <span class='ocrx_word' id='word_1_191' title='bbox 1259 2613 1577 2669; x_wconf 86' lang='lat' dir='ltr'><strong>collectores</strong></span> <span class='ocrx_word' id='word_1_192' title='bbox 1612 2615 1912 2669; x_wconf 86' lang='lat' dir='ltr'><strong>secundum</strong></span> <span class='ocrx_word' id='word_1_193' title='bbox 1947 2614 2094 2668; x_wconf 86' lang='lat' dir='ltr'><strong>ordi-</strong></span> 
     </span>
    </p>
   </div>
   <div class='ocr_carea' id='block_1_28' title="bbox 517 2703 2093 2776">
    <p class='ocr_par' dir='ltr' id='par_1_28' title="bbox 517 2703 2093 2776">
     <span class='ocr_line' id='line_1_28' title="bbox 517 2703 2093 2776; baseline -0.001 -17"><span class='ocrx_word' id='word_1_194' title='bbox 517 2721 642 2766; x_wconf 84' lang='lat' dir='ltr'><strong>nem</strong></span> <span class='ocrx_word' id='word_1_195' title='bbox 679 2708 1129 2776; x_wconf 83' lang='lat' dir='ltr'><strong>sempiternarutn</strong></span> <span class='ocrx_word' id='word_1_196' title='bbox 1148 2704 1590 2761; x_wconf 78' lang='lat' dir='ltr'><strong>exsistentiarum</strong></span> <span class='ocrx_word' id='word_1_197' title='bbox 1614 2703 1910 2758; x_wconf 83' lang='lat' dir='ltr'><strong>divinitatis</strong></span> <span class='ocrx_word' id='word_1_198' title='bbox 1943 2705 2093 2774; x_wconf 87' lang='lat' dir='ltr'><strong>prin-</strong></span> 
     </span>
    </p>
   </div>
   <div class='ocr_carea' id='block_1_29' title="bbox 515 2795 2090 2870">
    <p class='ocr_par' dir='ltr' id='par_1_29' title="bbox 515 2795 2090 2870">
     <span class='ocr_line' id='line_1_29' title="bbox 515 2795 2090 2870; baseline -0.001 -20"><span class='ocrx_word' id='word_1_199' title='bbox 515 2798 692 2866; x_wconf 82' lang='lat' dir='ltr'><strong>ciptnn</strong></span> <span class='ocrx_word' id='word_1_200' title='bbox 729 2799 1089 2870; x_wconf 83' lang='lat' dir='ltr'><strong>hypostaseon</strong></span> <span class='ocrx_word' id='word_1_201' title='bbox 1122 2797 1421 2860; x_wconf 88' lang='lat' dir='ltr'><strong>tradentes,</strong></span> <span class='ocrx_word' id='word_1_202' title='bbox 1451 2805 1540 2850; x_wconf 90' lang='lat' dir='ltr'><strong>et:</strong></span> <span class='ocrx_word' id='word_1_203' title='bbox 1605 2815 1622 2846; x_wconf 79' lang='grc' dir='ltr'><strong>ι</strong></span> <span class='ocrx_word' id='word_1_204' title='bbox 1659 2795 1938 2850; x_wconf 85' lang='lat' dir='ltr'><strong>UtiFilius</strong></span> <span class='ocrx_word' id='word_1_205' title='bbox 1963 2809 2090 2865; x_wconf 84' lang='lat' dir='ltr'><strong>erga</strong></span> 
     </span>
    </p>
   </div>
   <div class='ocr_carea' id='block_1_30' title="bbox 514 2886 2093 2959">
    <p class='ocr_par' dir='ltr' id='par_1_30' title="bbox 514 2886 2093 2959">
     <span class='ocr_line' id='line_1_30' title="bbox 514 2886 2093 2959; baseline 0.003 -19"><span class='ocrx_word' id='word_1_206' title='bbox 514 2886 728 2942; x_wconf 80' lang='lat' dir='ltr'><strong>Patrem</strong></span> <span class='ocrx_word' id='word_1_207' title='bbox 754 2904 814 2943; x_wconf 89' lang='lat' dir='ltr'><strong>se</strong></span> <span class='ocrx_word' id='word_1_208' title='bbox 850 2890 1036 2951; x_wconf 80' lang='lat' dir='ltr'><strong>habet.</strong></span> <span class='ocrx_word' id='word_1_209' title='bbox 1060 2889 1132 2943; x_wconf 90' lang='lat' dir='ltr'><strong>ita</strong></span> <span class='ocrx_word' id='word_1_210' title='bbox 1159 2903 1288 2958; x_wconf 84' lang='lat' dir='ltr'><strong>erga</strong></span> <span class='ocrx_word' id='word_1_211' title='bbox 1317 2888 1508 2942; x_wconf 89' lang='lat' dir='ltr'><strong>Filium</strong></span> <span class='ocrx_word' id='word_1_212' title='bbox 1537 2886 1791 2958; x_wconf 87' lang='lat' dir='ltr'><strong>Spiritus,</strong></span> <span class='ocrx_word' id='word_1_213' title='bbox 1822 2907 1841 2939; x_wconf 76' lang='grc' dir='ltr'><strong>ι</strong></span> <span class='ocrx_word' id='word_1_214' title='bbox 1904 2897 2093 2959; x_wconf 91' lang='lat' dir='ltr'><strong>aperte</strong></span> 
     </span>
    </p>
   </div>
   <div class='ocr_carea' id='block_1_31' title="bbox 514 2980 2089 3052">
    <p class='ocr_par' dir='ltr' id='par_1_31' title="bbox 514 2980 2089 3052">
     <span class='ocr_line' id='line_1_31' title="bbox 514 2980 2089 3052; baseline 0.001 -17"><span class='ocrx_word' id='word_1_215' title='bbox 514 2982 888 3046; x_wconf 82' lang='lat' dir='ltr'><strong>enuntiantes,</strong></span> <span class='ocrx_word' id='word_1_216' title='bbox 941 2997 1261 3052; x_wconf 86' lang='lat' dir='ltr'><strong>rursusque,</strong></span> <span class='ocrx_word' id='word_1_217' title='bbox 1315 2999 1334 3033; x_wconf 77' lang='grc' dir='ltr'><strong>σ</strong></span> <span class='ocrx_word' id='word_1_218' title='bbox 1370 2981 1460 3038; x_wconf 87' lang='lat' dir='ltr'><strong>Uti</strong></span> <span class='ocrx_word' id='word_1_219' title='bbox 1496 2980 1692 3048; x_wconf 87' lang='lat' dir='ltr'><strong>Patris,</strong></span> <span class='ocrx_word' id='word_1_220' title='bbox 1738 2980 1813 3036; x_wconf 88' lang='lat' dir='ltr'><strong>ita</strong></span> <span class='ocrx_word' id='word_1_221' title='bbox 1857 2991 1913 3036; x_wconf 91' lang='lat' dir='ltr'><strong>et</strong></span> <span class='ocrx_word' id='word_1_222' title='bbox 1966 2981 2089 3036; x_wconf 90' lang='lat' dir='ltr'><strong>Filii</strong></span> 
     </span>
    </p>
   </div>
   <div class='ocr_carea' id='block_1_32' title="bbox 518 3068 2087 3142">
    <p class='ocr_par' dir='ltr' id='par_1_32' title="bbox 518 3068 2087 3142">
     <span class='ocr_line' id='line_1_32' title="bbox 518 3068 2087 3142; baseline 0 -19"><span class='ocrx_word' id='word_1_223' title='bbox 518 3068 778 3138; x_wconf 85' lang='lat' dir='ltr'><strong>Spiritum</strong></span> <span class='ocrx_word' id='word_1_224' title='bbox 811 3074 1107 3126; x_wconf 89' lang='lat' dir='ltr'><strong>secundum</strong></span> <span class='ocrx_word' id='word_1_225' title='bbox 1130 3070 1446 3127; x_wconf 81' lang='lat' dir='ltr'><strong>earumdem</strong></span> <span class='ocrx_word' id='word_1_226' title='bbox 1473 3071 1539 3125; x_wconf 86' lang='lat' dir='ltr'><strong>ad</strong></span> <span class='ocrx_word' id='word_1_227' title='bbox 1561 3085 1681 3125; x_wconf 90' lang='lat' dir='ltr'><strong>esse</strong></span> <span class='ocrx_word' id='word_1_228' title='bbox 1711 3086 2087 3142; x_wconf 63' lang='lat' dir='ltr'><strong>progressum»</strong></span> 
     </span>
    </p>
   </div>
   <div class='ocr_carea' id='block_1_33' title="bbox 517 3162 2091 3235">
    <p class='ocr_par' dir='ltr' id='par_1_33' title="bbox 517 3162 2091 3235">
     <span class='ocr_line' id='line_1_33' title="bbox 517 3162 2091 3235; baseline 0.001 -18"><span class='ocrx_word' id='word_1_229' title='bbox 517 3162 900 3225; x_wconf 82' lang='lat' dir='ltr'><strong>decernentes,</strong></span> <span class='ocrx_word' id='word_1_230' title='bbox 927 3182 946 3214; x_wconf 77' lang='grc' dir='ltr'><strong>ι</strong></span> <span class='ocrx_word' id='word_1_231' title='bbox 979 3171 1325 3220; x_wconf 82' lang='lat' dir='ltr'><strong>communem</strong></span> <span class='ocrx_word' id='word_1_232' title='bbox 1354 3162 1527 3218; x_wconf 82' lang='lat' dir='ltr'><strong>Patris</strong></span> <span class='ocrx_word' id='word_1_233' title='bbox 1553 3175 1609 3219; x_wconf 89' lang='lat' dir='ltr'><strong>et</strong></span> <span class='ocrx_word' id='word_1_234' title='bbox 1641 3163 1781 3230; x_wconf 86' lang='lat' dir='ltr'><strong>Filii,</strong></span> <span class='ocrx_word' id='word_1_235' title='bbox 1813 3165 2091 3235; x_wconf 79' lang='lat' dir='ltr'><strong>praprium</strong></span> 
     </span>
    </p>
   </div>
   <div class='ocr_carea' id='block_1_34' title="bbox 2193 657 3754 742">
    <p class='ocr_par' dir='ltr' id='par_1_34' title="bbox 2193 657 3754 742">
     <span class='ocr_line' id='line_1_34' title="bbox 2193 657 3754 742; baseline -0.012 -14"><span class='ocrx_word' id='word_1_236' title='bbox 2193 675 2252 742; x_wconf 75' lang='grc' dir='ltr'>ἐξ</span> <span class='ocrx_word' id='word_1_237' title='bbox 2271 668 2401 728; x_wconf 82' lang='grc' dir='ltr'>οῦπέ</span> <span class='ocrx_word' id='word_1_238' title='bbox 2411 689 2441 742; x_wconf 88' lang='grc' dir='ltr'><strong>ρ</strong></span> <span class='ocrx_word' id='word_1_239' title='bbox 2467 674 2580 724; x_wconf 77' lang='grc' dir='ltr'>ἐστι</span> <span class='ocrx_word' id='word_1_240' title='bbox 2604 667 2698 722; x_wconf 87' lang='grc' dir='ltr'><strong>τοῦ</strong></span> <span class='ocrx_word' id='word_1_241' title='bbox 2735 666 2969 736; x_wconf 74' lang='grc' dir='ltr'>Πατρός,</span> <span class='ocrx_word' id='word_1_242' title='bbox 3007 661 3150 716; x_wconf 80' lang='grc' dir='ltr'>κατὰ</span> <span class='ocrx_word' id='word_1_243' title='bbox 3177 660 3269 714; x_wconf 78' lang='grc' dir='ltr'>τὸν</span> <span class='ocrx_word' id='word_1_244' title='bbox 3296 659 3466 713; x_wconf 78' lang='grc' dir='ltr'>πολὺν</span> <span class='ocrx_word' id='word_1_245' title='bbox 3495 659 3552 711; x_wconf 78' lang='grc' dir='ltr'>ὲν</span> <span class='ocrx_word' id='word_1_246' title='bbox 3587 657 3754 711; x_wconf 60' lang='lat' dir='ltr'><strong>Ocelo-</strong></span> 
     </span>
    </p>
   </div>
   <div class='ocr_carea' id='block_1_35' title="bbox 2193 751 3753 834">
    <p class='ocr_par' dir='ltr' id='par_1_35' title="bbox 2193 751 3753 834">
     <span class='ocr_line' id='line_1_35' title="bbox 2193 751 3753 834; baseline -0.001 -20"><span class='ocrx_word' id='word_1_247' title='bbox 2193 765 2288 832; x_wconf 73' lang='grc' dir='ltr'><strong>γία</strong></span> <span class='ocrx_word' id='word_1_248' title='bbox 2327 763 2652 834; x_wconf 77' lang='grc' dir='ltr'>Γρηγόριον.</span> <span class='ocrx_word' id='word_1_249' title='bbox 2695 758 2823 818; x_wconf 74' lang='grc' dir='ltr'>Θεὶς</span> <span class='ocrx_word' id='word_1_250' title='bbox 2854 757 2963 828; x_wconf 80' lang='grc' dir='ltr'><strong>γὰρ</strong></span> <span class='ocrx_word' id='word_1_251' title='bbox 3013 755 3073 808; x_wconf 83' lang='grc' dir='ltr'>τὸ</span> <span class='ocrx_word' id='word_1_252' title='bbox 3115 753 3401 824; x_wconf 81' lang='grc' dir='ltr'>ὁμοούσιον</span> <span class='ocrx_word' id='word_1_253' title='bbox 3450 751 3536 803; x_wconf 78' lang='grc' dir='ltr'><strong>ἐπ’</strong></span> <span class='ocrx_word' id='word_1_254' title='bbox 3577 751 3753 819; x_wconf 72' lang='grc' dir='ltr'>αὐτῆς.</span> 
     </span>
    </p>
   </div>
   <div class='ocr_carea' id='block_1_36' title="bbox 2193 839 3754 922">
    <p class='ocr_par' dir='ltr' id='par_1_36' title="bbox 2193 839 3754 922">
     <span class='ocr_line' id='line_1_36' title="bbox 2193 839 3754 922; baseline -0.009 -14"><span class='ocrx_word' id='word_1_255' title='bbox 2193 857 2354 917; x_wconf 76' lang='grc' dir='ltr'>εὐθὺς</span> <span class='ocrx_word' id='word_1_256' title='bbox 2386 856 2655 922; x_wconf 73' lang='grc' dir='ltr'>ἐπήγαγε,</span> <span class='ocrx_word' id='word_1_257' title='bbox 2697 869 2717 903; x_wconf 86' lang='grc'><strong>‹</strong></span> <span class='ocrx_word' id='word_1_258' title='bbox 2757 847 2865 902; x_wconf 67' lang='grc' dir='ltr'><strong>Καὶ</strong></span> <span class='ocrx_word' id='word_1_259' title='bbox 2898 849 2981 902; x_wconf 83' lang='grc' dir='ltr'>ὅτι</span> <span class='ocrx_word' id='word_1_260' title='bbox 3022 845 3181 898; x_wconf 83' lang='grc' dir='ltr'>τοῦτο</span> <span class='ocrx_word' id='word_1_261' title='bbox 3219 842 3451 904; x_wconf 75' lang='grc' dir='ltr'>ἐκεῖθεν,</span> <span class='ocrx_word' id='word_1_262' title='bbox 3499 839 3615 894; x_wconf 74' lang='grc' dir='ltr'>ἀλλ’</span> <span class='ocrx_word' id='word_1_263' title='bbox 3661 841 3754 894; x_wconf 76' lang='grc' dir='ltr'>οῦκ</span> 
     </span>
    </p>
   </div>
   <div class='ocr_carea' id='block_1_37' title="bbox 2191 933 3748 1015">
    <p class='ocr_par' dir='ltr' id='par_1_37' title="bbox 2191 933 3748 1015">
     <span class='ocr_line' id='line_1_37' title="bbox 2191 933 3748 1015; baseline -0.008 -16"><span class='ocrx_word' id='word_1_264' title='bbox 2191 950 2258 1001; x_wconf 84' lang='grc' dir='ltr'>ἐκ</span> <span class='ocrx_word' id='word_1_265' title='bbox 2300 947 2491 1001; x_wconf 84' lang='grc' dir='ltr'>τούτου</span> <span class='ocrx_word' id='word_1_266' title='bbox 2526 945 2716 1015; x_wconf 77' lang='grc' dir='ltr'>Πατὴρ</span> <span class='ocrx_word' id='word_1_267' title='bbox 2766 962 2784 994; x_wconf 75' lang='grc' dir='ltr'><strong>ι</strong></span> <span class='ocrx_word' id='word_1_268' title='bbox 2822 941 2882 994; x_wconf 75' lang='grc' dir='ltr'><strong>τὸ</strong></span> <span class='ocrx_word' id='word_1_269' title='bbox 2913 939 3268 1007; x_wconf 83' lang='grc' dir='ltr'>καταλλήλως</span> <span class='ocrx_word' id='word_1_270' title='bbox 3319 935 3446 1006; x_wconf 76' lang='grc' dir='ltr'>ἔχον</span> <span class='ocrx_word' id='word_1_271' title='bbox 3500 933 3748 1002; x_wconf 64' lang='grc' dir='ltr'>ἁρμόσας.</span> 
     </span>
    </p>
   </div>
   <div class='ocr_carea' id='block_1_38' title="bbox 2206 1025 3755 1105">
    <p class='ocr_par' dir='ltr' id='par_1_38' title="bbox 2206 1025 3755 1105">
     <span class='ocr_line' id='line_1_38' title="bbox 2206 1025 3755 1105; baseline -0.008 -13"><span class='ocrx_word' id='word_1_272' title='bbox 2206 1040 2359 1092; x_wconf 71' lang='grc' dir='ltr'>Ἐπεὶ</span> <span class='ocrx_word' id='word_1_273' title='bbox 2391 1040 2482 1091; x_wconf 81' lang='grc' dir='ltr'><strong>καὶ</strong></span> <span class='ocrx_word' id='word_1_274' title='bbox 2521 1039 2582 1090; x_wconf 77' lang='grc' dir='ltr'>τὸ</span> <span class='ocrx_word' id='word_1_275' title='bbox 2617 1033 2907 1105; x_wconf 78' lang='grc' dir='ltr'>ὀμοούσιον</span> <span class='ocrx_word' id='word_1_276' title='bbox 2934 1030 3182 1086; x_wconf 77' lang='grc' dir='ltr'>ἐντεῦθεν</span> <span class='ocrx_word' id='word_1_277' title='bbox 3208 1029 3316 1082; x_wconf 76' lang='grc' dir='ltr'><strong>ἀπὸ</strong></span> <span class='ocrx_word' id='word_1_278' title='bbox 3346 1027 3443 1080; x_wconf 87' lang='grc' dir='ltr'><strong>τοῦ</strong></span> <span class='ocrx_word' id='word_1_279' title='bbox 3471 1031 3536 1078; x_wconf 73' lang='grc' dir='ltr'><strong>ἐκ</strong></span> <span class='ocrx_word' id='word_1_280' title='bbox 3558 1025 3652 1094; x_wconf 85' lang='grc' dir='ltr'>τῆς</span> <span class='ocrx_word' id='word_1_281' title='bbox 3675 1027 3755 1079; x_wconf 83' lang='grc' dir='ltr'>οῦ-</span> 
     </span>
    </p>
   </div>
   <div class='ocr_carea' id='block_1_39' title="bbox 2195 1117 3758 1198">
    <p class='ocr_par' dir='ltr' id='par_1_39' title="bbox 2195 1117 3758 1198">
     <span class='ocr_line' id='line_1_39' title="bbox 2195 1117 3758 1198; baseline -0.008 -14"><span class='ocrx_word' id='word_1_282' title='bbox 2195 1134 2316 1194; x_wconf 72' lang='grc' dir='ltr'>σὲας</span> <span class='ocrx_word' id='word_1_283' title='bbox 2360 1129 2454 1184; x_wconf 90' lang='grc' dir='ltr'><strong>τοῦ</strong></span> <span class='ocrx_word' id='word_1_284' title='bbox 2484 1129 2697 1198; x_wconf 74' lang='grc' dir='ltr'>Πατρὸς</span> <span class='ocrx_word' id='word_1_285' title='bbox 2729 1127 2816 1179; x_wconf 70' lang='grc' dir='ltr'>τὸν</span> <span class='ocrx_word' id='word_1_286' title='bbox 2847 1125 2974 1178; x_wconf 76' lang='grc' dir='ltr'>Υἱὸν</span> <span class='ocrx_word' id='word_1_287' title='bbox 3019 1119 3182 1184; x_wconf 72' lang='grc' dir='ltr'>εἶναι,</span> <span class='ocrx_word' id='word_1_288' title='bbox 3224 1122 3316 1174; x_wconf 81' lang='grc' dir='ltr'><strong>καὶ</strong></span> <span class='ocrx_word' id='word_1_289' title='bbox 3361 1121 3570 1190; x_wconf 75' lang='grc' dir='ltr'>ἥκιστα</span> <span class='ocrx_word' id='word_1_290' title='bbox 3612 1117 3670 1170; x_wconf 73' lang='grc' dir='ltr'><strong>τὸ</strong></span> <span class='ocrx_word' id='word_1_291' title='bbox 3697 1121 3758 1172; x_wconf 78' lang='grc' dir='ltr'><strong>ὲκ</strong></span> 
     </span>
    </p>
   </div>
   <div class='ocr_carea' id='block_1_40' title="bbox 2191 1207 3758 1291">
    <p class='ocr_par' dir='ltr' id='par_1_40' title="bbox 2191 1207 3758 1291">
     <span class='ocr_line' id='line_1_40' title="bbox 2191 1207 3758 1291; baseline -0.008 -16"><span class='ocrx_word' id='word_1_292' title='bbox 2191 1224 2288 1291; x_wconf 81' lang='grc' dir='ltr'>τῆς</span> <span class='ocrx_word' id='word_1_293' title='bbox 2317 1222 2504 1282; x_wconf 78' lang='grc' dir='ltr'><strong>οὐσίας</strong></span> <span class='ocrx_word' id='word_1_294' title='bbox 2545 1220 2633 1273; x_wconf 83' lang='grc' dir='ltr'>διὰ</span> <span class='ocrx_word' id='word_1_295' title='bbox 2663 1218 2726 1271; x_wconf 77' lang='grc' dir='ltr'><strong>τὸ</strong></span> <span class='ocrx_word' id='word_1_296' title='bbox 2752 1215 3063 1286; x_wconf 80' lang='grc' dir='ltr'>ὁμοοῦσιον,</span> <span class='ocrx_word' id='word_1_297' title='bbox 3097 1213 3226 1281; x_wconf 73' lang='grc' dir='ltr'>περὶ</span> <span class='ocrx_word' id='word_1_298' title='bbox 3255 1207 3318 1265; x_wconf 74' lang='grc' dir='ltr'><strong>οῦ</strong></span> <span class='ocrx_word' id='word_1_299' title='bbox 3351 1210 3614 1281; x_wconf 77' lang='grc' dir='ltr'><strong>ἀνωτέρω</strong></span> <span class='ocrx_word' id='word_1_300' title='bbox 3638 1211 3758 1262; x_wconf 85' lang='grc' dir='ltr'>διει-</span> 
     </span>
    </p>
   </div>
   <div class='ocr_carea' id='block_1_41' title="bbox 2192 1299 3759 1382">
    <p class='ocr_par' dir='ltr' id='par_1_41' title="bbox 2192 1299 3759 1382">
     <span class='ocr_line' id='line_1_41' title="bbox 2192 1299 3759 1382; baseline -0.009 -18"><span class='ocrx_word' id='word_1_301' title='bbox 2192 1311 2331 1382; x_wconf 75' lang='grc' dir='ltr'>λήφα</span> <span class='ocrx_word' id='word_1_302' title='bbox 2345 1329 2442 1380; x_wconf 89' lang='grc' dir='ltr'><strong>μεν</strong></span> <span class='ocrx_word' id='word_1_303' title='bbox 2467 1308 2748 1379; x_wconf 81' lang='grc' dir='ltr'><strong>ἀμυδρῶς,</strong></span> <span class='ocrx_word' id='word_1_304' title='bbox 2779 1304 3017 1375; x_wconf 83' lang='grc' dir='ltr'>ἀλλαχοῦ</span> <span class='ocrx_word' id='word_1_305' title='bbox 3050 1304 3106 1358; x_wconf 75' lang='grc' dir='ltr'>δὲ</span> <span class='ocrx_word' id='word_1_306' title='bbox 3132 1303 3240 1355; x_wconf 90' lang='grc' dir='ltr'><strong>τῶν</strong></span> <span class='ocrx_word' id='word_1_307' title='bbox 3274 1302 3568 1372; x_wconf 75' lang='grc' dir='ltr'><strong>ἡμετέρων</strong></span> <span class='ocrx_word' id='word_1_308' title='bbox 3599 1299 3759 1366; x_wconf 77' lang='grc' dir='ltr'>λόγων</span> 
     </span>
    </p>
   </div>
   <div class='ocr_carea' id='block_1_42' title="bbox 2193 1392 3762 1472">
    <p class='ocr_par' dir='ltr' id='par_1_42' title="bbox 2193 1392 3762 1472">
     <span class='ocr_line' id='line_1_42' title="bbox 2193 1392 3762 1472; baseline -0.01 -16"><span class='ocrx_word' id='word_1_309' title='bbox 2193 1404 2524 1472; x_wconf 76' lang='grc' dir='ltr'><strong>πλατύτερον</strong></span> <span class='ocrx_word' id='word_1_310' title='bbox 2551 1402 2651 1471; x_wconf 77' lang='grc' dir='ltr'>τὴν</span> <span class='ocrx_word' id='word_1_311' title='bbox 2683 1400 2911 1454; x_wconf 82' lang='grc' dir='ltr'><strong>ἀτοπίαν</strong></span> <span class='ocrx_word' id='word_1_312' title='bbox 2935 1400 3036 1466; x_wconf 80' lang='grc' dir='ltr'><strong>ὅση</strong></span> <span class='ocrx_word' id='word_1_313' title='bbox 3069 1414 3154 1459; x_wconf 78' lang='grc' dir='ltr'><strong>τις</strong></span> <span class='ocrx_word' id='word_1_314' title='bbox 3181 1394 3482 1464; x_wconf 82' lang='grc' dir='ltr'>δεδειχότες</span> <span class='ocrx_word' id='word_1_315' title='bbox 3517 1392 3627 1444; x_wconf 86' lang='grc' dir='ltr'><strong>τῶν</strong></span> <span class='ocrx_word' id='word_1_316' title='bbox 3651 1406 3762 1442; x_wconf 72' lang='grc' dir='ltr'>σννο</span> 
     </span>
    </p>
   </div>
   <div class='ocr_carea' id='block_1_43' title="bbox 2196 1483 3760 1563">
    <p class='ocr_par' dir='ltr' id='par_1_43' title="bbox 2196 1483 3760 1563">
     <span class='ocr_line' id='line_1_43' title="bbox 2196 1483 3760 1563; baseline -0.008 -15"><span class='ocrx_word' id='word_1_317' title='bbox 2196 1496 2466 1549; x_wconf 86' lang='grc' dir='ltr'>ιστὼντων</span> <span class='ocrx_word' id='word_1_318' title='bbox 2507 1489 2570 1547; x_wconf 83' lang='lat'><strong>1:6</strong></span> <span class='ocrx_word' id='word_1_319' title='bbox 2595 1493 2868 1563; x_wconf 79' lang='grc' dir='ltr'>δεύτερον.</span> <span class='ocrx_word' id='word_1_320' title='bbox 2903 1492 3081 1546; x_wconf 82' lang='grc' dir='ltr'>Εξκὼν</span> <span class='ocrx_word' id='word_1_321' title='bbox 3113 1488 3374 1549; x_wconf 82' lang='grc' dir='ltr'>ὡσαύτως</span> <span class='ocrx_word' id='word_1_322' title='bbox 3418 1484 3510 1538; x_wconf 91' lang='grc' dir='ltr'><strong>τοῦ</strong></span> <span class='ocrx_word' id='word_1_323' title='bbox 3541 1483 3672 1537; x_wconf 81' lang='grc' dir='ltr'>Υἱοῦ</span> <span class='ocrx_word' id='word_1_324' title='bbox 3706 1485 3760 1535; x_wconf 76' lang='grc' dir='ltr'>τὸ</span> 
     </span>
    </p>
   </div>
   <div class='ocr_carea' id='block_1_44' title="bbox 2192 1575 3760 1656">
    <p class='ocr_par' dir='ltr' id='par_1_44' title="bbox 2192 1575 3760 1656">
     <span class='ocr_line' id='line_1_44' title="bbox 2192 1575 3760 1656; baseline -0.01 -16"><span class='ocrx_word' id='word_1_325' title='bbox 2192 1587 2438 1656; x_wconf 87' lang='grc' dir='ltr'>Πνεῦμα,</span> <span class='ocrx_word' id='word_1_326' title='bbox 2472 1587 2545 1648; x_wconf 83' lang='grc' dir='ltr'>ὡς</span> <span class='ocrx_word' id='word_1_327' title='bbox 2577 1587 2636 1650; x_wconf 76' lang='grc' dir='ltr'>ἐξ</span> <span class='ocrx_word' id='word_1_328' title='bbox 2661 1585 2824 1638; x_wconf 80' lang='grc' dir='ltr'>αὑτοῦ</span> <span class='ocrx_word' id='word_1_329' title='bbox 2858 1602 2915 1636; x_wconf 84' lang='grc' dir='ltr'><strong>τε</strong></span> <span class='ocrx_word' id='word_1_330' title='bbox 2947 1583 3042 1636; x_wconf 72' lang='grc' dir='ltr'><strong>καὶ</strong></span> <span class='ocrx_word' id='word_1_331' title='bbox 3072 1583 3140 1635; x_wconf 83' lang='grc' dir='ltr'>δι’</span> <span class='ocrx_word' id='word_1_332' title='bbox 3171 1578 3336 1633; x_wconf 76' lang='grc' dir='ltr'>αὐτοῦ</span> <span class='ocrx_word' id='word_1_333' title='bbox 3374 1578 3515 1630; x_wconf 81' lang='grc' dir='ltr'><strong>κατὰ</strong></span> <span class='ocrx_word' id='word_1_334' title='bbox 3551 1575 3650 1644; x_wconf 74' lang='grc' dir='ltr'>τὴν</span> <span class='ocrx_word' id='word_1_335' title='bbox 3671 1576 3760 1644; x_wconf 81' lang='grc' dir='ltr'>τῆς</span> 
     </span>
    </p>
   </div>
   <div class='ocr_carea' id='block_1_45' title="bbox 2192 1667 3762 1747">
    <p class='ocr_par' dir='ltr' id='par_1_45' title="bbox 2192 1667 3762 1747">
     <span class='ocr_line' id='line_1_45' title="bbox 2192 1667 3762 1747; baseline -0.009 -15"><span class='ocrx_word' id='word_1_336' title='bbox 2192 1680 2396 1741; x_wconf 72' lang='grc' dir='ltr'>εἰκόνος</span> <span class='ocrx_word' id='word_1_337' title='bbox 2425 1679 2750 1747; x_wconf 63' lang='grc' dir='ltr'>παράδοσιν.</span> <span class='ocrx_word' id='word_1_338' title='bbox 2788 1678 2849 1729; x_wconf 75' lang='lat' dir='ltr'><strong>Et</strong></span> <span class='ocrx_word' id='word_1_339' title='bbox 2882 1677 2936 1728; x_wconf 73' lang='grc' dir='ltr'>δὲ</span> <span class='ocrx_word' id='word_1_340' title='bbox 2980 1674 3074 1727; x_wconf 83' lang='grc' dir='ltr'><strong>τοῦ</strong></span> <span class='ocrx_word' id='word_1_341' title='bbox 3109 1672 3168 1737; x_wconf 74' lang='grc' dir='ltr'><strong>ἐξ</strong></span> <span class='ocrx_word' id='word_1_342' title='bbox 3197 1667 3258 1725; x_wconf 78' lang='grc' dir='ltr'>οὗ</span> <span class='ocrx_word' id='word_1_343' title='bbox 3291 1671 3350 1723; x_wconf 76' lang='grc' dir='ltr'>τὸ</span> <span class='ocrx_word' id='word_1_344' title='bbox 3396 1673 3455 1733; x_wconf 78' lang='grc' dir='ltr'>ἐξ</span> <span class='ocrx_word' id='word_1_345' title='bbox 3496 1667 3662 1720; x_wconf 71' lang='grc' dir='ltr'>αὑτοῦ</span> <span class='ocrx_word' id='word_1_346' title='bbox 3691 1670 3762 1719; x_wconf 83' lang='grc' dir='ltr'><strong>εἰ·</strong></span> 
     </span>
    </p>
   </div>
   <div class='ocr_carea' id='block_1_46' title="bbox 2192 1760 3759 1835">
    <p class='ocr_par' dir='ltr' id='par_1_46' title="bbox 2192 1760 3759 1835">
     <span class='ocr_line' id='line_1_46' title="bbox 2192 1760 3759 1835; baseline -0.008 -10"><span class='ocrx_word' id='word_1_347' title='bbox 2192 1772 2303 1826; x_wconf 87' lang='grc' dir='ltr'><strong>κὼν</strong></span> <span class='ocrx_word' id='word_1_348' title='bbox 2345 1771 2484 1824; x_wconf 66' lang='grc' dir='ltr'>κατὰ</span> <span class='ocrx_word' id='word_1_349' title='bbox 2515 1771 2638 1833; x_wconf 76' lang='grc' dir='ltr'>τοὺς</span> <span class='ocrx_word' id='word_1_350' title='bbox 2672 1769 2780 1823; x_wconf 87' lang='grc' dir='ltr'><strong>τῶν</strong></span> <span class='ocrx_word' id='word_1_351' title='bbox 2814 1769 2974 1822; x_wconf 74' lang='grc' dir='ltr'>Θεξων</span> <span class='ocrx_word' id='word_1_352' title='bbox 3006 1765 3316 1835; x_wconf 71' lang='grc' dir='ltr'>ὑφηγητὰς,</span> <span class='ocrx_word' id='word_1_353' title='bbox 3347 1763 3408 1816; x_wconf 70' lang='grc' dir='ltr'>τὸ</span> <span class='ocrx_word' id='word_1_354' title='bbox 3446 1763 3524 1832; x_wconf 81' lang='grc' dir='ltr'>μὴ</span> <span class='ocrx_word' id='word_1_355' title='bbox 3557 1763 3622 1813; x_wconf 74' lang='grc' dir='ltr'><strong>ὲκ</strong></span> <span class='ocrx_word' id='word_1_356' title='bbox 3643 1760 3759 1813; x_wconf 80' lang='grc' dir='ltr'>τοῦ·</span> 
     </span>
    </p>
   </div>
   <div class='ocr_carea' id='block_1_47' title="bbox 2190 1850 3760 1928">
    <p class='ocr_par' dir='ltr' id='par_1_47' title="bbox 2190 1850 3760 1928">
     <span class='ocr_line' id='line_1_47' title="bbox 2190 1850 3760 1928; baseline -0.01 -12"><span class='ocrx_word' id='word_1_357' title='bbox 2190 1864 2245 1916; x_wconf 80' lang='grc' dir='ltr'>δέ</span> <span class='ocrx_word' id='word_1_358' title='bbox 2265 1881 2406 1927; x_wconf 87' lang='grc' dir='ltr'>τινος</span> <span class='ocrx_word' id='word_1_359' title='bbox 2433 1862 2514 1926; x_wconf 84' lang='lat' dir='ltr'><strong>6v,</strong></span> <span class='ocrx_word' id='word_1_360' title='bbox 2543 1861 2652 1915; x_wconf 81' lang='grc' dir='ltr'>οὐδ’</span> <span class='ocrx_word' id='word_1_361' title='bbox 2679 1861 2842 1914; x_wconf 73' lang='grc' dir='ltr'>εἰκὼν</span> <span class='ocrx_word' id='word_1_362' title='bbox 2876 1860 2941 1913; x_wconf 83' lang='grc' dir='ltr'>ἂν</span> <span class='ocrx_word' id='word_1_363' title='bbox 2974 1859 3057 1928; x_wconf 74' lang='grc' dir='ltr'><strong>εἴη</strong></span> <span class='ocrx_word' id='word_1_364' title='bbox 3089 1857 3182 1910; x_wconf 90' lang='grc' dir='ltr'><strong>τοῦ</strong></span> <span class='ocrx_word' id='word_1_365' title='bbox 3216 1857 3288 1926; x_wconf 82' lang='grc' dir='ltr'>μὴ</span> <span class='ocrx_word' id='word_1_366' title='bbox 3318 1855 3376 1920; x_wconf 79' lang='grc' dir='ltr'>ἐξ</span> <span class='ocrx_word' id='word_1_367' title='bbox 3407 1850 3468 1908; x_wconf 77' lang='grc' dir='ltr'><strong>οῦ</strong></span> <span class='ocrx_word' id='word_1_368' title='bbox 3497 1856 3637 1906; x_wconf 75' lang='grc' dir='ltr'>ἐστι.</span> <span class='ocrx_word' id='word_1_369' title='bbox 3671 1851 3760 1903; x_wconf 73' lang='grc' dir='ltr'><strong>Διὰ</strong></span> 
     </span>
    </p>
   </div>
   <div class='ocr_carea' id='block_1_48' title="bbox 2191 1943 3762 2022">
    <p class='ocr_par' dir='ltr' id='par_1_48' title="bbox 2191 1943 3762 2022">
     <span class='ocr_line' id='line_1_48' title="bbox 2191 1943 3762 2022; baseline -0.01 -13"><span class='ocrx_word' id='word_1_370' title='bbox 2191 1956 2352 2009; x_wconf 86' lang='grc' dir='ltr'>τοῦτο</span> <span class='ocrx_word' id='word_1_371' title='bbox 2381 1954 2495 2008; x_wconf 82' lang='grc' dir='ltr'>οὔθ’</span> <span class='ocrx_word' id='word_1_372' title='bbox 2521 1957 2548 2007; x_wconf 92' lang='lat'><strong>6</strong></span> <span class='ocrx_word' id='word_1_373' title='bbox 2588 1953 2778 2022; x_wconf 80' lang='grc' dir='ltr'>Πατὴρ</span> <span class='ocrx_word' id='word_1_374' title='bbox 2809 1951 2974 2004; x_wconf 79' lang='grc' dir='ltr'>εἰκὼν</span> <span class='ocrx_word' id='word_1_375' title='bbox 3002 1949 3097 2004; x_wconf 90' lang='grc' dir='ltr'><strong>τοῦ</strong></span> <span class='ocrx_word' id='word_1_376' title='bbox 3127 1948 3281 2010; x_wconf 79' lang='grc' dir='ltr'>Υἱοῦ,</span> <span class='ocrx_word' id='word_1_377' title='bbox 3316 1947 3440 1999; x_wconf 76' lang='grc' dir='ltr'>ἐπεὶ</span> <span class='ocrx_word' id='word_1_378' title='bbox 3475 1946 3555 2014; x_wconf 82' lang='grc' dir='ltr'>μὴ</span> <span class='ocrx_word' id='word_1_379' title='bbox 3586 1943 3642 2008; x_wconf 72' lang='grc' dir='ltr'>ἐξ</span> <span class='ocrx_word' id='word_1_380' title='bbox 3675 1943 3762 1995; x_wconf 80' lang='grc' dir='ltr'>σῦ-</span> 
     </span>
    </p>
   </div>
   <div class='ocr_carea' id='block_1_49' title="bbox 2189 2037 3760 2112">
    <p class='ocr_par' dir='ltr' id='par_1_49' title="bbox 2189 2037 3760 2112">
     <span class='ocr_line' id='line_1_49' title="bbox 2189 2037 3760 2112; baseline -0.009 -11"><span class='ocrx_word' id='word_1_381' title='bbox 2189 2047 2306 2110; x_wconf 75' lang='grc' dir='ltr'>τοῦ,</span> <span class='ocrx_word' id='word_1_382' title='bbox 2330 2046 2442 2101; x_wconf 83' lang='grc' dir='ltr'>ἀλλ’</span> <span class='ocrx_word' id='word_1_383' title='bbox 2471 2049 2553 2100; x_wconf 85' lang='grc' dir='ltr'>ὅτι</span> <span class='ocrx_word' id='word_1_384' title='bbox 2576 2047 2734 2099; x_wconf 84' lang='grc' dir='ltr'>τοῦτο</span> <span class='ocrx_word' id='word_1_385' title='bbox 2757 2043 2986 2106; x_wconf 76' lang='grc' dir='ltr'>ἐκεῖθεν,</span> <span class='ocrx_word' id='word_1_386' title='bbox 3015 2044 3090 2105; x_wconf 78' lang='grc' dir='ltr'>ὡς</span> <span class='ocrx_word' id='word_1_387' title='bbox 3115 2043 3147 2112; x_wconf 84' lang='grc' dir='ltr'>ἡ</span> <span class='ocrx_word' id='word_1_388' title='bbox 3175 2042 3286 2094; x_wconf 88' lang='grc' dir='ltr'><strong>τῶν</strong></span> <span class='ocrx_word' id='word_1_389' title='bbox 3309 2039 3584 2105; x_wconf 83' lang='grc' dir='ltr'>θεολόγων</span> <span class='ocrx_word' id='word_1_390' title='bbox 3608 2037 3760 2105; x_wconf 79' lang='grc' dir='ltr'>ἀκρό-</span> 
     </span>
    </p>
   </div>
   <div class='ocr_carea' id='block_1_50' title="bbox 2189 2131 3761 2214">
    <p class='ocr_par' dir='ltr' id='par_1_50' title="bbox 2189 2131 3761 2214">
     <span class='ocr_line' id='line_1_50' title="bbox 2189 2131 3761 2214; baseline -0.01 -17"><span class='ocrx_word' id='word_1_391' title='bbox 2189 2161 2311 2214; x_wconf 82' lang='grc' dir='ltr'>της,</span> <span class='ocrx_word' id='word_1_392' title='bbox 2348 2141 2471 2196; x_wconf 87' lang='grc' dir='ltr'>οῦτε</span> <span class='ocrx_word' id='word_1_393' title='bbox 2507 2144 2648 2194; x_wconf 78' lang='grc' dir='ltr'>κατὰ</span> <span class='ocrx_word' id='word_1_394' title='bbox 2679 2141 2772 2193; x_wconf 83' lang='grc' dir='ltr'><strong>τδν</strong></span> <span class='ocrx_word' id='word_1_395' title='bbox 2807 2139 2970 2194; x_wconf 77' lang='grc' dir='ltr'>αὐτὸν</span> <span class='ocrx_word' id='word_1_396' title='bbox 3000 2138 3156 2205; x_wconf 82' lang='grc' dir='ltr'>λόγον</span> <span class='ocrx_word' id='word_1_397' title='bbox 3207 2135 3302 2189; x_wconf 87' lang='grc' dir='ltr'><strong>τοῦ</strong></span> <span class='ocrx_word' id='word_1_398' title='bbox 3339 2133 3663 2202; x_wconf 81' lang='grc' dir='ltr'>Πνεῦματος</span> <span class='ocrx_word' id='word_1_399' title='bbox 3693 2131 3761 2182; x_wconf 75' lang='grc' dir='ltr'><strong>εξ-</strong></span> 
     </span>
    </p>
   </div>
   <div class='ocr_carea' id='block_1_51' title="bbox 2191 2223 3760 2297">
    <p class='ocr_par' dir='ltr' id='par_1_51' title="bbox 2191 2223 3760 2297">
     <span class='ocr_line' id='line_1_51' title="bbox 2191 2223 3760 2297; baseline -0.01 -8"><span class='ocrx_word' id='word_1_400' title='bbox 2191 2235 2304 2289; x_wconf 82' lang='grc' dir='ltr'><strong>κὼν</strong></span> <span class='ocrx_word' id='word_1_401' title='bbox 2330 2236 2356 2286; x_wconf 91' lang='grc' dir='ltr'>ὁ</span> <span class='ocrx_word' id='word_1_402' title='bbox 2389 2234 2535 2296; x_wconf 75' lang='grc' dir='ltr'>Υἱὸς,</span> <span class='ocrx_word' id='word_1_403' title='bbox 2559 2231 2673 2285; x_wconf 72' lang='grc' dir='ltr'>οὒτ’</span> <span class='ocrx_word' id='word_1_404' title='bbox 2699 2231 2856 2294; x_wconf 74' lang='grc' dir='ltr'>εἰσὶν,</span> <span class='ocrx_word' id='word_1_405' title='bbox 2892 2229 3014 2283; x_wconf 77' lang='grc' dir='ltr'>οὔτε</span> <span class='ocrx_word' id='word_1_406' title='bbox 3042 2229 3313 2297; x_wconf 82' lang='grc' dir='ltr'>λέγονται.</span> <span class='ocrx_word' id='word_1_407' title='bbox 3357 2224 3524 2278; x_wconf 72' lang='grc' dir='ltr'>Ἀλλὰ</span> <span class='ocrx_word' id='word_1_408' title='bbox 3559 2223 3648 2276; x_wconf 86' lang='grc' dir='ltr'><strong>τοῦ</strong></span> <span class='ocrx_word' id='word_1_409' title='bbox 3674 2224 3760 2289; x_wconf 81' lang='grc' dir='ltr'>μὲν</span> 
     </span>
    </p>
   </div>
   <div class='ocr_carea' id='block_1_52' title="bbox 2195 2315 3761 2396">
    <p class='ocr_par' dir='ltr' id='par_1_52' title="bbox 2195 2315 3761 2396">
     <span class='ocr_line' id='line_1_52' title="bbox 2195 2315 3761 2396; baseline -0.011 -14"><span class='ocrx_word' id='word_1_410' title='bbox 2195 2325 2328 2382; x_wconf 78' lang='grc' dir='ltr'>Υἱοῦ</span> <span class='ocrx_word' id='word_1_411' title='bbox 2359 2327 2676 2396; x_wconf 75' lang='grc' dir='ltr'>ἀρχέτυπον</span> <span class='ocrx_word' id='word_1_412' title='bbox 2707 2327 2735 2373; x_wconf 79' lang='lat'><strong>6</strong></span> <span class='ocrx_word' id='word_1_413' title='bbox 2769 2323 2976 2392; x_wconf 81' lang='grc' dir='ltr'>Πατὴρ,</span> <span class='ocrx_word' id='word_1_414' title='bbox 3002 2319 3096 2374; x_wconf 90' lang='grc' dir='ltr'><strong>τοῦ</strong></span> <span class='ocrx_word' id='word_1_415' title='bbox 3119 2321 3175 2374; x_wconf 78' lang='grc' dir='ltr'>δὲ</span> <span class='ocrx_word' id='word_1_416' title='bbox 3208 2317 3530 2387; x_wconf 75' lang='grc' dir='ltr'>Πνεύματος</span> <span class='ocrx_word' id='word_1_417' title='bbox 3563 2315 3761 2382; x_wconf 77' lang='grc' dir='ltr'>πρωτόο</span> 
     </span>
    </p>
   </div>
   <div class='ocr_carea' id='block_1_53' title="bbox 2190 2409 3761 2483">
    <p class='ocr_par' dir='ltr' id='par_1_53' title="bbox 2190 2409 3761 2483">
     <span class='ocr_line' id='line_1_53' title="bbox 2190 2409 3761 2483; baseline -0.011 -8"><span class='ocrx_word' id='word_1_418' title='bbox 2190 2439 2358 2483; x_wconf 84' lang='grc' dir='ltr'>τυπος</span> <span class='ocrx_word' id='word_1_419' title='bbox 2386 2422 2413 2473; x_wconf 92' lang='lat'><strong>6</strong></span> <span class='ocrx_word' id='word_1_420' title='bbox 2444 2419 2594 2482; x_wconf 77' lang='grc' dir='ltr'>Υἱός.</span> <span class='ocrx_word' id='word_1_421' title='bbox 2623 2417 2785 2472; x_wconf 87' lang='grc' dir='ltr'>Ὅθεν</span> <span class='ocrx_word' id='word_1_422' title='bbox 2819 2417 2846 2468; x_wconf 95' lang='lat'><strong>6</strong></span> <span class='ocrx_word' id='word_1_423' title='bbox 2871 2419 2981 2478; x_wconf 88' lang='grc' dir='ltr'>τοῖς</span> <span class='ocrx_word' id='word_1_424' title='bbox 3011 2413 3258 2483; x_wconf 80' lang='grc' dir='ltr'><strong>θαύμασι</strong></span> <span class='ocrx_word' id='word_1_425' title='bbox 3286 2410 3611 2481; x_wconf 80' lang='grc' dir='ltr'>φερώνυμος</span> <span class='ocrx_word' id='word_1_426' title='bbox 3641 2409 3761 2461; x_wconf 80' lang='grc' dir='ltr'>Νεοο</span> 
     </span>
    </p>
   </div>
   <div class='ocr_carea' id='block_1_54' title="bbox 2192 2501 3762 2584">
    <p class='ocr_par' dir='ltr' id='par_1_54' title="bbox 2192 2501 3762 2584">
     <span class='ocr_line' id='line_1_54' title="bbox 2192 2501 3762 2584; baseline -0.011 -14"><span class='ocrx_word' id='word_1_427' title='bbox 2192 2513 2518 2584; x_wconf 79' lang='grc' dir='ltr'>καισαρείας</span> <span class='ocrx_word' id='word_1_428' title='bbox 2561 2510 2763 2581; x_wconf 75' lang='grc' dir='ltr'>ποιμὴν</span> <span class='ocrx_word' id='word_1_429' title='bbox 2793 2512 2850 2563; x_wconf 82' lang='grc' dir='ltr'>ὲν</span> <span class='ocrx_word' id='word_1_430' title='bbox 2878 2508 3024 2578; x_wconf 83' lang='grc' dir='ltr'>λόγῳ</span> <span class='ocrx_word' id='word_1_431' title='bbox 3049 2501 3112 2561; x_wconf 78' lang='grc' dir='ltr'><strong>οῦ</strong></span> <span class='ocrx_word' id='word_1_432' title='bbox 3141 2509 3172 2576; x_wconf 79' lang='grc' dir='ltr'><strong>ἡ</strong></span> <span class='ocrx_word' id='word_1_433' title='bbox 3219 2504 3387 2578; x_wconf 80' lang='grc' dir='ltr'>ἁρχὴ,</span> <span class='ocrx_word' id='word_1_434' title='bbox 3428 2523 3448 2556; x_wconf 75' lang='lat' dir='ltr'><strong>r</strong></span> <span class='ocrx_word' id='word_1_435' title='bbox 3496 2502 3762 2571; x_wconf 84' lang='grc' dir='ltr'>Ἐχθιστοι</span> 
     </span>
    </p>
   </div>
   <div class='ocr_carea' id='block_1_55' title="bbox 2192 2593 3763 2674">
    <p class='ocr_par' dir='ltr' id='par_1_55' title="bbox 2192 2593 3763 2674">
     <span class='ocr_line' id='line_1_55' title="bbox 2192 2593 3763 2674; baseline -0.011 -14"><span class='ocrx_word' id='word_1_436' title='bbox 2192 2611 2288 2661; x_wconf 71' lang='grc' dir='ltr'><strong>καὶ</strong></span> <span class='ocrx_word' id='word_1_437' title='bbox 2313 2606 2583 2674; x_wconf 78' lang='grc' dir='ltr'>ἀλλότριοι</span> <span class='ocrx_word' id='word_1_438' title='bbox 2607 2605 2708 2672; x_wconf 80' lang='grc' dir='ltr'>τῆς</span> <span class='ocrx_word' id='word_1_439' title='bbox 2731 2601 3096 2668; x_wconf 82' lang='grc' dir='ltr'>ἁποστολικῆς</span> <span class='ocrx_word' id='word_1_440' title='bbox 3126 2598 3421 2670; x_wconf 77' lang='grc' dir='ltr'><strong>ὁμολογίας</strong></span> <span class='ocrx_word' id='word_1_441' title='bbox 3448 2597 3504 2650; x_wconf 77' lang='grc' dir='ltr'>οἱ</span> <span class='ocrx_word' id='word_1_442' title='bbox 3535 2596 3627 2649; x_wconf 78' lang='grc' dir='ltr'>τὸν</span> <span class='ocrx_word' id='word_1_443' title='bbox 3644 2593 3763 2646; x_wconf 71' lang='grc' dir='ltr'>Υἱδν</span> 
     </span>
    </p>
   </div>
   <div class='ocr_carea' id='block_1_56' title="bbox 2191 2685 3763 2764">
    <p class='ocr_par' dir='ltr' id='par_1_56' title="bbox 2191 2685 3763 2764">
     <span class='ocr_line' id='line_1_56' title="bbox 2191 2685 3763 2764; baseline -0.009 -12"><span class='ocrx_word' id='word_1_444' title='bbox 2191 2699 2251 2764; x_wconf 74' lang='grc' dir='ltr'><strong>ἐξ</strong></span> <span class='ocrx_word' id='word_1_445' title='bbox 2281 2700 2382 2752; x_wconf 74' lang='grc' dir='ltr'><strong>οὐκ</strong></span> <span class='ocrx_word' id='word_1_446' title='bbox 2415 2699 2587 2751; x_wconf 68' lang='grc' dir='ltr'>ὄντων</span> <span class='ocrx_word' id='word_1_447' title='bbox 2610 2696 2881 2764; x_wconf 82' lang='grc' dir='ltr'>λέγοντες,</span> <span class='ocrx_word' id='word_1_448' title='bbox 2925 2713 2945 2747; x_wconf 75' lang='grc' dir='ltr'><strong>ι</strong></span> <span class='ocrx_word' id='word_1_449' title='bbox 2975 2724 3041 2735; x_wconf 93' lang='grc'><strong><em>-</em></strong></span> <span class='ocrx_word' id='word_1_450' title='bbox 3079 2711 3098 2744; x_wconf 79' lang='lat' dir='ltr'><strong>r</strong></span> <span class='ocrx_word' id='word_1_451' title='bbox 3143 2692 3340 2762; x_wconf 77' lang='grc' dir='ltr'>Ἀρχὴ,</span> <span class='ocrx_word' id='word_1_452' title='bbox 3379 2710 3400 2744; x_wconf 73' lang='grc' dir='ltr'><strong>ι</strong></span> <span class='ocrx_word' id='word_1_453' title='bbox 3434 2689 3597 2759; x_wconf 69' lang='grc' dir='ltr'>φησὶ,</span> <span class='ocrx_word' id='word_1_454' title='bbox 3630 2706 3648 2738; x_wconf 78' lang='grc' dir='ltr'><strong>ι</strong></span> <span class='ocrx_word' id='word_1_455' title='bbox 3678 2685 3763 2738; x_wconf 85' lang='grc' dir='ltr'><strong>τοῦ</strong></span> 
     </span>
    </p>
   </div>
   <div class='ocr_carea' id='block_1_57' title="bbox 2193 2779 3765 2861">
    <p class='ocr_par' dir='ltr' id='par_1_57' title="bbox 2193 2779 3765 2861">
     <span class='ocr_line' id='line_1_57' title="bbox 2193 2779 3765 2861; baseline -0.011 -14"><span class='ocrx_word' id='word_1_456' title='bbox 2193 2792 2327 2846; x_wconf 76' lang='grc' dir='ltr'>Υἱοῦ</span> <span class='ocrx_word' id='word_1_457' title='bbox 2355 2794 2382 2846; x_wconf 92' lang='lat'><strong>6</strong></span> <span class='ocrx_word' id='word_1_458' title='bbox 2421 2792 2631 2861; x_wconf 77' lang='grc' dir='ltr'>Πατὴρ,</span> <span class='ocrx_word' id='word_1_459' title='bbox 2674 2787 2862 2848; x_wconf 80' lang='grc' dir='ltr'><strong>ἀῖδίως</strong></span> <span class='ocrx_word' id='word_1_460' title='bbox 2899 2786 3064 2840; x_wconf 79' lang='grc' dir='ltr'>αὐτὸν</span> <span class='ocrx_word' id='word_1_461' title='bbox 3103 2786 3392 2855; x_wconf 80' lang='grc' dir='ltr'><strong>γεννήσας.</strong></span> <span class='ocrx_word' id='word_1_462' title='bbox 3424 2784 3525 2834; x_wconf 73' lang='grc' dir='ltr'>καὶ</span> <span class='ocrx_word' id='word_1_463' title='bbox 3563 2779 3765 2849; x_wconf 79' lang='grc' dir='ltr'>πρωτό-</span> 
     </span>
    </p>
   </div>
   <div class='ocr_carea' id='block_1_58' title="bbox 2192 2869 3764 2950">
    <p class='ocr_par' dir='ltr' id='par_1_58' title="bbox 2192 2869 3764 2950">
     <span class='ocr_line' id='line_1_58' title="bbox 2192 2869 3764 2950; baseline -0.01 -14"><span class='ocrx_word' id='word_1_464' title='bbox 2192 2901 2364 2946; x_wconf 79' lang='grc' dir='ltr'>τυττος</span> <span class='ocrx_word' id='word_1_465' title='bbox 2385 2881 2483 2936; x_wconf 90' lang='grc' dir='ltr'><strong>τοῦ</strong></span> <span class='ocrx_word' id='word_1_466' title='bbox 2532 2877 2854 2950; x_wconf 79' lang='grc' dir='ltr'>Πνεῦματος</span> <span class='ocrx_word' id='word_1_467' title='bbox 2876 2881 2904 2931; x_wconf 88' lang='lat'><strong>6</strong></span> <span class='ocrx_word' id='word_1_468' title='bbox 2933 2876 3158 2947; x_wconf 85' lang='grc' dir='ltr'>Κύριος.</span> <span class='ocrx_word' id='word_1_469' title='bbox 3202 2893 3220 2926; x_wconf 76' lang='grc' dir='ltr'><strong>ι</strong></span> <span class='ocrx_word' id='word_1_470' title='bbox 3269 2874 3457 2928; x_wconf 82' lang='grc' dir='ltr'>Ταῦτά</span> <span class='ocrx_word' id='word_1_471' title='bbox 3487 2889 3556 2940; x_wconf 86' lang='grc' dir='ltr'><strong>γε</strong></span> <span class='ocrx_word' id='word_1_472' title='bbox 3592 2871 3696 2940; x_wconf 75' lang='grc' dir='ltr'>μὴν</span> <span class='ocrx_word' id='word_1_473' title='bbox 3719 2869 3764 2920; x_wconf 81' lang='grc' dir='ltr'>οἱ</span> 
     </span>
    </p>
   </div>
   <div class='ocr_carea' id='block_1_59' title="bbox 2195 2962 3764 3045">
    <p class='ocr_par' dir='ltr' id='par_1_59' title="bbox 2195 2962 3764 3045">
     <span class='ocr_line' id='line_1_59' title="bbox 2195 2962 3764 3045; baseline -0.011 -16"><span class='ocrx_word' id='word_1_474' title='bbox 2195 2975 2486 3045; x_wconf 87' lang='grc' dir='ltr'>θεόληπτοι</span> <span class='ocrx_word' id='word_1_475' title='bbox 2521 2969 2880 3042; x_wconf 78' lang='grc' dir='ltr'>μυστολέκται</span> <span class='ocrx_word' id='word_1_476' title='bbox 2915 2969 3059 3021; x_wconf 78' lang='grc' dir='ltr'>κατὰ</span> <span class='ocrx_word' id='word_1_477' title='bbox 3094 2967 3195 3038; x_wconf 80' lang='grc' dir='ltr'>τὴν</span> <span class='ocrx_word' id='word_1_478' title='bbox 3241 2965 3394 3030; x_wconf 78' lang='grc' dir='ltr'>τάξιν</span> <span class='ocrx_word' id='word_1_479' title='bbox 3438 2964 3554 3016; x_wconf 89' lang='grc' dir='ltr'><strong>τῶν</strong></span> <span class='ocrx_word' id='word_1_480' title='bbox 3592 2962 3764 3015; x_wconf 76' lang='grc' dir='ltr'>ἁῖδὶων</span> 
     </span>
    </p>
   </div>
   <div class='ocr_carea' id='block_1_60' title="bbox 2195 3055 3760 3136">
    <p class='ocr_par' dir='ltr' id='par_1_60' title="bbox 2195 3055 3760 3136">
     <span class='ocr_line' id='line_1_60' title="bbox 2195 3055 3760 3136; baseline -0.011 -15"><span class='ocrx_word' id='word_1_481' title='bbox 2195 3067 2483 3136; x_wconf 78' lang='grc' dir='ltr'>ὑπάρξεων</span> <span class='ocrx_word' id='word_1_482' title='bbox 2507 3065 2618 3118; x_wconf 86' lang='grc' dir='ltr'><strong>τῶν</strong></span> <span class='ocrx_word' id='word_1_483' title='bbox 2641 3061 2954 3133; x_wconf 76' lang='grc' dir='ltr'>Θεαρχικῶν</span> <span class='ocrx_word' id='word_1_484' title='bbox 2981 3059 3331 3113; x_wconf 84' lang='grc' dir='ltr'>ὑποστάσεων</span> <span class='ocrx_word' id='word_1_485' title='bbox 3352 3055 3760 3126; x_wconf 83' lang='grc' dir='ltr'>παραδιδόντες,</span> 
     </span>
    </p>
   </div>
   <div class='ocr_carea' id='block_1_61' title="bbox 2195 3143 3760 3224">
    <p class='ocr_par' dir='ltr' id='par_1_61' title="bbox 2195 3143 3760 3224">
     <span class='ocr_line' id='line_1_61' title="bbox 2195 3143 3760 3224; baseline -0.013 -11"><span class='ocrx_word' id='word_1_486' title='bbox 2195 3161 2309 3224; x_wconf 80' lang='grc' dir='ltr'>καὶ,</span> <span class='ocrx_word' id='word_1_487' title='bbox 2339 3177 2358 3209; x_wconf 74' lang='lat' dir='ltr'><strong>t</strong></span> <span class='ocrx_word' id='word_1_488' title='bbox 2380 3159 2467 3220; x_wconf 84' lang='grc' dir='ltr'>Ὠς</span> <span class='ocrx_word' id='word_1_489' title='bbox 2494 3157 2523 3209; x_wconf 95' lang='lat'><strong>6</strong></span> <span class='ocrx_word' id='word_1_490' title='bbox 2549 3155 2677 3217; x_wconf 77' lang='grc' dir='ltr'><strong>Υἱὸς</strong></span> <span class='ocrx_word' id='word_1_491' title='bbox 2697 3153 2811 3224; x_wconf 71' lang='grc' dir='ltr'>ἔχει</span> <span class='ocrx_word' id='word_1_492' title='bbox 2835 3151 2973 3223; x_wconf 74' lang='grc' dir='ltr'>πρὸς</span> <span class='ocrx_word' id='word_1_493' title='bbox 2997 3152 3089 3203; x_wconf 70' lang='grc' dir='ltr'><strong>τὸν</strong></span> <span class='ocrx_word' id='word_1_494' title='bbox 3112 3146 3513 3219; x_wconf 85' lang='grc' dir='ltr'>Πατέρα,οῦτω</span> <span class='ocrx_word' id='word_1_495' title='bbox 3528 3145 3664 3213; x_wconf 79' lang='grc' dir='ltr'>πρὸς</span> <span class='ocrx_word' id='word_1_496' title='bbox 3680 3143 3760 3195; x_wconf 65' lang='grc' dir='ltr'><strong>τὸν</strong></span> 
     </span>
    </p>
   </div>
   <div class='ocr_carea' id='block_1_62' title="bbox 514 3234 2089 3344">
    <p class='ocr_par' dir='ltr' id='par_1_62' title="bbox 514 3234 2088 3326">
     <span class='ocr_line' id='line_1_62' title="bbox 514 3234 2088 3326; baseline 0.001 -17"><span class='ocrx_word' id='word_1_497' title='bbox 514 3253 692 3309; x_wconf 79' lang='lat' dir='ltr'><strong>Patris</strong></span> <span class='ocrx_word' id='word_1_498' title='bbox 721 3263 777 3310; x_wconf 88' lang='lat' dir='ltr'><strong>et</strong></span> <span class='ocrx_word' id='word_1_499' title='bbox 806 3255 930 3310; x_wconf 86' lang='lat' dir='ltr'><strong>Filii</strong></span> <span class='ocrx_word' id='word_1_500' title='bbox 970 3275 989 3307; x_wconf 83' lang='grc'><strong>›</strong></span> <span class='ocrx_word' id='word_1_501' title='bbox 1028 3255 1320 3310; x_wconf 85' lang='lat' dir='ltr'><strong>admodum</strong></span> <span class='ocrx_word' id='word_1_502' title='bbox 1367 3256 1659 3326; x_wconf 88' lang='lat' dir='ltr'><strong>perspicue</strong></span> <span class='ocrx_word' id='word_1_503' title='bbox 1715 3234 2088 3322; x_wconf 87' lang='lat' dir='ltr'><strong>enuntiantes,</strong></span> 
     </span>
    </p>
   </div>
   <div class='ocr_carea' id='block_1_63' title="bbox 2191 3234 3760 3344">
    <p class='ocr_par' dir='ltr' id='par_1_63' title="bbox 2196 3234 3760 3318">
     <span class='ocr_line' id='line_1_63' title="bbox 2196 3234 3760 3318; baseline -0.012 -13"><span class='ocrx_word' id='word_1_504' title='bbox 2196 3251 2325 3305; x_wconf 80' lang='grc' dir='ltr'>Υἱδν</span> <span class='ocrx_word' id='word_1_505' title='bbox 2352 3249 2414 3303; x_wconf 85' lang='grc' dir='ltr'>τὸ</span> <span class='ocrx_word' id='word_1_506' title='bbox 2439 3247 2684 3318; x_wconf 79' lang='grc' dir='ltr'><strong>Πνεῦμα,</strong></span> <span class='ocrx_word' id='word_1_507' title='bbox 2729 3265 2748 3299; x_wconf 73' lang='grc' dir='ltr'><strong>ι</strong></span> <span class='ocrx_word' id='word_1_508' title='bbox 2782 3243 3130 3314; x_wconf 84' lang='grc' dir='ltr'>τρανοῦντες,</span> <span class='ocrx_word' id='word_1_509' title='bbox 3170 3244 3265 3295; x_wconf 75' lang='grc' dir='ltr'><strong>καὶ</strong></span> <span class='ocrx_word' id='word_1_510' title='bbox 3296 3235 3479 3302; x_wconf 77' lang='grc' dir='ltr'>αὖθις,</span> <span class='ocrx_word' id='word_1_511' title='bbox 3522 3255 3543 3290; x_wconf 67' lang='grc' dir='ltr'><strong>ι</strong></span> <span class='ocrx_word' id='word_1_512' title='bbox 3571 3239 3646 3300; x_wconf 85' lang='grc' dir='ltr'><strong>ὡς</strong></span> <span class='ocrx_word' id='word_1_513' title='bbox 3678 3234 3760 3288; x_wconf 84' lang='grc' dir='ltr'><strong>τοῦ</strong></span> 
     </span>
    </p>
   </div>
   <div class='ocr_carea' id='block_1_64' title="bbox 512 3329 2089 3417">
    <p class='ocr_par' dir='ltr' id='par_1_64' title="bbox 512 3345 2089 3417">
     <span class='ocr_line' id='line_1_64' title="bbox 512 3345 2089 3417; baseline 0.001 -16"><span class='ocrx_word' id='word_1_514' title='bbox 512 3345 1056 3402; x_wconf 84' lang='lat' dir='ltr'><strong>dctertninantillum</strong></span> <span class='ocrx_word' id='word_1_515' title='bbox 1089 3363 1154 3402; x_wconf 75' lang='lat' dir='ltr'><strong>ex</strong></span> <span class='ocrx_word' id='word_1_516' title='bbox 1177 3347 1468 3412; x_wconf 88' lang='lat' dir='ltr'><strong>ambobus,</strong></span> <span class='ocrx_word' id='word_1_517' title='bbox 1497 3356 1595 3402; x_wconf 88' lang='lat' dir='ltr'><strong>aut</strong></span> <span class='ocrx_word' id='word_1_518' title='bbox 1649 3364 1715 3402; x_wconf 78' lang='lat' dir='ltr'><strong>ex</strong></span> <span class='ocrx_word' id='word_1_519' title='bbox 1773 3347 1932 3402; x_wconf 85' lang='lat' dir='ltr'><strong>Patre</strong></span> <span class='ocrx_word' id='word_1_520' title='bbox 1993 3363 2089 3417; x_wconf 90' lang='lat' dir='ltr'><strong>per</strong></span> 
     </span>
    </p>
   </div>
   <div class='ocr_carea' id='block_1_65' title="bbox 2191 3329 3760 3417">
    <p class='ocr_par' dir='ltr' id='par_1_65' title="bbox 2193 3329 3760 3411">
     <span class='ocr_line' id='line_1_65' title="bbox 2193 3329 3760 3411; baseline -0.01 -13"><span class='ocrx_word' id='word_1_521' title='bbox 2193 3343 2429 3411; x_wconf 82' lang='grc' dir='ltr'>Πατρδς,</span> <span class='ocrx_word' id='word_1_522' title='bbox 2461 3340 2606 3395; x_wconf 79' lang='grc' dir='ltr'>οὕτω</span> <span class='ocrx_word' id='word_1_523' title='bbox 2651 3337 2874 3393; x_wconf 72' lang='grc' dir='ltr'>καὶτοῦ</span> <span class='ocrx_word' id='word_1_524' title='bbox 2922 3335 3053 3390; x_wconf 86' lang='grc' dir='ltr'>Υἰοῦ</span> <span class='ocrx_word' id='word_1_525' title='bbox 3105 3336 3166 3389; x_wconf 73' lang='grc' dir='ltr'><strong>τὸ</strong></span> <span class='ocrx_word' id='word_1_526' title='bbox 3215 3333 3442 3401; x_wconf 88' lang='grc' dir='ltr'>Πνεῦμα</span> <span class='ocrx_word' id='word_1_527' title='bbox 3490 3333 3636 3385; x_wconf 79' lang='grc' dir='ltr'>κατὰ</span> <span class='ocrx_word' id='word_1_528' title='bbox 3674 3329 3760 3398; x_wconf 82' lang='grc' dir='ltr'>τὴν</span> 
     </span>
    </p>
   </div>
   <div class='ocr_carea' id='block_1_66' title="bbox 516 3435 2091 3494">
    <p class='ocr_par' dir='ltr' id='par_1_66' title="bbox 516 3435 2091 3494">
     <span class='ocr_line' id='line_1_66' title="bbox 516 3435 2091 3494; baseline 0.001 -1"><span class='ocrx_word' id='word_1_529' title='bbox 516 3435 738 3493; x_wconf 79' lang='lat' dir='ltr'><strong>Filium.</strong></span> <span class='ocrx_word' id='word_1_530' title='bbox 773 3436 913 3493; x_wconf 83' lang='lat' dir='ltr'><strong>llinc</strong></span> <span class='ocrx_word' id='word_1_531' title='bbox 934 3446 990 3492; x_wconf 88' lang='lat' dir='ltr'><strong>et</strong></span> <span class='ocrx_word' id='word_1_532' title='bbox 1018 3437 1287 3492; x_wconf 73' lang='lat' dir='ltr'><strong>Maximus</strong></span> <span class='ocrx_word' id='word_1_533' title='bbox 1312 3439 1660 3494; x_wconf 82' lang='lat' dir='ltr'><strong>confessione</strong></span> <span class='ocrx_word' id='word_1_534' title='bbox 1693 3455 1792 3494; x_wconf 90' lang='lat' dir='ltr'><strong>sua</strong></span> <span class='ocrx_word' id='word_1_535' title='bbox 1831 3455 1959 3494; x_wconf 84' lang='lat' dir='ltr'><strong>vere</strong></span> <span class='ocrx_word' id='word_1_536' title='bbox 1986 3455 2091 3494; x_wconf 88' lang='lat' dir='ltr'><strong>cc-</strong></span> 
     </span>
    </p>
   </div>
   <div class='ocr_carea' id='block_1_67' title="bbox 515 3527 2087 3604">
    <p class='ocr_par' dir='ltr' id='par_1_67' title="bbox 515 3527 2087 3604">
     <span class='ocr_line' id='line_1_67' title="bbox 515 3527 2087 3604; baseline 0.004 -23"><span class='ocrx_word' id='word_1_537' title='bbox 515 3528 864 3594; x_wconf 87' lang='lat' dir='ltr'><strong>leberrimus,</strong></span> <span class='ocrx_word' id='word_1_538' title='bbox 897 3530 1025 3584; x_wconf 87' lang='lat' dir='ltr'><strong>dntn</strong></span> <span class='ocrx_word' id='word_1_539' title='bbox 1052 3530 1274 3599; x_wconf 85' lang='lat' dir='ltr'><strong>exponit</strong></span> <span class='ocrx_word' id='word_1_540' title='bbox 1300 3527 1431 3599; x_wconf 89' lang='lat' dir='ltr'><strong>quid</strong></span> <span class='ocrx_word' id='word_1_541' title='bbox 1465 3531 1569 3586; x_wconf 89' lang='lat' dir='ltr'><strong>sibi</strong></span> <span class='ocrx_word' id='word_1_542' title='bbox 1604 3532 1735 3604; x_wconf 65' lang='lat' dir='ltr'><strong>velit</strong></span> <span class='ocrx_word' id='word_1_543' title='bbox 1777 3532 1921 3601; x_wconf 89' lang='lat' dir='ltr'><strong>apud</strong></span> <span class='ocrx_word' id='word_1_544' title='bbox 1956 3547 2087 3602; x_wconf 82' lang='lat' dir='ltr'><strong>pro-</strong></span> 
     </span>
    </p>
   </div>
   <div class='ocr_carea' id='block_1_68' title="bbox 521 3622 2091 3697">
    <p class='ocr_par' dir='ltr' id='par_1_68' title="bbox 521 3622 2091 3697">
     <span class='ocr_line' id='line_1_68' title="bbox 521 3622 2091 3697; baseline 0.005 -23"><span class='ocrx_word' id='word_1_545' title='bbox 521 3623 736 3686; x_wconf 84' lang='lat' dir='ltr'><strong>phetam</strong></span> <span class='ocrx_word' id='word_1_546' title='bbox 768 3622 1086 3678; x_wconf 84' lang='lat' dir='ltr'><strong>Zachariam</strong></span> <span class='ocrx_word' id='word_1_547' title='bbox 1117 3640 1344 3679; x_wconf 87' lang='lat' dir='ltr'><strong>aureum</strong></span> <span class='ocrx_word' id='word_1_548' title='bbox 1392 3625 1801 3690; x_wconf 86' lang='lat' dir='ltr'><strong>candelabrum,</strong></span> <span class='ocrx_word' id='word_1_549' title='bbox 1830 3636 1885 3682; x_wconf 88' lang='lat' dir='ltr'><strong>et</strong></span> <span class='ocrx_word' id='word_1_550' title='bbox 1924 3642 2091 3697; x_wconf 89' lang='lat' dir='ltr'><strong>super</strong></span> 
     </span>
    </p>
   </div>
   <div class='ocr_carea' id='block_1_69' title="bbox 516 3712 2090 3790">
    <p class='ocr_par' dir='ltr' id='par_1_69' title="bbox 516 3712 2090 3790">
     <span class='ocr_line' id='line_1_69' title="bbox 516 3712 2090 3790; baseline 0.007 -25"><span class='ocrx_word' id='word_1_551' title='bbox 516 3712 647 3770; x_wconf 75' lang='lat' dir='ltr'><strong>illud</strong></span> <span class='ocrx_word' id='word_1_552' title='bbox 684 3730 847 3784; x_wconf 85' lang='lat' dir='ltr'><strong>parva</strong></span> <span class='ocrx_word' id='word_1_553' title='bbox 879 3715 1088 3786; x_wconf 85' lang='lat' dir='ltr'><strong>lampas</strong></span> <span class='ocrx_word' id='word_1_554' title='bbox 1127 3726 1180 3770; x_wconf 90' lang='lat' dir='ltr'><strong>et</strong></span> <span class='ocrx_word' id='word_1_555' title='bbox 1233 3716 1501 3784; x_wconf 73' lang='lat' dir='ltr'><strong>lucernae,</strong></span> <span class='ocrx_word' id='word_1_556' title='bbox 1565 3719 1738 3787; x_wconf 90' lang='lat' dir='ltr'><strong>palam</strong></span> <span class='ocrx_word' id='word_1_557' title='bbox 1793 3730 2090 3790; x_wconf 85' lang='lat' dir='ltr'><strong>aperteque</strong></span> 
     </span>
    </p>
   </div>
   <div class='ocr_carea' id='block_1_70' title="bbox 515 3807 2092 3880">
    <p class='ocr_par' dir='ltr' id='par_1_70' title="bbox 515 3807 2092 3880">
     <span class='ocr_line' id='line_1_70' title="bbox 515 3807 2092 3880; baseline 0.002 -16"><span class='ocrx_word' id='word_1_558' title='bbox 515 3807 840 3876; x_wconf 82' lang='lat' dir='ltr'><strong>pronuntiat</strong></span> <span class='ocrx_word' id='word_1_559' title='bbox 869 3828 880 3862; x_wconf 92' lang='lat'><strong>:</strong></span> <span class='ocrx_word' id='word_1_560' title='bbox 919 3827 936 3859; x_wconf 72' lang='grc' dir='ltr'>ί</span> <span class='ocrx_word' id='word_1_561' title='bbox 969 3807 1208 3877; x_wconf 83' lang='lat' dir='ltr'><strong>Spiritus</strong></span> <span class='ocrx_word' id='word_1_562' title='bbox 1233 3820 1459 3864; x_wconf 87' lang='lat' dir='ltr'><strong>sanctus</strong></span> <span class='ocrx_word' id='word_1_563' title='bbox 1484 3811 1940 3880; x_wconf 87' lang='lat' dir='ltr'><strong>quemadmodum</strong></span> <span class='ocrx_word' id='word_1_564' title='bbox 1993 3829 2092 3867; x_wconf 89' lang='lat' dir='ltr'><strong>na-</strong></span> 
     </span>
    </p>
   </div>
   <div class='ocr_carea' id='block_1_71' title="bbox 517 3901 2090 3967">
    <p class='ocr_par' dir='ltr' id='par_1_71' title="bbox 517 3901 2090 3967">
     <span class='ocr_line' id='line_1_71' title="bbox 517 3901 2090 3967; baseline 0.004 -12"><span class='ocrx_word' id='word_1_565' title='bbox 517 3911 636 3955; x_wconf 83' lang='lat' dir='ltr'><strong>tura</strong></span> <span class='ocrx_word' id='word_1_566' title='bbox 662 3901 965 3956; x_wconf 85' lang='lat' dir='ltr'><strong>sccnndum</strong></span> <span class='ocrx_word' id='word_1_567' title='bbox 999 3902 1295 3956; x_wconf 88' lang='lat' dir='ltr'><strong>essentiam</strong></span> <span class='ocrx_word' id='word_1_568' title='bbox 1322 3911 1408 3956; x_wconf 91' lang='lat' dir='ltr'><strong>est</strong></span> <span class='ocrx_word' id='word_1_569' title='bbox 1443 3901 1539 3957; x_wconf 86' lang='lat' dir='ltr'><strong>Dei</strong></span> <span class='ocrx_word' id='word_1_570' title='bbox 1560 3912 1615 3957; x_wconf 91' lang='lat' dir='ltr'><strong>et</strong></span> <span class='ocrx_word' id='word_1_571' title='bbox 1649 3904 1848 3967; x_wconf 83' lang='lat' dir='ltr'><strong>Patris,</strong></span> <span class='ocrx_word' id='word_1_572' title='bbox 1906 3906 1980 3960; x_wconf 85' lang='lat' dir='ltr'><strong>ita</strong></span> <span class='ocrx_word' id='word_1_573' title='bbox 2036 3917 2090 3961; x_wconf 89' lang='lat' dir='ltr'><strong>et</strong></span> 
     </span>
    </p>
   </div>
   <div class='ocr_carea' id='block_1_72' title="bbox 517 3992 2091 4066">
    <p class='ocr_par' dir='ltr' id='par_1_72' title="bbox 517 3992 2091 4066">
     <span class='ocr_line' id='line_1_72' title="bbox 517 3992 2091 4066; baseline 0.003 -20"><span class='ocrx_word' id='word_1_574' title='bbox 517 3992 640 4046; x_wconf 88' lang='lat' dir='ltr'><strong>Filii</strong></span> <span class='ocrx_word' id='word_1_575' title='bbox 662 3993 961 4048; x_wconf 89' lang='lat' dir='ltr'><strong>secundum</strong></span> <span class='ocrx_word' id='word_1_576' title='bbox 988 3993 1281 4048; x_wconf 88' lang='lat' dir='ltr'><strong>essentiam</strong></span> <span class='ocrx_word' id='word_1_577' title='bbox 1321 4003 1428 4058; x_wconf 87' lang='lat' dir='ltr'><strong>est,</strong></span> <span class='ocrx_word' id='word_1_578' title='bbox 1467 4013 1484 4046; x_wconf 73' lang='grc' dir='ltr'><strong>ι</strong></span> <span class='ocrx_word' id='word_1_579' title='bbox 1520 4010 1621 4049; x_wconf 77' lang='lat' dir='ltr'><strong>nec</strong></span> <span class='ocrx_word' id='word_1_580' title='bbox 1655 3995 1802 4050; x_wconf 88' lang='lat' dir='ltr'><strong>aliud</strong></span> <span class='ocrx_word' id='word_1_581' title='bbox 1849 3997 2091 4066; x_wconf 76' lang='lat' dir='ltr'><strong>interpo~</strong></span> 
     </span>
    </p>
   </div>
   <div class='ocr_carea' id='block_1_73' title="bbox 515 4085 2090 4156">
    <p class='ocr_par' dir='ltr' id='par_1_73' title="bbox 515 4085 2090 4156">
     <span class='ocr_line' id='line_1_73' title="bbox 515 4085 2090 4156; baseline 0.003 -17"><span class='ocrx_word' id='word_1_582' title='bbox 515 4101 655 4140; x_wconf 85' lang='lat' dir='ltr'><strong>nens</strong></span> <span class='ocrx_word' id='word_1_583' title='bbox 683 4085 1053 4154; x_wconf 82' lang='lat' dir='ltr'><strong>prosequitur,</strong></span> <span class='ocrx_word' id='word_1_584' title='bbox 1094 4105 1112 4137; x_wconf 74' lang='grc' dir='ltr'><strong>ι</strong></span> <span class='ocrx_word' id='word_1_585' title='bbox 1139 4087 1416 4156; x_wconf 88' lang='lat' dir='ltr'><strong>Tanquam</strong></span> <span class='ocrx_word' id='word_1_586' title='bbox 1445 4087 1539 4156; x_wconf 93' lang='lat' dir='ltr'><strong>qui</strong></span> <span class='ocrx_word' id='word_1_587' title='bbox 1571 4103 1637 4141; x_wconf 85' lang='lat' dir='ltr'><strong>ex</strong></span> <span class='ocrx_word' id='word_1_588' title='bbox 1695 4087 1853 4144; x_wconf 89' lang='lat' dir='ltr'><strong>Patre</strong></span> <span class='ocrx_word' id='word_1_589' title='bbox 1905 4105 2090 4144; x_wconf 78' lang='lat' dir='ltr'><strong>essen-</strong></span> 
     </span>
    </p>
   </div>
   <div class='ocr_carea' id='block_1_74' title="bbox 516 4176 2094 4250">
    <p class='ocr_par' dir='ltr' id='par_1_74' title="bbox 516 4176 2094 4250">
     <span class='ocr_line' id='line_1_74' title="bbox 516 4176 2094 4250; baseline 0.003 -20"><span class='ocrx_word' id='word_1_590' title='bbox 516 4177 719 4230; x_wconf 84' lang='lat' dir='ltr'><strong>tialiter</strong></span> <span class='ocrx_word' id='word_1_591' title='bbox 745 4193 841 4246; x_wconf 89' lang='lat' dir='ltr'><strong>per</strong></span> <span class='ocrx_word' id='word_1_592' title='bbox 875 4176 1068 4231; x_wconf 81' lang='lat' dir='ltr'><strong>Filium</strong></span> <span class='ocrx_word' id='word_1_593' title='bbox 1102 4177 1341 4248; x_wconf 81' lang='lat' dir='ltr'><strong>genitum</strong></span> <span class='ocrx_word' id='word_1_594' title='bbox 1363 4179 1546 4240; x_wconf 89' lang='lat' dir='ltr'><strong>modo,</strong></span> <span class='ocrx_word' id='word_1_595' title='bbox 1589 4179 1680 4246; x_wconf 91' lang='lat' dir='ltr'><strong>qui</strong></span> <span class='ocrx_word' id='word_1_596' title='bbox 1704 4180 1883 4234; x_wconf 81' lang='lat' dir='ltr'><strong>verbis</strong></span> <span class='ocrx_word' id='word_1_597' title='bbox 1912 4181 2094 4250; x_wconf 82' lang='lat' dir='ltr'><strong>expri-</strong></span> 
     </span>
    </p>
   </div>
   <div class='ocr_carea' id='block_1_75' title="bbox 515 4269 2088 4344">
    <p class='ocr_par' dir='ltr' id='par_1_75' title="bbox 515 4269 2088 4344">
     <span class='ocr_line' id='line_1_75' title="bbox 515 4269 2088 4344; baseline 0.005 -21"><span class='ocrx_word' id='word_1_598' title='bbox 515 4271 590 4324; x_wconf 90' lang='lat' dir='ltr'><strong>mi</strong></span> <span class='ocrx_word' id='word_1_599' title='bbox 628 4285 732 4322; x_wconf 89' lang='lat' dir='ltr'><strong>non</strong></span> <span class='ocrx_word' id='word_1_600' title='bbox 758 4279 956 4339; x_wconf 78' lang='lat' dir='ltr'><strong>potest,</strong></span> <span class='ocrx_word' id='word_1_601' title='bbox 995 4269 1262 4336; x_wconf 83' lang='lat' dir='ltr'><strong>procedit.</strong></span> <span class='ocrx_word' id='word_1_602' title='bbox 1302 4289 1321 4322; x_wconf 75' lang='grc' dir='ltr'><strong>ι</strong></span> <span class='ocrx_word' id='word_1_603' title='bbox 1383 4269 1450 4325; x_wconf 85' lang='lat' dir='ltr'><strong>Et</strong></span> <span class='ocrx_word' id='word_1_604' title='bbox 1490 4271 1714 4326; x_wconf 89' lang='lat' dir='ltr'><strong>divinus</strong></span> <span class='ocrx_word' id='word_1_605' title='bbox 1744 4272 1977 4344; x_wconf 86' lang='lat' dir='ltr'><strong>Cyrillus</strong></span> <span class='ocrx_word' id='word_1_606' title='bbox 2030 4276 2088 4331; x_wconf 90' lang='lat' dir='ltr'><strong>in</strong></span> 
     </span>
    </p>
   </div>
   <div class='ocr_carea' id='block_1_76' title="bbox 515 4361 2090 4435">
    <p class='ocr_par' dir='ltr' id='par_1_76' title="bbox 515 4361 2090 4435">
     <span class='ocr_line' id='line_1_76' title="bbox 515 4361 2090 4435; baseline 0.004 -20"><span class='ocrx_word' id='word_1_607' title='bbox 515 4362 718 4420; x_wconf 89' lang='lat' dir='ltr'><strong>dictum</strong></span> <span class='ocrx_word' id='word_1_608' title='bbox 750 4377 763 4413; x_wconf 89' lang='lat'><strong>:</strong></span> <span class='ocrx_word' id='word_1_609' title='bbox 805 4381 822 4413; x_wconf 86' lang='grc'><em>‹</em></span> <span class='ocrx_word' id='word_1_610' title='bbox 853 4361 974 4416; x_wconf 80' lang='lat' dir='ltr'><strong>Vidi</strong></span> <span class='ocrx_word' id='word_1_611' title='bbox 1012 4363 1276 4432; x_wconf 88' lang='lat' dir='ltr'><strong>Spiritum</strong></span> <span class='ocrx_word' id='word_1_612' title='bbox 1325 4363 1746 4419; x_wconf 87' lang='lat' dir='ltr'><strong>descendentem</strong></span> <span class='ocrx_word' id='word_1_613' title='bbox 1806 4367 1958 4435; x_wconf 89' lang='lat' dir='ltr'><strong>quasi</strong></span> <span class='ocrx_word' id='word_1_614' title='bbox 1995 4385 2090 4421; x_wconf 85' lang='lat' dir='ltr'><strong>co-</strong></span> 
     </span>
    </p>
   </div>
   <div class='ocr_carea' id='block_1_77' title="bbox 515 4453 2086 4524">
    <p class='ocr_par' dir='ltr' id='par_1_77' title="bbox 515 4453 2086 4524">
     <span class='ocr_line' id='line_1_77' title="bbox 515 4453 2086 4524; baseline 0.004 -18"><span class='ocrx_word' id='word_1_615' title='bbox 515 4453 752 4511; x_wconf 84' lang='lat' dir='ltr'><strong>lumbam</strong></span> <span class='ocrx_word' id='word_1_616' title='bbox 777 4454 843 4508; x_wconf 86' lang='lat' dir='ltr'><strong>de</strong></span> <span class='ocrx_word' id='word_1_617' title='bbox 869 4455 1007 4509; x_wconf 74' lang='lat' dir='ltr'><strong>coelo</strong></span> <span class='ocrx_word' id='word_1_618' title='bbox 1026 4455 1124 4517; x_wconf 79' lang='grc'><strong>¹⁰,›</strong></span> <span class='ocrx_word' id='word_1_619' title='bbox 1149 4454 1294 4509; x_wconf 86' lang='lat' dir='ltr'><strong>inter</strong></span> <span class='ocrx_word' id='word_1_620' title='bbox 1320 4455 1423 4510; x_wconf 87' lang='lat' dir='ltr'><strong>alia</strong></span> <span class='ocrx_word' id='word_1_621' title='bbox 1453 4455 1608 4520; x_wconf 88' lang='lat' dir='ltr'><strong>dicit,</strong></span> <span class='ocrx_word' id='word_1_622' title='bbox 1631 4455 1751 4511; x_wconf 73' lang='lat' dir='ltr'><strong>«Uti</strong></span> <span class='ocrx_word' id='word_1_623' title='bbox 1775 4467 1860 4512; x_wconf 90' lang='lat' dir='ltr'><strong>est</strong></span> <span class='ocrx_word' id='word_1_624' title='bbox 1890 4458 2086 4524; x_wconf 86' lang='lat' dir='ltr'><strong>Patris,</strong></span> 
     </span>
    </p>
   </div>
   <div class='ocr_carea' id='block_1_78' title="bbox 515 4545 2087 4621">
    <p class='ocr_par' dir='ltr' id='par_1_78' title="bbox 515 4545 2087 4621">
     <span class='ocr_line' id='line_1_78' title="bbox 515 4545 2087 4621; baseline 0.006 -24"><span class='ocrx_word' id='word_1_625' title='bbox 515 4545 588 4621; x_wconf 63' lang='lat' dir='ltr'><strong>ita</strong></span> <span class='ocrx_word' id='word_1_626' title='bbox 625 4560 840 4615; x_wconf 88' lang='lat' dir='ltr'><strong>quoque</strong></span> <span class='ocrx_word' id='word_1_627' title='bbox 869 4555 952 4600; x_wconf 90' lang='lat' dir='ltr'><strong>est</strong></span> <span class='ocrx_word' id='word_1_628' title='bbox 980 4545 1103 4600; x_wconf 89' lang='lat' dir='ltr'><strong>Filii</strong></span> <span class='ocrx_word' id='word_1_629' title='bbox 1135 4545 1375 4615; x_wconf 90' lang='lat' dir='ltr'><strong>Spiritus</strong></span> <span class='ocrx_word' id='word_1_630' title='bbox 1403 4557 1643 4604; x_wconf 85' lang='lat' dir='ltr'><strong>sanctus.</strong></span> <span class='ocrx_word' id='word_1_631' title='bbox 1683 4569 1701 4602; x_wconf 74' lang='grc' dir='ltr'><strong>ι</strong></span> <span class='ocrx_word' id='word_1_632' title='bbox 1737 4551 1799 4602; x_wconf 82' lang='lat' dir='ltr'><strong>Et</strong></span> <span class='ocrx_word' id='word_1_633' title='bbox 1828 4550 1883 4604; x_wconf 89' lang='lat' dir='ltr'><strong>in</strong></span> <span class='ocrx_word' id='word_1_634' title='bbox 1915 4551 2087 4607; x_wconf 89' lang='lat' dir='ltr'><strong>illud:</strong></span> 
     </span>
    </p>
   </div>
   <div class='ocr_carea' id='block_1_79' title="bbox 2191 3420 3762 3503">
    <p class='ocr_par' dir='ltr' id='par_1_79' title="bbox 2191 3420 3762 3503">
     <span class='ocr_line' id='line_1_79' title="bbox 2191 3420 3762 3503; baseline -0.011 -14"><span class='ocrx_word' id='word_1_635' title='bbox 2191 3435 2371 3490; x_wconf 82' lang='grc' dir='ltr'>αὐτῶν</span> <span class='ocrx_word' id='word_1_636' title='bbox 2403 3435 2484 3498; x_wconf 77' lang='grc' dir='ltr'>εἰς</span> <span class='ocrx_word' id='word_1_637' title='bbox 2531 3433 2592 3486; x_wconf 83' lang='grc' dir='ltr'>τὸ</span> <span class='ocrx_word' id='word_1_638' title='bbox 2621 3427 2762 3485; x_wconf 75' lang='grc' dir='ltr'>εἶναι</span> <span class='ocrx_word' id='word_1_639' title='bbox 2790 3430 3022 3502; x_wconf 79' lang='grc' dir='ltr'>πρόοδον</span> <span class='ocrx_word' id='word_1_640' title='bbox 3058 3447 3078 3481; x_wconf 75' lang='grc' dir='ltr'><strong>ι</strong></span> <span class='ocrx_word' id='word_1_641' title='bbox 3138 3424 3558 3503; x_wconf 75' lang='grc' dir='ltr'>δογματίζουσι,</span> <span class='ocrx_word' id='word_1_642' title='bbox 3596 3420 3762 3474; x_wconf 64' lang='grc' dir='ltr'>κοινὸν</span> 
     </span>
    </p>
   </div>
   <div class='ocr_carea' id='block_1_80' title="bbox 2192 3509 3762 3598">
    <p class='ocr_par' dir='ltr' id='par_1_80' title="bbox 2192 3509 3762 3598">
     <span class='ocr_line' id='line_1_80' title="bbox 2192 3509 3762 3598; baseline -0.011 -17"><span class='ocrx_word' id='word_1_643' title='bbox 2192 3526 2408 3598; x_wconf 82' lang='grc' dir='ltr'>Πατρδς</span> <span class='ocrx_word' id='word_1_644' title='bbox 2447 3525 2538 3580; x_wconf 75' lang='grc' dir='ltr'><strong>καὶ</strong></span> <span class='ocrx_word' id='word_1_645' title='bbox 2564 3523 2722 3588; x_wconf 76' lang='grc' dir='ltr'>Υῐοῦ,</span> <span class='ocrx_word' id='word_1_646' title='bbox 2757 3523 2888 3576; x_wconf 83' lang='grc' dir='ltr'>ῐδιον</span> <span class='ocrx_word' id='word_1_647' title='bbox 2918 3519 3128 3589; x_wconf 82' lang='grc' dir='ltr'>Πατρδς</span> <span class='ocrx_word' id='word_1_648' title='bbox 3161 3518 3256 3571; x_wconf 80' lang='grc' dir='ltr'><strong>καὶ</strong></span> <span class='ocrx_word' id='word_1_649' title='bbox 3287 3514 3417 3570; x_wconf 79' lang='grc' dir='ltr'>Υιοῦ</span> <span class='ocrx_word' id='word_1_650' title='bbox 3455 3509 3762 3579; x_wconf 79' lang='grc' dir='ltr'>θεολογοῦν·</span> 
     </span>
    </p>
   </div>
   <div class='ocr_carea' id='block_1_81' title="bbox 2189 3603 3762 3688">
    <p class='ocr_par' dir='ltr' id='par_1_81' title="bbox 2189 3603 3762 3688">
     <span class='ocr_line' id='line_1_81' title="bbox 2189 3603 3762 3688; baseline -0.01 -16"><span class='ocrx_word' id='word_1_651' title='bbox 2189 3637 2282 3676; x_wconf 74' lang='grc' dir='ltr'><strong>τες</strong></span> <span class='ocrx_word' id='word_1_652' title='bbox 2313 3617 2587 3688; x_wconf 77' lang='grc' dir='ltr'><strong>φανότατα</strong></span> <span class='ocrx_word' id='word_1_653' title='bbox 2621 3616 2730 3668; x_wconf 80' lang='grc' dir='ltr'><strong>κάκ</strong></span> <span class='ocrx_word' id='word_1_654' title='bbox 2778 3612 2946 3667; x_wconf 82' lang='grc' dir='ltr'>τῶνδε</span> <span class='ocrx_word' id='word_1_655' title='bbox 2989 3608 3424 3677; x_wconf 85' lang='grc' dir='ltr'>διευκρινοῦντες</span> <span class='ocrx_word' id='word_1_656' title='bbox 3457 3607 3523 3662; x_wconf 79' lang='grc' dir='ltr'>τὸ</span> <span class='ocrx_word' id='word_1_657' title='bbox 3561 3603 3622 3669; x_wconf 78' lang='grc' dir='ltr'>ἐξ</span> <span class='ocrx_word' id='word_1_658' title='bbox 3665 3604 3762 3672; x_wconf 75' lang='grc' dir='ltr'><strong>ἀμ-</strong></span> 
     </span>
    </p>
   </div>
   <div class='ocr_carea' id='block_1_82' title="bbox 2193 3696 3760 3780">
    <p class='ocr_par' dir='ltr' id='par_1_82' title="bbox 2193 3696 3760 3780">
     <span class='ocr_line' id='line_1_82' title="bbox 2193 3696 3760 3780; baseline -0.011 -15"><span class='ocrx_word' id='word_1_659' title='bbox 2193 3712 2336 3779; x_wconf 69' lang='grc' dir='ltr'>φοῖν.</span> <span class='ocrx_word' id='word_1_660' title='bbox 2363 3710 2396 3780; x_wconf 77' lang='grc' dir='ltr'>ἢ</span> <span class='ocrx_word' id='word_1_661' title='bbox 2431 3711 2491 3762; x_wconf 84' lang='grc' dir='ltr'><strong>τδ</strong></span> <span class='ocrx_word' id='word_1_662' title='bbox 2525 3710 2589 3762; x_wconf 82' lang='grc' dir='ltr'><strong>ὲκ</strong></span> <span class='ocrx_word' id='word_1_663' title='bbox 2616 3706 2832 3777; x_wconf 80' lang='grc' dir='ltr'>Πατρὸς</span> <span class='ocrx_word' id='word_1_664' title='bbox 2861 3703 2928 3759; x_wconf 86' lang='grc' dir='ltr'><strong>δι’</strong></span> <span class='ocrx_word' id='word_1_665' title='bbox 2964 3703 3115 3758; x_wconf 88' lang='grc' dir='ltr'>Υἱοῦ.</span> <span class='ocrx_word' id='word_1_666' title='bbox 3141 3702 3305 3756; x_wconf 83' lang='grc' dir='ltr'><strong>Ὅθεν</strong></span> <span class='ocrx_word' id='word_1_667' title='bbox 3329 3699 3590 3770; x_wconf 80' lang='grc' dir='ltr'>Μάξιμος</span> <span class='ocrx_word' id='word_1_668' title='bbox 3623 3698 3714 3766; x_wconf 67' lang='grc' dir='ltr'>μὲν</span> <span class='ocrx_word' id='word_1_669' title='bbox 3734 3696 3760 3748; x_wconf 80' lang='lat'><strong>6</strong></span> 
     </span>
    </p>
   </div>
   <div class='ocr_carea' id='block_1_83' title="bbox 2191 3786 3762 3873">
    <p class='ocr_par' dir='ltr' id='par_1_83' title="bbox 2191 3786 3762 3873">
     <span class='ocr_line' id='line_1_83' title="bbox 2191 3786 3762 3873; baseline -0.01 -17"><span class='ocrx_word' id='word_1_670' title='bbox 2191 3805 2290 3873; x_wconf 76' lang='grc' dir='ltr'>τὴν</span> <span class='ocrx_word' id='word_1_671' title='bbox 2323 3801 2614 3872; x_wconf 77' lang='grc' dir='ltr'>ὁμολογίαν</span> <span class='ocrx_word' id='word_1_672' title='bbox 2642 3795 2940 3868; x_wconf 82' lang='grc' dir='ltr'>ἀγακλεὴς,</span> <span class='ocrx_word' id='word_1_673' title='bbox 2982 3797 3040 3848; x_wconf 85' lang='grc' dir='ltr'>ὲν</span> <span class='ocrx_word' id='word_1_674' title='bbox 3079 3788 3161 3858; x_wconf 68' lang='grc' dir='ltr'>οἷς</span> <span class='ocrx_word' id='word_1_675' title='bbox 3200 3794 3525 3864; x_wconf 75' lang='grc' dir='ltr'>ἐρμηνεύει,</span> <span class='ocrx_word' id='word_1_676' title='bbox 3566 3789 3621 3841; x_wconf 80' lang='grc' dir='ltr'><strong>τι</strong></span> <span class='ocrx_word' id='word_1_677' title='bbox 3651 3786 3762 3857; x_wconf 66' lang='lat' dir='ltr'><strong>Bod-</strong></span> 
     </span>
    </p>
   </div>
   <div class='ocr_carea' id='block_1_84' title="bbox 2191 3879 3760 3960">
    <p class='ocr_par' dir='ltr' id='par_1_84' title="bbox 2191 3879 3760 3960">
     <span class='ocr_line' id='line_1_84' title="bbox 2191 3879 3760 3960; baseline -0.01 -14"><span class='ocrx_word' id='word_1_678' title='bbox 2191 3894 2341 3948; x_wconf 84' lang='grc' dir='ltr'>λεται</span> <span class='ocrx_word' id='word_1_679' title='bbox 2384 3892 2518 3959; x_wconf 82' lang='grc' dir='ltr'>δῆτα</span> <span class='ocrx_word' id='word_1_680' title='bbox 2574 3891 2652 3960; x_wconf 84' lang='grc' dir='ltr'><strong>τῷ</strong></span> <span class='ocrx_word' id='word_1_681' title='bbox 2698 3890 2949 3959; x_wconf 79' lang='grc' dir='ltr'><strong>προφήτῃ</strong></span> <span class='ocrx_word' id='word_1_682' title='bbox 2998 3885 3246 3956; x_wconf 75' lang='grc' dir='ltr'>Ζαχαρία</span> <span class='ocrx_word' id='word_1_683' title='bbox 3286 3886 3319 3954; x_wconf 82' lang='grc' dir='ltr'>ὴ</span> <span class='ocrx_word' id='word_1_684' title='bbox 3356 3883 3538 3954; x_wconf 81' lang='grc' dir='ltr'>χρυσῆ</span> <span class='ocrx_word' id='word_1_685' title='bbox 3580 3879 3760 3949; x_wconf 79' lang='grc' dir='ltr'>λυχνία</span> 
     </span>
    </p>
   </div>
   <div class='ocr_carea' id='block_1_85' title="bbox 2189 3971 3759 4052">
    <p class='ocr_par' dir='ltr' id='par_1_85' title="bbox 2189 3971 3759 4052">
     <span class='ocr_line' id='line_1_85' title="bbox 2189 3971 3759 4052; baseline -0.01 -13"><span class='ocrx_word' id='word_1_686' title='bbox 2189 3986 2286 4040; x_wconf 67' lang='grc' dir='ltr'><strong>καὶ</strong></span> <span class='ocrx_word' id='word_1_687' title='bbox 2308 3985 2370 4038; x_wconf 76' lang='grc' dir='ltr'>τὸ</span> <span class='ocrx_word' id='word_1_688' title='bbox 2395 3983 2480 4037; x_wconf 74' lang='grc' dir='ltr'><strong>ἐπ’</strong></span> <span class='ocrx_word' id='word_1_689' title='bbox 2513 3983 2648 4052; x_wconf 83' lang='grc' dir='ltr'>αὐτῇ</span> <span class='ocrx_word' id='word_1_690' title='bbox 2674 3981 3002 4050; x_wconf 68' lang='grc' dir='ltr'>λαμπάδιον,</span> <span class='ocrx_word' id='word_1_691' title='bbox 3029 3981 3124 4030; x_wconf 74' lang='grc' dir='ltr'><strong>καὶ</strong></span> <span class='ocrx_word' id='word_1_692' title='bbox 3151 3981 3200 4030; x_wconf 81' lang='grc' dir='ltr'>οἱ</span> <span class='ocrx_word' id='word_1_693' title='bbox 3228 3977 3438 4046; x_wconf 81' lang='grc' dir='ltr'>λύχνοι,</span> <span class='ocrx_word' id='word_1_694' title='bbox 3471 3971 3759 4044; x_wconf 68' lang='grc' dir='ltr'>διαρρήδην</span> 
     </span>
    </p>
   </div>
   <div class='ocr_carea' id='block_1_86' title="bbox 2192 4066 3758 4149">
    <p class='ocr_par' dir='ltr' id='par_1_86' title="bbox 2192 4066 3758 4149">
     <span class='ocr_line' id='line_1_86' title="bbox 2192 4066 3758 4149; baseline -0.011 -16"><span class='ocrx_word' id='word_1_695' title='bbox 2192 4077 2582 4149; x_wconf 81' lang='grc' dir='ltr'>ἀνακηρύττει,</span> <span class='ocrx_word' id='word_1_696' title='bbox 2631 4093 2649 4126; x_wconf 77' lang='lat' dir='ltr'><strong>t</strong></span> <span class='ocrx_word' id='word_1_697' title='bbox 2685 4075 2758 4128; x_wconf 85' lang='lat' dir='ltr'><em>T6</em></span> <span class='ocrx_word' id='word_1_698' title='bbox 2808 4072 3035 4140; x_wconf 80' lang='grc' dir='ltr'>Πνεῦμα</span> <span class='ocrx_word' id='word_1_699' title='bbox 3079 4071 3139 4124; x_wconf 81' lang='grc' dir='ltr'>τὸ</span> <span class='ocrx_word' id='word_1_700' title='bbox 3172 4071 3326 4138; x_wconf 79' lang='grc' dir='ltr'>ἅγιον</span> <span class='ocrx_word' id='word_1_701' title='bbox 3369 4068 3564 4138; x_wconf 83' lang='grc' dir='ltr'>ῶσπερ</span> <span class='ocrx_word' id='word_1_702' title='bbox 3610 4066 3758 4134; x_wconf 70' lang='grc' dir='ltr'>φύσει</span> 
     </span>
    </p>
   </div>
   <div class='ocr_carea' id='block_1_87' title="bbox 2193 4159 3760 4236">
    <p class='ocr_par' dir='ltr' id='par_1_87' title="bbox 2193 4159 3760 4236">
     <span class='ocr_line' id='line_1_87' title="bbox 2193 4159 3760 4236; baseline -0.01 -11"><span class='ocrx_word' id='word_1_703' title='bbox 2193 4169 2314 4225; x_wconf 86' lang='grc' dir='ltr'>κατ’</span> <span class='ocrx_word' id='word_1_704' title='bbox 2345 4170 2533 4223; x_wconf 71' lang='grc' dir='ltr'>οὐσίαν</span> <span class='ocrx_word' id='word_1_705' title='bbox 2564 4168 2799 4236; x_wconf 83' lang='grc' dir='ltr'>ὑπάρχει</span> <span class='ocrx_word' id='word_1_706' title='bbox 2823 4165 2918 4218; x_wconf 85' lang='grc' dir='ltr'><strong>τοῦ</strong></span> <span class='ocrx_word' id='word_1_707' title='bbox 2945 4163 3079 4216; x_wconf 87' lang='grc' dir='ltr'>Θεοῦ</span> <span class='ocrx_word' id='word_1_708' title='bbox 3107 4162 3203 4216; x_wconf 74' lang='grc' dir='ltr'><strong>καὶ</strong></span> <span class='ocrx_word' id='word_1_709' title='bbox 3232 4161 3470 4232; x_wconf 77' lang='grc' dir='ltr'>Πατρδς,</span> <span class='ocrx_word' id='word_1_710' title='bbox 3503 4159 3650 4213; x_wconf 77' lang='grc' dir='ltr'>οὕτω</span> <span class='ocrx_word' id='word_1_711' title='bbox 3676 4159 3760 4210; x_wconf 76' lang='grc' dir='ltr'><strong>καὶ</strong></span> 
     </span>
    </p>
   </div>
   <div class='ocr_carea' id='block_1_88' title="bbox 2193 4252 3758 4324">
    <p class='ocr_par' dir='ltr' id='par_1_88' title="bbox 2193 4252 3758 4324">
     <span class='ocr_line' id='line_1_88' title="bbox 2193 4252 3758 4324; baseline -0.008 -9"><span class='ocrx_word' id='word_1_712' title='bbox 2193 4261 2285 4316; x_wconf 89' lang='grc' dir='ltr'><strong>τοῦ</strong></span> <span class='ocrx_word' id='word_1_713' title='bbox 2322 4259 2452 4314; x_wconf 82' lang='grc' dir='ltr'>Υἱοῦ</span> <span class='ocrx_word' id='word_1_714' title='bbox 2489 4261 2607 4313; x_wconf 83' lang='grc' dir='ltr'>κατ’</span> <span class='ocrx_word' id='word_1_715' title='bbox 2646 4258 2834 4311; x_wconf 78' lang='grc' dir='ltr'>οὐσίαν</span> <span class='ocrx_word' id='word_1_716' title='bbox 2875 4257 3011 4323; x_wconf 67' lang='grc' dir='ltr'>ἐστὶ,</span> <span class='ocrx_word' id='word_1_717' title='bbox 3049 4275 3066 4307; x_wconf 71' lang='grc' dir='ltr'><strong>ι</strong></span> <span class='ocrx_word' id='word_1_718' title='bbox 3111 4255 3477 4324; x_wconf 79' lang='grc' dir='ltr'>συνημμένως</span> <span class='ocrx_word' id='word_1_719' title='bbox 3521 4252 3758 4318; x_wconf 71' lang='grc' dir='ltr'>ἐπάγων,</span> 
     </span>
    </p>
   </div>
   <div class='ocr_carea' id='block_1_89' title="bbox 2198 4344 3760 4420">
    <p class='ocr_par' dir='ltr' id='par_1_89' title="bbox 2198 4344 3760 4420">
     <span class='ocr_line' id='line_1_89' title="bbox 2198 4344 3760 4420; baseline -0.01 -13"><span class='ocrx_word' id='word_1_720' title='bbox 2198 4373 2216 4405; x_wconf 73' lang='grc' dir='ltr'><strong>ε</strong></span> <span class='ocrx_word' id='word_1_721' title='bbox 2271 4352 2356 4417; x_wconf 83' lang='grc' dir='ltr'>Ὠς</span> <span class='ocrx_word' id='word_1_722' title='bbox 2385 4356 2448 4406; x_wconf 80' lang='grc' dir='ltr'><strong>ὲκ</strong></span> <span class='ocrx_word' id='word_1_723' title='bbox 2475 4352 2570 4404; x_wconf 86' lang='grc' dir='ltr'><strong>τοῦ</strong></span> <span class='ocrx_word' id='word_1_724' title='bbox 2599 4351 2813 4420; x_wconf 71' lang='grc' dir='ltr'>Πατρός</span> <span class='ocrx_word' id='word_1_725' title='bbox 2837 4347 3111 4410; x_wconf 84' lang='grc' dir='ltr'>οὑσιωδῶς</span> <span class='ocrx_word' id='word_1_726' title='bbox 3145 4345 3210 4398; x_wconf 80' lang='grc' dir='ltr'><strong>δι’</strong></span> <span class='ocrx_word' id='word_1_727' title='bbox 3250 4346 3380 4398; x_wconf 80' lang='grc' dir='ltr'>Υἱοῦ</span> <span class='ocrx_word' id='word_1_728' title='bbox 3413 4344 3760 4412; x_wconf 79' lang='grc' dir='ltr'>γεννηθέντος</span> 
     </span>
    </p>
   </div>
   <div class='ocr_carea' id='block_1_90' title="bbox 2192 4437 3758 4516">
    <p class='ocr_par' dir='ltr' id='par_1_90' title="bbox 2192 4437 3758 4516">
     <span class='ocr_line' id='line_1_90' title="bbox 2192 4437 3758 4516; baseline -0.01 -16"><span class='ocrx_word' id='word_1_729' title='bbox 2192 4447 2487 4516; x_wconf 82' lang='grc' dir='ltr'>ἀφράστως</span> <span class='ocrx_word' id='word_1_730' title='bbox 2515 4442 2966 4512; x_wconf 76' lang='grc' dir='ltr'>ἐκπορευόμενον.</span> <span class='ocrx_word' id='word_1_731' title='bbox 3006 4458 3023 4490; x_wconf 75' lang='grc' dir='ltr'><strong>ι</strong></span> <span class='ocrx_word' id='word_1_732' title='bbox 3063 4437 3332 4507; x_wconf 81' lang='grc' dir='ltr'>Κῦριλλος</span> <span class='ocrx_word' id='word_1_733' title='bbox 3355 4437 3402 4489; x_wconf 78' lang='grc' dir='ltr'>δ’</span> <span class='ocrx_word' id='word_1_734' title='bbox 3423 4439 3452 4489; x_wconf 89' lang='lat'><strong>6</strong></span> <span class='ocrx_word' id='word_1_735' title='bbox 3476 4437 3758 4494; x_wconf 76' lang='grc' dir='ltr'>Θεσπέσιος</span> 
     </span>
    </p>
   </div>
   <div class='ocr_carea' id='block_1_91' title="bbox 2193 4525 3759 4609">
    <p class='ocr_par' dir='ltr' id='par_1_91' title="bbox 2193 4525 3759 4609">
     <span class='ocr_line' id='line_1_91' title="bbox 2193 4525 3759 4609; baseline -0.011 -16"><span class='ocrx_word' id='word_1_736' title='bbox 2193 4543 2272 4602; x_wconf 66' lang='grc' dir='ltr'><strong>εις</strong></span> <span class='ocrx_word' id='word_1_737' title='bbox 2307 4539 2366 4591; x_wconf 82' lang='grc' dir='ltr'>τὸ</span> <span class='ocrx_word' id='word_1_738' title='bbox 2389 4537 2550 4609; x_wconf 81' lang='grc' dir='ltr'>ρητδν</span> <span class='ocrx_word' id='word_1_739' title='bbox 2575 4536 2656 4598; x_wconf 84' lang='grc' dir='ltr'>τὸ,</span> <span class='ocrx_word' id='word_1_740' title='bbox 2687 4535 2769 4588; x_wconf 84' lang='grc' dir='ltr'>ὅτι</span> <span class='ocrx_word' id='word_1_741' title='bbox 2804 4553 2822 4584; x_wconf 76' lang='lat' dir='ltr'><strong>t</strong></span> <span class='ocrx_word' id='word_1_742' title='bbox 2855 4532 3134 4599; x_wconf 80' lang='grc' dir='ltr'>Τεθέαμαι</span> <span class='ocrx_word' id='word_1_743' title='bbox 3167 4532 3228 4584; x_wconf 81' lang='grc' dir='ltr'>τὸ</span> <span class='ocrx_word' id='word_1_744' title='bbox 3260 4529 3491 4599; x_wconf 87' lang='grc' dir='ltr'>Πνεῦμα</span> <span class='ocrx_word' id='word_1_745' title='bbox 3512 4525 3759 4581; x_wconf 78' lang='grc' dir='ltr'>καταδαῖ-</span> 
     </span>
    </p>
   </div>
   <div class='ocr_carea' id='block_1_92' title="bbox 521 4619 2089 4708">
    <p class='ocr_par' dir='ltr' id='par_1_92' title="bbox 521 4619 2089 4708">
     <span class='ocr_line' id='line_1_92' title="bbox 521 4619 2089 4708; baseline 0.006 -21"><span class='ocrx_word' id='word_1_746' title='bbox 521 4619 538 4687; x_wconf 67' lang='lat' dir='ltr'><strong>i</strong></span> <span class='ocrx_word' id='word_1_747' title='bbox 581 4637 646 4690; x_wconf 80' lang='lat' dir='ltr'><strong>Et</strong></span> <span class='ocrx_word' id='word_1_748' title='bbox 671 4652 772 4704; x_wconf 85' lang='lat' dir='ltr'><strong>ego</strong></span> <span class='ocrx_word' id='word_1_749' title='bbox 817 4639 1018 4708; x_wconf 86' lang='lat' dir='ltr'><strong>rogabo</strong></span> <span class='ocrx_word' id='word_1_750' title='bbox 1038 4639 1276 4704; x_wconf 86' lang='lat' dir='ltr'><strong>Patrem,</strong></span> <span class='ocrx_word' id='word_1_751' title='bbox 1311 4648 1363 4693; x_wconf 92' lang='lat' dir='ltr'><strong>et</strong></span> <span class='ocrx_word' id='word_1_752' title='bbox 1392 4641 1556 4694; x_wconf 88' lang='lat' dir='ltr'><strong>alium</strong></span> <span class='ocrx_word' id='word_1_753' title='bbox 1593 4640 1931 4697; x_wconf 85' lang='lat' dir='ltr'><strong>Paracletum</strong></span> <span class='ocrx_word' id='word_1_754' title='bbox 1990 4644 2089 4697; x_wconf 86' lang='lat' dir='ltr'><strong>da-</strong></span> 
     </span>
    </p>
   </div>
   <div class='ocr_carea' id='block_1_93' title="bbox 2191 4619 3759 4708">
    <p class='ocr_par' dir='ltr' id='par_1_93' title="bbox 2192 4619 3759 4700">
     <span class='ocr_line' id='line_1_93' title="bbox 2192 4619 3759 4700; baseline -0.009 -14"><span class='ocrx_word' id='word_1_755' title='bbox 2192 4651 2282 4686; x_wconf 90' lang='grc' dir='ltr'><strong>νον</strong></span> <span class='ocrx_word' id='word_1_756' title='bbox 2312 4631 2443 4685; x_wconf 76' lang='grc' dir='ltr'>ὡσεὶ</span> <span class='ocrx_word' id='word_1_757' title='bbox 2493 4628 2822 4700; x_wconf 74' lang='grc' dir='ltr'>περιστερὰν</span> <span class='ocrx_word' id='word_1_758' title='bbox 2877 4626 2938 4691; x_wconf 77' lang='grc' dir='ltr'><strong>ἐξ</strong></span> <span class='ocrx_word' id='word_1_759' title='bbox 2983 4624 3242 4695; x_wconf 83' lang='grc' dir='ltr'>οὐρανοῦ,</span> <span class='ocrx_word' id='word_1_760' title='bbox 3282 4643 3300 4675; x_wconf 74' lang='grc' dir='ltr'><strong>ι</strong></span> <span class='ocrx_word' id='word_1_761' title='bbox 3357 4621 3602 4692; x_wconf 80' lang='grc' dir='ltr'>εἰρηκὼς</span> <span class='ocrx_word' id='word_1_762' title='bbox 3633 4619 3759 4690; x_wconf 70' lang='grc' dir='ltr'>πρὸς</span> 
     </span>
    </p>
   </div>
   <div class='ocr_carea' id='block_1_94' title="bbox 515 4726 2088 4794">
    <p class='ocr_par' dir='ltr' id='par_1_94' title="bbox 515 4726 2088 4794">
     <span class='ocr_line' id='line_1_94' title="bbox 515 4726 2088 4794; baseline 0.005 -14"><span class='ocrx_word' id='word_1_763' title='bbox 515 4727 598 4788; x_wconf 83' lang='lat' dir='ltr'><strong>hit</strong></span> <span class='ocrx_word' id='word_1_764' title='bbox 617 4726 774 4787; x_wconf 87' lang='lat' dir='ltr'><strong>vobis</strong></span> <span class='ocrx_word' id='word_1_765' title='bbox 799 4728 867 4794; x_wconf 68' lang='grc' dir='ltr'>η,</span> <span class='ocrx_word' id='word_1_766' title='bbox 899 4746 918 4781; x_wconf 75' lang='grc' dir='ltr'><strong>ι</strong></span> <span class='ocrx_word' id='word_1_767' title='bbox 955 4729 1166 4791; x_wconf 87' lang='lat' dir='ltr'><strong>scribit,</strong></span> <span class='ocrx_word' id='word_1_768' title='bbox 1226 4749 1244 4782; x_wconf 75' lang='grc' dir='ltr'><strong>ι</strong></span> <span class='ocrx_word' id='word_1_769' title='bbox 1279 4729 1375 4784; x_wconf 90' lang='lat' dir='ltr'><strong>Dei</strong></span> <span class='ocrx_word' id='word_1_770' title='bbox 1427 4741 1480 4784; x_wconf 89' lang='lat' dir='ltr'><strong>et</strong></span> <span class='ocrx_word' id='word_1_771' title='bbox 1525 4730 1700 4786; x_wconf 90' lang='lat' dir='ltr'><strong>Patris</strong></span> <span class='ocrx_word' id='word_1_772' title='bbox 1758 4734 2088 4788; x_wconf 85' lang='lat' dir='ltr'><strong>naturalium</strong></span> 
     </span>
    </p>
   </div>
   <div class='ocr_carea' id='block_1_95' title="bbox 515 4807 2089 4894">
    <p class='ocr_par' dir='ltr' id='par_1_95' title="bbox 515 4807 2089 4894">
     <span class='ocr_line' id='line_1_95' title="bbox 515 4807 2089 4894; baseline 0.002 -21"><span class='ocrx_word' id='word_1_773' title='bbox 515 4819 783 4874; x_wconf 87' lang='lat' dir='ltr'><strong>bonorum</strong></span> <span class='ocrx_word' id='word_1_774' title='bbox 807 4807 1178 4876; x_wconf 84' lang='lat' dir='ltr'><strong>essentialiter</strong></span> <span class='ocrx_word' id='word_1_775' title='bbox 1199 4836 1321 4876; x_wconf 91' lang='lat' dir='ltr'><strong>cum</strong></span> <span class='ocrx_word' id='word_1_776' title='bbox 1349 4819 1520 4876; x_wconf 88' lang='lat' dir='ltr'><strong>Filius</strong></span> <span class='ocrx_word' id='word_1_777' title='bbox 1550 4823 1822 4894; x_wconf 90' lang='lat' dir='ltr'><strong>particeps</strong></span> <span class='ocrx_word' id='word_1_778' title='bbox 1863 4824 1955 4886; x_wconf 90' lang='lat' dir='ltr'><strong>sit,</strong></span> <span class='ocrx_word' id='word_1_779' title='bbox 1992 4824 2089 4877; x_wconf 82' lang='lat' dir='ltr'><strong>ha-</strong></span> 
     </span>
    </p>
   </div>
   <div class='ocr_carea' id='block_1_96' title="bbox 516 4912 2090 4984">
    <p class='ocr_par' dir='ltr' id='par_1_96' title="bbox 516 4912 2090 4984">
     <span class='ocr_line' id='line_1_96' title="bbox 516 4912 2090 4984; baseline 0.003 -16"><span class='ocrx_word' id='word_1_780' title='bbox 516 4913 609 4970; x_wconf 87' lang='lat' dir='ltr'><strong>bet</strong></span> <span class='ocrx_word' id='word_1_781' title='bbox 644 4912 909 4980; x_wconf 88' lang='lat' dir='ltr'><strong>Spiritum</strong></span> <span class='ocrx_word' id='word_1_782' title='bbox 939 4928 1006 4968; x_wconf 88' lang='lat' dir='ltr'><strong>eo</strong></span> <span class='ocrx_word' id='word_1_783' title='bbox 1035 4914 1156 4984; x_wconf 84' lang='lat' dir='ltr'><strong>ipso</strong></span> <span class='ocrx_word' id='word_1_784' title='bbox 1187 4915 1371 4981; x_wconf 88' lang='lat' dir='ltr'><strong>modo,</strong></span> <span class='ocrx_word' id='word_1_785' title='bbox 1408 4930 1517 4984; x_wconf 91' lang='lat' dir='ltr'><strong>quo</strong></span> <span class='ocrx_word' id='word_1_786' title='bbox 1567 4931 1690 4970; x_wconf 88' lang='lat' dir='ltr'><strong>eum</strong></span> <span class='ocrx_word' id='word_1_787' title='bbox 1735 4915 1936 4972; x_wconf 87' lang='lat' dir='ltr'><strong>habere</strong></span> <span class='ocrx_word' id='word_1_788' title='bbox 1990 4916 2090 4972; x_wconf 85' lang='lat' dir='ltr'><strong>Pa—</strong></span> 
     </span>
    </p>
   </div>
   <div class='ocr_carea' id='block_1_97' title="bbox 519 5005 2090 5078">
    <p class='ocr_par' dir='ltr' id='par_1_97' title="bbox 519 5005 2090 5078">
     <span class='ocr_line' id='line_1_97' title="bbox 519 5005 2090 5078; baseline 0.004 -20"><span class='ocrx_word' id='word_1_789' title='bbox 519 5016 602 5060; x_wconf 85' lang='lat' dir='ltr'><strong>ter</strong></span> <span class='ocrx_word' id='word_1_790' title='bbox 635 5005 976 5076; x_wconf 80' lang='lat' dir='ltr'><strong>intelligitur.</strong></span> <span class='ocrx_word' id='word_1_791' title='bbox 1031 5026 1050 5058; x_wconf 76' lang='grc' dir='ltr'><strong>ι</strong></span> <span class='ocrx_word' id='word_1_792' title='bbox 1088 5006 1155 5060; x_wconf 86' lang='lat' dir='ltr'><strong>Et</strong></span> <span class='ocrx_word' id='word_1_793' title='bbox 1195 5009 1250 5061; x_wconf 93' lang='lat' dir='ltr'><strong>in</strong></span> <span class='ocrx_word' id='word_1_794' title='bbox 1288 5007 1356 5061; x_wconf 87' lang='lat' dir='ltr'><strong>iis</strong></span> <span class='ocrx_word' id='word_1_795' title='bbox 1392 5023 1514 5078; x_wconf 67' lang='lat' dir='ltr'><strong>qua:</strong></span> <span class='ocrx_word' id='word_1_796' title='bbox 1563 5009 1630 5062; x_wconf 90' lang='lat' dir='ltr'><strong>ad</strong></span> <span class='ocrx_word' id='word_1_797' title='bbox 1664 5008 1959 5064; x_wconf 89' lang='lat' dir='ltr'><strong>Palladium</strong></span> <span class='ocrx_word' id='word_1_798' title='bbox 1992 5013 2090 5064; x_wconf 86' lang='lat' dir='ltr'><strong>de-</strong></span> 
     </span>
    </p>
   </div>
   <div class='ocr_carea' id='block_1_98' title="bbox 517 5097 2090 5170">
    <p class='ocr_par' dir='ltr' id='par_1_98' title="bbox 517 5097 2090 5170">
     <span class='ocr_line' id='line_1_98' title="bbox 517 5097 2090 5170; baseline 0.004 -21"><span class='ocrx_word' id='word_1_799' title='bbox 517 5099 619 5160; x_wconf 85' lang='lat' dir='ltr'><strong>dit,</strong></span> <span class='ocrx_word' id='word_1_800' title='bbox 658 5097 972 5152; x_wconf 82' lang='lat' dir='ltr'><strong>atlirmans:</strong></span> <span class='ocrx_word' id='word_1_801' title='bbox 1014 5117 1031 5149; x_wconf 79' lang='grc' dir='ltr'><strong>ι</strong></span> <span class='ocrx_word' id='word_1_802' title='bbox 1063 5098 1334 5154; x_wconf 85' lang='lat' dir='ltr'><strong>Mutabilis</strong></span> <span class='ocrx_word' id='word_1_803' title='bbox 1357 5116 1488 5156; x_wconf 88' lang='lat' dir='ltr'><strong>vero</strong></span> <span class='ocrx_word' id='word_1_804' title='bbox 1525 5101 1676 5155; x_wconf 91' lang='lat' dir='ltr'><strong>nullo</strong></span> <span class='ocrx_word' id='word_1_805' title='bbox 1703 5101 1866 5155; x_wconf 87' lang='lat' dir='ltr'><strong>modo</strong></span> <span class='ocrx_word' id='word_1_806' title='bbox 1912 5101 2090 5170; x_wconf 88' lang='lat' dir='ltr'><strong>Spiri-</strong></span> 
     </span>
    </p>
   </div>
   <div class='ocr_carea' id='block_1_99' title="bbox 516 5187 2089 5259">
    <p class='ocr_par' dir='ltr' id='par_1_99' title="bbox 516 5187 2089 5259">
     <span class='ocr_line' id='line_1_99' title="bbox 516 5187 2089 5259; baseline 0.001 -17"><span class='ocrx_word' id='word_1_807' title='bbox 516 5194 604 5242; x_wconf 82' lang='lat' dir='ltr'><strong>tus</strong></span> <span class='ocrx_word' id='word_1_808' title='bbox 632 5197 749 5253; x_wconf 85' lang='lat' dir='ltr'><strong>est;</strong></span> <span class='ocrx_word' id='word_1_809' title='bbox 779 5187 975 5257; x_wconf 90' lang='lat' dir='ltr'><strong>quodsi</strong></span> <span class='ocrx_word' id='word_1_810' title='bbox 1007 5189 1296 5243; x_wconf 89' lang='lat' dir='ltr'><strong>mutationi</strong></span> <span class='ocrx_word' id='word_1_811' title='bbox 1344 5189 1614 5246; x_wconf 77' lang='lat' dir='ltr'><strong>obnoxius</strong></span> <span class='ocrx_word' id='word_1_812' title='bbox 1646 5199 1748 5252; x_wconf 87' lang='lat' dir='ltr'><strong>est,</strong></span> <span class='ocrx_word' id='word_1_813' title='bbox 1800 5191 1867 5244; x_wconf 88' lang='lat' dir='ltr'><strong>ad</strong></span> <span class='ocrx_word' id='word_1_814' title='bbox 1919 5192 2089 5259; x_wconf 88' lang='lat' dir='ltr'><strong>ipsam</strong></span> 
     </span>
    </p>
   </div>
   <div class='ocr_carea' id='block_1_100' title="bbox 514 5277 2084 5349">
    <p class='ocr_par' dir='ltr' id='par_1_100' title="bbox 514 5277 2084 5349">
     <span class='ocr_line' id='line_1_100' title="bbox 514 5277 2084 5349; baseline 0.003 -16"><span class='ocrx_word' id='word_1_815' title='bbox 514 5277 755 5333; x_wconf 74' lang='lat' dir='ltr'><strong>divinam</strong></span> <span class='ocrx_word' id='word_1_816' title='bbox 789 5288 1038 5334; x_wconf 87' lang='lat' dir='ltr'><strong>naturam</strong></span> <span class='ocrx_word' id='word_1_817' title='bbox 1065 5280 1394 5349; x_wconf 88' lang='lat' dir='ltr'><strong>vituperatio</strong></span> <span class='ocrx_word' id='word_1_818' title='bbox 1427 5293 1690 5349; x_wconf 91' lang='lat' dir='ltr'><strong>recurret,</strong></span> <span class='ocrx_word' id='word_1_819' title='bbox 1715 5283 1762 5336; x_wconf 86' lang='lat' dir='ltr'><strong>si</strong></span> <span class='ocrx_word' id='word_1_820' title='bbox 1799 5293 1882 5338; x_wconf 91' lang='lat' dir='ltr'><strong>est</strong></span> <span class='ocrx_word' id='word_1_821' title='bbox 1907 5283 2000 5338; x_wconf 86' lang='lat' dir='ltr'><strong>Dei</strong></span> <span class='ocrx_word' id='word_1_822' title='bbox 2030 5292 2084 5338; x_wconf 89' lang='lat' dir='ltr'><strong>et</strong></span> 
     </span>
    </p>
   </div>
   <div class='ocr_carea' id='block_1_101' title="bbox 513 5369 2086 5445">
    <p class='ocr_par' dir='ltr' id='par_1_101' title="bbox 513 5369 2086 5445">
     <span class='ocr_line' id='line_1_101' title="bbox 513 5369 2086 5445; baseline 0 -20"><span class='ocrx_word' id='word_1_823' title='bbox 513 5369 710 5436; x_wconf 75' lang='lat' dir='ltr'><strong>Patris,</strong></span> <span class='ocrx_word' id='word_1_824' title='bbox 737 5381 997 5442; x_wconf 70' lang='lat' dir='ltr'><strong>praeterea</strong></span> <span class='ocrx_word' id='word_1_825' title='bbox 1019 5382 1074 5426; x_wconf 84' lang='lat' dir='ltr'><strong>et</strong></span> <span class='ocrx_word' id='word_1_826' title='bbox 1102 5371 1245 5438; x_wconf 83' lang='lat' dir='ltr'><strong>Filii,</strong></span> <span class='ocrx_word' id='word_1_827' title='bbox 1280 5392 1298 5425; x_wconf 76' lang='grc' dir='ltr'><strong>ι</strong></span> <span class='ocrx_word' id='word_1_828' title='bbox 1329 5373 1478 5428; x_wconf 90' lang='lat' dir='ltr'><strong>illico</strong></span> <span class='ocrx_word' id='word_1_829' title='bbox 1508 5375 1806 5445; x_wconf 76' lang='lat' dir='ltr'><strong>subiungit,</strong></span> <span class='ocrx_word' id='word_1_830' title='bbox 1841 5375 2086 5434; x_wconf 68' lang='lat' dir='ltr'><strong>«Essen-</strong></span> 
     </span>
    </p>
   </div>
   <div class='ocr_carea' id='block_1_102' title="bbox 514 5461 2080 5534">
    <p class='ocr_par' dir='ltr' id='par_1_102' title="bbox 514 5461 2080 5534">
     <span class='ocr_line' id='line_1_102' title="bbox 514 5461 2080 5534; baseline -0.001 -14"><span class='ocrx_word' id='word_1_831' title='bbox 514 5462 716 5520; x_wconf 85' lang='lat' dir='ltr'><strong>lialiter</strong></span> <span class='ocrx_word' id='word_1_832' title='bbox 768 5479 834 5518; x_wconf 83' lang='lat' dir='ltr'><strong>ex</strong></span> <span class='ocrx_word' id='word_1_833' title='bbox 875 5463 1158 5527; x_wconf 90' lang='lat' dir='ltr'><strong>ambobus,</strong></span> <span class='ocrx_word' id='word_1_834' title='bbox 1199 5479 1264 5517; x_wconf 81' lang='lat' dir='ltr'><strong>ex</strong></span> <span class='ocrx_word' id='word_1_835' title='bbox 1320 5461 1478 5518; x_wconf 86' lang='lat' dir='ltr'><strong>Patre</strong></span> <span class='ocrx_word' id='word_1_836' title='bbox 1507 5465 1714 5519; x_wconf 74' lang='lat' dir='ltr'><strong>scilicet</strong></span> <span class='ocrx_word' id='word_1_837' title='bbox 1759 5482 1855 5534; x_wconf 91' lang='lat' dir='ltr'><strong>per</strong></span> <span class='ocrx_word' id='word_1_838' title='bbox 1883 5465 2080 5520; x_wconf 87' lang='lat' dir='ltr'><strong>Filium</strong></span> 
     </span>
    </p>
   </div>
   <div class='ocr_carea' id='block_1_103' title="bbox 511 5552 2080 5626">
    <p class='ocr_par' dir='ltr' id='par_1_103' title="bbox 511 5552 2080 5626">
     <span class='ocr_line' id='line_1_103' title="bbox 511 5552 2080 5626; baseline 0.003 -19"><span class='ocrx_word' id='word_1_839' title='bbox 511 5553 720 5609; x_wconf 77' lang='lat' dir='ltr'><strong>eil‘usus</strong></span> <span class='ocrx_word' id='word_1_840' title='bbox 744 5552 981 5624; x_wconf 86' lang='lat' dir='ltr'><strong>Spiritus</strong></span> <span class='ocrx_word' id='word_1_841' title='bbox 1013 5563 1256 5610; x_wconf 88' lang='lat' dir='ltr'><strong>sanctus.</strong></span> <span class='ocrx_word' id='word_1_842' title='bbox 1297 5574 1317 5607; x_wconf 76' lang='grc' dir='ltr'><strong>ι</strong></span> <span class='ocrx_word' id='word_1_843' title='bbox 1359 5556 1504 5610; x_wconf 88' lang='lat' dir='ltr'><strong>Idem</strong></span> <span class='ocrx_word' id='word_1_844' title='bbox 1541 5557 1910 5626; x_wconf 83' lang='lat' dir='ltr'><strong>diviniloquus</strong></span> <span class='ocrx_word' id='word_1_845' title='bbox 1958 5573 2080 5612; x_wconf 87' lang='lat' dir='ltr'><strong>cum</strong></span> 
     </span>
    </p>
   </div>
   <div class='ocr_carea' id='block_1_104' title="bbox 511 5645 2081 5719">
    <p class='ocr_par' dir='ltr' id='par_1_104' title="bbox 511 5645 2081 5719">
     <span class='ocr_line' id='line_1_104' title="bbox 511 5645 2081 5719; baseline 0 -15"><span class='ocrx_word' id='word_1_846' title='bbox 511 5645 635 5704; x_wconf 75' lang='lat' dir='ltr'><strong>aliis</strong></span> <span class='ocrx_word' id='word_1_847' title='bbox 657 5645 861 5701; x_wconf 69' lang='lat' dir='ltr'><strong>divinis</strong></span> <span class='ocrx_word' id='word_1_848' title='bbox 914 5646 1188 5711; x_wconf 85' lang='lat' dir='ltr'><strong>Patribns,</strong></span> <span class='ocrx_word' id='word_1_849' title='bbox 1221 5667 1238 5698; x_wconf 82' lang='grc' dir='ltr'><strong>ι</strong></span> <span class='ocrx_word' id='word_1_850' title='bbox 1280 5650 1563 5718; x_wconf 83' lang='lat' dir='ltr'><strong>PrOprium</strong></span> <span class='ocrx_word' id='word_1_851' title='bbox 1616 5647 1789 5703; x_wconf 88' lang='lat' dir='ltr'><strong>Patris</strong></span> <span class='ocrx_word' id='word_1_852' title='bbox 1818 5649 2081 5719; x_wconf 82' lang='lat' dir='ltr'><strong>Spiritum</strong></span> 
     </span>
    </p>
   </div>
   <div class='ocr_carea' id='block_1_105' title="bbox 511 5738 2075 5809">
    <p class='ocr_par' dir='ltr' id='par_1_105' title="bbox 511 5738 2075 5809">
     <span class='ocr_line' id='line_1_105' title="bbox 511 5738 2075 5809; baseline 0 -17"><span class='ocrx_word' id='word_1_853' title='bbox 511 5753 635 5798; x_wconf 81' lang='lat' dir='ltr'><strong>esse</strong></span> <span class='ocrx_word' id='word_1_854' title='bbox 672 5738 886 5801; x_wconf 90' lang='lat' dir='ltr'><strong>astruit,</strong></span> <span class='ocrx_word' id='word_1_855' title='bbox 911 5739 1192 5808; x_wconf 87' lang='lat' dir='ltr'><strong>pr0prium</strong></span> <span class='ocrx_word' id='word_1_856' title='bbox 1226 5740 1370 5804; x_wconf 85' lang='lat' dir='ltr'><strong>Filii,</strong></span> <span class='ocrx_word' id='word_1_857' title='bbox 1403 5741 1684 5809; x_wconf 86' lang='lat' dir='ltr'><strong>proprium</strong></span> <span class='ocrx_word' id='word_1_858' title='bbox 1706 5741 2011 5797; x_wconf 85' lang='lat' dir='ltr'><strong>amborum.</strong></span> <span class='ocrx_word' id='word_1_859' title='bbox 2059 5762 2075 5792; x_wconf 82' lang='grc'>›</span> 
     </span>
    </p>
   </div>
   <div class='ocr_carea' id='block_1_106' title="bbox 588 5921 1664 5994">
    <p class='ocr_par' dir='ltr' id='par_1_106' title="bbox 588 5921 1664 5994">
     <span class='ocr_line' id='line_1_106' title="bbox 588 5921 1664 5994; baseline -0.005 -11"><span class='ocrx_word' id='word_1_860' title='bbox 588 5923 629 5983; x_wconf 58' lang='grc'><strong>⁸9</strong></span> <span class='ocrx_word' id='word_1_861' title='bbox 661 5921 850 5987; x_wconf 56' lang='lat' dir='ltr'><strong>Matth.</strong></span> <span class='ocrx_word' id='word_1_862' title='bbox 892 5939 975 5992; x_wconf 12' lang='lat' dir='ltr'><strong>ttat,</strong></span> <span class='ocrx_word' id='word_1_863' title='bbox 1015 5924 1099 5982; x_wconf 82' lang='grc'><strong>16.</strong></span> <span class='ocrx_word' id='word_1_864' title='bbox 1181 5926 1218 5956; x_wconf 84' lang='grc'><strong>¹¹</strong></span> <span class='ocrx_word' id='word_1_865' title='bbox 1253 5923 1407 5979; x_wconf 82' lang='lat' dir='ltr'><strong>Joan.</strong></span> <span class='ocrx_word' id='word_1_866' title='bbox 1441 5941 1544 5994; x_wconf 75' lang='lat' dir='ltr'><strong>xw,</strong></span> <span class='ocrx_word' id='word_1_867' title='bbox 1581 5925 1664 5987; x_wconf 78' lang='grc'><strong>16.</strong></span> 
     </span>
    </p>
   </div>
   <div class='ocr_carea' id='block_1_107' title="bbox 2185 4710 3755 4790">
    <p class='ocr_par' dir='ltr' id='par_1_107' title="bbox 2185 4710 3755 4790">
     <span class='ocr_line' id='line_1_107' title="bbox 2185 4710 3755 4790; baseline -0.011 -11"><span class='ocrx_word' id='word_1_868' title='bbox 2185 4728 2297 4787; x_wconf 84' lang='grc' dir='ltr'>τοῖς</span> <span class='ocrx_word' id='word_1_869' title='bbox 2323 4725 2523 4788; x_wconf 77' lang='grc' dir='ltr'>ἄλλοις,</span> <span class='ocrx_word' id='word_1_870' title='bbox 2555 4741 2573 4774; x_wconf 76' lang='grc' dir='ltr'>σ</span> <span class='ocrx_word' id='word_1_871' title='bbox 2611 4723 2825 4790; x_wconf 80' lang='grc' dir='ltr'>Ὠσπερ</span> <span class='ocrx_word' id='word_1_872' title='bbox 2858 4720 2967 4790; x_wconf 76' lang='grc' dir='ltr'><strong>γὰρ</strong></span> <span class='ocrx_word' id='word_1_873' title='bbox 2993 4717 3084 4771; x_wconf 89' lang='grc' dir='ltr'><strong>τοῦ</strong></span> <span class='ocrx_word' id='word_1_874' title='bbox 3115 4717 3348 4789; x_wconf 85' lang='grc' dir='ltr'>Πατρδς,</span> <span class='ocrx_word' id='word_1_875' title='bbox 3383 4715 3526 4768; x_wconf 81' lang='grc' dir='ltr'>οὕτω</span> <span class='ocrx_word' id='word_1_876' title='bbox 3556 4710 3755 4766; x_wconf 76' lang='grc' dir='ltr'>καὶτοῦ</span> 
     </span>
    </p>
   </div>
   <div class='ocr_carea' id='block_1_108' title="bbox 2187 4805 3754 4883">
    <p class='ocr_par' dir='ltr' id='par_1_108' title="bbox 2187 4805 3754 4883">
     <span class='ocr_line' id='line_1_108' title="bbox 2187 4805 3754 4883; baseline -0.009 -13"><span class='ocrx_word' id='word_1_877' title='bbox 2187 4817 2318 4871; x_wconf 87' lang='grc' dir='ltr'>Υἱοῦ</span> <span class='ocrx_word' id='word_1_878' title='bbox 2348 4819 2461 4868; x_wconf 70' lang='grc' dir='ltr'>ἐστι</span> <span class='ocrx_word' id='word_1_879' title='bbox 2489 4815 2551 4868; x_wconf 80' lang='grc' dir='ltr'>τὸ</span> <span class='ocrx_word' id='word_1_880' title='bbox 2578 4813 2800 4883; x_wconf 82' lang='grc' dir='ltr'>Πνεῦμα</span> <span class='ocrx_word' id='word_1_881' title='bbox 2827 4812 2887 4866; x_wconf 85' lang='grc' dir='ltr'>τὸ</span> <span class='ocrx_word' id='word_1_882' title='bbox 2916 4811 3094 4880; x_wconf 79' lang='grc' dir='ltr'>ἆγιον,</span> <span class='ocrx_word' id='word_1_883' title='bbox 3135 4829 3154 4862; x_wconf 76' lang='grc' dir='ltr'><strong>ι</strong></span> <span class='ocrx_word' id='word_1_884' title='bbox 3197 4811 3274 4871; x_wconf 72' lang='lat' dir='ltr'><strong>et;</strong></span> <span class='ocrx_word' id='word_1_885' title='bbox 3305 4826 3366 4862; x_wconf 88' lang='grc' dir='ltr'><strong>τε</strong></span> <span class='ocrx_word' id='word_1_886' title='bbox 3399 4808 3484 4874; x_wconf 80' lang='grc' dir='ltr'>τὸ,</span> <span class='ocrx_word' id='word_1_887' title='bbox 3535 4825 3556 4859; x_wconf 75' lang='grc' dir='ltr'>ι</span> <span class='ocrx_word' id='word_1_888' title='bbox 3595 4805 3754 4872; x_wconf 74' lang='grc' dir='ltr'><strong>Κάγὼ</strong></span> 
     </span>
    </p>
   </div>
   <div class='ocr_carea' id='block_1_109' title="bbox 2189 4899 3753 4977">
    <p class='ocr_par' dir='ltr' id='par_1_109' title="bbox 2189 4899 3753 4977">
     <span class='ocr_line' id='line_1_109' title="bbox 2189 4899 3753 4977; baseline -0.008 -17"><span class='ocrx_word' id='word_1_889' title='bbox 2189 4909 2448 4977; x_wconf 72' lang='grc' dir='ltr'>ἐρωτήσω</span> <span class='ocrx_word' id='word_1_890' title='bbox 2479 4907 2569 4959; x_wconf 81' lang='grc' dir='ltr'>τὸν</span> <span class='ocrx_word' id='word_1_891' title='bbox 2606 4905 2845 4976; x_wconf 80' lang='grc' dir='ltr'>Πατέρα,</span> <span class='ocrx_word' id='word_1_892' title='bbox 2880 4903 2975 4956; x_wconf 75' lang='grc' dir='ltr'>καὶ</span> <span class='ocrx_word' id='word_1_893' title='bbox 3006 4902 3168 4956; x_wconf 77' lang='grc' dir='ltr'>ἄλλον</span> <span class='ocrx_word' id='word_1_894' title='bbox 3209 4901 3576 4971; x_wconf 76' lang='grc' dir='ltr'>Παρακλητον</span> <span class='ocrx_word' id='word_1_895' title='bbox 3603 4899 3753 4952; x_wconf 82' lang='grc' dir='ltr'>δώσει</span> 
     </span>
    </p>
   </div>
   <div class='ocr_carea' id='block_1_110' title="bbox 2191 4992 3754 5068">
    <p class='ocr_par' dir='ltr' id='par_1_110' title="bbox 2191 4992 3754 5068">
     <span class='ocr_line' id='line_1_110' title="bbox 2191 4992 3754 5068; baseline -0.006 -16"><span class='ocrx_word' id='word_1_896' title='bbox 2191 5002 2341 5068; x_wconf 82' lang='grc' dir='ltr'>ὑμῖν,</span> <span class='ocrx_word' id='word_1_897' title='bbox 2381 5019 2398 5048; x_wconf 73' lang='grc' dir='ltr'><strong>ι</strong></span> <span class='ocrx_word' id='word_1_898' title='bbox 2435 4997 2697 5067; x_wconf 77' lang='grc' dir='ltr'>φάμενος,</span> <span class='ocrx_word' id='word_1_899' title='bbox 2728 5015 2748 5047; x_wconf 78' lang='lat' dir='ltr'><strong>r</strong></span> <span class='ocrx_word' id='word_1_900' title='bbox 2787 4995 2908 5049; x_wconf 85' lang='grc' dir='ltr'>Τῶν</span> <span class='ocrx_word' id='word_1_901' title='bbox 2937 4994 3030 5047; x_wconf 87' lang='grc' dir='ltr'><strong>τοῦ</strong></span> <span class='ocrx_word' id='word_1_902' title='bbox 3057 4992 3192 5048; x_wconf 84' lang='grc' dir='ltr'>Θεοῦ</span> <span class='ocrx_word' id='word_1_903' title='bbox 3228 4994 3324 5046; x_wconf 75' lang='grc' dir='ltr'><strong>καὶ</strong></span> <span class='ocrx_word' id='word_1_904' title='bbox 3355 4993 3571 5065; x_wconf 82' lang='grc' dir='ltr'>Πατρδς</span> <span class='ocrx_word' id='word_1_905' title='bbox 3599 5007 3754 5060; x_wconf 78' lang='grc' dir='ltr'>φυσι-</span> 
     </span>
    </p>
   </div>
   <div class='ocr_carea' id='block_1_111' title="bbox 2191 5083 3754 5159">
    <p class='ocr_par' dir='ltr' id='par_1_111' title="bbox 2191 5083 3754 5159">
     <span class='ocr_line' id='line_1_111' title="bbox 2191 5083 3754 5159; baseline -0.008 -14"><span class='ocrx_word' id='word_1_906' title='bbox 2191 5094 2303 5145; x_wconf 82' lang='grc' dir='ltr'><strong>κῶν</strong></span> <span class='ocrx_word' id='word_1_907' title='bbox 2353 5091 2570 5159; x_wconf 83' lang='grc' dir='ltr'>ἀγαθῶν</span> <span class='ocrx_word' id='word_1_908' title='bbox 2611 5087 2885 5151; x_wconf 74' lang='grc' dir='ltr'>οὐσιωδῶς</span> <span class='ocrx_word' id='word_1_909' title='bbox 2922 5088 3188 5158; x_wconf 83' lang='grc' dir='ltr'>ὑπάρχων</span> <span class='ocrx_word' id='word_1_910' title='bbox 3231 5089 3259 5140; x_wconf 91' lang='lat'><strong>6</strong></span> <span class='ocrx_word' id='word_1_911' title='bbox 3307 5086 3438 5149; x_wconf 72' lang='grc' dir='ltr'>Υἱὸς</span> <span class='ocrx_word' id='word_1_912' title='bbox 3483 5083 3754 5144; x_wconf 75' lang='grc' dir='ltr'>κοινωνὸς,</span> 
     </span>
    </p>
   </div>
   <div class='ocr_carea' id='block_1_112' title="bbox 2189 5175 3755 5252">
    <p class='ocr_par' dir='ltr' id='par_1_112' title="bbox 2189 5175 3755 5252">
     <span class='ocr_line' id='line_1_112' title="bbox 2189 5175 3755 5252; baseline -0.006 -17"><span class='ocrx_word' id='word_1_913' title='bbox 2189 5183 2304 5252; x_wconf 77' lang='grc' dir='ltr'>ἔχει</span> <span class='ocrx_word' id='word_1_914' title='bbox 2331 5182 2389 5234; x_wconf 81' lang='grc' dir='ltr'>τὸ</span> <span class='ocrx_word' id='word_1_915' title='bbox 2419 5180 2641 5249; x_wconf 88' lang='grc' dir='ltr'>Πνεῦμα</span> <span class='ocrx_word' id='word_1_916' title='bbox 2668 5179 2810 5232; x_wconf 73' lang='grc' dir='ltr'>κατὰ</span> <span class='ocrx_word' id='word_1_917' title='bbox 2842 5178 3030 5232; x_wconf 91' lang='grc' dir='ltr'>τοῦτον</span> <span class='ocrx_word' id='word_1_918' title='bbox 3057 5184 3146 5232; x_wconf 87' lang='grc' dir='ltr'>τὸν</span> <span class='ocrx_word' id='word_1_919' title='bbox 3175 5178 3397 5249; x_wconf 85' lang='grc' dir='ltr'>τρόπον,</span> <span class='ocrx_word' id='word_1_920' title='bbox 3429 5175 3552 5228; x_wconf 78' lang='grc' dir='ltr'>καθ’</span> <span class='ocrx_word' id='word_1_921' title='bbox 3593 5175 3755 5240; x_wconf 77' lang='grc' dir='ltr'>ὅνπερ</span> 
     </span>
    </p>
   </div>
   <div class='ocr_carea' id='block_1_113' title="bbox 2191 5269 3755 5343">
    <p class='ocr_par' dir='ltr' id='par_1_113' title="bbox 2191 5269 3755 5343">
     <span class='ocr_line' id='line_1_113' title="bbox 2191 5269 3755 5343; baseline -0.008 -14"><span class='ocrx_word' id='word_1_922' title='bbox 2191 5277 2257 5329; x_wconf 85' lang='grc' dir='ltr'>ἂν</span> <span class='ocrx_word' id='word_1_923' title='bbox 2291 5280 2464 5329; x_wconf 83' lang='grc' dir='ltr'>νοοῖτο</span> <span class='ocrx_word' id='word_1_924' title='bbox 2490 5275 2585 5329; x_wconf 80' lang='grc' dir='ltr'><strong>καὶ</strong></span> <span class='ocrx_word' id='word_1_925' title='bbox 2613 5278 2639 5328; x_wconf 90' lang='grc' dir='ltr'>ὁ</span> <span class='ocrx_word' id='word_1_926' title='bbox 2683 5273 2892 5343; x_wconf 71' lang='grc' dir='ltr'>Πατὴρ,</span> <span class='ocrx_word' id='word_1_927' title='bbox 2930 5292 2948 5324; x_wconf 71' lang='grc' dir='ltr'>υ</span> <span class='ocrx_word' id='word_1_928' title='bbox 3005 5273 3108 5326; x_wconf 80' lang='grc' dir='ltr'>κάν</span> <span class='ocrx_word' id='word_1_929' title='bbox 3132 5273 3244 5334; x_wconf 89' lang='grc' dir='ltr'>τοῖς</span> <span class='ocrx_word' id='word_1_930' title='bbox 3275 5270 3416 5341; x_wconf 81' lang='grc' dir='ltr'>πρὸς</span> <span class='ocrx_word' id='word_1_931' title='bbox 3462 5269 3755 5324; x_wconf 74' lang='grc' dir='ltr'>Παλλάδιον</span> 
     </span>
    </p>
   </div>
   <div class='ocr_carea' id='block_1_114' title="bbox 2185 5359 3754 5437">
    <p class='ocr_par' dir='ltr' id='par_1_114' title="bbox 2185 5359 3754 5437">
     <span class='ocr_line' id='line_1_114' title="bbox 2185 5359 3754 5437; baseline -0.005 -17"><span class='ocrx_word' id='word_1_932' title='bbox 2185 5367 2329 5422; x_wconf 76' lang='grc' dir='ltr'>οὕτω</span> <span class='ocrx_word' id='word_1_933' title='bbox 2361 5368 2710 5437; x_wconf 73' lang='grc' dir='ltr'>θεολογήσας,</span> <span class='ocrx_word' id='word_1_934' title='bbox 2741 5365 3015 5435; x_wconf 77' lang='grc' dir='ltr'>«Τρεπτδν</span> <span class='ocrx_word' id='word_1_935' title='bbox 3035 5364 3093 5416; x_wconf 77' lang='grc' dir='ltr'>δὲ</span> <span class='ocrx_word' id='word_1_936' title='bbox 3121 5363 3184 5416; x_wconf 78' lang='grc' dir='ltr'><strong>οῦ</strong></span> <span class='ocrx_word' id='word_1_937' title='bbox 3211 5363 3292 5416; x_wconf 75' lang='grc' dir='ltr'><strong>τοι</strong></span> <span class='ocrx_word' id='word_1_938' title='bbox 3319 5379 3422 5415; x_wconf 78' lang='grc' dir='ltr'><strong>που</strong></span> <span class='ocrx_word' id='word_1_939' title='bbox 3444 5362 3504 5414; x_wconf 77' lang='grc' dir='ltr'>τὸ</span> <span class='ocrx_word' id='word_1_940' title='bbox 3539 5359 3754 5428; x_wconf 78' lang='grc' dir='ltr'>Πνεῦμά</span> 
     </span>
    </p>
   </div>
   <div class='ocr_carea' id='block_1_115' title="bbox 2189 5453 3755 5536">
    <p class='ocr_par' dir='ltr' id='par_1_115' title="bbox 2189 5453 3755 5536">
     <span class='ocr_line' id='line_1_115' title="bbox 2189 5453 3755 5536; baseline -0.008 -17"><span class='ocrx_word' id='word_1_941' title='bbox 2189 5468 2337 5521; x_wconf 76' lang='grc' dir='ltr'>ἐστιν</span> <span class='ocrx_word' id='word_1_942' title='bbox 2357 5483 2373 5498; x_wconf 77' lang='grc' dir='ltr'><strong>ο</strong></span> <span class='ocrx_word' id='word_1_943' title='bbox 2409 5466 2437 5536; x_wconf 79' lang='grc' dir='ltr'>ἢ</span> <span class='ocrx_word' id='word_1_944' title='bbox 2473 5465 2630 5534; x_wconf 73' lang='grc' dir='ltr'>εἴπερ</span> <span class='ocrx_word' id='word_1_945' title='bbox 2662 5463 2724 5515; x_wconf 83' lang='grc' dir='ltr'>τὸ</span> <span class='ocrx_word' id='word_1_946' title='bbox 2753 5460 3053 5532; x_wconf 77' lang='grc' dir='ltr'>τρέπεσθαι</span> <span class='ocrx_word' id='word_1_947' title='bbox 3075 5462 3240 5524; x_wconf 85' lang='grc' dir='ltr'>νοσεῖ,</span> <span class='ocrx_word' id='word_1_948' title='bbox 3279 5458 3368 5510; x_wconf 76' lang='grc' dir='ltr'><strong>ἐπ’</strong></span> <span class='ocrx_word' id='word_1_949' title='bbox 3390 5457 3565 5528; x_wconf 75' lang='grc' dir='ltr'>αὐτὴν</span> <span class='ocrx_word' id='word_1_950' title='bbox 3595 5459 3624 5507; x_wconf 75' lang='grc' dir='ltr'><strong>ὁ</strong></span> <span class='ocrx_word' id='word_1_951' title='bbox 3650 5453 3755 5524; x_wconf 81' lang='grc' dir='ltr'>μῶ-</span> 
     </span>
    </p>
   </div>
   <div class='ocr_carea' id='block_1_116' title="bbox 2192 5543 3752 5628">
    <p class='ocr_par' dir='ltr' id='par_1_116' title="bbox 2192 5543 3752 5628">
     <span class='ocr_line' id='line_1_116' title="bbox 2192 5543 3752 5628; baseline -0.007 -19"><span class='ocrx_word' id='word_1_952' title='bbox 2192 5575 2291 5628; x_wconf 88' lang='grc' dir='ltr'><strong>μος</strong></span> <span class='ocrx_word' id='word_1_953' title='bbox 2317 5555 2416 5627; x_wconf 76' lang='grc' dir='ltr'>τὴν</span> <span class='ocrx_word' id='word_1_954' title='bbox 2450 5555 2601 5608; x_wconf 83' lang='grc' dir='ltr'>θείαν</span> <span class='ocrx_word' id='word_1_955' title='bbox 2634 5554 3028 5623; x_wconf 78' lang='grc' dir='ltr'>ἀναδραμείται</span> <span class='ocrx_word' id='word_1_956' title='bbox 3066 5550 3247 5618; x_wconf 79' lang='grc' dir='ltr'>φύσιν,</span> <span class='ocrx_word' id='word_1_957' title='bbox 3297 5549 3456 5619; x_wconf 71' lang='grc' dir='ltr'>εἴπερ</span> <span class='ocrx_word' id='word_1_958' title='bbox 3501 5549 3621 5602; x_wconf 61' lang='grc' dir='ltr'>ὲστῒ</span> <span class='ocrx_word' id='word_1_959' title='bbox 3663 5543 3752 5600; x_wconf 81' lang='grc' dir='ltr'><strong>τοῦ</strong></span> 
     </span>
    </p>
   </div>
   <div class='ocr_carea' id='block_1_117' title="bbox 2189 5639 3751 5717">
    <p class='ocr_par' dir='ltr' id='par_1_117' title="bbox 2189 5639 3751 5717">
     <span class='ocr_line' id='line_1_117' title="bbox 2189 5639 3751 5717; baseline -0.006 -16"><span class='ocrx_word' id='word_1_960' title='bbox 2189 5649 2324 5701; x_wconf 75' lang='grc' dir='ltr'>Θεοῦ</span> <span class='ocrx_word' id='word_1_961' title='bbox 2357 5651 2448 5701; x_wconf 78' lang='grc' dir='ltr'><strong>καὶ</strong></span> <span class='ocrx_word' id='word_1_962' title='bbox 2485 5646 2715 5717; x_wconf 75' lang='grc' dir='ltr'>Πατρὸς,</span> <span class='ocrx_word' id='word_1_963' title='bbox 2741 5647 2835 5697; x_wconf 70' lang='grc' dir='ltr'><strong>καὶ</strong></span> <span class='ocrx_word' id='word_1_964' title='bbox 2866 5643 2973 5714; x_wconf 87' lang='grc' dir='ltr'>μὴν</span> <span class='ocrx_word' id='word_1_965' title='bbox 3005 5645 3097 5696; x_wconf 70' lang='grc' dir='ltr'><strong>καὶ</strong></span> <span class='ocrx_word' id='word_1_966' title='bbox 3119 5642 3213 5695; x_wconf 89' lang='grc' dir='ltr'><strong>τοῦ</strong></span> <span class='ocrx_word' id='word_1_967' title='bbox 3235 5641 3389 5699; x_wconf 78' lang='grc' dir='ltr'>Υἱοῦ.</span> <span class='ocrx_word' id='word_1_968' title='bbox 3429 5660 3446 5693; x_wconf 76' lang='grc' dir='ltr'><strong>ι</strong></span> <span class='ocrx_word' id='word_1_969' title='bbox 3475 5639 3751 5710; x_wconf 78' lang='grc' dir='ltr'>παρευθῦς</span> 
     </span>
    </p>
   </div>
   <div class='ocr_carea' id='block_1_118' title="bbox 2189 5730 3751 5805">
    <p class='ocr_par' dir='ltr' id='par_1_118' title="bbox 2189 5730 3751 5805">
     <span class='ocr_line' id='line_1_118' title="bbox 2189 5730 3751 5805; baseline -0.006 -11"><span class='ocrx_word' id='word_1_970' title='bbox 2189 5739 2544 5794; x_wconf 77' lang='grc' dir='ltr'>ὲπισυνάπτει</span> <span class='ocrx_word' id='word_1_971' title='bbox 2597 5737 2680 5802; x_wconf 81' lang='grc' dir='ltr'><strong>τὸ,</strong></span> <span class='ocrx_word' id='word_1_972' title='bbox 2721 5756 2738 5790; x_wconf 79' lang='lat' dir='ltr'><strong>t</strong></span> <span class='ocrx_word' id='word_1_973' title='bbox 2794 5734 3070 5798; x_wconf 73' lang='grc' dir='ltr'>οὐσιωδῶς</span> <span class='ocrx_word' id='word_1_974' title='bbox 3119 5734 3176 5801; x_wconf 77' lang='grc' dir='ltr'><strong>ἐξ</strong></span> <span class='ocrx_word' id='word_1_975' title='bbox 3223 5735 3448 5805; x_wconf 73' lang='grc' dir='ltr'>ἀμφοῖν,</span> <span class='ocrx_word' id='word_1_976' title='bbox 3485 5733 3657 5805; x_wconf 65' lang='grc' dir='ltr'>ἤγουν</span> <span class='ocrx_word' id='word_1_977' title='bbox 3691 5730 3751 5786; x_wconf 72' lang='grc' dir='ltr'><strong>ὲκ</strong></span> 
     </span>
    </p>
   </div>
  </div>
