4020 6592
243 475 382 546 1333

1224 487 1521 548 CONTRA
1560 487 1985 550 MANUELEM
2020 491 2494 553 CRETENSEM.

3359 485 3498 549 1534

239 592 459 664 Πατρδς
487 591 556 646 δι’
592 592 724 648 Υίοῦ
760 593 1128 667 προχεόμενον
1178 596 1332 668 ἅγιον
1380 598 1626 669 Πνεῦμα.
1679 616 1700 651 ι
1753 597 1812 650 '0

1938 615 1974 653 n
2029 609 2184 656 sexto
2230 595 2414 672 itaque
2450 599 2517 655 ad
2546 597 2847 660 Hermiam,
2898 597 3051 667 quasi
3101 597 3280 667 ipsum
3326 595 3502 653 inter-

239 683 405 746 αὐτὸς
459 683 784 755 θεορρήμων
830 688 928 738 σὺν
990 686 1199 750 λοιποῖς
1265 685 1376 741 τῶν
1444 686 1814 759 θεοφορήτων,

248 793 268 826 ο
306 775 437 829 ῐδιον
478 776 694 847 Πατρὺς
739 775 802 830 τὸ
833 778 1060 846 Πνεῦμα
1098 798 1117 832 ι
1145 780 1409 848 διδάσκει,
1447 801 1466 834 ι
1503 783 1632 836 ἴδιον
1661 782 1814 849 Υἱοῦ,

241 865 379 919 [διον
409 869 636 937 ἀμφοῖν.
677 887 698 922 ι
758 869 850 922 Ἐν
880 870 1011 939 γοῦν
1041 871 1186 944 ἕκτῳ
1221 873 1328 927 τῶν
1375 874 1512 946 πρὸς
1555 875 1817 947 Ἑρμείαν

241 957 322 1018 ὡς
365 958 426 1010 ὲν
453 958 723 1027 ἐρωτήσει
764 959 902 1029 πρὸς
945 963 1109 1016 αὑτὸν
1150 963 1242 1016 τδν
1288 963 1448 1034 λόγον
1496 965 1818 1038 ποιούμενος

241 1048 500 1113 διέξεισιν
531 1050 732 1103 οὑτωσί
751 1067 766 1083 ·
797 1070 817 1103 ι
847 1053 1004 1118 Τίνος
1033 1055 1164 1109 ῐδιον
1193 1057 1386 1126 φῶμεν
1411 1058 1471 1112 τὸ
1505 1059 1732 1130 Πνεῦμα
1757 1060 1819 1113 τὸ

243 1139 402 1206 ἅγιον
433 1140 606 1210 εἶναις
641 1144 848 1218 πότερα
875 1147 939 1218 δὴ
972 1148 1134 1218 μόνου
1172 1149 1266 1203 τοῦ
1299 1150 1434 1204 Θεοῦ
1461 1153 1554 1204 καὶ
1583 1152 1818 1223 Πατρδς,

243 1232 279 1302 ἢ
334 1232 466 1301 γοῦν
498 1235 722 1290 καὶτοῦ
759 1239 914 1305 ἴίοῦ,
966 1239 1000 1310 ἥ
1050 1239 1144 1306 καὶ
1181 1240 1286 1295 δινά
1336 1241 1503 1314 μέρος
1553 1244 1818 1316 ἐκατέρου

246 1329 344 1380 καὶ
381 1327 606 1396 ἀμφοῖν,
646 1330 722 1393 ὡς
753 1330 812 1384 ἒν
839 1332 903 1396 ὲκ
932 1332 1146 1401 Πατρὸς
1171 1332 1240 1386 δι’
1263 1334 1392 1388 Υίοῦ
1425 1336 1514 1390 διὰ
1554 1337 1654 1407 τὴν
1683 1355 1820 1391 ταυο

247 1417 457 1482 τότητα
485 1418 588 1487 τῆς
610 1420 798 1484 οὐσίας
821 1439 835 1486 ;
860 1441 879 1473 ι
900 1423 990 1476 Ἐν
1020 1424 1341 1494 ἑρμηνείαις
1368 1426 1463 1480 τοῦ
1487 1429 1628 1481 κατὰ
1644 1428 1824 1482 Ἰωάν-

249 1523 346 1576 νην
379 1508 459 1570 είς
485 1509 548 1560 τὺ
579 1528 598 1562 ι
633 1510 861 1580 Πνεῦμα
911 1513 1014 1582 τῆς
1042 1515 1322 1586 ἀληθείας,
1361 1535 1381 1569 ι
1436 1519 1580 1574 οὕτω
1625 1521 1822 1575 διασα-

154 1637 160 1642 .
250 1600 371 1660 φεῖ·
402 1616 422 1649 ε
471 1599 601 1652 Ἰδοὺ
628 1601 762 1672 γὰρ,
797 1603 908 1657 ἰδοὺ
955 1605 1182 1677 Πνεῦμα
1216 1610 1315 1676 τῆς
1354 1609 1636 1679 ἀληθείας,
1667 1629 1820 1666 τουτ-

253 1687 402 1740 έστιν
459 1689 654 1744 ἑαυτοῦ
718 1694 810 1746 τὸν
867 1696 1230 1769 Παράκλητον
1283 1700 1475 1768 εἰπὼν,
1529 1704 1681 1773 παρὰ
1727 1703 1823 1758 τοῦ

255 1781 469 1851 Πατρὸς
498 1784 660 1837 αὐτὸν
689 1787 1092 1869 ὲκπορεῦεσθαί
1125 1810 1310 1863 φησιν.
1339 1796 1555 1868 Ὥσπερ
1576 1797 1683 1867 γάρ
1710 1800 1826 1853 ἐστι

257 1872 485 1941 Πνεῦμα
516 1874 647 1929 ἴδιον
690 1879 782 1959 τοῦ
820 1880 972 1948 Υίοῦ,
1006 1885 1252 1951 φυσικῶς
1281 1888 1339 1939 ἐν
1373 1887 1525 1956 αὐτῷ
1560 1906 1617 1940 τε
1647 1890 1827 1960 ὑπάρ-

253 1979 372 2030 χον,
407 1967 500 2017 καὶ
525 1966 591 2019 δι’
620 1968 786 2021 αὑτοῦ
816 1973 1022 2040 προϊὸν,
1058 1973 1200 2028 οὕτω
1226 1977 1324 2028 καὶ
1343 1975 1437 2030 τοῦ
1469 1979 1680 2049 Πατρός
1698 1995 1714 2011 ο
1745 1978 1828 2044 οἷς

254 2055 311 2107 δὲ
344 2057 406 2108 τὸ
440 2059 664 2128 Πνεῦμα
708 2065 910 2128 κοινὸν,
947 2065 1159 2130 τούτοις
1192 2070 1276 2138 εἴη
1313 2069 1486 2140 δήπου
1518 2071 1732 2133 πάντως
1763 2073 1829 2126 ἂν

257 2147 354 2198 καὶ
388 2149 460 2200 τὰ
513 2150 610 2219 τῆς
642 2152 833 2216 οὐσίας
869 2155 930 2207 οὐ
978 2157 1331 2228 διωρισμένα.
1374 2179 1394 2212 ι
1451 2162 1562 2213 Καὶ
1595 2161 1830 2232 ἀλλαχοῦ

259 2239 579 2302 πλειστάκις
627 2242 756 2296 ἴδιον
801 2245 1004 2315 ἀμφοῖν
1052 2250 1346 2318 ἠνωμένως
1393 2251 1488 2304 καὶ
1521 2252 1626 2306 ἀνὰ
1669 2253 1834 2322 μέρος

256 2329 585 2398 διαγορεύει.
626 2335 947 2403 Πνεῦματος
976 2337 1022 2389 δ’
1055 2340 1083 2391 6
1129 2340 1318 2410 Πατὴρ
1365 2341 1516 2406 ἴδιος,
1566 2343 1599 2414 ἢ
1639 2346 1665 2395 6
1705 2343 1834 2407 Υἱὸς

255 2418 660 2490 ὁπουδηποτοῦν
676 2425 776 2478 οὐκ
794 2425 932 2481 ἔστι.
952 2429 1093 2483 Καθ’
1111 2430 1169 2506 δν
1193 2432 1301 2501 ἄρα
1317 2431 1492 2502 λόγον,
1516 2433 1575 2486 ὃν
1591 2436 1624 2504 ἠ
1648 2434 1830 2502 εἰκὼν,

257 2510 384 2564 καθ’
418 2512 477 2566 δν
507 2514 540 2582 ή
572 2515 878 2588 ἀποστολὴ,
912 2519 995 2574 ὅτι
1022 2520 1098 2592 μὴ
1129 2522 1270 2575 κατὰ
1300 2523 1399 2590 τὴν
1422 2524 1488 2577 δι’
1513 2526 1661 2595 ἡμᾶς
1693 2528 1837 2580 οἰκο-

257 2602 474 2670 νομίαν,
509 2605 634 2658 καθ’
665 2608 732 2678 ἢν
778 2608 813 2672 ἡ
861 2611 1094 2679 χορηγία
1123 2612 1218 2666 καὶ
1250 2612 1400 2677 δόσις
1425 2616 1519 2668 καὶ
1560 2617 1628 2671 τὰ
1658 2617 1832 2670 τοῖσδε

259 2693 542 2766 σύστοιχα.
578 2699 674 2752 καὶ
700 2700 776 2764 ὼς
808 2701 894 2752 ἐπ’
922 2703 1154 2766 ἐκείνοις
1201 2705 1610 2773 φωτοόολεῖται,
1650 2707 1745 2760 καὶ
1775 2709 1836 2760 τὸ

254 2785 358 2854 τῆς
391 2787 768 2861 ἀντιστροφῆς
803 2791 952 2862 ἔχειν
998 2795 1353 2864 παρείσδυσιν
1387 2798 1450 2850 ὲκ
1495 2798 1604 2850 τῶν
1651 2798 1834 2852 θεοσό-

257 2891 375 2942 ᾳων
401 2881 803 2948 μυσταγωγῶν,
830 2885 944 2946 τοῖς
967 2884 1149 2948 αὐτοῖς
1165 2884 1336 2948 οὕτως
1361 2885 1596 2939 ἐνταῦθα
1623 2904 1835 2956 μυστα-

257 2971 522 3036 γωγεῖται
552 2971 627 3043 μὴ
659 2972 802 3026 τοῦτ’
827 2974 962 3028 αὐτὸ
995 2977 1297 3044 πεφυκέναι
1330 2977 1832 3048 παρρησιάζεσθαι.

272 3057 334 3110 Ὀ
373 3060 642 3130 σύνεγγυς
691 3063 872 3118 τοίνυν
935 3063 1118 3128 ἔνθεος
1172 3067 1517 3137 μυστηπόλος
1579 3067 1640 3120 τδ
1703 3069 1833 3122 ἴδιον

1916 703 2154 764 rogaret.
2213 693 2288 747 ita
2346 708 2655 748 sermonem
2714 691 3011 747 concinnat
3049 708 3062 745 :
3106 710 3123 742 ‹
3151 689 3321 760 Cujus
3367 703 3500 758 pro-

1917 787 2099 857 prium
2149 785 2394 840 dicemus
2460 783 2722 852 Spiritum
2771 792 3019 838 sanctum
3074 797 3216 847 esse,
3255 781 3500 836 soliusne

1918 877 2014 930 Dei
2054 885 2109 930 et
2151 874 2368 942 Patris,
2415 890 2556 929 anne
2603 875 2764 928 etiam
2819 881 2874 928 et
2929 871 3088 938 Filii,
3151 873 3236 928 vel
3281 887 3500 944 separa-

1919 967 2016 1021 tim
2074 965 2380 1034 utriusque,
2434 972 2488 1020 et
2521 964 2828 1028 amborum,
2894 971 3151 1033 tanquam
3211 977 3378 1016 unum
3432 977 3500 1016 ex

1917 1059 2079 1113 Patre
2133 1073 2230 1127 per
2297 1056 2494 1111 Filium
2549 1065 2772 1125 propter
2825 1070 2994 1109 unum
3049 1053 3343 1109 essentiaa?
3383 1073 3400 1106 I
3441 1052 3498 1106 In

1921 1150 2357 1220 exp0sitionibus
2411 1152 2464 1203 in
2520 1148 2872 1220 Evangelium
2930 1146 3158 1202 Joannis
3206 1148 3262 1201 in
3322 1147 3496 1199 illud:

1927 1261 1946 1295 ι
1985 1242 2219 1311 Spiritus
2268 1241 2536 1302 veritatis.
2579 1259 2598 1293 ι
2632 1241 2704 1294 ita
2763 1239 3000 1308 explicat
3035 1257 3049 1293 :
3088 1258 3106 1290 ι
3147 1240 3282 1293 Ecce
3329 1241 3498 1301 enim,

1921 1349 2048 1388 ecce
2069 1332 2306 1402 Spiritus
2337 1332 2599 1395 veritatis,
2635 1330 2738 1385 hoc
2779 1342 2863 1385 est
2893 1331 2976 1384 sui
3023 1330 3214 1399 ipsius,
3251 1345 3372 1385 cum
3402 1329 3502 1383 ρε-

1925 1424 2187 1478 racletum
2207 1423 2457 1486 dixisset,
2482 1439 2513 1476 a
2535 1423 2692 1476 Patre
2713 1438 2834 1475 eum
2854 1420 3153 1491 procedere
3171 1421 3264 1473 ait.
3297 1420 3502 1485 Quem~

1923 1513 2214 1567 admodum
2264 1511 2409 1565 enim
2456 1519 2538 1565 est
2595 1510 2830 1580 Spiritus
2867 1511 3119 1580 proprius
3169 1509 3309 1574 Filii,
3346 1519 3506 1562 natu-

1925 1600 2109 1653 raliter
2138 1599 2192 1652 in
2225 1599 2342 1668 ipso
2379 1600 2667 1664 exsisteus,
2698 1611 2751 1651 et
2778 1615 2876 1668 per
2908 1599 3085 1668 ipsum
3122 1599 3499 1669 progrediens.

1926 1693 1998 1747 ita
2025 1701 2079 1746 et
2110 1692 2327 1758 Patris;
2365 1692 2562 1760 quibus
2589 1692 2735 1745 enim
2775 1691 3011 1760 Spiritus
3065 1691 3368 1745 communis
3399 1701 3502 1752 est,

1927 1784 1995 1838 iis
2028 1784 2187 1852 plane
2219 1799 2462 1854 prorsus,
2495 1800 2673 1848 neque
2693 1801 2813 1854 quae
2836 1785 3088 1838 essentia:
3115 1792 3262 1846 sunt,
3295 1782 3504 1836 fuerint

1929 1886 2201 1946 separata.
2264 1896 2282 1928 ι
2338 1877 2404 1930 Et
2455 1876 2583 1930 alibi
2634 1875 2834 1944 saepius
2883 1857 3162 1944 proprium
3221 1875 3504 1928 amborum

1860 1946 1902 2002 Β
1931 1967 2286 2036 coniunctim,
2319 1967 2694 2036 eLseparatim
2728 1967 2948 2021 fatetur.
2984 1966 3221 2034 Spiritus
3249 1981 3377 2019 vero
3404 1965 3505 2016 Pa-

1931 2068 2014 2112 ter
2048 2057 2298 2128 preprius
2334 2068 2429 2112 aut
2457 2057 2624 2112 Filius
2653 2057 2803 2113 nullo
2844 2057 2896 2111 in
2928 2057 3048 2112 loco
3077 2067 3185 2112 est.
3216 2055 3310 2110 Illa
3345 2055 3508 2125 igitur

1934 2151 2166 2216 ratione,
2194 2166 2298 2220 qua
2347 2151 2541 2220 imago,
2570 2166 2675 2220 qua
2713 2151 2924 2211 missio,
2955 2164 3080 2203 cum
3114 2151 3180 2202 de
3203 2147 3508 2202 oeconomia

1934 2249 2153 2310 propter
2173 2256 2274 2294 nos
2298 2255 2478 2295 sermo
2493 2250 2595 2304 est,
2619 2241 2916 2294 secundum
2939 2254 3101 2308 quam
3121 2237 3506 2307 suppeditatio,

1933 2345 1987 2387 et
2010 2334 2159 2387 datio
2175 2341 2228 2387 et
2249 2333 2334 2388 his
2361 2333 2560 2395 aliinia,
2585 2342 2640 2386 et
2662 2332 2738 2386 uti
2762 2332 2816 2386 in
2842 2331 2950 2385 illis
2973 2346 3134 2401 quam
3162 2328 3510 2399 perspicuum

1933 2424 2204 2488 clarescit,
2244 2424 2616 2478 conversionis
2649 2424 2827 2478 locum
2866 2439 3009 2482 esse,
3051 2421 3358 2475 divinorum
3395 2434 3508 2489 my-

1935 2525 2276 2586 stagogorum
2311 2516 2600 2578 sententia,
2652 2515 2968 2570 eorumdem
3004 2514 3092 2569 hic
3135 2528 3350 2583 quoque
3378 2511 3512 2566 edo-

1935 2620 2146 2670 cemnr,
2175 2607 2276 2661 hoc
2307 2607 2482 2674 ipsum
2510 2620 2631 2660 esse
2666 2605 3006 2660 conﬁdenter
3031 2604 3196 2658 nimis
3221 2619 3328 2658 non
3361 2617 3511 2657 assc-

1936 2713 2081 2751 rere.
2125 2697 2374 2751 Proxime
2423 2699 2604 2767 itaque
2634 2699 2885 2752 laudatus
2928 2697 3147 2752 divinus
3181 2706 3354 2767 mysta
3384 2711 3511 2764 pro-

1934 2790 2112 2858 prium
2159 2805 2268 2860 quo
2303 2789 2606 2860 significatu
2664 2790 2716 2842 in
2765 2790 2966 2844 deitate
3004 2789 3379 2859 accipiendum
3417 2786 3509 2848 sit.

1934 2881 2230 2951 explicans,
2257 2885 2504 2937 oratione
2520 2882 2587 2937 ad
2609 2879 2944 2946 Nestorium.
2966 2883 3124 2953 cujus
3143 2879 3468 2952 principium
3497 2897 3510 2932 :

1939 2991 1960 3026 ι
1997 2974 2131 3028 Male
2171 2974 2390 3043 quidem
2428 2975 2728 3044 loquuntur
2753 2976 2821 3030 de
2855 2991 2975 3031 mea
3021 2975 3445 3037 existimatione,
3486 2993 3504 3024 ο

1935 3066 2144 3127 scribit.
2179 3085 2197 3118 ι
2247 3066 2719 3134 Quemadmodum
2767 3068 2913 3122 enim
2963 3068 3216 3138 proprius
3250 3066 3508 3127 hominis.

256 3147 408 3209 ὅπως
439 3150 533 3202 ἐπὶ
569 3151 669 3219 τῆς
701 3152 956 3224 θεότητος
991 3154 1434 3225 διευλυτούμενόν
1463 3157 1580 3211 ἐστι
1608 3157 1833 3228 φράζων

1934 3173 2146 3214 necnon
2181 3167 2236 3214 et
2287 3159 2512 3212 aliorum
2560 3158 2894 3230 singulorum
2938 3160 3293 3214 anit'nantium
3346 3157 3512 3216 fetus.

259 3244 318 3295 ὲν
345 3241 421 3311 τῷ
443 3244 580 3314 πρὸς
606 3223 903 3318 Νεστόριον
932 3248 1098 3318 λόγῳ,
1121 3243 1232 3320 οῦή
1260 3223 1422 3321 ἀρχὴ,
1455 3267 1474 3302 ι
1506 3223 1832 3320 Καταφλυα-

1935 3252 2025 3321 qui
2062 3267 2129 3305 ex
2158 3266 2224 3304 eo
2253 3259 2337 3306 est
2365 3250 2668 3306 secundum
2695 3259 2968 3314 naturam,
3003 3251 3084 3306 sic
3106 3250 3383 3321 proprium
3419 3247 3515 3301 Dei

262 3333 420 3405 ροῦσι
469 3353 635 3404 τινες,
663 3339 740 3403 ὡς
793 3341 1068 3410 μανθάνοι,
1112 3342 1213 3414 τῆς
1254 3343 1391 3413 ἐμῆς
1425 3343 1769 3414 ὑπολήψεως,
1807 3364 1826 3396 ι

259 3430 464 3500 φησίνο
512 3448 532 3483 ι
575 3429 792 3501 ’Ὠσπερ
824 3431 932 3504 γὰρ
965 3433 1095 3488 ἴδιον
1125 3431 1416 3504 ἀνθρώπου
1446 3434 1540 3487 καὶ
1566 3436 1671 3506 μὴν
1701 3434 1836 3490 ἑκά-

263 3539 392 3575 στου
426 3522 534 3576 τῶν
562 3523 764 3594 ἐτέρων
809 3525 965 3589 ζώων
994 3525 1058 3578 τδ
1086 3525 1145 3590 ἐξ
1185 3526 1349 3580 αὐτοῦ
1388 3527 1532 3581 κατὰ
1559 3526 1718 3596 φύσιν
1739 3542 1836 3597 γεο

262 3617 619 3685 γεννημένον,
672 3616 846 3680 οὕτως
901 3618 1032 3671 ῐδιον
1079 3618 1215 3671 Θεοῦ
1271 3618 1332 3672 τὸ
1383 3621 1448 3672 ὲκ
1497 3621 1597 3688 τῆς
1647 3619 1836 3682 οὐσίας

264 3705 426 3759 νοοῖτ⁹
450 3705 517 3760 ἂν
533 3700 672 3760 εἶναι
692 3707 788 3761 καὶ
811 3707 1045 3773 λέγοιτο.
1074 3725 1093 3760 ι
1123 3699 1396 3779 Πρόδηλοῦ
1417 3703 1612 3762 οὐκοῦν
1631 3709 1713 3761 ὅτι
1734 3725 1833 3761 κα-

265 3799 378 3863 θὼς
403 3799 500 3853 τοῦ
540 3798 756 3870 Πατρδς
797 3800 927 3854 ῐδιὸν
960 3802 1076 3853 ἐστι
1102 3799 1163 3853 τὸ
1193 3790 1418 3872 Πνεῦμα
1461 3802 1522 3854 τδ
1551 3801 1728 3869 ἅγιον,
1761 3802 1838 3867 ὡς

266 3891 332 3943 ὲκ
359 3889 682 3960 τῆςηοὺσίας
729 3890 896 3944 αὑτοῦ
930 3891 1023 3955 ὃν,
1069 3892 1211 3945 οὕτω
1245 3893 1338 3946 καὶ
1367 3892 1462 3945 τοῦ
1497 3893 1628 3946 Υίοῦ
1681 3893 1835 3960 ῑδιον,

267 3982 343 4043 ὡς
372 3983 437 4033 ἐκ
473 3981 571 4050 τῆς
600 3981 794 4044 οὐσίας
817 3983 986 4036 αὐτοῦ
1027 3983 1297 4052 ὑπάρχον.
1340 3985 1450 4036 Καὶ
1481 3983 1640 4038 τοῦτο
1670 4001 1839 4053 φανε-

272 4072 455 4140 ροῦσιν
489 4075 524 4143 ἦ
555 4091 614 4126 τε
648 4074 961 4144 καθαρότης
990 4076 1090 4144 τῆς
1119 4076 1522 4137 διευλυτὼσεως
1547 4075 1656 4130 τοῦ
1679 4076 1838 4130 ἰδίου

269 4165 422 4234 παρά
450 4163 545 4217 τοῦ
577 4164 746 4218 αὐτοῦ
788 4165 1052 4236 θεηγόρου
1100 4166 1194 4219 καὶ
1241 4166 1575 4237 παραδόσεις
1609 4167 1662 4218 αἱ
1694 4167 1840 4220 διδα-

269 4258 530 4310 σκαλικαὶ
579 4256 672 4310 τοῦ
706 4257 896 4322 αὐτοῦ,
948 4277 967 4309 ι
1011 4259 1220 4328 Ὥσπερ
1273 4260 1368 4312 τοῦ
1425 4260 1636 4329 Πατρδς
1687 4259 1837 4323 ἴδιον,

268 4347 414 4401 οὕτω
431 4350 524 4401 καὶ
553 4350 647 4402 τοῦ
668 4349 820 4413 Υἰοῦ,
856 4370 873 4402 ι
896 4351 1311 4418 διαγγέλλουσαι
1335 4370 1349 4383 ο
1373 4353 1509 4404 ἀλλὰ
1528 4352 1622 4404 καὶ
1653 4352 1839 4406 λοιπαὶ

272 4438 460 4490 τούτου
492 4439 680 4508 ῥήσεις
727 4441 780 4490 αἱ
813 4441 923 4492 ἄνω
970 4440 1280 4507 τεθειμέναι
1315 4441 1374 4492 τὸ
1427 4441 1502 4510 μὴ
1551 4441 1836 4513 ἀλλότριον

1937 3343 2274 3415 intelligetur
2323 3358 2466 3405 esse,
2511 3343 2850 3412 dlreturque,
2888 3343 3031 3412 quod
3057 3357 3122 3396 ex
3173 3339 3410 3395 essentia
3451 3339 3514 3392 il-

1937 3436 2041 3492 lius
2067 3437 2191 3491 erit.
2236 3454 2255 3488 ι
2303 3434 2648 3488 Manifestum
2699 3435 2880 3504 itaque
2910 3444 3015 3496 est,
3064 3433 3140 3488 uti
3178 3432 3355 3487 Patris
3384 3447 3512 3500 pro»

1938 3526 2089 3596 prius
2119 3533 2203 3578 est
2236 3522 2473 3594 Spiritus
2521 3530 2766 3585 sanctus.
2796 3522 2944 3593 quod
2988 3535 3054 3576 ex
3097 3521 3332 3578 essentia
3369 3519 3512 3572 illius

1939 3625 2042 3679 est.
2070 3617 2144 3670 ita
2177 3631 2297 3670 esse
2335 3631 2550 3686 quoque
2588 3615 2706 3669 Filii
2742 3615 3041 3685 proprium,
3071 3615 3146 3668 uti
3179 3629 3242 3667 ex
3272 3613 3511 3675 essentia

1937 3707 2084 3762 illius
2136 3706 2508 3761 exsistentem.
2562 3708 2787 3776 Hocque
2840 3707 3001 3774 plane
3048 3706 3346 3770 declarant,
3397 3715 3510 3758 tum

1937 3799 2148 3870 puritas
2176 3797 2510 3870 signiﬁcatus
2538 3799 2738 3869 proprii
2767 3799 2834 3852 ab
2865 3798 2986 3868 ipso
3036 3797 3370 3866 diviniloquo
3400 3803 3512 3850 tra-

1938 3891 2075 3954 dita,
2112 3898 2225 3945 tum
2256 3891 2542 3946 doctorum
2582 3891 2862 3946 enuntiata
2898 3891 2967 3946 de
3007 3891 3197 3945 eodem
3232 3907 3250 3940 ι
3289 3888 3366 3943 uti
3413 3891 3516 3942 Pa-

1943 3986 2041 4040 tris
2073 3984 2376 4052 proprium,
2407 3983 2479 4038 ita
2511 3991 2566 4038 et
2589 3982 2712 4038 Filii
2743 3998 2866 4038 esse
2901 4000 2920 4034 ι
2951 3979 3210 4038 essentia.
3242 3979 3384 4046 Quin
3407 3979 3515 4035 imo

1939 4084 1994 4130 et
2033 4075 2235 4145 reliqua
2279 4075 2384 4129 alia
2426 4059 2673 4146 ejusdem
2721 4075 2865 4129 dicta
2915 4089 3078 4143 supra
3124 4073 3352 4143 digesta,
3391 4087 3514 4141 quae

1939 4183 2048 4222 non
2083 4183 2203 4222 esse
2232 4167 2467 4222 alienum
2510 4167 2771 4236 Spiritum
2799 4181 2829 4220 a
2858 4165 3012 4228 Filio,
3044 4164 3139 4220 sed
3185 4180 3250 4219 ex
3290 4164 3427 4234 ipso.
3460 4171 3518 4218 et

1941 4262 2224 4332 proprium
2260 4260 2431 4330 ipsius
2460 4275 2523 4313 ex
2549 4259 2767 4316 datione
2795 4268 2849 4314 ct
2876 4258 3139 4313 missione
3169 4267 3354 4325 aperta
3383 4271 3515 4310 voce

1942 4356 2182 4417 edicunt,
2224 4364 2276 4409 et
2317 4370 2464 4410 nunc
2496 4370 2560 4408 ex
2607 4355 2856 4425 proxime
2901 4351 3063 4407 allato
3091 4350 3241 4404 brevi
3271 4350 3516 4404 testimo-

1945 4449 2035 4502 nio
2062 4448 2117 4501 in
2147 4447 2275 4500 illud
2306 4463 2321 4501 :
2356 4465 2374 4500 ι
2404 4444 2524 4500 Vidi
2559 4445 2820 4515 Spiritum
2843 4443 3283 4507 descendentem,
3321 4459 3339 4492 ι
3371 4439 3517 4509 quod

273 4531 404 4581 Υίοῦ
440 4507 683 4598 Πνεῦμα,
711 4531 845 4583 ἀλλά
870 4531 929 4582 τὸ
961 4532 1020 4596 ἐξ
1053 4533 1218 4584 αὐτοῦ
1253 4531 1349 4584 και
1398 4507 1528 4585 ἴδιον
1561 4507 1732 4588 αὑτοῦ.
1774 4536 1833 4588 ὲκ

1946 4538 2105 4609 paulo
2143 4547 2267 4592 ante
2305 4535 2648 4605 digessimus,
2693 4549 2838 4589 nunc
2868 4547 3084 4603 quoque
3118 4531 3206 4586 hic
3236 4545 3518 4600 apponen-

272 4625 369 4692 τῆς
387 4622 584 4681 δόσεὼς
599 4640 657 4675 τε
689 4625 778 4676 καὶ
805 4624 1058 4694 πέμψεως
1075 4624 1335 4694 διατόρως
1350 4627 1842 4697 ἁνακηρύττουσαι.

275 4715 385 4766 Καὶ
404 4713 498 4767 νῦν
516 4716 614 4782 τῆς
634 4715 799 4782 ἐγγύς
816 4733 919 4768 που
939 4715 1326 4786 διαληφθείσης
1352 4719 1561 4788 ρήσεως
1581 4718 1844 4790 βραχείας

275 4811 352 4869 εἰς
382 4807 466 4868 τὸ,
491 4808 570 4860 ὅτι
598 4825 618 4859 ι
651 4807 926 4876 Τεθέαμαι
961 4809 1022 4859 τὸ
1057 4809 1278 4878 Πνεῦμα
1314 4805 1661 4876 καταϐαῖνον,
1694 4831 1711 4862 ι
1743 4813 1844 4883 τὴν

275 4897 448 4968 ἀγχοῦ
487 4899 742 4968 διηγορευ
752 4899 918 4968 μένην
943 4916 1002 4950 τε
1028 4902 1120 4952 καὶ
1137 4900 1387 4953 τεθεῖσαν
1405 4900 1637 4954 ἐνταῦθα
1656 4903 1842 4966 θέντες
1869 4964 1878 4970 _

1945 4641 2044 4696 tes,
2082 4629 2211 4686 satis
2248 4628 2325 4682 rei
2357 4628 2637 4690 faciemus,
2673 4626 2819 4696 quod
2851 4625 3030 4680 verbis
3081 4625 3230 4680 hisce
3257 4624 3520 4694 exprimi-

1945 4733 2031 4778 tur
2064 4740 2077 4776 :
2116 4742 2133 4773 ι
2176 4719 2380 4775 Similis
2412 4720 2463 4773 in
2487 4718 2742 4774 omnibus
2775 4725 2856 4772 est
2883 4716 3086 4770 Christi
3125 4715 3426 4770 similitudo
3449 4716 3518 4778 ad

1943 4814 2221 4884 prOprinm
2272 4811 2442 4882 ipsius
2478 4820 2534 4866 et
2582 4810 2650 4865 ab
2680 4810 2798 4880 ipso
2843 4807 3126 4886 profusum
3167 4807 3449 4878 Spiritum,
3491 4825 3510 4858 ι

1945 4906 2163 4960 omissis
2198 4903 2318 4957 aliis
2345 4919 2452 4956 non
2480 4902 2688 4973 paucis,
2711 4917 2831 4969 qua:
2859 4900 3172 4969 frequenter
3193 4909 3514 4956 occurrunt.

277 4995 338 5046 τὸ
373 4993 554 5045 ἱκανὸν
586 4993 802 5062 ἕξομεν,
836 4993 871 5064 ἢ
903 4993 998 5046 καὶ
1043 4994 1162 5046 κατ’
1199 4993 1329 5058 ἔπος
1377 4992 1519 5046 οὕτω
1560 4994 1832 5061 διέξεισιν,
1875 5017 1893 5050 ι
1941 4996 2385 5068 Ἀπαράλλακτος
2423 4997 2456 5064 ἡ
2481 4993 2576 5048 τοῦ
2614 4993 2814 5064 Χριτοῦ
2846 4994 3100 5064 ὁμοιότης
3134 4995 3270 5064 πρὸς
3298 4993 3356 5046 τὸ
3387 4993 3518 5046 ἴδιον

281 5082 447 5138 αὐτοῦ
479 5083 722 5154 καὶπαρ*
754 5085 918 5137 αὑτοῦ
947 5084 1308 5154 προχεόμενοι)
1330 5084 1579 5156 Πνεῦμα,
1622 5104 1640 5138 ι
1678 5089 2127 5160 παραδραμόντες
2156 5089 2349 5162 ἑτέρας
2395 5090 2494 5142 οὐκ
2537 5085 2746 5155 ὀλίγας,
2775 5086 2908 5140 ἀλλὰ
2943 5089 3164 5158 συχνάς.

350 5179 416 5232 θ’.
449 5180 523 5231 Οὔ
554 5177 660 5248 μὴν
697 5178 834 5232 ἀλλά
881 5182 1100 5232 κάκεῖνο
1130 5179 1458 5250 θεωρητέον,
1507 5181 1611 5250 πρό
1639 5197 1703 5249 γε
1737 5181 1843 5234 τῶν

283 5268 642 5338 πεφθακότων
671 5269 1054 5338 ἐξετασθῆναι,
1089 5271 1217 5339 περὶ
1253 5271 1561 5343 ἀποστολῆς
1606 5271 1642 5326 ἆ
1673 5289 1844 5343 φησιν

280 5367 304 5412 r;
337 5360 504 5429 ἄκρος
526 5361 730 5429 ταύτης
759 5359 1071 5432 ἐξεταστὴς,
1107 5360 1250 5414 οῦτω
1280 5362 1344 5430 δὴ
1366 5361 1578 5426 διεξιών
1598 5381 1609 5394 ο
1644 5383 1662 5415 ι
1687 5365 1844 5417 Ἀπο-

285 5449 496 5503 στέλλει
519 5467 600 5515 τις
626 5451 810 5504 δοῦλον
835 5453 868 5518 ἢ
895 5455 1010 5506 υίὸν
1040 5454 1168 5524 παρ’
1199 5453 1361 5507 ἄλλου
1395 5454 1554 5507 τοῦτο
1575 5455 1776 5518 λαϐὼν,
1807 5456 1840 5526 ἢ

283 5543 376 5594 καὶ
410 5541 572 5604 αὐτὸς
611 5541 774 5611 ἔχων.
818 5544 1190 5613 Σκοπήσωμεν
1222 5543 1402 5596 τοίνυν
1449 5545 1568 5598 τίνα
1599 5546 1846 5608 θεσπίζει

282 5633 345 5686 τὸ
379 5633 578 5686 σεπτὸν
616 5635 944 5702 Εὐαγγὲλιον
977 5636 1104 5704 περὶ
1140 5635 1419 5704 πέμψεως.
1470 5637 1723 5707 Ἰωάννης
1752 5638 1851 5707 μὲν

287 5727 320 5794 ἠ
368 5728 466 5790 τῆς
524 5725 802 5794 θεολογίας
857 5726 1139 5796 ἀκρώρεια
1173 5728 1247 5789 ὡς
1294 5727 1359 5779 ἐκ
1413 5727 1706 5797 προσώπου
1753 5727 1848 5780 τοῦ

287 5812 525 5884 Χριστοῦ
582 5819 819 5884 φάσκει·
872 5837 890 5870 ι
931 5819 1010 5870 Ta
1064 5819 1201 5888 ἔργα
1232 5818 1268 5872 ἀ
1297 5819 1408 5887 ἐγὼ
1451 5820 1609 5882 ποιῶ,
1645 5838 1851 5892 μαρτυ-

290 5911 376 5978 ρεῖ
410 5913 537 5985 περὶ
569 5913 726 5983 ἐμοῦ,
755 5915 832 5967 ὅτι
885 5915 914 5967 6
976 5915 1164 5984 Πατήρ
1222 5929 1288 5984 με
1329 5913 1636 5980 ἀπέστειλε,
1697 5915 1788 5968 καὶ
1822 5916 1850 5968 6

2022 5181 2076 5238 9.
2108 5182 2212 5237 Sed
2268 5183 2400 5236 illud
2441 5197 2656 5250 quoque
2708 5179 3163 5234 considerandum
3222 5189 3324 5240 cst,
3373 5181 3516 5247 qttnd

1955 5284 2078 5329 ante
2120 5275 2233 5342 jam
2285 5274 2424 5328 dicta
2458 5272 2749 5327 examinari
2799 5273 3081 5335 debuerat,
3133 5273 3272 5340 quod
3325 5287 3520 5340 nempe

1955 5367 2021 5422 de
2051 5365 2306 5420 missione
2336 5365 2499 5419 tradit
2531 5379 2778 5418 summus
2806 5363 2950 5416 illius
2995 5362 3340 5430 dijudicator,
3376 5363 3520 5415 hunc

1953 5456 2007 5511 in
2058 5457 2275 5511 modum
2310 5456 2659 5511 edisserens:
2706 5473 2724 5506 ι
2765 5454 2924 5508 Mittit
2969 5454 3238 5523 quispiam
3299 5469 3517 5508 servum

1951 5557 2045 5602 aut
2069 5547 2258 5609 tilium,
2274 5547 2342 5601 ab
2363 5547 2468 5601 alio
2495 5547 2547 5600 id
2569 5546 2864 5615 accipiens,
2881 5554 2972 5598 aut
2996 5562 3024 5597 τι
3057 5545 3234 5615 seipso
3255 5545 3479 5601 habens.
3495 5564 3513 5596 ι

1949 5637 2370 5692 Consideremus
2399 5638 2579 5707 itaque
2609 5644 2731 5707 qua!
2788 5636 2856 5690 de
2889 5634 3148 5690 missione
3180 5637 3520 5690 venrandum

1951 5729 2301 5798 Evangelittm
2351 5727 2616 5782 decernit.
2648 5726 2890 5782 Joannes
2945 5726 3225 5796 lbeologize
3275 5743 3522 5781 summus

1951 5837 2084 5889 apex
2139 5836 2204 5875 ex
2263 5835 2494 5889 persona
2533 5818 2734 5873 Christi
2787 5818 2966 5875 dicit:
3005 5835 3023 5870 ι
3060 5820 3230 5889 Opera
3276 5833 3396 5887 quae
3421 5833 3521 5887 ego

1955 5913 2114 5978 facio,
2171 5910 2536 5969 testimonium
2588 5910 2876 5981 perhibent
2914 5910 2980 5965 dc
3031 5924 3138 5976 me,
3176 5909 3317 5979 quod
3368 5908 3526 5964 Pater
