4020 6566
239 458 259 519 1
273 454 377 519 337

1223 445 1523 505 CONTRA
1561 442 1988 504 MANUELEM
2022 439 2500 501 CRETENSEM.

3356 423 3489 490 I338

239 567 396 637 παρά
426 563 520 620 τοῦ
575 562 709 616 Υίοῦ
748 558 905 614 τοῦτο
942 556 1365 621 κατασκευάζει,
1398 556 1661 624 φάμενος,
1698 573 1717 605 ι
1751 554 1812 607 Et
1841 598 1848 615 ,

1955 554 2114 609 il'esto
2152 554 2439 608 declarans
2471 549 2636 621 quod,
2665 548 2791 604 licet
2815 562 2883 604 ex
2925 547 3083 602 Patre
3117 543 3274 599 ambo
3303 544 3412 599 sint
3436 552 3493 597 et

239 660 351 727 γάρ
379 673 465 719 τις
495 653 720 723 Πνεῦμα
775 647 1012 721 Χριστοῦ
1060 649 1161 702 οὐκ
1190 647 1323 717 ἔχει,
1354 640 1508 706 οὗτος
1534 647 1637 698 οὐκ
1667 644 1810 697 ἐστιν

241 749 438 813 αὐτοῦ,
469 767 489 800 ι
519 747 616 800 καὶ
643 742 1005 814 συνημμένως
1047 739 1272 808 ὲπάγει·
1314 756 1334 789 ι
1374 735 1580 790 Οὐκοῦν
1618 734 1680 787 τὸ
1714 734 1813 804 μὲν

242 843 471 912 Πνεῦμα
491 844 555 895 ὲκ
574 839 668 893 τοῦ
691 837 825 893 Θεοῦ
853 835 933 898 ὃν,
957 836 1050 890 καὶ
1072 834 1308 906 Χριστοῦ
1341 832 1561 899 Πνεῦμά
1590 832 1760 895 ἐστιν,
1790 849 1809 881 ι

243 934 521 1003 ἀριδήλως
555 929 890 1001 σαφηνίζων,
920 928 995 991 ὡς
1023 930 1072 981 εί
1111 926 1206 979 καὶ
1229 927 1292 978 ὲκ
1324 924 1418 978 τοῦ
1450 922 1662 994 Πατρδς
1685 922 1816 975 ἐκά-

245 1042 383 1095 τερα
420 1025 451 1078 δ
477 1025 602 1086 Υἱὸς
634 1024 727 1076 καὶ
754 1022 812 1073 τὸ
843 1020 1086 1090 Πνεῦμα.
1114 1019 1209 1071 καὶ
1239 1017 1417 1070 κοινὸν
1447 1017 1647 1083 ἀμφοῖν
1675 1013 1733 1065 τὸ
1756 1015 1821 1064 ὲκ

246 1117 343 1170 τοῦ
380 1116 616 1186 Πατρὶς,
654 1113 770 1168 ἀλλ’
803 1114 862 1166 οὐ
892 1114 1071 1167 κοινὸν
1104 1113 1197 1164 καὶ
1221 1109 1283 1162 τι
1313 1111 1376 1161 ἐκ
1402 1107 1627 1176 θατέρου
1664 1106 1820 1158 θάτε-

254 1224 350 1276 ρον
385 1203 525 1259 εἶναι
588 1205 728 1258 κοιτά
776 1203 935 1270 λόγον
979 1202 1366 1270 ἀντιστροφῆς.
1428 1197 1563 1251 ἀλλὰ
1614 1195 1671 1249 ab
1725 1193 1822 1255 μὲν

252 1298 483 1365 Πνεῦμα
532 1299 597 1350 ἐκ
635 1294 730 1349 τοῦ
760 1294 895 1347 Θεοῦ
933 1292 1013 1357 ὃν,
1048 1309 1111 1345 το
1126 1293 1327 1344 ντέστιν
1357 1292 1419 1342 ὲκ
1451 1289 1547 1340 τοῦ
1590 1287 1822 1356 Πατρδς,

252 1391 354 1444 καὶ
406 1387 647 1460 Χριστοῦ
678 1372 902 1458 Πνεῦμά
950 1388 1086 1446 ἐστι,
1128 1384 1206 1436 διδ
1235 1384 1328 1437 καὶ
1358 1384 1419 1433 ἐκ
1452 1379 1548 1433 τοῦ
1590 1376 1824 1448 Χριστοῦ

258 1469 530 1551 κατάτὴν
562 1480 726 1533 αὐτοῦ
749 1477 843 1531 τοῦ
879 1477 1112 1547 μεγάλου
1149 1475 1432 1542 ἐγγυτάτω
1460 1469 1826 1540 κατασκευὴν,

257 1579 324 1628 ὲκ
353 1574 448 1627 τοῦ
481 1573 709 1642 Πνεῦμα
743 1568 979 1640 Χριστοῦ
1006 1566 1395 1635 θεολογείσθαι,
1430 1564 1490 1617 τί)
1519 1563 1613 1616 καὶ
1642 1566 1706 1615 ὲκ
1734 1561 1829 1614 τοῦ

260 1666 502 1738 Χριστοῦ
537 1662 680 1718 εἶναι
705 1661 1099 1735 τρανώσαντος,
1150 1679 1168 1711 ι
1213 1658 1273 1713 Ὀ
1301 1658 1356 1711 δὲ
1390 1656 1541 1719 Υἱὸς,
1586 1675 1604 1707 ι
1641 1657 1830 1725 φησὶν,

267 1776 288 1809 ι
321 1760 388 1810 ἐκ
414 1755 506 1810 τοῦ
534 1756 670 1808 Θεοῦ
707 1753 803 1819 ὢν,
853 1753 1037 1805 οὐκέτι
1089 1750 1183 1804 καὶ
1224 1747 1318 1802 τοῦ
1366 1747 1682 1816 Πνεύματος
1707 1744 1831 1798 οὗτε

262 1849 439 1909 ἐστιν.
469 1847 593 1900 οῦτε
614 1845 854 1914 λέγεται,
879 1844 997 1896 οὐδὲ
1026 1841 1373 1911 ἀντιστρέφει
1400 1841 1432 1908 ἡ
1461 1837 1682 1909 σχετικὴ
1704 1840 1831 1891 ἁκο-

263 1941 461 1994 λουθία
494 1940 656 2008 αῦτη.
704 1956 724 1991 ι
763 1939 825 1990 Et
846 1937 1025 1989 τοίνυν
1047 1936 1120 1996 ὡς
1154 1933 1373 1999 Πνεῦμα
1405 1930 1642 2002 Χριστοῦ
1669 1928 1836 1980 Πνεῦ-

275 2051 447 2105 ματος
476 2033 734 2103 λεχθῆναι
757 2028 991 2099 Χριστὸς
1015 2025 1383 2092 ἀντιστρόφως
1413 2025 1475 2074 ἐκ
1506 2019 1836 2090 τῆςτοιᾶσδε

270 2124 434 2194 φύσει
460 2122 716 2193 σχετικῆς
745 2117 1065 2178 ἀκολουθίας
1085 2117 1146 2167 οὔ
1169 2114 1413 2174 δύναται,
1450 2110 1568 2171 πῶς
1594 2108 1652 2172 ἐξ
1672 2106 1841 2173 αὐτῆς

271 2214 653 2283 ὼςάποστολὴ
704 2213 856 2280 παρά
907 2206 1146 2276 Χριστοῦ
1203 2204 1540 2270 Πνεύματος,
1571 2197 1840 2268 ἀποστολὴ

270 2310 426 2378 παρὶι
484 2304 800 2368 Πνεύματος
845 2299 1078 2369 ῥηθῆναι
1139 2292 1373 2363 Χριστοῦ
1422 2293 1561 2345 κατά
1616 2291 1707 2343 τὸν
1742 2290 1843 2356 τῆς

272 2401 530 2467 θεότητος
556 2398 713 2463 λόγον
741 2392 1109 2461 ἀντιστρόφως
1168 2388 1486 2455 δυνήσεται;
1546 2385 1661 2436 Οὐκ
1695 2382 1844 2435 ἔστιν

272 2490 528 2560 οὐδαμῶς
548 2488 705 2540 τοῦτο
728 2489 825 2556 τῆς
850 2484 1208 2537 θεοπνεύστου
1233 2481 1458 2549 Γραφῆς
1482 2476 1841 2547 ὁπουδήποτε.

278 2586 387 2638 Καί
419 2602 480 2653 γε
517 2582 576 2636 τὸ
608 2584 750 2639 τινὸς
774 2578 1065 2646 λεγόμενον
1088 2574 1448 2643 ἀντιστροφὴν
1479 2574 1541 2625 ὲκ
1569 2573 1668 2641 τῆς
1690 2586 1844 2639 φυστ-

276 2681 384 2750 κῆς
415 2679 651 2748 σχέσεως
672 2674 748 2745 μὴ
767 2671 1075 2741 δεχόμενον,
1094 2667 1152 2732 ἐξ
1170 2663 1333 2718 αὑτοῦ
1355 2667 1503 2717 ἐστιν
1519 2661 1847 2732 ἀναντιρῤή.

277 2790 409 2836 τως,
459 2766 520 2824 οὗ
555 2772 806 2835 λέγεταν
853 2760 964 2816 οἷον
1020 2757 1199 2814 τὸτοῦ
1253 2755 1420 2826 φυτοῦ
1471 2754 1631 2817 ἀνθος
1657 2753 1847 2806 τούτου

278 2866 439 2925 ἄνθος
468 2861 780 2929 λεγόμενον,
808 2857 903 2909 καὶ
936 2854 1010 2924 μὴ
1040 2852 1173 2921 πρὸς
1197 2851 1327 2903 αὐτὸ
1353 2845 1849 2916 ἀντεστραμμένως

1915 646 2080 700 Filius
2101 656 2156 700 et
2184 644 2440 714 Spiritus,
2476 652 2532 698 et
2557 642 2773 711 utrique
2805 653 3095 696 commune
3120 646 3204 692 est
3233 650 3297 691 ex
3332 631 3492 687 Patre

1917 754 2059 802 esse,
2096 747 2333 792 attamen
2364 750 2655 790 commune
2685 749 2795 788 non
2822 740 3014 788 estex
3057 730 3164 785 alio
3191 727 3339 809 aliud
3369 741 3491 781 esse

1918 830 2215 884 secundum
2235 827 2611 881 conversionis
2632 837 2902 888 naturam,
2926 821 3278 892 sedSpiritus
3297 835 3361 875 ex
3381 819 3492 872 Dee

1917 939 2041 978 cum
2072 923 2161 987 sit,
2196 937 2260 975 ex
2295 920 2453 975 Patre
2515 934 2734 989 nempe,
2774 929 2830 972 et
2858 916 3056 971 Christi
3105 912 3341 985 Spiritus
3386 923 3492 972 est,

1920 1016 2149 1083 ideoque
2180 1029 2242 1067 ex
2268 1011 2487 1067 Christo
2515 1009 2812 1065 secundum
2848 1009 3026 1077 magni
3061 1006 3290 1076 hujusce
3320 1001 3497 1056 Patris
3544 1008 3565 1021 ‘

1921 1105 2321 1176 probationem,
2349 1102 2440 1173 qui
2497 1117 2562 1156 ex
2596 1116 2662 1156 eo
2701 1100 2845 1169 quod
2894 1097 3131 1168 Spiritus
3158 1096 3365 1151 Christi
3396 1094 3495 1147 de-

1923 1205 2202 1259 cernatur,
2237 1210 2304 1248 ex
2354 1193 2572 1248 Christo
2609 1192 2771 1246 etiam
2807 1205 2927 1245 esse
2973 1187 3267 1243 declaravit
3297 1204 3313 1244 :
3354 1204 3372 1237 ι
3410 1184 3500 1240 Fi-

1924 1288 2031 1341 lius
2066 1302 2214 1349 vero,
2258 1304 2276 1337 ›
2326 1286 2423 1350 ait,
2462 1303 2479 1334 ι
2517 1299 2579 1338 es
2619 1285 2728 1338 Deo
2771 1297 2893 1336 cum
2931 1281 3020 1341 sit.
3055 1293 3159 1332 non
3210 1287 3500 1349 estneque

1927 1379 2182 1449 Spiritus.
2231 1393 2407 1445 neque
2440 1376 2660 1439 dicitur,
2708 1383 2765 1428 et
2812 1371 3134 1427 correlativa
3184 1370 3299 1424 haec
3328 1372 3501 1423 series

1928 1485 2039 1523 non
2090 1468 2444 1524 convertitur.
2485 1486 2503 1519 ι
2541 1465 2597 1521 Si
2656 1458 2840 1536 itaqu'e
2881 1467 2957 1521 uti
3005 1464 3245 1534 Spiritus
3274 1460 3504 1525 Christi,

1930 1561 2171 1615 vicissim
2235 1560 2471 1629 Spiritus
2517 1558 2790 1624 Christus,
2834 1574 2901 1613 ex
2956 1557 3122 1612 simili
3183 1554 3504 1610 correlativa

1934 1655 2077 1708 serie
2101 1652 2206 1707 dici
2234 1668 2341 1707 non
2372 1660 2571 1721 potest,
2615 1665 2724 1720 quo
2759 1650 2922 1704 modo
2950 1664 3018 1704 ex
3054 1648 3245 1703 eadem
3282 1646 3357 1701 uti
3387 1647 3510 1700 mis-

1935 1748 2019 1801 sio
2050 1745 2287 1815 Spiritns
2310 1764 2340 1799 a
2378 1745 2600 1799 Christo
2644 1743 2857 1810 missio,
2885 1743 3073 1797 missio
3097 1740 3296 1797 Christi
3327 1756 3355 1794 a
3384 1739 3509 1809 Spi-

1937 1839 2047 1892 ritu
2083 1836 2382 1890 secnndum
2417 1835 2679 1888 rationem
2710 1833 3011 1888 divinitatis
3042 1834 3159 1886 vice
3210 1846 3365 1885 versa
3401 1828 3507 1883 dici

1941 1928 2174 1998 poterit?
2220 1927 2382 1980 Nullo
2428 1926 2480 1979 id
2534 1927 2587 1979 in
2626 1924 2748 1979 loco
2795 1923 3060 1978 divinitus
3117 1922 3506 1993 inspiratarutn

1942 2019 2344 2088 Sertptnrarum
2368 2018 2662 2071 inveneris.
2693 2015 2843 2070 Licet
2867 2016 3011 2084 quod
3035 2014 3265 2084 alicujus
3289 2014 3509 2073 dicitur.

1941 2114 2083 2184 quod
2116 2123 2295 2167 tamen
2333 2110 2744 2165 conversionem
2794 2123 2858 2162 ex
2904 2107 3136 2162 naturali
3192 2106 3514 2161 habitudine

1941 2219 2050 2259 non
2083 2202 2354 2266 admittat,
2387 2200 2505 2254 sine
2538 2199 2646 2253 ulla
2677 2199 3016 2253 dubitatione
3039 2213 3105 2251 ex
3133 2213 3200 2251 eo
3221 2207 3324 2260 est,
3358 2196 3516 2261 Cujus

1945 2296 2184 2350 dicitur:
2223 2295 2397 2364 qualis
2426 2301 2510 2348 est
2553 2293 2752 2361 plantae
2783 2290 2902 2351 llos,
2943 2290 3034 2359 qui
3077 2289 3221 2343 illius
3255 2287 3352 2340 llos
3382 2287 3518 2340 dici-

1947 2400 2052 2449 tur,
2086 2402 2188 2441 nec.
2223 2396 2403 2440 tamen
2434 2400 2558 2455 erga
2600 2385 2746 2438 illam
2791 2384 3148 2446 convertitur,
3181 2382 3255 2435 ita
3283 2389 3341 2434 ut
3371 2379 3521 2432 illius

1948 2482 2130 2550 planta
2153 2481 2383 2543 dicatur,
2417 2493 2480 2533 ex
2512 2494 2574 2532 ea
2610 2484 2695 2530 est
2728 2477 2971 2531 omnium
3001 2475 3209 2529 calculo
3234 2471 3391 2541 cujus
3424 2471 3520 2524 ﬂos

1948 2575 2167 2629 dicitur.
2203 2574 2267 2627 Et
2302 2574 2439 2643 ignis
2468 2572 2633 2634 calor,
2665 2569 2758 2639 qui
2791 2568 3203 2622 conversionem
3236 2581 3346 2619 non
3379 2563 3523 2616 reci-

1950 2665 2050 2737 pit,
2068 2664 2206 2717 adeo
2228 2673 2285 2716 ut
2310 2663 2450 2732 ignis
2478 2662 2688 2716 dicatur
2712 2658 2929 2724 caloris,
2952 2673 3012 2711 ex
3035 2671 3099 2711 eo
3121 2665 3225 2719 est,
3251 2655 3408 2725 cujus
3430 2670 3523 2709 ca-

1948 2759 2033 2813 lor
2064 2764 2427 2827 nuncupatur.
2450 2754 2541 2809 Sic
2572 2769 2631 2808 se
2662 2753 2827 2807 habet
2862 2760 2915 2805 et
2939 2749 3102 2804 fontis
3123 2765 3282 2817 aqua.
3312 2758 3367 2803 ct
3396 2749 3529 2802 solis

1952 2850 2159 2912 lumen,
2204 2862 2324 2916 qua:
2370 2844 2782 2899 conversionem
2824 2843 3096 2905 nesciunt,
3145 2857 3212 2894 ex
3259 2841 3327 2893 iis
3377 2848 3525 2900 sunt,

279 2956 428 3024 ἔχειν
459 2952 768 3020 νοούμενον,
812 2948 886 3008 ὡς
933 2943 1124 2997 τούτου
1173 2943 1234 2994 τὸ
1286 2941 1454 3009 φυτὸν
1488 2937 1756 3007 λελέχθαι,
1794 2935 1848 2999 ἐξ

1952 2956 2184 3009 quorum
2226 2953 2345 2993 esse
2401 2939 2677 3003 dicuntur,
2710 2945 2763 2990 et
2814 2934 2914 2988 alia
2967 2935 3208 3001 similia;
3266 2940 3324 2987 ut
3363 2949 3425 2986 ex
3462 2934 3533 2986 iis

282 3045 450 3101 αὑτοῦ
486 3051 630 3097 ἐστιν
650 3039 1115 3110 ὁμολογουμένως,
1143 3027 1203 3088 οῦ
1235 3034 1391 3095 ἄνθος
1414 3032 1653 3098 λέγεται.
1685 3030 1793 3082 Καὶ
1817 3030 1848 3097 ὴ

1955 3048 2076 3103 qum
2109 3041 2259 3099 sunt,
2292 3032 2382 3086 illa
2414 3047 2531 3100 quae
2559 3037 2722 3098 supra
2758 3042 2821 3083 ea
2861 3036 3009 3091 sunt,
3038 3026 3186 3081 tenui
3215 3024 3537 3080 similitudi-

283 3137 379 3191 τοῦ
412 3135 584 3204 πυρὸς
624 3135 773 3197 ζέσις
825 3129 899 3199 μὴ
931 3129 992 3181 τὸ
1045 3127 1144 3196 τῆς
1174 3122 1539 3193 ἀντιστροφῆς
1564 3117 1848 3190 δεχομένη,

1954 3127 2047 3199 nis,
2073 3126 2307 3196 imagine
2334 3131 2785 3195 repraesentemus
2814 3137 2829 3187 ;
2866 3129 2925 3174 ut
2969 3120 3203 3189 quodam
3232 3119 3284 3172 in
3310 3117 3430 3173 loco
3453 3116 3533 3170 vi-

284 3234 360 3292 ῶς
392 3231 453 3282 τὸ
474 3229 584 3296 πῦρ
607 3224 893 3279 καλεῖσθαι
916 3225 1018 3288 τῆς
1037 3218 1261 3283 ζέσεως,
1287 3217 1343 3283 ἐξ
1363 3214 1526 3268 αὑτοῦ
1552 3216 1700 3267 ἐστιν
1719 3212 1847 3280 ἄρα,

1952 3218 2192 3289 gilantize
2220 3214 2585 3286 cognominis,
2617 3224 2672 3268 et
2718 3212 3097 3283 theologorum
3125 3225 3261 3278 apex
3290 3206 3539 3263 doctoris

284 3319 347 3378 οῦ
374 3323 523 3387 (tot:
563 3315 1011 3384 κατονομάζεται.
1045 3309 1322 3377 Ὡσαύτως
1364 3307 1476 3374 ἔχει
1530 3307 1624 3357 καὶ
1656 3302 1717 3355 τδ
1753 3302 1850 3371 τῆς

287 3413 479 3483 πηγῆς·
502 3410 669 3480 ὕδωρ,
695 3407 788 3460 καὶ¹
811 3405 872 3457 τὸ
901 3403 995 3456 τοῦ
1025 3403 1174 3472 ἡλίου
1203 3398 1318 3468 φῶς
1337 3414 1351 3429 ·
1382 3394 1750 3464 ἀντιστροφὴν
1782 3393 1855 3461 μὴ

288 3504 491 3564 εἰδότα,
531 3499 589 3563 ἐξ
623 3497 801 3551 αὐτῶν
831 3498 968 3547 εἰσιν
1007 3485 1084 3545 ὧν
1110 3492 1217 3560 ἄρα
1251 3489 1519 3555 λέγονται.
1558 3485 1667 3537 Καὶ
1695 3484 1858 3534 λοιπά

290 3592 676 3664 παραπλήσια,
709 3587 785 3651 ὡς
812 3588 880 3640 ἂν
906 3587 970 3638 ὲκ
994 3582 1104 3636 τῶν
1140 3581 1309 3634 ὄντων
1338 3578 1405 3632 τά
1444 3578 1584 3648 ὑπὲρ
1619 3577 1689 3628 τά
1731 3574 1858 3627 ὄντα

293 3686 417 3740 κατ’
471 3680 717 3752 ἀμυδρὰν
763 3677 1012 3738 εἰκασίας
1070 3672 1370 3742 ἐμφέρειαν
1412 3670 1857 3732 ἀνεικονίσωμενι

295 3777 441 3831 καθά
471 3791 572 3828 που
597 3775 697 3842 τῆς
725 3770 1076 3840 γρηγόρσεως
1101 3768 1129 3818 ὁ
1149 3763 1456 3832 ἐπώνυμος,
1482 3763 1577 3816 καὶ
1597 3761 1862 3824 θεολόγων

297 3869 559 3939 ἀκρέμων
617 3858 1014 3921 διδασκαλικῶς
1074 3856 1455 3925 ἀποφαίνεται.
1507 3854 1630 3907 Τῶν
1658 3847 1752 3905 οῦν
1805 3854 1864 3903 ὲν

299 3965 421 4024 ταῖς
452 3957 771 4028 θεαρχικαῖς
797 3951 1127 4006 ὑποστάσεσι
1160 3949 1419 4020 πέμψεων
1469 3949 1534 4000 ἐκ
1555 3947 1666 3999 τῶν
1703 3946 1865 4014 ἱερῶν

298 4054 396 4109 τοῦ
424 4047 756 4119 Εὑαγγελίου
780 4045 976 4113 λογίων
1003 4046 1062 4097 ὲν
1090 4042 1299 4103 τούτοις
1326 4040 1738 4108 θεωρουμένων,
1771 4038 1867 4089 καὶ

301 4144 786 4213 διευλυτουμόνων,
817 4136 875 4203 ἐξ
900 4133 975 4189 ὧν
1003 4136 1051 4187 οί
1075 4132 1492 4202 θεοφορούμενοι
1517 4129 1868 4197 φθέγγονται,

304 4240 400 4301 καὶ
428 4239 537 4291 τῶν
578 4237 634 4288 ὲν
664 4234 772 4293 τοῖς
795 4228 1185 4299 λειτουργικοῖς
1218 4224 1522 4294 πνεύμασιν
1551 4223 1749 4290 ἑτέρως
1797 4221 1868 4280 ὡς

304 4324 878 4398 καθυπηρετουμένοις
923 4319 1115 4389 ἀνήκει
1170 4316 1412 4378 κτιστοῖς
1464 4314 1560 4366 καὶ
1606 4329 1872 4381 περιγρασ

1958 3315 2012 3368 in
2042 3325 2246 3365 morem
2272 3310 2536 3365 decernit.
2559 3306 2914 3379 .Missionihus
2946 3304 3127 3373 itaque
3158 3317 3277 3370 quae
3313 3301 3365 3354 in
3391 3301 3535 3354 divi-

1959 3405 2146 3460 nitatis
2197 3402 2537 3473 principibus
2582 3398 2964 3470 bypostasihus
2997 3392 3437 3453 considerantur,
3468 3407 3534 3445 ex

1958 3492 2288 3565 evangelicis
2311 3490 2502 3560 elogiis
2534 3489 2606 3541 ita
2640 3485 2925 3554 expositis,
2951 3491 3006 3536 et
3038 3497 3101 3534 ex
3136 3480 3293 3533 dictis
3320 3477 3536 3531 divino-

1961 3605 2080 3642 rum
2123 3587 2342 3640 Patrum
2389 3579 2733 3643 examinatis,
2771 3586 2825 3630 et
2856 3590 2976 3644 qua:
3025 3575 3081 3627 in
3130 3573 3539 3627 administrato-

1962 3679 2053 3734 riis
2080 3677 2384 3746 spiritibus,
2433 3673 2512 3726 uti
2558 3669 2894 3726 administris
2934 3666 3190 3735 congruit
3236 3664 3438 3718 creatis
3483 3670 3539 3715 ct

1962 3768 2393 3837 circumscriptis
2420 3765 2526 3819 alio
2558 3773 2721 3831 atque
2749 3760 2854 3815 alio
2886 3758 3047 3812 modo
3079 3772 3137 3810 se
3171 3754 3372 3809 habere
3398 3753 3541 3822 diju-

1963 3861 2177 3922 dicatis,
2211 3859 2301 3927 qui
2353 3855 2671 3911 missionum
2722 3850 3062 3906 differentias
3091 3863 3155 3902 ex
3210 3845 3445 3917 propriis
3485 3843 3538 3898 in

1967 3952 2204 4008 medium
2238 3949 2419 4009 aﬂ'ert,
2461 3947 2700 4016 dicitque
2732 3963 2744 3998 :
2781 3962 2799 3995 ι
2835 3942 2998 3996 Mittit
3048 3940 3316 4011 quispiam
3374 3935 3541 3990 [ilium

1969 4055 2064 4100 aut
2117 4059 2359 4104 servum,
2387 4043 2469 4096 vel
2503 4040 2704 4094 aliunitl
2742 4038 2909 4098 aliud,
2942 4036 3010 4089 al)
3058 4035 3165 4087 alio
3214 4031 3344 4086 illud
3400 4028 3545 4084 acci-

1971 4140 2148 4209 piens,
2181 4138 2296 4191 sive
2340 4150 2404 4189 ex
2429 4135 2611 4202 seipse
2635 4132 2864 4195 habens,
2902 4150 2920 4181 ι
2964 4143 3089 4182 cum
3136 4125 3203 4180 ad
3241 4126 3351 4194 jam
3372 4123 3547 4177 dictas

1972 4232 2280 4284 divinarum
2327 4238 2683 4296 personarum
2730 4219 3021 4274 missiones
3074 4215 3395 4283 rcSpiciens,
3432 4212 3551 4266 lucc

1973 4329 2247 4391 aggregat,
2290 4316 2355 4371 ad
2383 4315 2657 4384 quodnam
2709 4328 2776 4367 ex
2819 4311 2906 4365 his
2941 4317 3179 4363 mentem
3215 4305 3549 4368 intendens,l

305 4425 486 4485 πτοῖς,
577 4416 867 4497 διαιρέσεις
895 4408 1208 4464 ἀποστολῶν
1229 4406 1441 4460 οἴκοθεν
1460 4406 1551 4457 ἐπὶ
1580 4404 1673 4456 τοῦ
1705 4404 1848 4470 μέσοι

1975 4412 2171 4467 similia
2200 4407 2513 4478 complicat,
2560 4405 2875 4460 discernere
2912 4416 3017 4455 non
3064 4400 3239 4453 valeo.
3274 4397 3352 4451 Ad
3382 4411 3549 4449 unum

307 4512 611 4584 παράγων,ε
637 4491 733 4561 καὶ
767 4506 1029 4573 φάσκων
1083 4518 1103 4552 ι
1155 4496 1502 4552 Ἀποστέλλει
1545 4512 1627 4556 τις
1657 4494 1792 4555 υίδν,
1839 4495 1848 4544 i

1978 4502 2122 4558 enim
2158 4500 2411 4569 idemque
2449 4495 2818 4566 respiciendo.
2848 4493 2951 4548 ista
2985 4491 3205 4545 videtur
3229 4500 3548 4558 congerere.

305 4567 493 4660 δοῦλον
528 4601 561 4669 ἡ
583 4567 644 4651 ’τι
692 4567 882 4664 ἓτερον
924 4593 1058 4661 παρ’
1082 4590 1243 4644 ἀλλου
1266 4589 1424 4642 τοῦτο
1452 4587 1654 4650 λαϐὼν,
1688 4588 1722 4656 ἢ
1777 4604 1847 4639 κα

1978 4592 2037 4647 Si
2086 4592 2267 4660 itaque
2297 4567 2363 4644 ad
2410 4589 2644 4650 Patrem,
2678 4599 2906 4641 suorum
2954 4582 3227 4637 dictorum
3287 4580 3549 4648 primum,

308 4697 476 4758 αὐτὸς
531 4694 689 4762 ἔχων,
728 4706 749 4742 ο
793 4685 981 4757 ἐπειδὴ
1034 4684 1167 4754 πρὸς
1197 4684 1297 4744 τὰς
1350 4679 1740 4748 διειλημμένας
1769 4678 1846 4730 τῶ

1979 4685 2289 4754 duplexque
2330 4680 2544 4741 divisio,
2584 4679 2711 4733 licet
2753 4675 3088 4732 conveniens
3132 4679 3347 4733 servat,
3387 4670 3454 4725 ab
3486 4685 3553 4725 eo

311 4789 515 4845 θεῖκῶν
543 4782 853 4856 προσώπων
885 4777 1123 4848 πέμψεις
1147 4774 1369 4844 ἀφορῶν
1397 4772 1569 4826 ταῦτα
1618 4771 1848 4840 συνείρει

1982 4788 2160 4832 tamen
2207 4775 2507 4831 secundum
2560 4773 2717 4842 longe
2748 4776 2853 4824 est.
2888 4766 3036 4829 Ltuid
3091 4764 3237 4819 enim
3277 4771 3380 4827 est,
3409 4762 3555 4830 quod

312 4883 455 4953 πρὸς
479 4881 629 4931 ποῖον
651 4875 857 4927 τούτων
880 4868 1296 4935 ἀποτεινόμενος
1321 4864 1629 4922 ὲπιπλέκει.
1650 4863 1848 4933 συνορᾷ

1982 4871 2161 4924 mittat
2205 4868 2367 4922 Pater
2428 4868 2495 4919 ah
2555 4866 2664 4918 alio
2708 4863 2760 4916 id
2821 4858 3135 4930 accipiens?
3165 4858 3284 4912 Hoc
3342 4856 3555 4909 nullum

313 4975 417 5027 οὐκ
467 4970 597 5040 ἔχω.
631 4967 773 5037 Πρὸς
799 4965 896 5018 ἕνα
931 4962 1039 5032 γὰρ
1077 4961 1169 5013 καὶ
1218 4961 1310 5012 τὸν
1338 4959 1500 5011 αὐτὸν
1532 4957 1880 5017 ἀποϐλέπων,

312 5064 459 5119 οὕτω
480 5061 733 5130 φαίνεται
765 5055 1054 5118 συντιθείς.
1080 5053 1141 5107 El
1161 5052 1262 5123 μὲν
1288 5047 1380 5106 οὖν
1398 5052 1533 5117 πρὸς
1546 5051 1637 5103 τὸν
1660 5050 1882 5119 Πατέρα

312 5159 425 5213 τῶν
452 5153 615 5209 αὐτοῦ
643 5151 839 5219 λόγων,
885 5151 913 5202 ὁ
950 5146 1050 5217 μὲν
1096 5146 1312 5215 πρῶτος
1345 5144 1440 5197 καὶ
1473 5143 1692 5207 διπλοῦς
1723 5160 1882 5212 μερι-

316 5252 480 5322 σμὸς,
509 5251 559 5302 εἰ
587 5246 681 5300 καὶ
699 5245 763 5297 τὸ
787 5240 1056 5315 ἁρμόττον
1085 5240 1262 5310 τηρεῖ,
1293 5237 1411 5293 ἀλλ’
1438 5237 1535 5307 οὐχ
1557 5239 1585 5289 ό
1609 5236 1881 5305 δεύτερος.

316 5347 385 5402 Τί
436 5344 546 5414 γὰρ
581 5340 609 5393 ὃ
656 5341 866 5408 πέμπει
901 5333 1086 5402 Πατὴρ
1132 5330 1262 5400 παρ’
1294 5330 1457 5384 ἄλλου
1486 5328 1647 5383 τοῦτο
1665 5326 1883 5393 λαδώνς

318 5440 432 5495 οὐκ
455 5436 600 5489 ἔστιν
629 5432 935 5484 ὁπώσποτε.
969 5427 1032 5480 Εἰ
1068 5426 1125 5479 δὲ
1157 5424 1292 5495 πρὸς
1318 5424 1409 5476 τὸν
1436 5423 1561 5475 Υίὸν
1586 5420 1890 5475 τάνάπαλιν

318 5528 725 5587 ἀναδείκνυται,
764 5522 858 5574 καὶ
886 5519 996 5572 τῶν
1031 5515 1316 5587 μερισμῶν
1355 5516 1383 5567 ὁ
1416 5515 1514 5584 μὲν
1544 5511 1796 5580 δεύτερος
1829 5513 1889 5564 τὸ

322 5618 663 5689 κατάλληλον
684 5618 838 5685 φέρει
865 5612 1008 5666 κατά
1028 5612 1126 5680 τὴν
1149 5606 1244 5661 τοῦ
1265 5606 1679 5677 συντεθειμένου
1707 5603 1889 5670 δόξαν,

1985 4976 2211 5030 usquam
2264 4968 2387 5013 est:
2428 4956 2473 5011 si
2509 4955 2574 5010 ad
2620 4954 2837 5018 Filium,
2874 4950 3217 5008 contrarium
3248 4947 3558 5018 deprehen-

1986 5052 2154 5117 ditur,
2200 5059 2257 5107 et
2297 5048 2626 5106 divisionum
2685 5045 2926 5101 secunda
2974 5058 3084 5098 non
3148 5043 3446 5109 incongrue
3501 5050 3561 5090 se

1987 5146 2167 5202 habet.
2191 5145 2234 5199 si
2265 5152 2500 5197 mentem
2531 5139 2770 5195 auctoris
2799 5136 3062 5206 respicias
3085 5171 3101 5194 ,
3134 5133 3307 5201 prima
3337 5143 3444 5183 una
3474 5125 3560 5188 sui

1989 5247 2159 5310 parte.
2197 5251 2321 5290 cum
2350 5233 2546 5303 duplex
2586 5232 2677 5295 sit,
2706 5232 2863 5300 longe
2910 5243 2939 5281 a
2975 5224 3253 5296 proposito
3281 5216 3563 5289 disjungi-

1998 5342 2102 5385 tur.
2120 5327 2303 5398 Neque
2318 5327 2459 5381 enim
2482 5325 2692 5391 uspiam
2708 5333 2792 5377 est
2812 5320 3000 5375 missio
3019 5317 3141 5370 Filii
3158 5315 3226 5369 ab
3245 5310 3560 5381 Unigenito.

1998 5421 2205 5487 Quodsi
2233 5419 2356 5487 quis
2384 5417 2584 5471 dixerit
2620 5416 2686 5470 ad
2722 5415 2939 5468 Patrem
2967 5408 3189 5479 quidem
3214 5405 3419 5460 referre
3448 5399 3565 5469 pri-

1999 5529 2162 5578 mam,
2189 5513 2254 5567 ad
2281 5511 2477 5566 Filium
2498 5488 2632 5564 vero
2655 5506 2970 5568 secundam,
2998 5498 3266 5556 sermonis
3291 5492 3565 5567 positione

2000 5620 2063 5658 ea
2108 5597 2289 5672 neque
2316 5601 2593 5655 cohaerere
2621 5611 2800 5666 neque
2826 5606 3128 5664 congruere
3155 5582 3525 5643 constabilict.

477 5674 805 5783 πρῶτοςένὶ
832 5706 910 5778 τῷ
967 5674 1120 5776 μέρει
1150 5700 1371 5764 διπλοῦς
1404 5699 1480 5754 ὣν
1511 5674 1889 5771 ⁴ίιλλοτρίωται.
1932 5699 2008 5753 Οὐ
2034 5698 2142 5767 γὰρ
2197 5696 2371 5766 δήπου
2419 5694 2624 5763 πέμψις
2687 5690 2818 5744 Υῐοῦ
2877 5687 3027 5754 παρά
3080 5674 3174 5737 τοῦ
3222 5676 3563 5747 Μονογενοῦς

328 5767 603 5874 οὐδαμῶς.
638 5767 700 5856 El
722 5800 781 5855 δέ
802 5767 1184 5867 τιςὲρείπρδς
1204 5794 1297 5847 τὸν
1325 5767 1544 5863 Πατέρα
1567 5767 1900 5863 μὲν-ἀφορᾷν
1939 5792 2031 5846 τὸν
2055 5790 2289 5860 πρῶτον,
2317 5787 2452 5857 πρδις
2512 5785 2599 5837 τὸν
2628 5784 2755 5838 Υίδν
2786 5781 2839 5834 δὲ
2868 5780 2957 5832 τθιν
2985 5777 3256 5851 δεύτερον,
3298 5770 3357 5824 τὸ
3380 5767 3560 5836 ἀσύμο

329 5901 494 5961 σατον
525 5896 857 5959 ἐπικυρῲσει
896 5898 959 5964 τῇ
989 5893 1081 5945 τιῦ
1114 5892 1276 5959 λόγον
1306 5890 1452 5942 θέσει
1482 5891 1573 5943 καὶ
1598 5890 1989 5946 ἀσσονὰοττμτον.
2560 5880 2565 5891 “’
