4020 6602
483 418 505 481 l
517 420 617 487 33η

1698 428 2017 489 GEORGII
2059 427 2110 486 M
2125 429 2365 492 ETOCH
2381 433 2519 491 lT.‘E

3584 432 3715 499 1340

548 533 635 589 lt).
689 531 1055 592 Nihilominus
1096 538 1244 592 hisce
1291 539 1573 607 neglectis,
1628 539 1695 594 ad
1749 538 1894 609 quod
1947 538 2041 609 qui

2220 545 2272 593 ι’.
2316 540 2505 611 Ὅμως
2540 541 2679 596 αὐτὰ
2714 544 3053 614 παριδόντες,
3113 547 3208 600 καὶ
3239 547 3373 617 πρὸς
3404 546 3432 601 ὃ
3463 564 3718 600 κατεπει-

475 623 675 678 simllia
709 624 909 680 eli‘atur
939 630 1281 683 contendens
1316 632 1587 694 decertat,
1629 631 1769 686 illud
1806 630 2043 700 probare

476 710 685 777 volens,
730 728 910 785 neque
958 733 1023 770 ex
1076 717 1233 777 Filio.
1292 735 1467 789 neque
1503 735 1600 790 per
1656 721 1854 775 Filium
1917 737 2042 776 esse

473 802 761 872 Spiritum,
792 808 1041 862 animum
1076 809 1443 876 intettdentgs,
1483 812 1571 865 hic
1601 828 1817 881 quoque
1848 814 2044 868 adver-

477 908 573 947 sus
639 894 814 960 ipsum
871 909 1194 968 argumenta
1252 917 1404 956 more
1475 913 1666 956 nostro
1727 904 2040 972 conquisita

476 1002 834 1057 apponemus.
860 991 992 1046 Cum
1017 992 1163 1047 enim
1188 994 1432 1055 dixisset.
1472 1014 1488 1044 ι
1522 996 1590 1051 ab
1621 994 1726 1049 alio
1744 996 2041 1064 accipiens,

476 1087 562 1135 vet
596 1097 623 1134 ει
657 1081 841 1150 seipso
872 1084 1100 1147 habens.
1137 1102 1155 1136 ι
1193 1085 1346 1141 hisce
1364 1095 1555 1142 contra
1584 1088 1859 1143 subinfert
1885 1106 1899 1141 :
1924 1106 1942 1140 ι
1977 1088 2043 1143 Et

476 1172 699 1226 mittunt
733 1176 937 1229 solares
990 1176 1125 1231 radii
1150 1179 1215 1232 ad
1249 1193 1350 1233 nos
1379 1178 1583 1241 lumen,
1618 1195 1647 1232 a
1686 1180 1800 1235 sole
1844 1195 2044 1250 nempe

472 1263 607 1318 illud
639 1263 924 1322 habentes.
962 1286 980 1318 ι
1018 1268 1145 1324 "ac
1186 1285 1353 1340 porro
1391 1272 1459 1326 ad
1508 1270 1703 1326 Filium
1742 1274 2044 1342 respicien-

472 1364 583 1408 tem
638 1356 844 1422 dicere,
908 1358 1011 1414 hac
1069 1360 1392 1417 inductione
1430 1379 1592 1432 quam
1642 1364 1697 1418 in
1730 1370 2040 1435 exemplum

475 1443 654 1510 all'ert,
713 1448 886 1516 palam
923 1459 1028 1506 est.
1085 1451 1301 1506 Etenim
1356 1451 1400 1507 si
1448 1453 1700 1523 accipere
1736 1455 1931 1512 Filium
1976 1459 2044 1511 ab

473 1537 602 1598 alio,
656 1538 760 1594 hoc
789 1550 871 1596 est
923 1542 1107 1608 Patre,
1157 1544 1421 1614 Spiritum
1473 1557 1725 1602 sanctum
1761 1564 2039 1613 asserens,

476 1630 779 1685 secundum
816 1633 1124 1689 divinarum
1173 1637 1583 1708 Scripturarum
1636 1640 2045 1710 interpretatio-

474 1732 574 1775 nes
632 1733 923 1787 assereret,
958 1742 1078 1795 quae
1135 1728 1401 1797 quidquid
1444 1744 1509 1784 ex
1551 1729 1691 1785 Filio
1721 1740 1777 1786 et
1803 1748 1900 1801 per
1951 1731 2042 1786 Fi-

476 1810 608 1864 lium
649 1812 871 1879 dicitur,
937 1824 1049 1871 tum
1114 1819 1181 1872 de
1232 1818 1474 1875 increata
1530 1832 1585 1876 et
1636 1824 2040 1892 supernaturali

475 1903 711 1972 Spiritus
739 1905 1043 1974 hypostasi.
1083 1918 1194 1964 tum
1235 1911 1301 1966 de
1330 1927 1515 1966 rerum
1561 1912 1768 1967 factura
1801 1924 1856 1967 et
1885 1930 2043 1969 crea-

476 1995 622 2051 tione
683 1997 752 2051 ad
807 1997 1023 2053 Patrem
1056 2003 1287 2071 primam
1315 2018 1557 2068 causam,
1607 2016 1663 2059 et
1695 2006 1956 2071 radicem,
1988 2018 2042 2063 et

475 2087 834 2157 principalem
900 2098 954 2145 et
988 2092 1303 2160 primariam
1366 2094 1635 2161 referunt,
1668 2111 1794 2150 cum
1824 2110 1881 2153 et
1912 2097 2043 2163 inde

469 2178 669 2233 Filium
703 2182 881 2249 ipsum
916 2182 1217 2238 subsistere
1256 2186 1331 2239 uti
1377 2184 1546 2241 Deum
1579 2203 1678 2257 par
1710 2189 1801 2253 sit,
1836 2198 1891 2244 et
1915 2200 2045 2244 ante

477 2272 674 2324 saecula
712 2274 984 2335 intonant.
1017 2272 1320 2331 secundum
1353 2294 1485 2335 vero
1535 2280 1786 2336 ordinem
1844 2282 2042 2352 sempi-

477 2363 620 2416 terni
670 2364 1033 2434 hypostaseon
1092 2383 1432 2437 progressus,
1468 2380 1524 2427 et
1554 2372 1679 2427 inde
1711 2390 1774 2428 ex
1813 2386 2045 2443 utroque

474 2456 850 2521 conualui-ale,
885 2460 1255 2516 essentialiter
1272 2463 1564 2531 exsistere,
1598 2481 1663 2521 ex
1690 2466 1853 2522 Patre
1888 2484 2045 2523 nem-

477 2561 546 2615 pe
580 2560 675 2615 per
742 2547 937 2603 Filium
979 2552 1243 2620 tradunt;
1286 2556 1330 2611 si
1385 2557 1459 2611 ita
1521 2560 1924 2628 pronuntiaret,
1961 2576 2046 2615 nae

476 2636 587 2706 ille,
627 2649 910 2709 praecepta:
961 2643 1124 2696 nobis
1184 2643 1594 2714 Scripturarum
1656 2650 2044 2718 perquisitioni

476 2726 789 2786 inhaereret.
841 2729 1232 2790 Verumtamen
1302 2752 1425 2792 cum
1483 2748 1715 2795 conatus
1764 2757 1893 2797 suos
1938 2744 2046 2799 alio

474 2831 781 2890 eonvertat,
808 2832 863 2878 et
894 2824 1043 2880 hisce
1064 2827 1376 2896 oppositum
1399 2829 1677 2888 insinuet:
1711 2850 1730 2884 ι
1765 2830 1832 2887 Ει
1856 2832 2045 2901 mittit,

475 2913 573 2976 ait,
628 2911 968 2970 Paracletum
1004 2916 1330 2987 Unigenitus
1366 2931 1654 2992 acceptum
1707 2924 1777 2978 ab
1800 2926 1928 2991 alio,
1957 2940 2050 2981 ne-

476 3020 583 3074 que
612 3022 675 3059 ex
712 3006 854 3075 ipso,
889 2992 1065 3077 neque
1095 3025 1195 3079 per
1226 3011 1841 3081 ipsumexsistentem,»
1877 3033 1908 3072 a
1939 3033 2046 3087 quo

477 3111 609 3150 vero
638 3098 836 3169 accipit
864 3099 1044 3163 Patre,
1083 3102 1203 3157 solo
1234 3118 1455 3174 nempe,
1494 3106 1757 3175 Spiritum
1791 3123 2044 3164 commu-

2147 629 2376 698 γόμενος
2396 634 2423 684 ὀ
2456 631 2630 688 ταῦτα
2652 635 2849 702 φωνῶν
2877 634 3197 705 ἁμιλλᾶται,
3243 638 3512 707 συστῆσαι
3554 637 3720 692 θέλων

2150 717 2277 788 μήτ’
2308 720 2365 785 ἐξ
2394 719 2548 784 Υιοῦ,
2586 725 2724 792 μήτε
2753 723 2821 775 δι’
2848 723 2977 777 Υίοῦ
3009 724 3071 778 τὸ
3100 724 3326 795 Πνεῦμα
3361 725 3713 790 σκοποῦντες,

2145 809 2539 880 παραθήσομεν
2573 813 2864 868 εκάνταῦθα
2902 815 3029 878 τοὺς
3065 815 3323 885 ἐλέγχους
3348 815 3474 870 ὅθεν
3505 815 3715 869 εἰώθει-

2149 914 2268 967 μεν.
2295 897 2477 954 Είπὼν
2504 900 2637 971 γὰρ,
2681 919 2701 954 ι
2740 901 2868 973 παρ’
2923 902 3087 958 ἄλλου
3116 903 3318 967 λαϐὼν,
3344 903 3377 973 ἢ
3429 902 3528 955 καὶ
3557 902 3715 965 αύτὶς

2144 987 2306 1057 ἔχων,
2359 1007 2378 1041 ι
2420 989 2689 1062 σύντροχα
2742 993 2955 1057 τούτοις
2999 994 3233 1062 ὲηιτάγει⁸
3269 1011 3290 1045 ι
3323 995 3429 1049 Καὶ
3454 992 3717 1047 ἀποστέλ-

2144 1062 2326 1135 λουᾶιν
2354 1083 2413 1136 αἱ
2442 1084 2661 1148 ἀκτῖνες
2713 1083 2808 1137 τοῦ
2847 1084 2998 1156 ἡλίου
3048 1085 3244 1155 μέχρις
3292 1085 3453 1156 ἡμῶν
3484 1084 3549 1140 τὸ
3576 1086 3715 1155 φῶς.

2145 1176 2296 1244 παρά
2344 1173 2438 1227 τοῦ
2495 1174 2645 1245 ἡλίου
2705 1174 2951 1246 δηλονότι
2981 1176 3116 1230 αὑτὸ
3143 1176 3387 1247 ἔχουσαι.
3432 1196 3452 1229 ι
3493 1178 3622 1231 Ὀτι
3658 1179 3717 1232 δὲ

2144 1268 2279 1334 πρίς
2299 1266 2388 1318 τὸν
2412 1266 2537 1319 Υίδν
2561 1268 2851 1338 ἀναφέρων
2876 1267 3052 1324 ταῦτά
3074 1285 3258 1340 φησιν,
3287 1269 3352 1322 ὲκ
3372 1270 3477 1337 τῆς
3500 1271 3718 1336 ἐπαγω-

2143 1359 2244 1427 γῆς
2272 1360 2430 1429 τῆσδε
2458 1359 2620 1429 δῆλόν
2655 1361 2772 1413 ἐστι
2804 1359 3006 1429 μᾶλλον
3034 1361 3136 1431 τῆς
3170 1360 3714 1431 παραδειγματικῆςο

2146 1450 2205 1501 El
2238 1449 2422 1517 μέντοι
2470 1450 2530 1502 τὸ
2565 1449 2751 1505 λαϐεῖν
2784 1450 2875 1503 τὸν
2910 1450 3039 1505 Υίὸν
3089 1450 3221 1523 παρ’
3245 1452 3430 1516 ἀλλου,
3465 1453 3715 1505 τουτέστι

2142 1539 2235 1593 τοῦ
2263 1544 2494 1609 Πατρδς,
2518 1544 2738 1612 Πνεῦμα
2761 1544 2822 1597 τὸ
2849 1543 2992 1597 θεῖον
3012 1544 3210 1612 λέγων,
3233 1546 3373 1598 κατὰ
3399 1544 3499 1609 τὰς
3516 1544 3721 1612 ἔκφανο

2142 1634 2325 1703 τορίας
2370 1634 2599 1702 Γραφῶν
2623 1633 2730 1687 τῶν
2764 1634 2924 1689 θείων
2982 1636 3196 1706 ἑωρᾶτο
3231 1637 3483 1703 φάσκων,
3519 1635 3580 1689 αἴ
3612 1637 3720 1689 πᾶν

2142 1724 2171 1776 ὃ
2212 1741 2264 1777 τι
2293 1741 2400 1796 περ
2425 1726 2483 1789 ἐξ
2518 1724 2648 1778 Υίοῦ
2680 1726 2776 1780 καὶ
2811 1725 2881 1779 δι’
2913 1726 3043 1781 Υίοῦ
3071 1727 3365 1796 λεγόμενον
3411 1727 3505 1780 ἐπί
3534 1744 3596 1780 τε
3620 1727 3720 1795 τῆς

2145 1817 2400 1872 ἀκτίστου
2425 1820 2519 1872 καὶ
2537 1818 2854 1889 ὑπερφυοῦς
2882 1820 2977 1873 τοῦ
3001 1819 3316 1887 Πνεύματος
3339 1819 3717 1883 ὑποστάσεως,

2145 1908 2238 1962 ἐπί
2270 1926 2329 1962 τε
2358 1912 2459 1980 τῆς
2490 1910 2599 1964 τῶν
2621 1912 2791 1965 δντων
2843 1911 3207 1982 δημιουργίας
3237 1912 3332 1965 καὶ
3376 1911 3612 1972 κτίσεως
3642 1912 3720 1973 εἰς

2144 2002 2245 2071 τὴν
2297 2002 2523 2073 πρώτην
2555 2004 2735 2057 αἰτίαν
2771 2003 2864 2057 τὸν
2894 2004 3118 2072 Πατέρα
3143 2004 3239 2056 καὶ
3278 2002 3376 2073 τὴν
3406 2003 3593 2074 ῥίζαν,
3626 2003 3719 2055 καὶ

2145 2096 2207 2147 τὸ
2257 2096 2485 2166 ἀρχικὸν
2544 2096 2739 2159 αῐτιον,
2781 2099 2877 2150 καὶ
2932 2096 2994 2149 τὸ
3044 2094 3524 2166 προκαταρκτικὸν
3549 2094 3718 2148 αίτιον

2146 2186 2530 2257 ἀναφέρουσιν.
2564 2186 2686 2239 ἐπεὶ
2716 2187 2811 2241 καὶ
2840 2185 2972 2240 αὐτὸ
3023 2188 3083 2239 τὸ
3110 2186 3202 2239 τὸν
3256 2186 3382 2240 Υίδν
3419 2185 3717 2251 ὑφεστάναι

2147 2278 2466 2346 θεοπρεπῶς
2489 2278 2697 2333 ἐκεῖθεν
2725 2279 2820 2332 καὶ
2850 2280 3195 2348 προαιωνῑως
3219 2276 3713 2348 ἀνακηρύττουσιν,

2147 2371 2289 2423 κατά
2316 2371 2373 2423 δὲ
2398 2371 2498 2439 τὴν
2529 2370 2683 2437 τάξιν
2710 2370 2811 2439 τῆς
2843 2370 3015 2425 ἀϊδίου
3061 2371 3290 2442 προόδου
3340 2370 3451 2425 τῶν
3477 2371 3715 2425 ὑποστά-

2150 2478 2309 2524 σεων,
2360 2462 2456 2515 καὶ
2482 2459 2582 2530 τὴν
2629 2460 2879 2515 ἐντεῦθεν
2905 2460 3084 2515 αὐτῶν
3110 2462 3390 2531 συμφυΐαν
3416 2462 3479 2527 ἐξ
3515 2463 3717 2532 ἀμφοῖν

2147 2552 2420 2615 οὐσιωδῶς
2451 2553 2739 2623 ὑπάρχειν,
2799 2554 2967 2625 ἤγουν
3017 2555 3083 2607 ὲκ
3134 2554 3346 2624 Πατρὸς
3368 2553 3440 2608 δι’
3480 2554 3613 2608 Υίοῦ
3657 2556 3716 2610 τδ

2149 2646 2374 2716 Πνεῦμα
2398 2646 2787 2718 παραδιδόασιν
2805 2664 2820 2680 ο
2842 2649 2891 2700 εἰ
2910 2646 3053 2701 οῦτω
3074 2648 3409 2717 διαγγέλλων
3429 2650 3712 2719 ἐτύγχανε,

2146 2739 2245 2809 τῆς
2269 2738 2662 2808 ἑντεταλμένης
2692 2739 2974 2811 γραφικῆς
3013 2738 3240 2809 ἐρεύνης
3286 2739 3406 2803 ὅλος
3439 2737 3506 2811 ἦν
3536 2740 3714 2811 £5516-

2151 2847 2330 2899 μενος.
2372 2831 2524 2884 Ἐπεὶ
2559 2830 2617 2886 δὲ
2638 2831 2699 2884 τὸ
2730 2830 3168 2898 σπουδαζόμενον
3209 2832 3352 2886 κατά
3376 2849 3442 2900 γε
3469 2834 3531 2885 τὸ
3555 2836 3712 2886 ἐναν-

2144 2922 2280 2988 τίον,
2318 2941 2338 2974 ι
2370 2923 2479 2976 Καὶ
2532 2923 2763 2992 πέμπει,
2810 2942 2831 2976 ι
2890 2924 3049 2993 φησὶ,
3115 2942 3135 2976 ι
3169 2926 3260 2976 τὸν
3308 2925 3717 2995 Παράκλητονδ

2147 3015 2458 3085 Μονογενὴς
2503 3016 2635 3086 παρ’
2665 3014 2826 3071 ἀλλου
2857 3015 3058 3077 λαϐὼν,
3092 3015 3218 3085 μήτ’
3269 3015 3330 3081 ἐξ
3358 3015 3548 3078 αὐτοῦ,
3582 3016 3717 3086 μήτε

2146 3106 2215 3159 δι’
2242 3107 2406 3162 αὑτοῦ
2432 3107 2585 3170 δντα,
2624 3126 2645 3161 ι
2681 3108 2815 3179 παρ’
2861 3099 2923 3161 οῦ
2953 3107 3009 3160 δὲ
3040 3107 3307 3177 λαμϐάνει
3360 3107 3456 3162 τοῦ
3508 3108 3715 3177 Πατρδς

482 3203 607 3242 nem
631 3203 753 3245 esse
776 3198 831 3243 et
851 3191 1130 3262 proprium
1150 3193 1230 3248 uti
1254 3193 1430 3251 Patris
1459 3196 1533 3251 ita
1551 3207 1607 3254 et
1635 3198 1781 3266 Filii,
1811 3215 2046 3270 quorum

2153 3198 2338 3268 μόνου,
2377 3199 2439 3253 τὸ
2465 3199 2564 3269 μὲν
2591 3199 2769 3253 κοινὸν
2802 3196 2941 3252 εἶναι
2968 3200 3063 3251 καὶ
3092 3197 3223 3252 ῐδιον
3252 3197 3328 3261 ὼς
3351 3197 3448 3251 τοῦ
3480 3199 3715 3267 Πατρδς,

484 3281 863 3351 arceptionem
900 3294 955 3338 et
985 3285 1407 3355 explicationem
1441 3301 1603 3359 supra
1639 3290 1800 3348 allata
1821 3290 2045 3348 Patrum

484 3376 629 3432 dicta
652 3379 1026 3442 Inanilestant,
1048 3381 1224 3437 modis
1244 3382 1502 3440 onmibus
1527 3385 1749 3458 relegat.
1777 3389 2049 3446 utservile

485 3469 850 3524 ministerium
882 3472 1158 3541 complere
1187 3471 1383 3529 Filium
1418 3490 1644 3532 necesse
1678 3479 1769 3545 sit,
1807 3489 1861 3534 et
1911 3481 2045 3537 alie-

479 3575 611 3614 num
675 3561 743 3616 ab
796 3561 917 3632 ipso
973 3564 1241 3633 Spiritum
1306 3582 1450 3631 esse,
1512 3586 1745 3639 quorum
1802 3572 2047 3642 ineptum

478 3666 642 3721 atque
697 3655 995 3710 absurdum
1053 3658 1260 3714 dictum
1302 3660 1448 3715 dicta
1508 3662 1799 3718 doctorum
1859 3675 2050 3735 aperte

479 3746 837 3816 redarguunt,
890 3749 1067 3817 palam
1121 3753 1470 3818 comprobat,
1530 3766 1585 3809 et
1638 3756 1728 3810 vix
1780 3755 2047 3825 Spiritum

478 3852 602 3889 esse
633 3835 771 3890 Filio
800 3839 1077 3904 concedit,
1114 3840 1243 3894 dum
1278 3843 1376 3907 ait,
1414 3861 1433 3895 ι
1469 3852 1566 3898 aut
1595 3844 1710 3914 ipse
1753 3846 1983 3912 habens,
2021 3867 2041 3900 ι

482 3945 593 3983 non
646 3947 799 3997 aequa
866 3939 1048 3987 tamen
1108 3933 1343 3998 ratione,
1402 3938 1498 3990 sed
1540 3938 1760 3993 diverso
1821 3942 2048 3997 modoa

480 4020 665 4085 Patre,
702 4020 833 4076 illud
871 4042 890 4074 ι
927 4039 989 4077 ex
1030 4023 1166 4078 Filio
1208 4043 1227 4078 ι
1262 4035 1315 4080 et
1354 4044 1374 4078 ι
1418 4043 1514 4097 per
1536 4028 1734 4084 Filium
1766 4049 1785 4082 ι
1824 4033 2050 4091 omnino

480 4114 803 4176 amandans,
833 4126 890 4171 ut
927 4116 1228 4187 ineptiebat
1255 4119 1540 4177 Nestorius
1574 4123 1743 4178 Deum
1778 4136 1833 4180 et
1864 4127 2049 4182 homi-

481 4223 605 4262 nem
635 4218 828 4263 natura
860 4209 1121 4275 Verbum,
1144 4212 1405 4268 deil‘erum
1442 4214 1715 4272 hominem
1744 4220 2045 4288 appellans,

480 4300 638 4367 cujus
663 4315 878 4370 quoque
909 4302 1033 4356 ﬁdei
1060 4302 1375 4374 Symbolum
1425 4309 1660 4376 pr0prixe
1688 4319 1851 4364 secta:
1891 4327 2049 4382 repe-

484 4393 622 4445 ritur
680 4393 748 4446 ab
783 4394 975 4448 eodem
1025 4397 1306 4454 traditum.
1370 4410 1430 4453 ut
1457 4400 1710 4454 edicatur
1741 4402 1809 4455 ab
1859 4402 1924 4456 iis
1953 4404 2045 4471 qui

485 4482 552 4535 ad
587 4498 801 4537 sacrum
857 4484 1131 4539 lavacrum
1180 4487 1469 4551 accedunt,
1509 4508 1527 4539 ι
1562 4504 1740 4561 neque
1785 4506 1850 4545 ex
1887 4491 2044 4554 Filio.

2150 3290 2293 3344 οὕτω
2322 3292 2417 3344 καὶ
2461 3291 2556 3344 τοῦ
2612 3290 2744 3345 Υίοῦ
2785 3292 2847 3343 τὸ
2895 3289 3140 3360 Πνεῦμα,
3173 3285 3250 3345 ὧν
3277 3290 3377 3361 τὴν
3407 3290 3576 3360 λῆψιν
3625 3292 3716 3344 καὶ

2149 3382 2516 3451 διευκρίνησιν
2548 3383 2606 3436 αι
2653 3381 2912 3451 ἀνωτέρω
2961 3380 3278 3451 τεθειμέναι
3320 3383 3587 3450 πατρικαὶ
3621 3382 3718 3451 ῥή-

2152 3491 2266 3538 σεις
2301 3472 2674 3544 διατρανοῦσι,
2718 3472 3066 3526 παντάπασιν
3094 3471 3406 3536 ἀπελαύνει,
3440 3472 3503 3525 τδ
3522 3473 3580 3525 δὲ
3604 3472 3716 3525 6t:-

2149 3566 2371 3635 κονικὴν
2418 3563 2773 3633 ἀποπληροῦν
2801 3566 2893 3617 τὸν
2931 3564 3056 3616 Υίδν
3088 3563 3299 3633 χρείαν,
3340 3566 3433 3617 καὶ
3467 3562 3529 3616 τὸ
3562 3563 3718 3618 ἀλλό-

2148 3673 2298 3727 τριον
2329 3655 2495 3711 αὑτοῦ
2517 3656 2578 3709 τὸ
2615 3655 2838 3725 Πνεῦμα
2871 3654 3224 3718 καθεστάναι,
3246 3648 3322 3707 ὧν
3362 3654 3461 3726 τὴν
3490 3657 3716 3710 ἀτοπίαν

2149 3749 2229 3809 είς
2257 3748 2475 3820 ἔλεγχον
2504 3749 2562 3802 αί
2590 3747 2753 3801 αὑταὶ
2778 3747 3158 3801 διδασκαλικαὶ
3196 3745 3492 3826 φανεροῦσι
3525 3750 3718 3818 θεηγο-

2152 3841 2288 3913 ρίαι,
2317 3841 2630 3913 συνίστησιν
2660 3839 2930 3911 ἐναργῶς,
2971 3840 3124 3910 μόλις
3155 3839 3201 3892 δ’
3225 3839 3387 3910 ἔχειν
3402 3841 3465 3893 τὸ
3495 3840 3716 3911 Πνεῦμα

2149 3936 2245 3989 καὶ
2270 3933 2360 3987 τδν
2380 3933 2511 3989 Υίὸν
2542 3935 2817 4006 συγχωρεῖ
2840 3932 3037 4000 λέγων,
3079 3950 3098 3985 ι
3125 3931 3158 4002 ἢ
3191 3933 3285 3985 καὶ
3313 3932 3479 3995 αὐτὸς
3506 3932 3647 4003 ἔχων
3667 3951 3711 3987 ἰ

2150 4026 2291 4098 πλὴν
2308 4026 2405 4097 ούχ
2436 4025 2662 4096 ὁμοίως,
2686 4023 2822 4078 ἀλλά
2850 4025 2948 4077 καὶ
2976 4021 3121 4077 οὑτω
3145 4022 3222 4094 τῷ
3248 4023 3423 4094 Πατρλ⁵
3451 4025 3716 4093 ἀνομοίως

2147 4120 2209 4173 τὸ
2236 4118 2295 4182 ἐξ
2322 4118 2453 4171 Υίοῦ
2482 4118 2577 4172 καὶ
2600 4116 2669 4169 δι’
2693 4115 2824 4169 Υίοῦ
2851 4115 3087 4184 πάμπαν
3110 4116 3528 4186 ἀποῤῥαπὶζων.
3554 4117 3717 4169 καθά·-

2149 4210 2255 4279 πὲρ
2286 4207 2546 4280 ὲληρὼδει
2577 4208 2895 4278 Νεστόριος,
2920 4207 3011 4260 τδν
3039 4206 3201 4275 φύσει
3242 4206 3592 4276 θεάνθρωπον
3621 4210 3717 4261 Λό-

2148 4319 2244 4366 γον
2279 4302 2538 4369 θεοφόρον
2569 4298 2856 4369 ἄνθρωπον
2884 4298 3186 4367 ὀνομάζων,
3213 4290 3275 4350 οῦ
3310 4300 3405 4350 καὶ
3444 4298 3715 4367 Σύμϐολον

2150 4393 2373 4462 εὓρηται
2424 4393 2659 4455 πίστεως
2691 4392 2805 4452 τοῖς
2843 4389 2943 4459 τῆς
3002 4390 3209 4452 οἰκείας
3244 4391 3561 4459 συμμορίας
3588 4393 3715 4461 πρὸς

2148 4483 2339 4535 τούτου
2368 4482 2809 4552 παραδεδομένον
2841 4479 3134 4549 κηρύττειν
3160 4479 3218 4531 ὲν
3241 4478 3318 4548 τῷ
3342 4480 3463 4533 τῶν.
3489 4499 3716 4552 προτέρα

484 4590 663 4643 neque
715 4592 812 4643 per
873 4576 1095 4642 Filium,
1142 4596 1160 4627 ι
1201 4594 1400 4633 sonore
1462 4581 1728 4646 clamans,
1781 4586 2046 4639 adversus

2153 4575 2397 4644 χομένων
2421 4574 2777 4642 βαπτίσματι,
2813 4589 2832 4624 ι
2874 4573 3010 4641 μήτε
3032 4568 3093 4635 ἐξ
3118 4569 3270 4630 Υίοῦ,
3290 4572 3429 4641 μήτε
3458 4571 3526 4625 δι’
3548 4574 3669 4625 rio-3
3693 4591 3707 4604 ·

485 4678 643 4732 quem
675 4666 1015 4719 contendens
1048 4682 1078 4719 a
1112 4665 1222 4719 Deo
1263 4667 1600 4739 gloriﬁcatur.
1632 4671 1882 4742 Cyrillus,
1917 4675 2047 4729 dum

484 4772 549 4808 cx
582 4754 719 4811 Filio
772 4755 1039 4827 Spiritum
1090 4760 1371 4829 profundi,
1423 4773 1477 4816 et
1509 4777 1653 4829 esse,
1695 4773 1747 4819 et
1783 4766 2049 4821 exsistere

481 4846 743 4913 disputat,
776 4848 951 4916 palam
994 4859 1290 4920 aperteque
1318 4850 1608 4917 subinfert,
1649 4870 1668 4903 ι
1713 4854 1903 4909 eadem
1936 4856 2048 4925 ipsa

481 4938 715 4999 ratione,
747 4954 852 5007 qua
886 4956 913 4993 a
944 4929 1147 4996 Deo'et
1175 4941 1356 4997 Patre.
1397 4962 1417 4995 ι
1456 4942 1573 4999 Sed
1607 4946 1871 5017 neglectis
1897 4947 2049 5003 hisce

480 5044 602 5098 quae
621 5028 854 5084 fusiores
882 5046 1164 5087 sermones
1199 5044 1524 5103 exposcunt,
1555 5035 1622 5089 ad
1651 5036 2047 5093 concedenlem

481 5135 652 5184 nunc.
701 5138 720 5171 ι
759 5121 1023 5192 Spiritum
1053 5123 1265 5178 etiama
1296 5124 1434 5178 Filio
1462 5124 1673 5190 haberi,
1704 5127 1798 5182 sed
1832 5128 2047 5183 diversa

485 5215 698 5269 ratione
748 5229 779 5268 a
814 5213 997 5281 Patre,
1037 5232 1055 5265 ι
1093 5230 1159 5271 ex
1218 5216 1489 5286 proxime,
1537 5224 1595 5272 ut
1646 5218 1907 5283 diximus,
1956 5234 2051 5274 su-

486 5318 693 5373 praque
730 5305 993 5375 appositis
1049 5305 1211 5361 dictis
1242 5306 1565 5379 theologicis
1596 5324 1767 5379 pauca
1802 5310 2070 5380 quaedam.

484 5395 538 5449 in
602 5397 916 5451 memoriam
976 5398 1316 5465 redigantur,
1379 5414 1500 5468 qua:
1548 5400 1708 5469 plane
1773 5401 2047 5458 clamant:

490 5506 510 5538 ι
555 5486 652 5542 Dei
686 5497 741 5541 et
770 5487 947 5543 Patris
980 5490 1312 5559 naturalium
1368 5489 1637 5545 bonorum
1686 5492 2050 5546 essentialiter

428 5599 439 5608 ·
484 5580 756 5634 exsistens
788 5579 958 5634 Filius
995 5581 1287 5652 particeps,
1350 5582 1516 5637 habet
1546 5581 1809 5652 Spiritum
1837 5599 1902 5638 eo
1932 5584 2051 5652 ipso

487 5675 672 5739 modo,
708 5690 816 5743 quo
866 5675 1187 5746 intelligitur
1245 5674 1407 5731 Pater
1462 5675 1685 5731 habere.
1724 5694 1742 5728 ι
1784 5675 2048 5731 Praeterea

476 5767 781 5837 ,mystagogi
837 5768 929 5836 qui
979 5768 1096 5822 haec
1122 5770 1373 5838 explanat
1402 5787 1463 5823 ex
1500 5768 1568 5824 iis
1605 5784 1726 5837 quae
1775 5784 1938 5839 supra
1969 5778 2052 5820 at-

485 5858 730 5927 tulimus,
794 5876 959 5917 unum
1023 5870 1151 5917 tunc
1210 5864 1541 5927 prteteritum
1602 5862 1844 5925 silentio,
1904 5875 2049 5915 nunc

2152 4667 2417 4735 διατόρως
2460 4663 2814 4735 ἀναφωνοῦν·
2862 4662 2999 4731 πρὸς
3049 4660 3109 4714 δν
3163 4663 3258 4715 καὶ
3310 4664 3339 4715 δ
3374 4662 3712 4727 θεοδὸξαττος

2151 4759 2563 4828 ἀποτεινόμενος
2598 4755 2883 4826 Κύριλλος,
2916 4756 2975 4806 ὲν
3018 4750 3099 4817 οἷς
3131 4751 3192 4818 ἐξ
3234 4752 3366 4807 Υίοῦ
3396 4755 3456 4806 τὸ
3499 4756 3711 4823 Πνεῦμα

2151 4852 2454 4922 προχεῖται,
2478 4852 2572 4903 καὶ
2599 4848 2737 4911 ἐστι,
2760 4849 2852 4900 καὶ
2880 4846 3116 4917 ὑπάρχει
3141 4846 3402 4912 θεολογεῖ,
3423 4846 3710 4917 διαρρήδην

2154 4942 2365 5013 συχνῶς
2391 4942 2660 5011 ἐπιφέρει,
2713 4958 2732 4990 ι
2774 4937 3025 5008 καθάπερ
3052 4936 3241 5006 ἀμέλει
3266 4937 3417 5006 παρά
3454 4938 3552 4989 τοῦ
3584 4937 3708 4990 Θεοῦ

2153 5036 2248 5090 καὶ
2304 5035 2534 5105 Πατρός.
2599 5051 2618 5085 ι
2682 5029 2845 5084 Ἀλλά
2912 5028 3119 5083 τούτων
3172 5029 3435 5097 ἀφέμενοι
3480 5029 3710 5093 «idean;

2150 5127 2549 5197 ὀποιουδήτινος
2580 5123 2871 5193 δεομένων,
2904 5121 3040 5191 πρὸς
3065 5120 3157 5173 τὸν
3178 5120 3388 5173 διδόντα
3422 5121 3518 5174 νῦν
3539 5162 3557 5187 ,
3598 5141 3619 5174 ι
3658 5123 3710 5175 τὸ

2152 5217 2377 5288 Πνεῦμα
2406 5217 2501 5270 καὶ
2529 5216 2619 5269 τὸν
2647 5214 2771 5267 Υἰδν
2801 5212 2974 5283 ἔχειν,
3010 5212 3210 5282 ἣκιστα
3244 5211 3302 5264 δέ
3336 5227 3403 5279 τε
3430 5211 3507 5276 ὡς
3544 5216 3573 5266 δ
3607 5215 3709 5267 Πα-

2151 5310 2281 5381 τὴρ,
2313 5328 2332 5360 ι
2359 5311 2424 5361 ὲκ
2460 5309 2567 5360 τῶν
2599 5300 2674 5360 ὧν
2720 5304 2885 5373 ἔγγὺς
2913 5303 3148 5373 ἔφημεν,
3208 5302 3470 5372 ἀνωτέρω
3499 5304 3711 5375 τεθῆναι

2152 5405 2400 5475 χρήσεων
2431 5397 2753 5467 θεολογικῶν
2790 5395 2996 5467 βραχέα
3034 5395 3156 5448 τινὰ
3197 5395 3614 5465 παρατιθέαμεν
3636 5398 3710 5459 είς

2154 5496 2479 5564 ἀνάμνησιν,
2509 5491 2645 5545 ἄττα
2680 5487 2874 5558 βοῶσιν
2902 5486 3246 5556 αὐτόχρημα,
3275 5505 3294 5538 ι
3321 5486 3445 5539 Τῶν
3465 5486 3562 5541 τοῦ
3585 5487 3711 5541 Θεοῦ

2155 5588 2247 5640 καὶ
2276 5585 2486 5656 Πατρὸς
2524 5581 2772 5653 (punctim
2803 5579 3023 5648 ἀγαθῶν
3070 5578 3344 5641 οὐσιωδῶς
3378 5579 3644 5651 ὑπάρχων
3688 5582 3713 5632 ὁ

2158 5677 2283 5739 Υἱὸς
2312 5673 2585 5737 κοινωνὸς,
2616 5672 2729 5743 εχει
2756 5675 2817 5725 τὸ
2851 5667 3075 5736 Πνεῦμα
3098 5669 3242 5722 κατά
3274 5667 3466 5723 τοῦτον
3487 5670 3581 5723 τὸν
3600 5672 3715 5740 τρὸ-

2155 5786 2277 5832 πον,
2330 5765 2453 5821 καθ’
2498 5765 2559 5818 δν
2587 5764 2655 5818 ἂν
2684 5766 2855 5817 νοοῖτο
2886 5764 2978 5814 καὶ
3000 5762 3028 5815 ὁ
3063 5760 3273 5831 Πατήρ.
3303 5777 3324 5812 ι
3386 5761 3509 5814 Ἔτι
3536 5762 3594 5814 δὲ
3626 5761 3713 5813 τοῦ

2156 5858 2325 5927 ταῦτα
2347 5856 2732 5927 διασαφοῦντος
2766 5850 3123 5927 μυσταγωγοῦ
3158 5853 3223 5907 ὲκ
3252 5852 3361 5906 τῶν
3388 5847 3464 5908 ὧν
3493 5852 3710 5924 παρελί-
