3972 6624
234 478 367 567 ιβιι

1221 486 1524 550 CONTRA
1561 490 1990 554 MANUELEM
2026 493 2501 555 CRE’I‘ENSEM.

3354 486 3492 553 1342

232 610 409 664 πομεν
447 595 505 647 ιν
535 595 764 666 κρήσεσι
790 598 913 661 ταῖς
928 597 1307 668 δηλωθείσαις,
1347 604 1478 674 μίαν
1510 605 1607 660 καὶ
1635 607 1792 674 τήνδε

1906 607 2233 674 inseramus,
2286 606 2474 664 verbis
2530 605 2683 661 hisce
2741 604 3053 662 dictatum:
3097 623 3114 656 ι
3145 602 3416 661 Liberans
3459 617 3489 656 a

233 683 631 754 παρενείρομεν
656 685 874 756 χρῆσιν,
905 686 1057 743 οὕτω,
1080 687 1461 762 φθεγγομένην
1487 693 1765 761 αὐτολεξεί
1785 711 1801 728 ο

238 796 256 829 ι
299 774 575 831 ’Δπολύων
612 779 890 851 ἁμαρτίας
937 781 1029 836 τὸν
1058 783 1207 853 αὐτῷ
1263 786 1684 856 προσκείμενον,
1726 787 1805 858 τῷ

238 871 352 941 ἰδίῳ
388 870 572 925 λοιπὸν
619 875 903 944 καταχρεει
951 875 1251 947 Πνεύματι,
1298 880 1438 949 ὅπερ
1475 882 1649 950 ἐνίησι
1702 883 1805 951 μὲν

232 965 392 1025 αὐτος
414 963 489 1028 ὡς
513 966 575 1017 ὲκ
606 965 752 1019 Θεοῦ·
774 968 989 1038 Πατρὸς
1037 970 1233 1038 Λόγος,
1260 973 1354 1025 καὶ
1385 973 1444 1039 ἐξ
1487 974 1623 1038 ιδίας
1669 977 1805 1046 ἡμῖν

231 1058 580 1126 ἀναπηγάζει
628 1057 862 1126 φύσεως.
919 1082 939 1115 ι
991 1064 1104 1136 Τὴν
1123 1064 1266 1118 οὕτω
1293 1065 1349 1119 δὲ
1386 1069 1805 1138 κηρυσσομένην

235 1148 514 1216 θεολογίαν
546 1154 639 1204 τὸν
680 1153 1094 1223 ἀπαρνούμενοι)
1120 1156 1180 1210 οὐ
1216 1158 1377 1225 μόνον
1398 1159 1475 1221 είς
1506 1158 1598 1211 τὸν
1632 1161 1808 1213 Μονο-

234 1244 370 1310 γενῆ
404 1240 793 1312 δυσφημοῦντα
824 1243 1094 1299 δείκνυσιν
1121 1249 1147 1300 ὁ
1173 1249 1336 1312 αὐτὸς
1358 1248 1644 1320 θεηγόρος,
1670 1251 1805 1305 ἀλλά

232 1332 332 1395 τὰς
356 1333 528 1397 αὐτὰς
555 1336 648 1387 καὶ
665 1334 741 1405 τῷ
766 1337 1043 1407 ΙΙνεύματι
1064 1340 1377 1408 δυσφημίας
1397 1342 1802 1410 προσάπτοντα.

234 1427 326 1482 Εἰς
349 1427 457 1495 γὰρ
476 1427 560 1488 τὸ,
585 1444 604 1478 t
640 1428 875 1494 Ἐκεῖνος
898 1430 1206 1501 ὑπομνήσει
1233 1432 1378 1501 ὑμᾶς
1404 1432 1439 1487 ἃ
1460 1429 1613 1486 εἷπον
1635 1435 1800 1504 syth,»

230 1516 378 1570 οὕτω
402 1518 599 1588 φησίν*
629 1538 648 1571 ι
686 1520 897 1572 (ιύκοῦν
931 1521 1007 1584 ὡς
1042 1523 1180 1585 εἰδὸς
1210 1524 1278 1576 τὰ
1317 1526 1374 1576 ἐν
1403 1528 1469 1595 τῇ
1515 1524 1678 1596 βουλῇ
1711 1528 1805 1581 τοῦ

229 1609 572 1676 Μονογενοῦς
590 1611 765 1665 πάντα
785 1613 913 1681 ὑμῖν
946 1612 1237 1682 ἀναγγελεῖ
1262 1616 1321 1667 τὸ
1353 1616 1597 1688 Πνεῦμα,
1619 1619 1719 1672 οὐκ
1744 1623 1808 1673 ἐκ

229 1703 523 1771 μαθήσεως
539 1704 673 1777 ἕχον
690 1704 788 1775 τὴν
813 1698 1040 1776 εἴδησιν,
1069 1708 1156 1760 ἵνα
1182 1707 1257 1780 μὴ
1276 1710 1530 1780 φαίνηται
1553 1711 1805 1765 διακόνου

223 1794 382 1861 τάξιν
410 1795 786 1866 ἀποπληροῦν,
822 1796 934 1851 ἀλλ’
962 1797 1036 1860 ὡς
1069 1799 1294 1868 Πνεῦμα
1319 1800 1509 1864 αὐτοῦ,
1539 1804 1633 1855 καὶ
1665 1802 1807 1865 είδὸς

224 1886 566 1951 ἀδιαστάτως
604 1888 778 1941 πάντα
811 1890 878 1941 τά
910 1888 969 1955 ἐξ
1001 1884 1061 1941 οῦ
1091 1890 1188 1943 καὶ
1210 1892 1267 1943 ὲν
1293 1883 1445 1959 ᾧπέρ
1475 1893 1642 1946 ἐστιν.
1684 1911 1702 1943 ι
1738 1892 1799 1944 Et

210 1988 245 2044 "t
260 1975 359 2030 οὖν
416 1979 510 2031 καί
559 1980 822 2051 ῥημάτων
854 1982 919 2034 ἐκ
943 1982 1112 2036 τῶνδε
1155 1983 1255 2054 τῆς
1289 1983 1570 2046 εὐσεϐείας
1593 1986 1642 2037 οἱ
1670 1984 1801 2053 πρό-

163 2096 167 2099 τ
221 2066 369 2120 ϐολοι
400 2066 529 2134 τῶν,
569 2088 589 2122 ι
638 2070 873 2133 Ἐκεῖνος
921 2072 1064 2141 ὑμᾶς
1098 2070 1426 2141 ὑπομνήσει,
1453 2073 1661 2135 ἐκεῖνος
1701 2071 1799 2141 ἐμὲ

217 2157 459 2223 δοξάσει,
494 2179 512 2212 ι
545 2160 573 2212 ὁ
609 2161 963 2233 Παράκλητος
986 2163 1250 2234 δηλονότι,
1283 2165 1379 2217 καὶ
1407 2182 1425 2215 ι
1451 2165 1552 2217 ὅσα
1574 2163 1797 2218 ἀκούσει

217 2249 471 2321 λαλήσει,
509 2270 526 2303 ι
567 2253 629 2305 ἐκ
654 2254 749 2308 τοῦ
782 2254 913 2308 Υίοῦ
943 2254 1133 2308 τοῦτον
1169 2255 1576 2326 καθαρωτάτως
1605 2256 1802 2323 ἀναγο-

220 2342 467 2414 ρεύουσι,
500 2346 591 2398 κα)⁸
616 2347 663 2399 εί
699 2346 773 2416 μὴ
798 2347 938 2413 τόδε,
962 2347 1029 2400 τά
1067 2347 1167 2418 τῆς
1204 2348 1434 2412 ἀτοπίας
1482 2347 1801 2400 ἀκολουθεῖν

216 2432 642 2502 ἀποφαίνονται,
675 2435 863 2507 ὥσπερ
884 2437 976 2490 ἐπὶ
1001 2438 1102 2509 τῆς
1133 2437 1394 2509 πέμψεως
1415 2437 1681 2508 ἐλέγομεν
1706 2439 1801 2492 καὶ

216 2523 325 2593 τῆς
347 2525 615 2597 χορηγίας
653 2528 748 2580 καὶ
783 2526 1004 2592 δόσεως,
1042 2528 1293 2599 καθάπερ
1354 2530 1419 2582 ὲκ
1470 2532 1677 2585 τούτων
1708 2531 1802 2584 καὶ

217 2617 333 2671 τῶν
369 2617 626 2673 τοιούτων
656 2620 756 2688 τὴν
787 2620 909 2690 ἴσην
937 2620 1231 2690 ἀναλογίαν
1251 2622 1343 2676 ἐπί
1363 2640 1423 2677 τε
1454 2623 1666 2694 [ἰατρὸς
1705 2625 1803 2678 καὶ

220 2708 384 2773 Υίοῦ,
435 2710 529 2764 ὲπι
564 2729 623 2766 τε
658 2712 869 2784 Πατρὸς
904 2714 1000 2768 καὶ
1052 2712 1369 2786 Πνεύματος
1423 2715 1695 2788 ἔγνωμεν,
1725 2715 1802 2781 ὡς

222 2802 577 2875 προείρηται,
632 2805 662 2859 ὀ
696 2806 1047 2877 παράδειγμα
1099 2807 1367 2877 παραθεὶς
1399 2807 1570 2879 ἥλιον,
1605 2809 1804 2863 ἀκτῖνα

222 2895 324 2947 καὶ
369 2895 506 2963 φῶς,
544 2896 620 2960 ὡς
653 2882 723 2951 ἀν
755 2898 850 2950 καὶ
879 2896 1036 2952 τοῦτο
1089 2897 1412 2970 θεωρηθείη.
1448 2901 1543 2953 καὶ
1575 2900 1804 2970 φάσκων

220 2984 328 3056 τὴν
351 2988 545 3040 ἀκτῖνα
572 2987 704 3059 παρ’
726 2988 887 3043 ἄλλον
908 2988 1310 3060 λαμϐάνουσαν,
1337 2991 1504 3061 ἧγουν
1530 2989 1626 3043 τοῦ
1653 2990 1802 3059 ἡλίου

221 3077 289 3131 τὸ
317 3078 434 3149 φῶς
466 3081 726 3150 πέμπειν,
770 3082 845 3154 μὴ
896 3081 957 3147 ἐξ
984 3082 1154 3154 αὐτῆς
1182 3082 1215 3154 ἢ
1262 3082 1331 3136 δι’
1359 3083 1532 3153 αὐτῆς
1569 3081 1648 3142 ὃν.
1674 3084 1806 3135 κάν-

223 3170 420 3223 τεῦθεν
444 3172 726 3238 είκονίζων
764 3175 1074 3244 πέμπεσθαι
1098 3175 1250 3246 παρά
1274 3173 1371 3228 τοῦ
1400 3175 1530 3229 Υίοῦ
1554 3175 1615 3229 τὸ
1638 3173 1806 3229 Πνεῦ-

226 3282 329 3334 μα,
365 3263 441 3337 μὴ
488 3264 549 3331 ἐξ
597 3267 782 3334 αὐτοῦ,
838 3267 971 3341 ἢδι’
1002 3268 1166 3324 αὐτοῦ
1217 3269 1485 3341 ὐπάρχον,
1522 3268 1639 3332 πῶς
1690 3272 1801 3323 κάκ

222 3356 394 3423 τῆσδε
423 3357 524 3427 τῆς
557 3358 913 3428 παραθέσεως
938 3361 1319 3425 συσκευάσεως
1347 3361 1486 3423 ὅλως
1519 3360 1633 3428 ἕξει
1658 3348 1803 3432 παρ·

221 3449 492 3514 εἰσδυσιν,
516 3449 651 3519 πρὸς
681 3450 825 3522 ἀπερ
853 3454 901 3505 ot
940 3451 1261 3524 θεοφόρητοι
1285 3452 1727 3523 δογματίζουσιν,
1769 3452 1802 3524 ἦ

225 3541 433 3610 μᾶλλον
452 3539 519 3605 ἀς
545 3541 603 3607 ἐξ
617 3536 691 3597 ὧν
718 3544 1067 3615 ἀπᾶρνεῖται,
1087 3544 1414 3614 συνάγουσιν
1439 3539 1806 3617 οὐτοιδυσφη-

225 3632 382 3700 μίας,
420 3631 538 3697 πῶς
587 3632 872 3708 διαδρᾶναι
915 3634 1242 3704 δυνήσεται;
1291 3636 1354 3688 Εἰ
1379 3634 1437 3689 δέ.
1461 3652 1524 3704 γε
1560 3634 1670 3688 τῶν
1701 3653 1806 3690 πα-

221 3724 436 3795 τρικῶν
470 3725 798 3796 θεολογικῶν
833 3727 983 3781 ἐπῶν
1006 3727 1381 3797 ἀφροντίστως
1418 3727 1579 3799 ἔχων,
1609 3727 1686 3792 ὡς
1712 3729 1804 3781 ὲκ·

224 3816 413 3887 φαίνει
436 3818 629 3872 ἑαυτὸν
661 3818 738 3890 μὴ
756 3817 982 3887 θέμενον
1005 3818 1173 3872 τῶνδε
1199 3818 1416 3890 σκέψιν,
1440 3822 1515 3891 μὴ
1547 3820 1801 3890 βάσανον,

220 3909 482 3980 οὐδαμῶς
533 3911 953 3981 ἐπιστρέφεται,
1001 3911 1177 3974 ἄλλως
1208 3913 1390 3981 μέντοι
1418 3911 1663 3982 λογικαῖς
1698 3930 1805 3982 μα-

223 3998 492 4067 θημάτων
553 4000 825 4063 παιδείαις
865 4000 1256 4070 ὲνδιαπρὲψας,
1307 3990 1475 4055 πδθεν
1524 4002 1649 4073 ἔσκε
1703 4004 1804 4073 τὴν

221 4090 459 4163 ἡλιακὴν
506 4092 699 4144 ἀκτῖνα
749 4093 1135 4163 λειτουργικῶς
1175 4094 1207 4164 ἢ
1263 4094 1571 4163 ὀργανικῶς
1597 4097 1677 4157 είς
1702 4097 1841 4165 τὴν“

219 4184 321 4235 τοῦ
357 4182 536 4252 φωτὸς
584 4183 879 4250 λαμϐάνειν
915 4184 1241 4254 ἀποστολὴν,
1292 4184 1367 4246 ὡς
1425 4184 1499 4254 μὴ
1532 4185 1597 4237 δι’
1633 4186 1803 4255 αὐτῆς

218 4276 387 4329 τοῦτο
416 4273 583 4339 εἶναι,
614 4278 666 4329 εἰ
692 4293 755 4343 γε
787 4279 855 4329 τά
889 4277 1013 4347 τρία
1044 4279 1070 4330 ὁ
1101 4278 1305 4342 δέσκος,
1328 4279 1363 4346 ἡ
1395 4278 1573 4340 ἀκτὶς,
1619 4278 1712 4332 καὶ
1740 4278 1803 4332 τὸ

221 4369 365 4437 φῶς,
398 4368 619 4437 τρισσὸν
673 4368 908 4438 ὑπάρχει
953 4368 1065 4436 φῶς
1098 4370 1193 4422 καὶ
1221 4360 1543 4439 ἀμέριστον,
1570 4369 1667 4422 καὶ
1704 4371 1803 4440 μία

221 4456 561 4527 συνύπαρξις
591 4457 701 4510 τῶν
747 4459 938 4527 τριῶν,
988 4460 1080 4511 καὶ
1107 4458 1236 4528 μίαν
1260 4458 1526 4528 πληροῦσι
1554 4458 1737 4527 φύσιν,
1765 4460 1799 4532 ἢ

221 4547 636 4618 συμπληροῦσι,
662 4550 754 4623 καὶ
783 4548 1048 4618 διηνεκῶς
1088 4551 1148 4602 τὸ
1178 4552 1458 4622 ἡνωμένον
1474 4551 1677 4643 ἔχουσι
1709 4554 1801 4605 καὶ

1909 686 2136 768 peccato
2188 699 2292 754 sibi
2344 698 2845 763 adhaerescentem,
2878 696 3109 767 proprio
3138 693 3489 758 postmodum

1910 789 2123 861 iniungit
2162 789 2394 861 Spiritu,
2427 805 2594 861 quem
2625 788 2822 844 emittit
2863 787 2980 859 ipse
3031 788 3277 859 quidem,
3313 787 3392 840 uti
3423 800 3493 841 ex

1908 880 2023 935 Deo
2064 880 2224 936 Patre
2280 880 2549 946 Verbum,
2584 890 2640 937 et
2693 897 2760 936 ex
2816 880 3039 951 propria
3094 879 3255 934 nobis
3288 888 3490 932 natura

1910 988 2063 1026 more
2135 971 2305 1028 fontis
2343 970 2603 1029 eﬂundit.
2639 993 2657 1027 ι
2698 973 2855 1029 Hanc
2907 974 3243 1030 inculcatam
3275 972 3491 1027 theolo-

1908 1064 2048 1134 giam
2074 1064 2435 1134 abnegantem
2494 1081 2607 1120 non
2643 1073 2867 1142 tantum.
2889 1066 2943 1121 in
2975 1064 3332 1135 Unigenitum
3352 1064 3494 1119 blas-

1908 1156 2191 1225 pbcmum,
2246 1156 2341 1211 sed
2397 1156 2618 1211 easdem
2680 1172 2903 1226 quoque
2965 1154 3337 1224 blaspliemias
3387 1151 3494 1221 ipsi

1910 1245 2140 1315 Spiritui
2199 1248 2520 1318 appingere.
2579 1248 2801 1302 divinus
2868 1247 2974 1302 iste
3022 1247 3188 1301 Pater
3218 1244 3492 1301 ostendit.

1909 1334 2156 1404 Namque
2193 1337 2249 1390 in
2292 1337 2470 1391 illud:
2510 1355 2529 1389 ι
2566 1337 2687 1407 ipse
2716 1347 2974 1408 suggeret
3008 1338 3164 1392 vobis
3222 1352 3343 1407 quae
3393 1351 3494 1406 ego

1909 1429 2044 1489 dixi,
2072 1447 2089 1479 ι
2119 1428 2191 1481 ita
2213 1431 2534 1498 pronuntiat
2561 1446 2572 1481 :
2607 1448 2625 1480 ι
2653 1429 2840 1498 itaque
2858 1437 3119 1499 tanquam
3140 1427 3493 1493 ltonescieus,

1910 1534 2029 1587 quae
2055 1520 2111 1572 in
2138 1520 2365 1573 consrlio
2386 1518 2663 1590 Unigeuiti
2692 1529 2841 1581 sunt,
2862 1520 3046 1573 omnia
3080 1517 3238 1573 vobis
3265 1532 3491 1571 auuun-

1911 1611 2072 1664 ttabit
2125 1609 2391 1680 Spiritus,
2456 1628 2566 1666 non
2619 1611 2930 1679 disciplina:
2973 1610 3182 1665 habens
3229 1608 3494 1680 cognitio-

1911 1717 2059 1763 nem,
2093 1716 2163 1783 ne
2217 1703 2466 1759 videatur
2506 1703 2841 1759 .administri
2898 1703 3078 1757 locum
3111 1702 3359 1771 explere,
3395 1699 3493 1754 sed

1909 1806 1970 1849 ut
2004 1794 2242 1865 Spiritus
2275 1796 2469 1866 ipsius.
2530 1806 2586 1852 et
2617 1796 2799 1851 sciens
2837 1794 3283 1864 inseparabiliter
3309 1792 3494 1847 omnia

1909 1888 2054 1942 illius
2087 1902 2151 1941 ex
2205 1903 2314 1956 quo
2371 1898 2425 1943 et
2460 1889 2515 1942 in
2552 1905 2661 1958 quo
2718 1896 2823 1943 est.
2871 1905 2888 1938 ι
2926 1886 2982 1940 Si
3017 1888 3206 1955 itaque
3268 1885 3495 1954 pietatis

1903 1989 2340 2050 propugnatores
2379 1995 2445 2033 ex
2499 1981 2682 2035 verbis
2716 1980 2909 2034 hisce:
2948 1995 2968 2031 ι
3002 1978 3123 2046 Ipse
3170 1978 3325 2031 vobis
3358 1993 3496 2047 sug-

1902 2082 2079 2142 geret,
2134 2073 2222 2127 ille
2262 2089 2349 2126 me
2381 2072 2727 2142 gloriﬁcabit,
2768 2092 2787 2126 ι
2828 2070 3148 2125 Paracletus
3182 2066 3417 2133 scilicet,
3442 2078 3497 2124 et

1915 2183 1933 2215 ι
1977 2180 2320 2235 quaecunque
2345 2166 2532 2220 audiet
2561 2166 2834 2235 loquetur,
2876 2185 2894 2217 ι
2931 2180 2997 2220 ex
3027 2164 3162 2219 Filio
3195 2160 3342 2216 hunc
3373 2176 3499 2217 esse

1903 2255 2523 2327 perspicueprazdicant,
2549 2265 2604 2310 et
2622 2256 2668 2309 si
2688 2255 2737 2309 id
2765 2271 2871 2309 non
2902 2254 3085 2309 fuerit.
3107 2253 3340 2309 absurda
3361 2268 3499 2307 con-

1902 2347 2055 2417 sequi
2075 2346 2405 2409 decernunt,
2439 2347 2517 2402 uti
2538 2348 2605 2403 de
2628 2347 2912 2412 missione,
2933 2358 2987 2401 et
3017 2345 3484 2415 suppeditatione,

1904 2448 1960 2491 et
1999 2437 2221 2492 datione
2254 2438 2598 2505 dicebamus,
2632 2447 2687 2493 et
2718 2456 2784 2495 ex
2821 2440 2907 2495 his
2942 2441 3008 2503 et!
3035 2437 3311 2496 similibus
3340 2453 3494 2492 eam-

1903 2532 2478 2600 dcm,proportioncm
2515 2531 2568 2584 in
2600 2530 2759 2586 Patre
2785 2539 2841 2586 et
2874 2529 3041 2595 Filio,
3077 2541 3134 2588 et
3167 2532 3221 2586 in
3244 2531 3403 2585 Patre
3434 2537 3491 2584 et

1903 2620 2107 2692 Spiritu
2139 2624 2545 2693 cognoscimus,
2580 2632 2641 2678 ut
2692 2634 2849 2679 antea
2880 2625 3087 2680 dictum
3146 2634 3251 2689 est,
3308 2625 3401 2695 qui
3430 2624 3488 2677 in

1905 2711 2216 2782 exemplum
2254 2712 2480 2768 adducit
2510 2715 2701 2779 solem,
2744 2717 2983 2781 radium,
3043 2724 3098 2770 et
3158 2715 3374 2778 lumen,
3435 2726 3497 2769 ut

1905 2803 1956 2857 id
1985 2819 2201 2874 quoque
2228 2803 2284 2859 in
2317 2820 2543 2860 examen
2575 2806 2941 2878 proferamus,
2968 2807 3212 2879 dicitque
3277 2808 3493 2862 radium

1904 2895 1974 2951 ab
2011 2896 2119 2952 alio
2148 2896 2537 2967 accipientem,
2571 2898 2686 2954 sole
2728 2913 2955 2968 nempe,
3004 2898 3193 2954 lumen
3251 2899 3492 2963 mittere,

1904 2989 2052 3058 quod
2086 2991 2267 3059 neque
2298 3005 2365 3044 ex
2403 2990 2542 3062 ipso,
2569 3006 2749 3060 neque
2778 3007 2877 3061 per
2906 2993 3085 3061 ipsum
3110 2998 3214 3056 est,
3250 2990 3493 3059 indeque

1905 3079 2009 3134 sibi
2040 3078 2237 3151 figurat
2269 3080 2413 3135 mitti
2443 3097 2474 3137 ιι
2504 3080 2643 3136 Filio
2673 3081 2969 3153 Spiritum,
3007 3096 3188 3152 neque
3217 3096 3286 3137 ex
3345 3081 3492 3151 ipso,

1907 3187 2088 3242 neque
2128 3187 2229 3243 per
2288 3173 2467 3244 ipsum
2521 3172 2906 3239 exsistentem,
2970 3172 3247 3243 quomodo
3291 3187 3352 3226 ex
3391 3172 3491 3229 hac

1909 3268 2328 3337 comparatione
2390 3266 2457 3322 ad
2513 3283 2576 3322 ea
2630 3282 2752 3337 quae
2788 3266 2961 3322 divini
2994 3268 3187 3320 Patres
3217 3263 3492 3321 deﬁniunt

1908 3372 2217 3441 penetrare,
2269 3361 2387 3415 sive
2448 3362 2629 3431 potius
2656 3376 2722 3414 ex
2764 3360 2832 3414 iis
2861 3374 2985 3430 quae
3042 3358 3163 3429 ipse
3204 3365 3491 3428 pernegat.

1907 3450 2275 3521 blasphemias
2331 3463 2553 3507 exortas
2607 3450 2850 3523 eﬂ'ugere
2878 3448 3139 3520 poterit?
3174 3448 3380 3514 Quodsi
3434 3449 3488 3503 in

1902 3544 2048 3599 dicta
2114 3544 2337 3598 Patrum
2404 3543 2711 3615 theologica
2788 3551 3031 3597 mentem
3092 3556 3323 3611 prorsus
3377 3554 3487 3594 non

1901 3636 2208 3706 applicans,
2254 3650 2492 3706 namque
2542 3650 2605 3689 ea
2644 3647 2823 3703 neque
2869 3632 3273 3697 considerasse,
3305 3645 3488 3700 neque

1901 3727 2240 3783 examinasse
2271 3727 2429 3798 plane
2464 3726 2795 3790 ostenditur,
2831 3724 2982 3779 nullo
3015 3725 3175 3779 modo
3227 3721 3487 3786 admittit,
3580 3729 3597 3738 '

1901 3820 2029 3874 licet
2059 3820 2113 3874 in
2132 3819 2322 3891 logicis
2340 3818 2642 3889 disciplinis
2670 3817 2973 3889 praecellat,
3003 3816 3278 3870 undenam
3300 3813 3490 3867 habuit

1900 3910 2135 3966 solarem
2168 3910 2379 3965 radium
2414 3909 2729 3964 administri
2768 3910 2966 3971 instar,
2997 3914 3100 3961 aut
3130 3902 3489 3961 instrumenti

1901 4002 1957 4058 in
1978 4001 2296 4058 missionem
2318 4002 2542 4057 luminis
2572 4000 2867 4062 inservire,
2894 3999 3033 4054 adeo
3057 4007 3119 4052 ut
3143 4013 3241 4069 per
3273 3997 3487 4052 radium

1903 4097 2030 4149 illud
2060 4110 2171 4149 non
2205 4096 2300 4160 sit,
2347 4095 2393 4148 si
2444 4095 2547 4148 tria
2577 4094 2717 4159 haec,
2777 4092 2950 4157 orbis,
2977 4091 3181 4153 radius,
3216 4099 3270 4144 et
3299 4090 3488 4142 lumen

1901 4185 2105 4240 trinum
2130 4187 2314 4240 lumen
2333 4184 2549 4239 exsistit
2575 4195 2629 4239 et
2648 4183 2969 4249 indivisum,
2991 4192 3045 4237 et
3071 4197 3179 4236 una
3198 4190 3283 4235 est
3300 4195 3488 4234 eorum

1902 4278 2320 4341 coexsistentia,
2386 4285 2441 4331 et
2490 4292 2654 4330 unam
2688 4276 2850 4331 simul
2881 4274 3160 4344 complent
3213 4282 3487 4339 naturam,

1905 4388 2279 4444 perpetuoque
2328 4375 2759 4442 conjunguntur,
2796 4384 2853 4427 et
2902 4371 3219 4439 inseparata
3262 4384 3489 4439 perma-

1911 4474 2069 4530 nent,
2093 4464 2272 4521 doucc
2303 4463 2546 4518 universi
2583 4463 2749 4533 hujus
2770 4462 3110 4543 constructio
3138 4459 3492 4532 pcrdurabit?

1905 4557 2156 4626 Namque
2188 4558 2233 4611 si
2265 4556 2410 4626 quod
2445 4572 2542 4626 per
2574 4556 2723 4611 aliud
2775 4556 2977 4610 dicitur
3008 4569 3072 4608 ex
3104 4554 3238 4619 alio,
3271 4562 3366 4606 aut
3397 4568 3493 4605 na-

222 4639 553 4709 ἀχώριστον,
583 4641 688 4702 ἕως
712 4642 777 4693 ἂν
812 4641 1021 4710 ἡτοῦδε
1068 4642 1165 4697 τοῦ
1197 4643 1397 4707 παντὸς
1434 4639 1572 4716 μένῃ
1606 4645 1803 4700 σύστα-

1912 4649 2163 4703 turaliter
2215 4656 2271 4702 et
2319 4647 2688 4702 essentialiter
2722 4647 2946 4708 dicitur,
2983 4654 3036 4700 et
3079 4645 3205 4699 inde
3239 4644 3307 4697 ad
3368 4657 3491 4697 esse

221 4748 347 4799 at;;
378 4733 443 4787 Et
471 4732 580 4804 γὰρ
605 4733 664 4786 τὸ
688 4734 778 4787 διά
809 4751 953 4797 τινος
985 4735 1281 4805 λεγόμενον
1302 4736 1366 4790 ἐκ
1398 4753 1543 4801 τινος
1571 4737 1604 4809 ἦ
1641 4754 1802 4806 φυσι-

222 4828 342 4892 κῶς
367 4828 585 4897 λέγεται
615 4831 710 4882 καὶ
733 4830 1030 4895 οὐσιωδῶς,
1062 4833 1158 4885 καὶ
1189 4832 1289 4901 τήν
1342 4832 1595 4886 ἐντεῦθεν
1629 4836 1711 4896 είς
1742 4832 1803 4885 τὸ

219 4914 369 4972 εἶναι
390 4919 459 4972 δι’
484 4913 546 4974 οὗ
595 4919 816 4988 λέγεται
865 4919 1089 4974 πλουτεῖ
1141 4922 1389 4991 πρόοδον,
1423 4922 1455 4993 ἧ
1493 4923 1803 4994 ὀργανικῶς

224 5015 323 5065 καὶ
348 5012 726 5082 ὐπουργικῶς,
759 5013 853 5066 καλ⁵
882 5014 1086 5085 ἣκιστα
1113 5013 1182 5067 δι’
1201 5012 1366 5067 αὐτοῦ
1394 5014 1485 5066 τὸν
1515 5015 1612 5083 τῆς
1632 5014 1802 5085 ὑπάρ-

220 5104 364 5171 ξεως
413 5105 573 5173 λόγον
608 5105 785 5175 αὐχεῖ,
828 5105 1080 5174 καθάπερ
1110 5106 1174 5158 ἐκ
1203 5106 1304 5174 τῆς
1334 5106 1518 5176 πηγῆς
1570 5105 1656 5157 διὰ
1705 5105 1798 5158 τοῦ

220 5197 466 5267 σωλῆνος
515 5198 577 5251 τὸ
618 5197 784 5270 ὕδωρ.
822 5198 1085 5268 Οὐδαμῶς
1121 5203 1228 5270 γὰρ
1277 5193 1429 5260 οὗτος
1464 5198 1545 5262 είς
1570 5198 1670 5268 τὴν
1703 5198 1799 5251 τοῦ

222 5290 421 5352 ὕδατος
444 5290 680 5360 φυσικὴν
701 5289 1115 5361 λαμϐανόμενός
1134 5291 1283 5342 ἐστιν
1304 5289 1589 5358 ὸντότητα,
1641 5288 1802 5358 εἴπερ

218 5382 526 5452 ἑτεροφυὴς
561 5381 725 5435 αὐτοῦ
756 5382 852 5435 καὶ
902 5382 1261 5452 ἑτεροούσιος,
1301 5381 1385 5434 ὅτι
1419 5379 1495 5452 μὴ
1527 5379 1688 5449 μόνον
1721 5380 1802 5440 εἰς

219 5472 522 5543 ὀργανικὴν
559 5472 748 5526 τούτου
799 5473 1071 5527 διάϐασιν.
1127 5471 1191 5525 Εἰ
1219 5472 1274 5525 δέ
1314 5488 1398 5534 τις
1429 5472 1564 5542 φαίη
1589 5470 1680 5524 διά
1703 5472 1797 5523 τοῦ

219 5564 477 5631 ποταμοῦ
512 5565 574 5618 τὸ
597 5564 746 5634 ὕδωρ
776 5564 1007 5628 ἐκεῖθεν,
1053 5565 1086 5635 ἢ
1128 5566 1217 5619 διὰ
1242 5564 1341 5633 τῆς
1385 5563 1571 5634 πηγῆς
1613 5565 1677 5615 ἐκ
1704 5561 1799 5615 τοῦ

216 5656 532 5725 ὀφθαλμοῦ,
599 5658 882 5728 ἀμφότερα
909 5659 1016 5728 γὰρ
1058 5658 1462 5727 διαγγέλλεται,
1497 5656 1594 5727 τὴν
1628 5658 1709 5719 εἰς
1738 5655 1800 5709 τὸ

217 5744 363 5801 εἶναι
387 5746 477 5799 διὰ
505 5748 603 5816 τῆς
633 5748 815 5820 πηγῆς
864 5748 897 5818 ἢ
932 5749 990 5814 ἐξ
1038 5749 1209 5817 αὐτῆς
1262 5748 1352 5802 διὰ
1383 5747 1480 5803 τοῦ
1529 5748 1797 5817 ποταμοῦ,

220 5837 504 5908 παρευθύς
534 5838 769 5911 ἐδήλωσε
802 5841 893 5895 τοῦ
920 5840 1111 5905 ὓδατος
1137 5841 1414 5907 ἔκϐλυσιν,
1445 5840 1519 5905 ὡς
1540 5842 1801 5912 ὁμοφυῶν

219 5929 331 5993 τῶν
368 5931 536 5997 τριῶν
584 5933 772 6000 ὄντων,
831 5936 924 5989 καὶ
956 5935 1098 5990 οὕτω
1146 5937 1419 6009 λαχὸντων
1458 5924 1693 6009 φύσεωξ,
1737 5940 1798 5993 ἐκ

1909 4755 2004 4810 per
2039 4740 2184 4808 quod
2213 4737 2415 4794 dicitur
2449 4754 2800 4808 progressum
2837 4738 3104 4808 possidet,
3137 4746 3231 4790 aut
3276 4736 3489 4790 instru-

1912 4830 2080 4883 menti
2136 4829 2320 4894 modo,
2376 4830 2459 4882 vel
2490 4828 2634 4882 servi
2696 4842 2871 4890 more,
2926 4835 2984 4881 et
3012 4827 3161 4881 nullo
3192 4826 3354 4880 modo
3393 4840 3490 4894 per

1908 4924 2088 4991 ipsum
2123 4921 2504 4976 exsistentiam
2534 4922 2736 4975 habere
2770 4920 3055 4988 gloriatur,
3094 4918 3171 4973 uti
3204 4935 3270 4974 cx
3335 4918 3489 4972 fonte

1909 5027 2007 5080 por
2042 5012 2232 5066 tubum
2275 5027 2457 5080 aqua;
2496 5010 2650 5066 nullo
2710 5011 2981 5079 siquidem
3023 5011 3187 5066 modo
3236 5009 3288 5064 in
3325 5019 3489 5064 natu-

1907 5103 2077 5156 ralem
2137 5117 2293 5171 aqute
2324 5101 2621 5155 essentiam
2655 5101 2945 5170 accipitur,
3015 5101 3059 5155 si
3098 5099 3333 5154 alterius
3395 5097 3487 5152 ille

1908 5202 2115 5247 natura;
2147 5204 2308 5262 atque
2338 5192 2589 5248 essentia:
2645 5200 2751 5258 est,
2797 5192 2901 5248 nisi
2938 5203 3145 5246 tantum
3181 5191 3249 5245 ad
3286 5190 3493 5243 insuu-

1906 5284 2197 5339 meutalem
2250 5296 2406 5351 aqum
2463 5280 2776 5336 transitum.
2830 5278 2987 5346 Quod
3039 5279 3082 5333 si
3115 5277 3241 5346 quis
3288 5274 3491 5330 dixerit

1910 5392 2008 5446 per
2046 5374 2270 5430 ﬂuvium
2308 5374 2439 5430 inde
2496 5391 2694 5445 aquam
2755 5390 2901 5436 esse,
2966 5380 3061 5425 aut
3116 5375 3217 5443 per
3277 5368 3488 5424 fontem

1908 5486 1973 5523 ex
2004 5451 2185 5530 oculo,
2239 5467 2402 5521 ambo
2462 5466 2728 5536 siquidem
2767 5464 3211 5535 pronuntiantur,
3265 5462 3332 5516 ad
3364 5476 3489 5516 esse

1907 5578 2005 5631 per
2039 5562 2274 5621 fontem,
2313 5559 2429 5614 sive
2458 5574 2523 5613 ex
2556 5558 2672 5628 ipsa
2711 5574 2810 5628 per
2838 5557 3086 5622 ﬂuvium,
3122 5555 3273 5611 illico
3332 5568 3489 5623 aqua;

1904 5654 2297 5727 scaturiginem
2354 5652 2637 5715 indicavit,
2714 5667 2838 5706 cum
2893 5651 3010 5706 haec
3067 5650 3168 5705 tria
3229 5647 3479 5720 ejusdem

1908 5758 2117 5802 naturae
2162 5747 2296 5808 sint,
2328 5761 2561 5815 eamque
2616 5744 2809 5799 sortita
2851 5744 2963 5799 sint
3004 5752 3276 5807 naturam,
3321 5749 3381 5795 ut
3415 5755 3483 5795 ex

1908 5843 2085 5912 primo
2114 5857 2212 5912 per
2246 5840 2551 5895 secundum
2578 5838 2800 5893 tertium
2833 5838 2939 5903 sit;
2985 5837 3122 5902 haec,
3157 5835 3405 5904 inquam,
3433 5832 3479 5888 si

1905 5937 1979 5995 ita
2007 5950 2065 5991 se
2099 5933 2321 5997 habent,
2358 5948 2519 6006 quam
2554 5948 2617 5987 ex
2674 5931 2909 5989 naturali
2959 5930 3103 5986 serie
3132 5943 3479 6001 scrmopro-
