4020 6626
463 441 531 503 13
572 442 604 504 3

1686 443 1727 502 G
1742 439 1948 500 ΕΘΠΟ
1963 438 2013 496 ιι
2061 438 2109 497 Μ
2126 438 2518 501 ETOC“1T.’E

3580 428 3715 493 1344

463 562 732 614 Initium-iu
768 560 1006 626 habebit,
1064 561 1271 615 radiant
1305 561 1496 616 dicens
1550 576 1615 615 ex
1651 561 1767 614 sole
1821 564 2028 623 lumen,

2146 559 2224 610 τοῦ
2253 559 2472 630 πρώτου
2497 557 2582 610 διὰ
2608 556 2699 609 τοῦ
2726 557 2980 628 δευτέρου
3018 556 3076 608 τὸ
3098 553 3283 624 τρίτον
3320 547 3484 605 εἶναι.
3517 551 3581 604 El
3606 550 3713 619 γὰρ

462 668 529 704 ιιι)
556 668 725 715 scopo
782 653 924 721 quod
961 669 1056 723 per
1088 652 1266 725 ipsum
1321 669 1428 707 non
1474 654 1563 720 sit,
1606 652 1720 715 ,sed
1751 652 2031 722 accipiens

463 746 685 799 mittat?
719 746 945 798 alterius
999 747 1266 812 siquidem
1298 735 1506 826 naturae
1549 745 1808 799 indicium
1859 744 1911 800 in
1947 743 2033 797 his

463 853 573 891 non
629 836 895 904 ejusdem,
963 839 1339 900 instrumenti,
1396 850 1449 891 et
1482 836 1789 893 administri
1823 835 2033 905 absque

463 927 568 980 ulla
607 928 949 982 haesitatione
985 929 1121 982 radii
1158 944 1314 981 usum
1346 928 1671 998 explentes?
1702 943 1820 996 qua:
1862 941 1890 978 a
1923 925 2035 978 Deo

463 1020 733 1073 illustrata
788 1019 1043 1076 Ecclesiae
1110 1020 1339 1085 lumina,
1414 1036 1539 1075 cum
1596 1020 1719 1074 aliis
1785 1017 2035 1089 pluribus

466 1111 819 1175 imaginibus,
858 1113 934 1165 uti
977 1128 1065 1165 res
1096 1122 1294 1166 creatae
1317 1113 1649 1178 concedunt,
1689 1112 1745 1165 in
1771 1111 2034 1167 similitu-

391 1268 395 1273 ἡ
462 1205 648 1257 dinem
680 1204 1064 1274 quoquomodo
1094 1205 1351 1259 increatae
1389 1204 1573 1258 'l'riadi
1611 1204 2033 1273 respondentem

467 1295 830 1356 tradiderunt.
856 1296 1219 1351 ostendentes
1267 1312 1331 1350 ex
1363 1295 1522 1351 Patre
1573 1296 1863 1353 ambarum
1911 1309 2032 1364 per-

465 1401 724 1440 sonarum
758 1389 1060 1442 naturalem
1112 1399 1169 1442 et
1229 1390 1615 1458 sempiternam
1656 1385 2035 1441 exsistentiam

463 1476 586 1532 Filii
617 1488 671 1533 et
709 1479 963 1548 Spiritus,
996 1492 1051 1534 et
1089 1496 1186 1550 per
1237 1480 1433 1534 Filium
1496 1480 1759 1547 Spiritus,
1822 1479 1899 1531 uti
1968 1492 2035 1531 ex

464 1572 582 1625 sole
612 1573 794 1626 radius
825 1583 910 1627 est
944 1583 997 1626 et
1029 1573 1237 1631 lumen.
1259 1585 1312 1627 et
1342 1588 1438 1642 per
1464 1572 1674 1626 radium
1706 1572 1914 1633 lumen,
1940 1570 2032 1624 sed

465 1680 531 1718 ex
551 1664 688 1719 Filio
715 1681 932 1735 quoque
949 1666 1187 1735 Spiritus
1211 1676 1294 1720 est
1326 1667 1401 1720 uti
1420 1682 1483 1720 ex
1505 1666 1658 1721 radio
1687 1665 1894 1728 lumen,
1911 1678 2034 1717 cum

464 1758 641 1811 ambze
700 1757 1114 1827 praepositiones
1155 1757 1348 1812 iisdem
1397 1757 1601 1811 viribus
1653 1754 2034 1825 praepolleant.

467 1848 622 1902 Licet
673 1864 930 1919 magnum
988 1851 1130 1905 inter
1161 1865 1252 1904 eas
1282 1848 1387 1902 alio
1443 1849 1605 1903 modo
1661 1846 2033 1901 consideratas

465 1940 764 1995 discrimen
796 1945 888 2008 sit,
918 1944 1046 1998 dum
1082 1945 1312 2013 primam
1344 1959 1405 1996 ac
1436 1943 1769 2012 praeipuam
1812 1955 2033 1995 causam

467 2028 617 2083 Patri
648 2046 713 2083 ea:
762 2032 1092 2098 manifestet,
1158 2032 1401 2101 illudque
1432 2032 1574 2100 quod
1610 2030 1815 2101 absque
1873 2045 2036 2084 causa

466 2126 573 2181 est,
621 2119 688 2173 de
722 2120 923 2190 quibus
946 2131 1259 2176 sanctorum
1307 2120 1529 2175 Patrum
1577 2120 1797 2174 decreta
1828 2119 1880 2172 in
1914 2119 2040 2174 aliis

466 2210 669 2265 nostris
699 2213 1131 2276 commentariis,
1164 2212 1252 2266 cui
1294 2212 1346 2267 id
1374 2212 1591 2266 animus
1640 2220 1746 2276 est,
1780 2213 2036 2280 reperiet.

466 2299 625 2359 Nunc
650 2316 782 2357 vero
829 2318 952 2357 cum
981 2304 1145 2357 unius
1199 2312 1409 2357 natura».
1437 2303 1680 2374 ﬁguratae
1710 2303 1909 2357 divina)
1942 2303 2041 2375 hy-

468 2405 737 2463 postases,
794 2403 850 2449 et
900 2394 1143 2465 ejusdem
1194 2394 1419 2451 honoris
1472 2393 1925 2459 cousiderentur,
1986 2404 2042 2449 et

467 2485 655 2540 eorum
683 2502 803 2554 quae
829 2494 1226 2556 repraesentant
1265 2486 1408 2540 idem
1442 2485 1584 2541 inter
1626 2500 1686 2541 se
1718 2495 1774 2540 ct
1821 2498 2041 2543 mutuus

472 2581 653 2634 honor
699 2580 1056 2649 proportione
1089 2581 1321 2649 quadam
1364 2579 1457 2641 sit.
1511 2589 1566 2633 et
1594 2579 1840 2633 eamdem
1876 2591 2039 2636 natu~

472 2688 591 2725 ram
633 2673 970 2740 possideant,
1005 2689 1073 2726 ex
1118 2672 1317 2742 quibus
1355 2672 1522 2726 divini
1564 2678 1755 2731 Patres
1807 2675 2038 2740 dicunt,

468 2763 854 2819 manifestatur
900 2765 1150 2835 ejusdem
1207 2763 1435 2820 Deitatis
1469 2764 1736 2835 Spiritum
1792 2767 2038 2822 divinum

469 2854 611 2910 mitti
644 2871 712 2911 ex
744 2857 1031 2922 ambobus,
1064 2867 1119 2913 et
1167 2858 1244 2913 uti
1276 2873 1342 2913 ex
1363 2857 1631 2911 ambobus
1677 2858 2042 2913 essentialiter

468 2947 728 3011 eﬂ'usum,
765 2964 829 3003 ex
863 2947 1023 3003 Patre
1056 2965 1252 3020 nempe
1295 2966 1393 3022 per
1424 2949 1644 3014 Filium,
1684 2951 1751 3006 ad
1800 2953 2044 3005 sanctiﬁ-

464 3040 696 3095 candam
728 3039 958 3095 rationis
984 3055 1293 3111 compatem
1346 3052 1396 3097 et
1431 3042 1857 3097 intellectualem
1882 3058 2041 3099 erea-

464 3140 579 3185 tam
602 3132 917 3196 essentiam,
953 3131 1212 3196 indivise,
1244 3144 1300 3188 et
1326 3132 1395 3187 ab
1430 3142 1657 3197 aeterno,
1685 3134 2042 3204 quemadmo-

2133 651 2274 706 οὕτω
2305 652 2498 717 ταῦτα,
2534 654 2691 705 ποίαν
2722 653 2817 722 τὴν
2842 654 2905 706 ἐκ
2929 652 3030 722 τῆς
3063 650 3300 721 φυσικῆς
3325 645 3650 707 ἀκολουθίας
3684 648 3714 699 6

2132 742 2290 808 λόγος
2326 742 2581 795 σύστασιν
2598 742 2730 808 ἕξει,
2749 743 2848 813 τὴν
2872 742 3064 795 ἀκτῖνα
3090 741 3317 809 φάσκων
3340 741 3407 793 ὲκ
3430 736 3527 790 τοῦ
3559 736 3709 806 ἡλίου

2133 835 2193 886 τδ
2223 835 2335 902 φῶς
2360 834 2454 886 ἐπὶ
2489 834 2698 905 διανοίᾳ
2724 834 2817 887 τοῦ
2844 835 2920 905 μὴ
2949 834 3017 888 δι’
3040 834 3213 902 αὐτῆς
3240 832 3337 903 μὲν
3369 825 3538 892 εἶναι,
3568 829 3713 896 λαμ-

2135 925 2403 979 6ἀνουσαν
2442 925 2487 979 δ’
2521 925 2907 990 ἀποστέλλειν;
2943 926 3271 997 ἐτεροφυῖας
3323 922 3435 991 γὰρ
3465 919 3714 973 ἐντεῦθεν

2136 1021 2458 1086 ἐμπεσεῖται
2506 1019 2779 1090 τράνωσις
2807 1018 3044 1081 τούτοις,
3072 1018 3196 1087 οὐχὶ
3237 1015 3519 1086 συμφυῗας
3551 1015 3714 1079 ὀργα-

2135 1111 2313 1180 νικὴν,
2360 1110 2392 1179 ἢ
2447 1109 2833 1179 λειτουργικὴν
2891 1110 3315 1180 ἀναμφιλέκτως
3370 1106 3474 1175 τῆς
3502 1106 3717 1166 ἀκτῖνος

2136 1203 2324 1273 χρείαν
2357 1202 2788 1274 ἀποπληρούσης
2813 1216 2827 1232 ·
2865 1202 3009 1271 ἅπερ
3036 1202 3086 1253 οἱ
3109 1201 3431 1271 θεοφεγγεῖς
3460 1197 3718 1267 λαμπτῆο

2139 1312 2231 1364 pe;
2292 1295 2390 1363 τῆς
2464 1294 2792 1363 Ἕκκλησίας
2843 1294 2943 1346 σὺν
2997 1292 3243 1346 πλείοσιν
3292 1290 3482 1350 ἄλλαις
3521 1287 3717 1350 εἰκοσι,

2140 1383 2368 1436 καθόσον
2400 1388 2460 1436 ἐκ
2487 1384 2597 1436 τῶν
2626 1381 2862 1435 κτιστῶν
2886 1372 3035 1435 ἐστίν
3066 1380 3284 1448 ἐφικτὸν
3307 1380 3387 1440 εἰς
3417 1377 3721 1446 ἐμφέρειαν

2137 1473 2506 1540 ἀναλογοῦσαν
2546 1473 2644 1543 τῆς
2692 1473 2949 1526 ἀκτίστου
2998 1471 3230 1542 Τριάδος
3270 1467 3719 1539 παραδεδώκασι,

2138 1562 2596 1633 παραδεικνύντες
2624 1562 2722 1632 τὴν
2744 1565 2808 1615 ὲκ
2825 1561 2918 1614 τοῦ
2952 1561 3169 1630 Πατρὸς
3191 1559 3527 1628 ἀμφοτέρων
3556 1573 3721 1625 προσ-

2137 1654 2304 1707 ώπων
2331 1656 2568 1724 φυσικὴν
2600 1657 2691 1709 καὶ
2725 1655 2897 1708 ἀϊδιον
2957 1653 3191 1724 ὕπαρξιν
3233 1651 3363 1705 Υίοῦ
3401 1654 3501 1705 καὶ
3556 1651 3725 1704 [ινεύ-

2141 1763 2329 1817 ματος,
2366 1746 2461 1799 καί⁵
2482 1746 2571 1800 διά
2602 1745 2695 1800 τοῦ
2729 1746 2860 1800 Υἰοῦ
2887 1747 2987 1817 τὴν
3019 1745 3113 1801 τοῦ
3157 1743 3498 1815 Πνεῦματος,
3533 1746 3612 1805 ὡς
3644 1744 3724 1815 ⁸ἐκ

2139 1838 2231 1892 τοῦ
2254 1838 2403 1906 ἡλίου
2433 1840 2465 1909 ή
2494 1840 2655 1904 ἀκτίς
2676 1842 2794 1895 ἐστι
2817 1840 2912 1895 καί⁵
2944 1840 3006 1894 τὸ
3036 1841 3171 1908 φῶς,
3201 1838 3297 1893 καὶ
3326 1841 3418 1891 διὰ
3444 1838 3549 1909 τῆς
3572 1839 3724 1892 ἀκτῖ-

2138 1948 2228 1995 νος
2256 1933 2316 1985 τὸ
2338 1934 2474 2002 φῶς.
2519 1933 2684 1989 Ἀλλὰ
2738 1934 2832 1987 καὶ
2860 1936 2926 1987 ἐκ
2953 1930 3048 1986 τοῦ
3083 1931 3217 1985 Υίοῦ
3251 1931 3314 1985 τὸ
3343 1929 3594 2000 Πνεῦμα,
3646 1927 3720 1989 ὡς

2143 2023 2232 2076 καί
2283 2024 2349 2076 ἐκ
2375 2023 2479 2093 τῆς
2504 2026 2724 2088 ἀκτῖνος
2780 2021 2842 2075 τδ
2874 2021 3008 2091 φῶς,
3065 2019 3347 2091 ἑκατέρων
3404 2017 3721 2086 προθέσεων

2140 2098 2375 2167 ἐνταῦθα
2426 2116 2767 2185 κεκτημένον
2808 2112 2869 2166 τὸ
2901 2112 3243 2181 ίσοδύναμον,
3282 2112 3332 2164 εί
3366 2110 3465 2164 καὶ
3507 2108 3721 2178 μεγάλη

2139 2224 2226 2270 τις
2278 2205 2484 2279 ἑτέρως
2541 2206 2727 2258 ταῖσδε
2780 2205 3037 2276 διαφορὰ,
3073 2204 3241 2274 ήνίκα
3287 2202 3350 2255 τὸ
3381 2202 3606 2272 πρῶτον
3634 2202 3721 2252 καὶ

2140 2299 2371 2371 ἀρχικὸν
2430 2301 2608 2353 αῖτιον
2644 2297 2741 2351 τοῦ
2782 2299 2998 2367 Πατρδς
3050 2297 3083 2367 ή
3122 2296 3192 2349 ἐκ
3251 2297 3505 2365 ἐκφαίνει
3537 2297 3632 2345 καὶ
3661 2292 3721 2345 τὸ

2143 2394 2403 2457 ἀναίτιον,
2445 2392 2578 2463 περὶ
2612 2384 2689 2445 ὧν
2711 2389 2848 2446 ἄττα
2875 2392 2987 2454 τοῖς
3020 2388 3187 2452 θείοις
3212 2388 3593 2458 μυστηπόλοις
3621 2404 3721 2452 μυ-

2144 2487 2536 2554 σταγωγεῖται,
2578 2483 2687 2538 τῶν
2736 2483 3026 2555 ἡμετέρων
3068 2484 3126 2536 ἐν
3158 2481 3340 2545 ἄλλοις
3372 2480 3557 2548 λόγων
3590 2479 3724 2548 εὕρῃ

2144 2579 2210 2633 ἂν
2241 2581 2269 2633 6
2291 2577 2639 2650 βουλόμενος.
2671 2576 2785 2631 Νῦν
2815 2575 2860 2629 δ’
2877 2575 3137 2646 ὁμοφυῶν
3161 2575 3270 2627 τῶν
3300 2570 3723 2638 εἰκονιζομένων

2144 2675 2343 2728 θεῖκὼν
2392 2673 2751 2726 ὑποστάσεων
2808 2670 3237 2742 θεωρουμένων,
3277 2670 3373 2724 καὶ
3421 2667 3721 2738 ὁμοτίμων,

2142 2768 2238 2820 καὶ
2293 2764 2402 2819 τῶν
2461 2764 2845 2828 είκονιζόντων
2902 2762 2963 2816 τὸ
3014 2763 3280 2835 ὁμότιμον
3330 2761 3467 2831 πρὸς
3517 2759 3722 2827 ἄλληλα

2142 2860 2285 2913 κατὰ
2321 2859 2383 2912 τὸ
2424 2856 2748 2925 ἀναλογοῦν,
2780 2859 2879 2910 καὶ
2909 2857 2969 2911 τὸ
2990 2856 3232 2927 δμοφυές
3266 2855 3520 2923 ἐχόντων,
3561 2853 3619 2919 ἐξ
3651 2844 3722 2903 ὧν

2144 2969 2310 3021 φασιν
2348 2954 2395 3005 οἱ
2424 2952 2679 3021 Θεηγόροι
2716 2951 3035 3020 τρανοῦται,
3069 2950 3146 3013 ὡς
3171 2948 3399 3019 δμόθεον
3434 2947 3496 3010 ἐξ
3522 2947 3726 3015 ἀμφοῖν

2146 3044 2429 3113 πέμπεται
2460 3042 2686 3112 Πνεῦμα
2741 3041 2803 3095 τὸ
2855 3042 3021 3106 θεῖον,
3063 3040 3161 3093 καὶ⁵
3198 3039 3273 3101 ὡς
3308 3038 3370 3103 ἐξ
3398 3038 3607 3107 ἀμφοῖν
3636 3035 3729 3088 οὐ-

2147 3135 2355 3197 σιωδῶς
2389 3133 2783 3204 προχεόμενον,
2817 3133 2988 3205 ήγουν
3027 3133 3091 3185 ἐκ
3134 3131 3347 3201 Πατρδς
3384 3128 3455 3182 δι’
3491 3127 3625 3181 Υἱοῦ
3649 3128 3727 3188 είς

465 3223 598 3277 dum
652 3237 718 3276 ex
746 3222 1015 3279 ambobus
1070 3222 1254 3278 lumen
1290 3224 1546 3285 mittitur,
1579 3224 1684 3278 hoc
1726 3234 1811 3278 est
1846 3224 2043 3279 illumi-

2151 3228 2426 3297 ἀγιασμδν
2474 3226 2575 3295 τῆς
2629 3225 2861 3294 λογικῆς
2917 3226 3015 3277 καί¹
3056 3224 3252 3293 νοερᾶς
3296 3221 3522 3289 κτιστῆς
3542 3222 3728 3282 οὐσίας

466 3315 620 3369 natio
672 3329 771 3385 per
790 3330 994 3377 aerem.
1037 3330 1104 3370 ex
1125 3315 1241 3371 sole
1272 3332 1472 3387 nempe
1529 3331 1627 3387 per
1658 3316 1869 3371 radium
1899 3315 2045 3371 indi-

467 3406 586 3460 vise
626 3406 845 3477 profusa
876 3408 945 3463 ad
970 3408 1253 3463 sensibilia
1313 3418 1603 3479 ereataque
1660 3408 2041 3474 illuminanda,

469 3499 572 3552 etsi
606 3514 715 3552 non
768 3499 836 3553 ab
882 3508 1111 3563 aeterno,
1159 3499 1292 3570 ipsis
1327 3508 1507 3554 tamen
1569 3514 1773 3564 coaeva,
1827 3514 2046 3569 unaque

473 3605 598 3643 cum
634 3590 742 3644 illis
767 3592 1059 3646 exsistens.
1104 3589 1239 3645 Hinc
1279 3592 1331 3644 in
1363 3592 1529 3645 rebus
1565 3589 1768 3645 divinis
1817 3588 2045 3660 przrcel-

470 3680 815 3737 leutissimus
850 3683 1226 3753 ’Epiphanius,
1287 3682 1341 3736 in
1391 3683 1676 3754 Ancyroto,
1728 3682 1873 3735 inter
1917 3680 2044 3734 reli-

470 3792 577 3846 qua
610 3776 713 3831 alia
747 3792 866 3848 quae
901 3776 1168 3838 decernit,
1202 3777 1319 3847 pari
1355 3776 1514 3830 modo
1538 3774 1730 3829 definit
1758 3791 1773 3827 :
1810 3792 1830 3825 ι
1871 3771 2047 3842 Spiri-

473 3878 561 3923 tus
588 3880 810 3923 sanch
853 3867 1090 3937 Spiritus
1115 3868 1361 3924 veritatis
1391 3878 1495 3932 est,
1523 3868 1706 3922 lumen
1768 3866 1987 3920 tertium
2016 3880 2046 3919 a

471 3955 636 4013 Patre
688 3971 743 4015 et
788 3959 944 4013 Filio.
979 3977 998 4011 ι
1054 3961 1123 4014 Ει
1169 3959 1386 4013 divinus
1434 3957 1670 4029 Cyrillus
1737 3955 2047 4026 frequentia

470 4050 734 4118 variaque
802 4049 1020 4104 Patrum
1066 4049 1237 4113 dicta,
1279 4065 1344 4102 ex
1384 4047 1543 4103 Patre
1597 4057 1651 4103 et
1693 4046 1829 4102 Filio
1867 4057 1922 4100 et
1954 4062 2050 4115 per

474 4138 677 4193 Filium
741 4141 903 4211 plane
947 4140 1317 4196 asseverantia
1386 4139 1653 4211 Spiritum
1711 4147 1961 4194 sanctum
1993 4139 2048 4192 in

470 4246 645 4287 unum
694 4248 957 4304 aggerans
1006 4244 1059 4288 et
1091 4249 1375 4300 exponens
1414 4233 1597 4304 primo
1628 4232 1696 4287 ad
1743 4231 2048 4287 Palladium

470 4322 634 4386 libro,
684 4342 703 4372 ε
734 4339 798 4379 ex
845 4324 1137 4390 ambobus,
1168 4328 1263 4385 ait.
1294 4323 1669 4380 essentialiter
1726 4322 1984 4381 etl'usum.
2025 4341 2042 4373 ι

470 4430 538 4470 ex
573 4412 731 4468 Patre
768 4431 964 4487 nempe
998 4433 1095 4488 per
1123 4416 1355 4480 Filium,
1386 4426 1445 4470 ut
1483 4424 1642 4469 antea
1675 4414 1935 4468 diximus.

553 4778 641 4833 Η.
694 4776 798 4845 Qui
856 4792 1047 4834 veroe
1079 4787 1272 4834 ventre
1332 4780 1551 4844 clamat,
1599 4788 1657 4835 et
1695 4778 1764 4835 iis
1822 4794 1944 4850 quae
1982 4795 2049 4835 ex

478 4880 672 4927 ventre
735 4879 885 4933 sunt,
942 4870 1205 4934 adhaeret.
1239 4880 1294 4926 et
1317 4886 1438 4941 quae
1482 4886 1546 4925 ex
1598 4872 1714 4941 ipsa
1769 4881 2049 4936 emanant,

482 4961 776 5018 sententiis
829 4976 892 5017 ac
923 4961 1108 5017 verbis
1142 4961 1429 5029 immanet,
1464 4962 1628 5016 etiam
1670 4961 1785 5016 btec
1831 4962 2052 5016 confar-

480 5052 675 5111 einans
704 5052 888 5107 subdit
930 5065 946 5106 :
982 5068 1001 5103 ι
1036 5049 1091 5105 Si
1117 5051 1350 5122 Spiritus
1381 5051 1834 5123 progrediebatur
1870 5063 2052 5117 antea,

483 5144 656 5200 Filius
686 5159 817 5200 vero
856 5144 1208 5215 promittebat
1236 5144 1511 5216 Spiritum
1573 5146 1789 5199 mittere
1819 5161 1847 5199 a
1870 5143 2055 5212 Patre,

489 5238 598 5292 hoc
621 5246 707 5292 est
734 5252 1021 5292 assensum
1057 5239 1329 5308 praebere,
1366 5248 1423 5293 et
1450 5237 1739 5308 cooperari
1770 5246 1829 5291 ut
1852 5236 1943 5291 ille
1973 5252 2059 5292 ac-

488 5327 731 5383 cederet.
761 5328 917 5404 Nync
946 5344 1079 5384 vero
1109 5328 1279 5383 Filius
1327 5345 1451 5385 cum
1478 5333 1666 5385 ‘antea
1722 5329 2057 5393 advenisset,

490 5417 609 5487 ipse
640 5433 828 5473 rursus
872 5420 1120 5487 promisit
1155 5434 1214 5474 se
1252 5421 1542 5475 missurum
1592 5419 1881 5490 Spiritum.
1930 5439 1949 5472 ι
1996 5418 2061 5472 Et

495 5510 768 5566 undenam
832 5513 951 5567 haec
993 5524 1123 5567 sunt
1148 5512 1171 5568 ?
1201 5512 1280 5568 Ex
1319 5514 1519 5583 quibus
1557 5512 1780 5567 Patrum
1812 5511 2062 5566 traditio-

491 5603 654 5658 nibus
699 5614 794 5659 aut
854 5606 1188 5661 testimoniis
1227 5607 1435 5675 scripto
1498 5604 1788 5670 mandatis,
1846 5615 1941 5659 aut
1976 5603 2063 5659 his

497 5696 633 5766 ipsis
659 5697 841 5752 verbis
870 5699 1158 5770 expositis,
1185 5709 1276 5754 aut
1309 5700 1383 5753 ita
1409 5698 1777 5769 pronuntiatis
1804 5705 1866 5751 ut
1899 5712 1962 5752 ex
1994 5696 2063 5750 iis

499 5786 681 5858 colligi
710 5788 892 5858 aliquo
948 5790 1108 5846 modo
1154 5791 1386 5861 possint,
1433 5791 1629 5845 habuit
1655 5794 1678 5845 τ
1706 5788 1875 5844 Plane
1904 5789 2065 5843 dictis

497 5880 613 5937 suis
672 5883 955 5938 continuat
1006 5883 1155 5940 nullo
1211 5885 1373 5939 modo
1419 5882 1682 5954 Spiritum
1742 5885 2065 5937 adventasse

2145 3319 2459 3388 ἀμερίστως
2490 3317 2586 3371 καὶ
2626 3317 2834 3383 ἀῖδίως,
2863 3315 3122 3385 καθάπερ
3168 3313 3228 3379 ἐξ
3262 3314 3473 3383 ἀμφοῖν
3511 3313 3574 3366 τὸ
3616 3312 3729 3379 ςρῶς

2147 3413 2446 3482 πέμπεται,
2476 3409 2756 3463 τουτέστιν
2790 3408 3059 3478 ἐλλαμψις
3088 3410 3121 3478 ὴ
3155 3407 3237 3470 είς
3260 3406 3352 3459 τὸν
3369 3405 3533 3474 ἀέρα,
3567 3407 3732 3475 ἤγουν

2147 3506 2210 3555 ἐκ
2240 3502 2335 3556 τοῦ
2366 3502 2517 3571 ήλίου
2550 3502 2636 3555 διὰ
2665 3500 2763 3568 τῆς
2791 3503 3007 3564 ἀκτῖνος
3029 3500 3345 3572 ἀμερίστως
3378 3498 3593 3550 ἐκεῖθεν
3628 3512 3729 3561 πη-

2147 3592 2425 3662 γαζομένη
2443 3592 2551 3645 τῶν
2575 3590 2856 3672 αίσθητῶν
2878 3593 2960 3654 είς
2992 3591 3195 3658 ψαῦσιν
3212 3593 3307 3643 καὶ
3332 3588 3443 3642 τῶν
3473 3588 3728 3649 κτιστῶν,

2148 3686 2197 3738 εί
2218 3686 2313 3739 καὶ
2346 3686 2421 3755 μὴ
2460 3685 2671 3748 ἀῖδίως,
2698 3684 2814 3737 ἀλλ’
2845 3677 2941 3737 οὖν
2975 3683 3053 3747 ὡς
3093 3684 3395 3753 σύγχρονος
3428 3681 3618 3743 αὐτοῖς
3641 3682 3733 3733 καὶ

2150 3775 2552 3848 συνύπαρκτος.
2589 3776 2753 3829 Ὅθεν
2776 3776 2804 3828 6
2835 3776 2901 3828 τὰ
2944 3775 3061 3828 θεῖα
3094 3775 3264 3838 πολὺς
3309 3773 3631 3842 Ἐπιφάνιος
3678 3775 3732 3823 ἐν

2146 3868 2227 3941 τῷ
2261 3866 2607 3940 Ἀγκυρωτῷ
2637 3869 2779 3940 μετά
2811 3867 2919 3921 τῶν
2948 3868 3124 3923 ἄλλων
3146 3861 3220 3920 ὧν
3262 3865 3509 3934 θεολογεῖ
3547 3883 3733 3936 παρα-

2148 3961 2396 4032 πλησίως
2419 3961 2668 4026 διέξεισιν
2701 3960 2902 4013 οὑτωσί
2931 3978 2945 3991 ·
2990 3978 3009 4012 ι
3042 3960 3268 4030 Πνεῦμα
3302 3959 3460 4028 ἅγιον
3510 3959 3733 4026 Πνεῦμα

2149 4054 2411 4126 ἀληθείας
2445 4055 2586 4121 ἐστὶ,
2628 4054 2743 4124 φῶς
2765 4052 2952 4124 τρίτον
2984 4054 3135 4125 παρά
3162 4053 3376 4123 Πατρδς
3406 4053 3500 4105 καὶ
3529 4052 3682 4105 Υίοῦ.
3708 4071 3726 4102 ι

2151 4145 2262 4200 Καὶ
2293 4144 2560 4215 Κύριλλος
2590 4147 2619 4197 6
2644 4143 2930 4208 θεσπέσιος
2958 4144 3057 4207 τὰς
3087 4146 3291 4216 συχνὰς
3324 4145 3423 4198 καὶ
3443 4144 3734 4214 διαφόρους

2149 4235 2259 4289 τῶν
2290 4235 2576 4305 πατρικῶν
2619 4236 2855 4306 ῥήσεων,
2885 4237 2995 4290 τῶν
3023 4238 3088 4290 ἐκ
3117 4236 3213 4289 τοῦ
3253 4236 3470 4305 Πατρὸς
3518 4238 3611 4288 καὶ
3642 4234 3731 4286 τοῦ

2151 4326 2306 4387 Υίοῦ,
2337 4328 2430 4381 καὶ
2458 4327 2546 4380 διὰ
2581 4326 2673 4380 τοῦ
2707 4327 2838 4382 Υίοῦ
2878 4328 3067 4397 σαφῶς
3100 4326 3477 4395 θεολογουσῶν
3511 4323 3731 4388 Πνεῦμα

2151 4419 2214 4473 τὸ
2246 4421 2420 4487 ἅγιον,
2459 4420 2540 4482 είς
2589 4419 2757 4473 ταυτδ
2788 4420 3040 4487 συνάγων
3070 4421 3165 4473 καὶ
3216 4418 3536 4488 σαφηνίζων
3572 4420 3631 4470 ἐν
3661 4416 3729 4483 τῷ

2154 4511 2358 4580 πρώτῳ
2409 4510 2519 4562 τῶν
2548 4510 2685 4580 πρὸς
2716 4510 3032 4573 Παλλάδιον,
3069 4526 3089 4560 ι
3135 4508 3229 4574 Ἐξ
3276 4510 3482 4579 ἀμφοῖν
3535 4509 3729 4560 οῦσιω-

2082 4581 2127 4636 Ῐ)
2156 4602 2282 4666 δὼς,
2321 4620 2339 4652 ι
2372 4602 2525 4669 φησὶ,
2567 4617 2587 4651 ι
2631 4600 3024 4673 προχεόμενον,
3069 4619 3087 4651 ι
3130 4601 3299 4671 ήγουν
3331 4602 3397 4652 ἐκ
3421 4598 3639 4670 Πατρδς
3668 4597 3739 4652 δι.ι

2158 4693 2290 4746 Υίοῦ
2314 4691 2374 4745 τὸ
2406 4692 2649 4761 Πνεῦμα,
2684 4692 2759 4755 ὡς
2787 4685 3222 4759 προεκτέθειται.

2233 4785 2324 4840 ια’.
2369 4785 2427 4837 Ἰ)
2455 4784 2501 4836 δ’
2531 4784 2637 4837 ἀπὸ
2660 4783 2864 4847 κοιλίας
2887 4784 3102 4853 φωνῶν,
3121 4783 3214 4837 καὶ
3238 4783 3349 4845 τοῖς
3384 4782 3495 4835 ἀπὸ
3533 4782 3732 4844 κοιλίας

2163 4875 2406 4946 στοιχῶν,
2443 4875 2538 4928 καί⁵
2566 4876 2676 4938 τοῖς
2723 4874 2819 4929 ἀπ’
2876 4874 3049 4946 αὐτῆς
3081 4874 3335 4945 ἐμμένων
3400 4877 3612 4946 ῥήμασι
3647 4876 3733 4927 καὶ

2161 4969 2419 5039 νοήμασι,
2441 4969 2535 5022 καὶ
2571 4967 2694 5021 τάδε
2721 4968 2981 5038 συνείρων
3013 4969 3211 5034 ἐπάγει
3238 4983 3252 4998 ·
3292 4985 3313 5020 ι
3338 4966 3401 5019 Ei
3427 4967 3489 5019 τὸ
3517 4953 3731 5035 Πνεῦμα

2163 5059 2427 5128 ἐπεδήμει
2461 5058 2744 5129 πρότερον,
2780 5056 2974 5128 ἔμελλε
2999 5055 3055 5109 δὲ
3086 5058 3114 5110 6
3142 5055 3289 5119 Υίὸς,
3321 5056 3419 5124 καὶ
3465 5055 3731 5126 ἐπηγγϋο

2163 5153 2286 5205 λετο
2312 5151 2379 5204 ἂν
2410 5150 2646 5221 πέμψειν
2670 5150 2834 5202 αὐτὸν
2864 5150 3013 5219 παρά
3043 5145 3135 5201 τοῦ
3164 5146 3378 5218 Πατρδς
3398 5147 3459 5198 τδ
3494 5146 3727 5213 Πνεῦμα,

2166 5244 2330 5313 ήτουν
2352 5242 2664 5311 εὐδοκήσειν
2687 5242 2782 5294 καὶ
2812 5240 3167 5311 συνεργήσειν
3201 5237 3501 5308 ἀφικέσθαι
3553 5238 3725 5289 αὐτόν.

2164 5334 2278 5390 Νῦν
2300 5332 2355 5386 δὲ
2384 5334 2412 5387 6
2440 5332 2566 5396 Υἱὸς
2593 5332 2716 5386 ἐπεὶ
2749 5333 3013 5401 πρότερον
3042 5329 3413 5400 ἐπεδήμησεν,
3443 5327 3608 5390 αὐτὸς
3640 5323 3700 5379 αὖ

2168 5425 2252 5489 θις
2286 5424 2649 5494 ἐπηγγείλατο
2667 5421 2906 5493 πέμψειν
2954 5420 3016 5475 τὸ
3049 5419 3292 5491 Πνεῦμα.
3330 5440 3347 5471 ι
3406 5420 3518 5473 Καὶ
3581 5417 3729 5470 πόθεν

2166 5513 2337 5569 ταῦτα
2366 5531 2381 5580 ;
2408 5516 2470 5566 ἐκ
2504 5514 2671 5566 ποίων
2692 5512 3053 5589 παραδόσεων
3073 5513 3167 5565 καὶ
3194 5511 3517 5581 μαρτυριῶν
3539 5526 3728 5578 γραφι-

2169 5606 2301 5672 κῶν,
2367 5605 2489 5675 ῆτδ
2536 5594 2860 5672 συνάγεσθαι
2906 5602 3295 5675 δεικνυμένων,
3353 5602 3386 5673 ἢ
3446 5598 3759 5667 τιθεμένων’

2174 5697 2350 5765 ῥητῶς
2369 5695 2699 5763 ὁπουδήποτε
2727 5711 2742 5761 ἰ
2791 5693 3082 5765 Ἐμφανῶς
3110 5694 3167 5759 ἐξ
3195 5688 3270 5747 ὧν
3305 5709 3438 5766 φησι
3470 5689 3727 5745 διαϐεϐαι-

2171 5787 2324 5841 οῦται
2360 5785 2621 5857 μηδαμῶς
2652 5785 2948 5855 ἐπιδημίαν
2974 5784 3228 5853 γενέσθαι
3277 5783 3372 5837 τοῦ
3429 5782 3726 5850 Πνεῦματος

2174 5882 2278 5949 πρὸ
2309 5881 2403 5950 τῆς
2442 5881 2497 5931 ἐν
2529 5877 2760 5950 ὑπερῴῳ
2790 5878 3196 5949 ἐπηγγελμένης
3253 5877 3445 5930 τούτου
3476 5885 3721 5942 καταφθί-
