4020 6572
545 397 678 462 134Ἱ

1763 402 2083 462 GEOllGll
2128 400 2587 463 METOCIIITJE

3657 394 3785 459 13'8

542 510 611 565 ad
642 509 932 565 universos
951 507 1246 562 adventum
1277 510 1620 581 recognoscit
1640 512 1857 568 divinus
1883 514 1972 568 hic
2000 530 2117 569 uia-

2229 534 2247 566 ι
2285 511 2394 568 Ἶιν
2417 531 2539 568 τινα
2574 513 2649 581 τῷ
2682 511 2918 582 Σωτῆρι.
2953 511 3048 565 καὶ
3073 511 3122 564 εἰ
3150 508 3359 563 πολλῶν
3389 508 3788 575 ἐνεπίμπλαντο

539 615 756 672 gnaque
778 614 910 655 voce
934 600 1196 669 praeditus
1231 616 1541 655 sermonem
1569 604 1891 673 praeripiens
1922 606 2117 660 dissol-

539 692 655 758 vit,
709 691 1018 761 refellitque
1066 690 1269 759 dubia,
1316 701 1373 746 et
1426 694 1789 763 appositionis
1843 705 2118 751 momenta

538 783 856 840 manifestat
904 799 919 837 :
947 801 966 834 ι
994 781 1344 853 ,Βυρετεταιιι
1373 785 1619 852 quaedam
1645 785 1912 840 Salvatori
1939 803 2058 856 quae
2090 804 2118 841 a

541 876 1209 948 diseipulis,licetalioqui
1228 875 1516 946 multiplici
1546 877 1793 933 doctrina
1826 880 2120 949 impleren-

543 979 653 1033 tur,
693 977 824 1023 tunc
862 978 1048 1023 taruen
1113 968 1319 1038 portari
1383 984 1544 1038 posse
1605 972 1860 1042 negabat.
1908 973 1979 1027 ob
2026 988 2119 1026 eas

504 1059 973 1128 .quasinsinuavi
1013 1073 1228 1124 causas,
1260 1068 1425 1127 atque
1465 1058 1519 1113 id
1541 1071 1688 1114 certe
1736 1078 1801 1114 ea
1846 1061 1978 1131 ipsis
2024 1077 2120 1115 oc-

506 1140 509 1147 ’
543 1151 807 1213 rultabat,
843 1165 1141 1218 rursusque
1169 1149 1387 1204 dicebat
1410 1150 1548 1212 fore.
1588 1161 1647 1205 ut
1674 1151 1745 1206 ab
1793 1151 2119 1206 adveniente

543 1241 753 1312 Spiritu
783 1242 1400 1305 omnia‘edocerentur,
1434 1260 1453 1292 ι
1506 1241 1612 1296 Sed
1660 1252 1715 1297 et
1766 1243 2013 1298 Salvator
2063 1244 2119 1296 in

536 1336 650 1389 line
675 1334 1004 1389 saeculorum
1031 1349 1197 1389 carne
1226 1334 1513 1390 advenisse
1543 1335 1766 1399 dicitur,
1798 1344 1927 1390 etut
1955 1336 2121 1389 homo

542 1428 599 1481 in
632 1437 774 1482 terra
798 1427 1155 1482 consuevisse
1195 1444 1207 1478 :
1240 1428 1316 1480 uti
1354 1442 1485 1481 vero
1521 1427 1664 1481 Deus
1711 1437 1974 1496 perpetuo
2024 1427 2123 1480 ad-

540 1518 821 1583 veniebat,
847 1533 959 1572 non
986 1526 1197 1573 tantum
1229 1520 1375 1588 quod
1406 1519 1665 1574 omnibus
1699 1519 1837 1574 locis
1882 1520 2118 1583 adesset,

541 1610 639 1665 sed
694 1610 840 1679 quod
893 1610 1059 1669 etiam
1116 1610 1251 1665 locis
1310 1627 1373 1665 ac
1402 1612 1654 1681 personis
1676 1611 1866 1676 certis,
1915 1610 2121 1666 utiista

542 1718 741 1773 capere
784 1713 1061 1773 poterant,
1091 1714 1423 1774 appareretl;
1466 1721 1591 1758 cum
1617 1714 1671 1759 et
1702 1704 2028 1759 Trinitatem
2067 1705 2122 1758 in

544 1798 905 1852 tabernaculo
942 1796 1287 1852 Abrahamus
1316 1812 1482 1852 verus
1518 1798 1663 1851 illius
1710 1812 1904 1852 servus
1940 1798 2123 1867 hospi-

2224 607 2583 677 μαθημάτων,
2616 604 2653 659 ἃ
2692 604 2767 674 μὴ
2810 604 3068 657 δύνασθαι
3118 601 3488 671 βασταχθῆναι
3540 600 3657 652 τότε
3684 603 3789 664 τοῖς

2222 697 2516 769 μαθηταῖς,
2541 696 2607 749 δι’
2635 695 2700 757 ἃς
2731 690 2881 748 εἶπον
2905 693 3035 755 ίσως
3059 693 3260 754 αίτίας,
3294 692 3387 745 καὶ
3404 690 3496 744 διὰ
3510 690 3669 743 τοῦτο
3691 708 3791 743 πα·

2222 789 2612 859 ρεκαλύπτετο,
2637 786 2730 839 καὶ
2758 785 2917 838 πάλιν
2954 785 3133 837 πάντα
3184 782 3603 852 διδαχθήσεσθαι
3651 781 3792 848 ὑμᾶς

2222 882 2326 935 ὑπὸ
2363 881 2455 934 τοῦ
2481 879 2793 949 Πνεῦματος
2818 874 3238 947 ἑνδημήσαντος.
3278 894 3297 928 ι
3322 875 3483 928 Ἀλλὰ
3512 876 3605 927 καὶ
3624 877 3659 941 ὁ,
3677 876 3790 927 Σωο

2221 974 2323 1042 τὴρ
2353 973 2432 1035 είς
2456 972 2522 1024 τὰ
2544 971 2673 1040 τέλη
2697 970 2804 1024 τῶν
2845 967 3054 1022 αἰώνων
3085 950 3383 1039 ἐνδημῆσαι
3442 970 3605 1038 σαρκὶ
3650 968 3796 1033 λέγει

2222 1079 2339 1125 ται,
2374 1061 2469 1113 καὶΙ
2494 1059 2571 1122 ὼς
2593 1058 2882 1128 ἄνθρωπος
2907 1057 3319 1125 ἀναστραφῆναι
3347 1058 3413 1125 τῇ
3438 1059 3530 1124 γῇ.
3575 1057 3719 1107 Καθι.
3740 1056 3792 1106 δὲ

2221 1146 2353 1214 Θεὸς
2380 1151 2625 1219 ἐνδημῶν
2652 1144 2719 1220 ἦν
2746 1150 2855 1212 ἀεὶ,
2887 1147 2946 1199 οὐ
2970 1148 3110 1199 κατὰ
3143 1149 3202 1200 τὸ
3233 1145 3511 1217 πανταχοῦ
3542 1150 3795 1215 παρεῖναι

2226 1244 2409 1311 μόνον,
2442 1241 2561 1295 ἀλλ’
2585 1243 2666 1295 ὅτι
2692 1242 2785 1294 καὶ
2809 1240 2995 1301 τόποις
3016 1238 3109 1291 καὶ
3130 1236 3442 1308 προσώποις
3469 1237 3795 1307 ὡρισμένοις

2220 1330 2290 1397 ἦν
2318 1334 2551 1388 καθόσον
2580 1332 2825 1403 χωρητὸν
2842 1330 3227 1396 ὀπτανόμενος.
3267 1329 3419 1383 Ἐπεὶ
3450 1329 3547 1381 καὶ
3570 1330 3603 1399 ἡ
3631 1326 3797 1399 Τριὰς

2222 1431 2279 1481 ὲν
2310 1430 2483 1499 σκηνῇ
2519 1425 2783 1491 ξενίζεται
2809 1426 2875 1494 τῇ
2901 1423 2992 1475 τοῦ
3030 1422 3300 1492 Ἀϐραὰμ.
3324 1422 3456 1491 παρ’
3488 1421 3658 1476 αὐτοῦ
3709 1424 3798 1475 τοῦ

2223 1520 2452 1589 γνησίου
2471 1518 2676 1586 ταύτης
2697 1511 3048 1585 θεράποντος,
3080 1514 3174 1567 καὶ
3203 1516 3231 1566 ὁ
3256 1513 3675 1583 ἀπερίγραπτος
3700 1513 3801 1565 Δόο

2223 1626 2317 1677 γος
2340 1608 2431 1661 τοῦ
2455 1606 2590 1659 θεοῦ
2616 1603 2816 1658 κατιὼν
2847 1604 2959 1666 τοῖς
2988 1604 3143 1656 παισὶ
3176 1602 3647 1673 συμπαρίσταται,
3678 1602 3801 1667 ὅροι-

2226 1701 2389 1763 σίζων
2409 1698 2592 1760 αὐτοῖς
2620 1697 2718 1766 τὴν
2746 1694 2995 1765 κάμινον.
3034 1695 3132 1747 ‘Ov
3164 1694 3257 1746 καὶ
3283 1695 3312 1747 ὁ
3357 1694 3621 1764 τύραννος
3672 1692 3803 1746 θεω-

2228 1791 2335 1862 ρῶν
2362 1790 2739 1858 ἐξεπλήττετο,
2798 1788 2896 1840 καὶ
2934 1786 3072 1841 Θεοῦ
3107 1785 3235 1839 Υίὸν
3267 1781 3406 1839 εἶναι
3433 1786 3800 1853 ἁνωμολὸγει,

544 1890 621 1945 tio
678 1890 948 1957 excipiat,
1006 1898 1064 1944 et
1124 1889 1654 1959 incircumscriptum
1729 1888 1825 1944 Dei
1886 1888 2118 1944 Verbum

2229 1885 2319 1937 xei
2348 1885 2382 1954 ὴ
2434 1880 2729 1949 Ἐκκλησία
2764 1878 2972 1949 σνχνῶς
3028 1876 3170 1932 οὕτω
3210 1876 3489 1946 ψάλλουσα
3548 1876 3799 1946 μελῳδεῖ.

544 1994 651 2034 una
676 1980 840 2034 simul
859 1995 983 2033 cum
1009 1980 1198 2049 pueris
1233 1982 1691 2045 astat,fornacera
1742 1998 1870 2037 rore
1926 1998 2120 2054 asper-

545 2086 702 2141 gens.
731 2086 894 2140 quem
932 2080 1196 2142 tyrannus
1263 2072 1495 2128 intuitus
1534 2073 1863 2142 obstupebat
1918 2085 1977 2129 et
2022 2073 2120 2129 Dei

544 2160 739 2215 Filium
776 2176 901 2217 esse
925 2164 1215 2226 fatebatur,
1243 2173 1299 2217 et
1350 2164 1594 2220 Ecclesia
1627 2165 1943 2240 frequenter
1973 2167 2122 2221 hunc

546 2252 599 2305 in
622 2252 843 2307 modum
879 2254 1144 2308 concinit.
1182 2253 1248 2307 Et
1272 2254 1343 2310 de
1365 2256 1618 2322 liis,cum
1649 2255 1815 2310 multa
1846 2259 2122 2326 supersirtt

543 2344 795 2409 dicenda,
848 2345 965 2399 hanc
1024 2346 1159 2400 satis
1204 2346 1348 2400 dicta
1398 2344 1528 2409 sint.
1575 2355 1629 2401 et
1673 2345 2017 2416 potissimum
2051 2347 2121 2402 de

545 2433 804 2490 missione
828 2433 1087 2503 Spiritus,
1110 2450 1271 2503 quam
1310 2436 1453 2491 male
1480 2445 1535 2491 et
1583 2451 1747 2505 quam
1811 2436 2121 2506 perniciose

543 2540 606 2579 ea
632 2525 701 2580 ab
730 2524 1046 2580 adversario
1078 2526 1403 2595 accipiatur,
1448 2538 1504 2580 et
1565 2536 1701 2597 quot
1733 2534 1788 2580 et
1827 2526 2007 2596 qualia
2054 2529 2121 2581 de

2230 1976 2336 2028 Kal
2362 1973 2490 2041 περὶ
2526 1971 2627 2041 μὲν
2660 1970 2866 2025 τούτων
2896 1967 3163 2022 πλείστων
3213 1971 3293 2031 είς
3338 1969 3401 2022 τὸ
3443 1968 3627 2036 λέγειν
3678 1966 3802 2037 ἑξῆς

2225 2066 2395 2119 ὀντων
2425 2063 2545 2127 ἃλις
2568 2062 2758 2117 ἐνθάδε
2796 2080 2810 2093 ·
2845 2062 2880 2133 ἢ
2930 2062 3130 2131 μᾶλλον
3172 2061 3300 2129 περὶ
3353 2059 3665 2130 ἀποστολῆς
3707 2060 3800 2129 τῆς

2223 2156 2317 2209 τοῦ
2348 2154 2685 2225 Πνεῦματος,
2711 2154 2857 2216 ὅπως
2881 2150 3022 2223 αῦτη
3050 2150 3128 2222 τῷ
3150 2150 3637 2222 ἁντιδιατιθεμὲνῳ
3687 2150 3799 2204 λίαν

2225 2247 2537 2318 ἐπισφαλῶς
2593 2247 2869 2315 εἴληπται,
2920 2247 3014 2300 καὶ
3066 2247 3167 2300 ὃσα
3211 2244 3305 2301 καὶ
3332 2240 3420 2300 οἷα
3449 2246 3581 2316 περὶ
3635 2246 3801 2314 αὑτῆς

2227 2342 2471 2412 Πατέρες
2519 2340 2570 2392 οί
2614 2335 3006 2409 θεοπρόὸλητοι
3049 2334 3374 2404 θεολογικῶς
3419 2336 3798 2407 παραδιδόντες

2222 2432 2556 2496 διδάσκουσι,
2608 2430 2702 2483 καὶ
2752 2428 2951 2494 ἱκανῶς
3008 2428 3224 2501 εῐρηταί
3273 2444 3337 2481 τε
3364 2429 3465 2482 καὶ
3488 2427 3801 2500 διηυκρίνη-

2223 2542 2335 2579 ται.

545 2632 612 2671 ea
655 2633 685 2669 a
735 2616 847 2672 Deo
912 2617 1153 2688 promoti
1203 2618 1393 2676 Patres
1433 2620 1809 2695 theologorum
1864 2636 2019 2678 more
2105 2621 2387 2678 tradentes
2453 2617 2756 2684 instruunt,
2799 2616 3018 2674 abunde
3067 2616 3276 2674 dictum
3319 2632 3386 2674 ac
3444 2614 3798 2688 diiudicatur:

546 2714 657 2759 ρει.

620 2793 710 2848 i2.
765 2792 921 2849 Nunc
980 2809 1232 2852 veroeos
1290 2796 1385 2866 qui
1436 2798 1716 2856 aChristo
1737 2802 1911 2859 vocati
1968 2812 2119 2868 sunt,

546 2885 693 2955 quod
729 2884 920 2941 lmderi
948 2901 1112 2942 aures
1142 2889 1436 2961 dederunt,
1483 2900 1541 2946 et
1572 2908 1763 2962 pacem
1820 2894 2120 2952 exosculati

548 2986 699 3040 sunt.
737 2978 1083 3034 adversarius
1111 2980 1413 3037 criminans
1437 2983 1578 3039 infra
1633 2986 1860 3042 scribit:
1902 3006 1923 3040 ι
1953 2988 2124 3043 Mani-

547 3071 1071 3141 festare,inqniunt,
1098 3072 1399 3138 eﬂ‘undere,
1457 3085 1513 3130 et
1568 3080 1866 3147 procedere
1920 3082 2121 3148 facere,

2299 2798 2387 2870 ιβ’.
2421 2798 2538 2854 Νῦν
2557 2798 2615 2854 δὲ
2645 2800 2769 2864 τοὺς
2787 2798 2898 2854 ἀπὸ
2924 2799 3162 2869 Χριστοῦ
3192 2801 3567 2873 κεκλημένους
3588 2803 3651 2854 τὺ
3665 2803 3801 2870 πρὸς

2228 2891 2510 2962 εῑρηναίας
2542 2890 2886 2961 καταλλαγὰς
2906 2892 3120 2946 ἀπιδεῖν
3175 2892 3495 2964 αἰτιώμενος
3516 2894 3750 2965 καθεξῆς
3775 2898 3802 2948 ό

2229 2983 2505 3047 ἀντίθετος
2534 2983 2732 3053 φάσκει
2764 2998 2780 3014 °
2820 3001 2840 3037 ι
2870 2983 2958 3037 ’Τὸ
2986 2984 3329 3052 ἐμφανίζειν,
3364 2988 3518 3057 φασὶ,
3597 2987 3659 3039 τὸ
3714 2991 3801 3040 ὲκ-

2228 3080 2366 3147 χείν,
2398 3078 2492 3131 καὶ
2520 3078 2583 3130 τὸ
2607 3076 2927 3146 ὲκπορεύειν
2964 3078 3182 3131 ταυτὸν.
3215 3075 3389 3134 Ὅταν
3411 3076 3506 3132 οῦν
3536 3080 3567 3133 ὁ
3593 3080 3798 3132 Δεσπό-

547 3161 692 3214 idem
727 3172 832 3216 est.
852 3160 989 3216 Cum
1020 3163 1204 3233 itaque
1239 3162 1500 3220 Dominus
1547 3167 1709 3223 Jesus
1741 3170 1876 3226 dicit
1904 3188 1963 3227 se
2000 3188 2118 3227 ma-

2222 3184 2319 3238 της
2371 3169 2578 3239 Ἰησοῦς
2611 3168 2929 3239 ἐμφανίζειν
2968 3169 3163 3223 ἑαυτὸν
3183 3172 3297 3234 τοῖς
3354 3170 3707 3237 ἀποστόλοις,
3752 3174 3799 3226 οἱ

545 3250 929 3307 nifestaturum
959 3253 1262 3323 discipulis,
1289 3266 1348 3310 et
1376 3256 1456 3310 illi
1477 3257 1819 3324 addubitant,
1869 3277 2041 3331 quare
2060 3278 2119 3319 se

545 3345 657 3400 illis
704 3343 1158 3401 manifestaturus
1222 3357 1415 3413 esset.
1464 3360 1520 3405 et
1592 3367 1702 3405 non
1766 3355 2013 3410 mundo?
2063 3356 2119 3411 Si

546 3435 902 3493 manifestare
946 3437 1092 3491 idem
1129 3437 1318 3508 fuerit,
1353 3449 1409 3494 et
1442 3442 1741 3511 procedere
1791 3443 1973 3500 facere
2023 3460 2122 3500 ne-

543 3529 786 3585 cessario
816 3530 947 3600 ipsis
972 3529 1372 3597 asserentibus,
1426 3534 1785 3604 semetipsum
1824 3537 2120 3605 procedere

546 3619 725 3676 facere
773 3620 827 3674 in
881 3621 1003 3674 illos
1049 3622 1339 3691 promittit.
1379 3623 1523 3693 quod
1569 3626 1654 3679 vel
1701 3636 1887 3682 mente
1915 3629 2121 3699 agitare

544 3714 844 3769 absurdum
879 3721 961 3768 est
986 3722 1150 3782 atque
1179 3713 1431 3784 impium.
1460 3718 1526 3771 Et
1566 3733 1691 3772 cum
1737 3720 1883 3775 Deus
1942 3723 2121 3776 nrani-

543 3805 745 3859 l‘cstare
767 3802 1125 3872 semetipsum
1154 3803 1324 3876 Moysi
1355 3808 1653 3863 secundum
1704 3811 1948 3877 eosdem,
1979 3813 2121 3883 seip-

544 3911 667 3947 surn
715 3893 1008 3962 procedere
1063 3893 1247 3949 facere
1305 3894 1447 3951 Deus
1493 3897 1665 3952 dicit:
1706 3899 1750 3954 si
1810 3905 2121 3956 necessario

544 3978 825 4032 emiridere
853 3987 908 4032 et
939 3983 1238 4048 procedere
1256 3979 1436 4037 facere
1476 3984 1617 4039 idem
1651 3998 1802 4051 sunt,
1855 3989 1901 4043 si
1955 3990 2121 4062 igitur

543 4068 782 4139 Spiritus
804 4068 1014 4123 diceret
1038 4069 1347 4137 ell‘undere,
1378 4072 1607 4130 haberet
1644 4076 1750 4131 hoc
1777 4093 1999 4134 causam
2030 4096 2122 4137 ve-

544 4161 849 4226 risimilem,
875 4161 1003 4218 licet
1030 4178 1141 4217 non
1170 4179 1375 4227 veram.
1402 4181 1551 4221 nunc
1588 4184 1720 4225 vero
1755 4187 1775 4222 ι
1810 4186 1878 4226 ex
1907 4173 2118 4242 Spiritu

548 4268 672 4307 meo
709 4271 729 4306 ι
769 4253 927 4309 dicit.
953 4255 1111 4321 Quod
1146 4257 1190 4311 si
1217 4257 1360 4311 idem
1388 4267 1474 4312 est
1505 4259 1718 4315 mittere
1739 4270 1795 4316 et
1824 4265 2120 4331 procedere

545 4346 746 4408 facere,
775 4342 1014 4413 Spiritus
1039 4354 1262 4401 sanctus
1277 4350 1419 4416 apud
1442 4346 1637 4402 lsaiam
1653 4348 1845 4405 Filium
1873 4352 2118 4417 mittens.

545 4436 841 4507 procedere
869 4435 1001 4494 facit
1023 4437 1225 4509 ipsum.
1264 4458 1285 4491 ι
1326 4438 1674 4510 Manifestum
1702 4444 1883 4500 nullus
1918 4460 1986 4500 ex
2037 4446 2122 4501 di-

2224 3258 2282 3312 at
2308 3259 2597 3330 ἀποροῦσι,
2626 3260 2771 3314 διατί
2799 3262 2983 3325 αὐτοῖς
3016 3262 3198 3332 μέλλει
3223 3262 3415 3318 σαυτὸν
3458 3263 3800 3332 ἐμφανίζειν,

2227 3351 2318 3404 καὶ
2347 3352 2469 3418 οὐχὶ
2490 3353 2568 3424 τῷ
2601 3352 2789 3423 κόσμῳ
2817 3369 2832 3418 ;
2861 3354 2911 3406 εί
2942 3354 3004 3407 τὸ
3028 3354 3348 3426 ἐμφανίζειν
3383 3355 3582 3412 ταυτόν
3609 3357 3689 3430 τῷ
3711 3359 3797 3412 ἑκ-

2227 3439 2501 3509 πορεύειν,
2536 3441 2592 3507 ἐξ
2626 3442 2868 3511 ἀνάγκης
2895 3441 3016 3494 κατ’
3038 3443 3237 3507 αὐτοὺς
3260 3445 3451 3499 ἑαυτὸν
3479 3447 3801 3517 ὲκπορεῦειν

2226 3531 2409 3595 αὐτοῖς
2432 3531 2845 3601 ἐπαγγέλλεται,
2881 3531 2911 3585 ὃ
2943 3533 3009 3603 δὴ
3034 3536 3283 3603 ἐννοῆσαι
3306 3535 3512 3592 ἄτοπόν
3548 3540 3670 3593 ἔστι
3707 3544 3798 3595 καὶ

2226 3622 2438 3685 ἁσεὸές.
2473 3625 2579 3677 Καὶ
2601 3624 2689 3677 ὅτε
2719 3628 2749 3677 ὁ
2798 3624 2931 3688 Θεὸς
2968 3626 3288 3695 ἐμφανίζειν
3322 3628 3518 3683 ἑαυτὸν
3554 3648 3691 3701 φησι
3728 3635 3799 3702 τῷ

2220 3712 2451 3767 Μωῦσεί
2479 3716 2598 3769 κατ’
2626 3716 2847 3781 αὐτοὺς,
2893 3717 3087 3772 ἑαυτὸν
3138 3719 3463 3790 ἑκπορεύειν
3493 3724 3525 3778 ὁ
3557 3724 3692 3786 Θεὸς
3722 3725 3802 3779 λέ-

2226 3821 2332 3874 γει.
2374 3824 2395 3858 ι
2439 3807 2549 3860 Καὶ
2573 3807 2663 3862 ὅτε
2688 3809 2887 3879 ἐκχεῶ,
2925 3829 2945 3863 r
2978 3818 3166 3882 φησιν,
3224 3829 3246 3866 ε
3277 3813 3384 3867 ἀπὸ
3412 3814 3507 3868 τοῦ
3556 3815 3802 3884 Πνεῦμα-

2224 3895 2317 3960 τός
2346 3913 2448 3966 μου
2485 3899 2580 3952 ἐπὶ
2613 3899 2794 3952 πᾶσαν
2823 3899 3024 3970 σάρκα.
3062 3919 3082 3953 r
3124 3902 3318 3956 ταυτὸν
3367 3903 3446 3974 τῷ
3477 3906 3800 3974 sartoris-iam

2227 3986 2442 4049 πάντως
2465 3986 2636 4056 λέγει,
2667 3989 2717 4041 εἰ
2749 3988 2808 4054 ἐξ
2834 3989 3081 4060 ἀνάγκης
3105 3991 3167 4043 τὸ
3196 3992 3379 4063 ἐκχεῖν
3412 3996 3510 4045 καὶ
3532 3993 3600 4046 τὺ
3626 3997 3798 4048 ixm-

2228 4076 2408 4146 ρεύειν
2438 4078 2653 4133 ταυτὸν.
2683 4079 2742 4131 Εἰ
2774 4078 2873 4148 μὲν
2900 4075 2994 4133 οὖν
3022 4082 3082 4132 τὸ
3106 4080 3329 4149 Πνεῦμα
3372 4081 3566 4151 ἔλεγεν
3597 4084 3796 4155 ἐκχεῖν,

2225 4164 2373 4238 εἶχεν
2419 4168 2483 4222 ἄν
2526 4187 2649 4224 τινα
2687 4171 3042 4243 εὐπρόσωπον
3094 4172 3253 4241 λόγον
3274 4173 3454 4241 τοῦτο,
3504 4179 3558 4231 εί
3600 4178 3796 4248 καὶμὴ

2224 4260 2401 4331 ἀληθῆ
2423 4276 2436 4288 ·
2465 4264 2560 4316 νῦν
2579 4262 2636 4315 δὲ
2679 4281 2700 4314 ι
2734 4264 2845 4316 ἀπὸ
2879 4264 2974 4318 τοῦ
3025 4265 3339 4337 nucumve;
3368 4285 3495 4338 μου,
3534 4287 3555 4322 r
3615 4275 3792 4339 φησίν.

2227 4354 2290 4407 El
2313 4353 2370 4406 δὲ
2400 4353 2494 4406 καὶ
2521 4354 2584 4407 τὸ
2618 4354 2971 4409 ἀποστέλλειν
3008 4357 3206 4410 ταυτὸν
3257 4357 3335 4428 τῷ
3366 4359 3695 4430 ἑκπορεύειν
3743 4365 3797 4416 τὸ

2228 4443 2452 4513 Πνεῦμα
2485 4443 2547 4496 τδ
2578 4443 2735 4513 ἅγιον
2753 4446 2906 4518 παρὰ
2932 4447 3011 4518 τῷ
3036 4447 3239 4520 Ἡσαΐᾳ
3268 4449 3362 4502 τὸν
3389 4450 3516 4503 Υιδν
3534 4453 3797 4507 αποστέλ-

542 4533 688 4588 vinis
732 4532 1005 4600 Patribus,
1062 4534 1194 4590 dum
1247 4550 1315 4590 ex
1376 4534 1537 4592 Patre
1564 4546 1626 4594 et
1682 4538 1846 4606 Filio,
1882 4540 1999 4596 sive
2018 4558 2116 4612 per

2222 4534 2347 4600 λων,
2391 4535 2681 4607 ἑκπορεύει
2749 4538 2992 4609 δηλονότι
3046 4541 3229 4596 αὐτόν.
3262 4557 3283 4593 ι
3352 4542 3427 4597 Τδ
3460 4543 3797 4614 ἐμφανίζειν

541 4622 739 4679 Filium
778 4624 1045 4695 Spiritum
1077 4626 1317 4690 tradunt,
1355 4642 1649 4697 usurpasse
1676 4629 1981 4699 invenitur;
2021 4649 2118 4689 ne-

540 4732 649 4788 que
683 4732 751 4772 ex
779 4717 941 4773 nobis
969 4705 1079 4772 non
1103 4717 1294 4786 paucis
1321 4734 1574 4782 numero.
1637 4721 1734 4776 sed
1786 4737 1891 4778 nec
1938 4724 2017 4779 illi
2048 4725 2118 4779 ad

543 4823 683 4880 quos
715 4809 833 4880 ipse
876 4808 1208 4880 colloquium
1249 4809 1457 4880 dirigit,
1515 4811 1611 4867 sed
1653 4810 2001 4882 interpretis.
2059 4826 2118 4870 ut

542 4893 702 4978 putd:
732 4916 918 4957 errore
948 4901 1149 4963 factum
1183 4915 1292 4966 est,
1330 4912 1387 4957 ut
1412 4903 1704 4975 φανεροῦν,
1753 4907 1899 4976 quod
1942 4909 2119 4962 mani-

541 4984 740 5051 festare
767 5001 875 5055 est,
899 4992 997 5047 sed
1039 5007 1163 5047 raro
1199 5002 1517 5062 usurpatur,
1551 5009 1678 5050 cum
1702 5010 1814 5050 non
1847 5009 1993 5053 esset
2020 4998 2116 5067 qui

468 5122 475 5126 .
541 5093 691 5139 recte
708 5082 1180 5152 interpretaretur.
1214 5082 1607 5139 intruderetur.
1663 5085 1728 5140 Et
1777 5087 1927 5143 verbi
1972 5092 2116 5145 niui

536 5170 905 5244 signiﬁcatum
932 5169 1066 5225 satis
1090 5185 1255 5240 supra
1294 5172 1623 5226 sententiam
1671 5173 1973 5228 adversarii
2023 5191 2113 5230 re-

537 5268 871 5335 darguentes
898 5261 1347 5317 examinavimus.
1380 5261 1752 5319 Nihilominus
1805 5280 1872 5319 ex
1920 5268 1986 5322 iis
2015 5270 2115 5322 ab-

536 5356 745 5421 surdis,
783 5368 904 5425 quae
934 5369 965 5409 a
993 5354 1159 5410 verbo
1191 5354 1535 5424 manifestare
1568 5353 1685 5423 ipse
1727 5356 1941 5411 videtur
2003 5363 2116 5415 col-

536 5447 730 5518 ligere,
789 5444 1035 5501 ostendit
1066 5446 1422 5515 semetipsum
1479 5444 1762 5500 universas
1787 5447 2056 5506 dictiones
2083 5466 2113 5504 a

535 5537 807 5593 Patribus'
845 5538 904 5617 in
945 5537 1106 5593 dictis
1141 5552 1207 5591 ex
1252 5535 1414 5591 Patre
1446 5545 1500 5591 et
1553 5534 1710 5601 Filio,
1741 5537 1856 5593 sive
1887 5556 1986 5611 per
2020 5542 2113 5597 Fi-

531 5630 666 5685 lium
696 5629 1030 5703 enuntiatas,
1061 5643 1172 5684 non
1196 5628 1303 5681 alio
1326 5627 1635 5698 signiﬁcatu
1660 5628 1714 5681 in
1749 5628 1881 5696 Deo,
1915 5642 1970 5687 et
2005 5634 2112 5689 alio

537 5735 730 5775 rursus
761 5718 884 5775 aliis
915 5720 970 5773 in
1003 5719 1159 5781 locis,
1191 5718 1288 5773 sed
1317 5719 1509 5774 eodem
1545 5727 1601 5772 et
1640 5734 1749 5773 uno
1776 5720 1830 5773 in
1857 5724 2112 5779 omnibus

527 5809 805 5886 .caipere,
863 5809 1007 5879 quod
1064 5810 1235 5877 magis
1294 5809 1471 5876 ipsum
1532 5809 1588 5862 in
1639 5807 1745 5860 alia
1794 5820 1955 5879 atque
2006 5816 2109 5867 alia

2217 4627 2341 4680 οὔτε
2370 4645 2454 4692 τις
2479 4631 2587 4682 τῶν
2617 4628 2917 4702 θεηγόρων,
2944 4634 3003 4686 ἐν
3037 4626 3121 4697 οἷς
3154 4637 3220 4688 ἐκ
3249 4634 3463 4707 Πατρδς
3516 4640 3616 4691 καὶ
3651 4638 3793 4703 Υῑοῦ,

2218 4718 2251 4787 ἢ
2279 4719 2347 4774 δι’
2375 4720 2506 4774 Υίοῦ
2534 4710 2604 4774 ἰδ’
2624 4722 2849 4792 Πνεῦμα
2878 4722 3209 4793 θεολογοῦσι,
3256 4727 3557 4798 λαμϐάνων
3586 4734 3787 4802 ὁρᾶται,

2216 4810 2340 4866 οὔτε
2369 4829 2451 4877 τις
2480 4812 2587 4867 τῶν
2614 4813 2710 4868 τοῦ
2742 4815 3032 4869 πολλοστοῦ
3061 4816 3260 4886 μέρους
3292 4820 3474 4889 ἡμῶν,
3517 4823 3656 4876 ἀλλᾶ
3699 4826 3788 4876 κά-

2220 4905 2415 4958 κείνων
2446 4907 2583 4976 πρὸς
2628 4905 2723 4969 οὓς
2754 4898 2910 4971 οὗτος
2963 4906 3113 4961 ἔθετο
3146 4909 3219 4963 τὰ
3262 4910 3363 4982 τῆς
3408 4913 3698 4978 διαλέξεως
3732 4890 3796 4967 ἐκ

2216 4992 2311 5046 τοῦ
2339 4993 2673 5065 διερμηνέως
2730 4991 2883 5064 οἶμαι
2905 4996 3063 5051 τοῦτο
3116 4998 3286 5065 δόξαι,
3335 5005 3612 5072 φανεροῦν
3671 5006 3786 5066 ἴσως

2218 5086 2504 5156 φαμένων,
2530 5086 2770 5150 σπανίως
2792 5089 3185 5160 εὑρισκομένου
3222 5090 3396 5146 ταῦτα
3419 5096 3784 5166 διερμηιιεύειν

2217 5177 2423 5241 εἰδότος
2448 5179 2777 5250 είλικρινῶς.
2807 5180 2919 5233 Καὶ
2945 5181 3074 5249 περὶ⁵
3098 5180 3195 5235 τοῦ
3249 5184 3663 5242 ἀποστέλλειν
3692 5190 3785 5257 ἀρ⁴

2218 5270 2455 5333 κούντως
2482 5271 2548 5323 τὰ
2579 5271 2713 5341 πρὸς
2735 5271 2957 5343 ἔλεγχον
2972 5272 3374 5343 διηυκρίνηται.
3410 5275 3608 5346 Ὅμως
3639 5279 3697 5344 ἐξ
3718 5273 3785 5333 ὧν

2217 5361 2589 5430 ἁτοπημάτων
2616 5364 2681 5416 ὲκ
2711 5361 2805 5416 τοῦ
2854 5364 3173 5435 ἐμφανίζειν
3234 5366 3488 5435 φαίνεται
3529 5373 3781 5438 συνάγων,

2217 5454 2544 5525 παρίστησιν
2579 5455 2772 5509 ἑαυτὸν
2806 5456 3117 5527 ῥηματικὰς
3143 5456 3362 5523 ἁπάσας
3416 5463 3626 5530 φωνὰς,
3670 5465 3782 5519 ὅσαι

2215 5544 2329 5606 τοῖς
2379 5543 2657 5613 Πατράσιν
2701 5545 2759 5623 ὲν
2809 5546 2929 5608 ταῖς
2978 5546 3043 5599 ὲκ
3073 5546 3283 5617 Πατρὸς
3344 5551 3441 5603 καὶ
3468 5550 3624 5619 Υίοῦ,
3656 5553 3689 5625 ἣ
3723 5554 3781 5608 δι’

2216 5635 2346 5687 Υἱοῦ
2386 5633 2686 5703 θεολογίαις
2720 5635 3073 5700 τρανοῦντας,
3104 5638 3181 5705 μὴ
3214 5638 3337 5692 καθ’
3362 5642 3559 5714 ἑτέραν
3615 5663 3782 5718 an“.

2217 5727 2337 5780 σίαν
2358 5727 2449 5782 ἐπὶ
2479 5726 2639 5791 Θεοῦ,
2670 5728 2794 5783 καθ’
2824 5729 3019 5798 ἑτέραν
3046 5730 3095 5782 δ’
3122 5729 3280 5794 αὖθις
3316 5732 3620 5805 λαμσάιειν
3670 5739 3781 5793 he.

2217 5837 2377 5890 ρωσε,
2428 5819 2562 5872 ἀλλὰ
2602 5818 2743 5873 κατὰ
2777 5822 2903 5892 μίαν
2950 5822 3043 5875 καὶ
3089 5821 3189 5893 τὴν
3231 5824 3442 5896 αὑτήν
3496 5832 3593 5884 καὶ⁵
3639 5831 3781 5886 τοῦτο
