4020 6570
278 446 416 516 tam
822 444 855 461 “

1259 456 1562 518 CONTRA
1599 451 2026 516 MANUELEM
2068 446 2546 511 CRETENSEM.

3385 446 3523 510 13.0

275 565 476 634 μᾶλλον
497 566 660 619 αὐτὸν
695 569 774 631 εἰς
805 568 1034 632 ἀτοπίας
1088 568 1332 638 ἐκφέρει,
1373 568 1468 621 καὶ
1532 565 1834 621 πλανᾶσθαι

1944 559 2172 613 absurda
2224 559 2464 621 deducit,
2510 568 2565 611 et
2594 558 2751 631 longe
2813 559 3031 629 lateque
3068 558 3319 615 aberrare
3366 559 3519 616 facit.

267 656 435 718 ποιεῖ,
468 655 592 726 οὐχὶ
618 656 685 709 τὸ
709 657 1069 727 ἐμφανίζειν,
1101 658 1217 729 ἦτοι
1271 658 1331 709 τὸ
1374 656 1701 726 φανεροῦν,
1743 654 1841 708 ἆλ-

266 745 375 810 λως
399 749 492 800 καὶ
510 749 685 813 ἄλλως
715 751 1022 820 νοούμενον.
1057 751 1118 805 Εἰ
1158 749 1267 820 γὰρ
1295 750 1371 810 ὡς
1414 750 1575 812 αὐτὸς
1629 750 1843 818 ἡγεῖται

268 841 367 893 καὶ
396 838 670 894 δείκνυσιν
703 842 793 894 ἐπὶ
820 842 915 894 τοῦ
951 842 1263 911 Πνεύματος
1298 842 1354 894 al
1389 840 1637 913 ῥηθεῖσαι
1668 843 1845 909 φωναὶ

265 930 657 1001 ληφθήσονται,
697 934 830 987 αὐτὸ
845 934 904 987 τὸ
935 933 1317 1001 ἐκπορεύεται
1350 932 1538 1003 σχεδὸν
1568 933 1626 986 ἐν
1658 931 1842 1002 ἁπάσῃ

268 1022 466 1095 Γραφῇ
503 1025 712 1095 μυρίων
742 1025 989 1078 δεκτικὸν
1010 1025 1254 1096 ύπάρχον
1273 1024 1653 1087 διανοιῶν,·είς
1694 1024 1844 1075 ποῖον

267 1111 410 1177 εἶδος
435 1114 621 1168 τοῦτον
645 1116 706 1168 ού
735 1117 1013 1170 συνελάσει
1038 1115 1425 1185 βλασφημιῶν;
1454 1116 1532 1176 εἰς
1570 1108 1681 1167 οἷον
1730 1113 1792 1165 τό
1826 1128 1841 1143 ·

275 1225 294 1257 ι
331 1206 546 1277 Ὥσπερ
573 1207 833 1277 ἔκτρωμα
862 1207 1293 1278 ἐκπορευόμενον
1340 1208 1404 1260 ὲκ
1457 1206 1669 1275 μήτρας
1737 1222 1843 1273 μη-

264 1297 417 1367 τρὸς,
441 1316 460 1348 ι
495 1297 557 1350 τὸ
586 1299 644 1349 ὲν
683 1296 802 1351 Ἰὼϐ
830 1299 1155 1368 είρημὲνον;
1196 1300 1245 1350 εί
1276 1297 1336 1350 τὸ
1360 1297 1450 1349 ἐπὶ
1472 1297 1566 1349 τοῦ
1596 1296 1845 1364 Πνεῦμα-

263 1406 358 1452 τος
386 1388 768 1457 ἐκπορεύεται,
798 1391 872 1453 ὠς
901 1389 1058 1445 τοῦτο
1084 1390 1333 1461 λήψεται,
1368 1389 1511 1442 καθά
1544 1406 1708 1459 φησιν
1751 1391 1843 1442 ἐπὶ

261 1483 332 1552 τῇ
366 1481 459 1534 τοῦ
488 1481 828 1551 ἐμφανίζειν.
860 1483 969 1535 Kal
1000 1481 1157 1546 αὖθις
1197 1483 1257 1535 τὸ
1290 1480 1418 1551 περὶ
1459 1482 1552 1534 τοῦ
1607 1483 1842 1535 ἀντικει-

268 1574 478 1642 μένου·
506 1590 525 1624 ι
548 1573 643 1625 Ἐκ
667 1572 931 1643 στόματος
962 1574 1125 1627 αὐτοῦ
1151 1572 1540 1641 ἐκπορεύονται
1561 1571 1843 1642 λαμπάδες

262 1663 573 1731 καιόμεναι,
609 1664 674 1716 ὲκ
708 1663 1002 1734 μυκτήρων
1031 1664 1196 1716 αὐτοῦ
1247 1660 1604 1733 ἐκπορεύεται
1636 1663 1842 1723 καπνὸς

262 1753 498 1823 καμίνου
532 1754 822 1823 καιομένου
846 1755 978 1827 πυρὶ
1008 1754 1464 1824 ἀνθράκων.Φλὺξ
1478 1755 1533 1809 δὲ
1558 1757 1621 1807 ἐκ
1641 1757 1844 1825 στόμα-

265 1860 365 1906 τος
410 1844 577 1898 αὐτοῦ
625 1845 1004 1914 ἐκπορεύεται.
1041 1865 1060 1898 ι
1095 1847 1205 1900 Kal
1248 1845 1310 1899 τὸ
1351 1849 1409 1900 ὲν
1448 1846 1795 1914 Εὑαγγελίοις
1823 1864 1836 1878 ·

269 1954 290 1987 ε
330 1936 578 1991 Ἐσωθεν
620 1939 700 1997 ,ὲκ
729 1936 828 2006 τῆς
876 1937 1101 2007 καρδίας
1142 1937 1252 1992 τῶν
1308 1937 1610 2008 ἀνθρώπων
1649 1940 1699 1991 oi
1724 1939 1839 1992 δια·

261 2026 520 2096 λογισμοὶ
544 2027 592 2080 οἱ
619 2027 778 2080 κακοὶ
802 2028 1243 2098 ἐκπορεύονται.»
1271 2028 1382 2082 Kal
1407 2027 1568 2081 πάλιν
1597 2044 1612 2059 ο
1637 2045 1655 2080 ι
1677 2028 1842 2080 υύδὲν

262 2118 416 2171 ἔστιν
447 2117 645 2183 ἔξωθεν
678 2118 771 2172 τοῦ
812 2117 1103 2189 ἀνθρώπου
1135 2120 1606 2190 εἰσπορευόμενον,
1640 2119 1667 2173 δ
1688 2120 1844 2174 δύνα-

262 2226 355 2263 ται
373 2210 630 2265 κοινῶσαι
653 2210 836 2276 αὐτὸν,
854 2209 988 2264 ἀλλὰ
1010 2210 1078 2264 τὰ
1107 2211 1515 2282 ἐκπορευόμενα
1539 2213 1631 2267 ἀπ’
1653 2212 1840 2276 αὑτοῦ,

264 2303 453 2357 ἐκεῖνά
498 2305 603 2357 εἰσι
648 2303 717 2357 τὰ
757 2302 1041 2358 κοινοῦντα
1092 2303 1184 2358 τὸν
1232 2304 1537 2377 ἄνθρωπον.
1578 2324 1598 2357 ι
1631 2305 1739 2357 Kal
1763 2307 1842 2368 εἰς

262 2378 493 2465 ἄπειρον
522 2394 761 2463 ἀτεχνῶς
786 2396 820 2464 ἡ
846 2392 938 2448 τοῦ
963 2393 1347 2462 ἐκπορεύεται
1377 2394 1538 2465 λῆψις
1583 2394 1732 2464 παρὰ
1775 2397 1841 2466 τῇ

265 2486 390 2556 θείᾳ
417 2485 604 2558 Γραφῇ
633 2487 773 2540 κατὰ
810 2485 1044 2556 διάφορα
1080 2486 1478 2556 σημαινόμενα,
1512 2487 1609 2541 καὶ
1639 2487 1844 2540 τούτων

262 2575 422 2628 οὐδὲν
452 2578 598 2628 ἐστιν
626 2576 783 2640 ὅλως,
836 2579 902 2649 τῇ
924 2575 1017 2630 τοῦ
1051 2576 1369 2647 Πνεύματος
1411 2578 1532 2649 ἔχον
1580 2577 1846 2649 ἐκπορεύ-

266 2683 349 2718 σει
368 2667 427 2718 τὸ
452 2667 878 2736 ταυτοδύναμον,
914 2670 989 2738 μὴ
1017 2670 1113 2722 καὶ
1145 2670 1281 2740 μόνῃ
1307 2667 1437 2739 ψιλῇ
1474 2670 1689 2740 ἐπινοίᾳ
1718 2669 1843 2737 οίῳ-

261 2758 443 2829 δήτινι
470 2758 567 2811 τοῦ
587 2760 695 2813 τῶν
722 2759 1131 2831 Χριστωνύμων
1157 2761 1317 2817 τοῦτο
1372 2760 1604 2832 ληφθείη
1640 2762 1844 2832 συστή-

266 2867 438 2920 ματος
468 2866 483 2881 ’
527 2849 629 2904 κᾶν
666 2851 759 2903 ἐπὶ
787 2851 1026 2923 Χριστοῦ
1048 2851 1110 2905 τὸ
1136 2851 1459 2922 ἐμφανίζειν
1487 2852 1679 2906 ἑαυτὸν
1707 2855 1840 2923 φαίη
1867 2866 1873 2873 '

261 2938 537 3008 λελέχθαι.
577 2938 716 2993 Ἀλλ’
744 2938 849 3006 ἔξω
888 2939 1046 2993 τοῦτο
1076 2939 1178 3010 τῆς
1218 2939 1406 3012 θεῖκῆς
1460 2941 1842 3012 ἐκπορεύσεως

262 3033 362 3100 τῆς
397 3032 493 3084 τοῦ
516 3032 887 3102 Πνεύματοςοο
923 3033 1046 3086 ἐπεὶ
1079 3033 1173 3087 καὶ
1200 3034 1284 3096 τὸ,
1315 3051 1334 3085 ι
1375 3033 1840 3105 Ἐκπορευομένου

261 3122 374 3176 ἀπὸ
409 3121 621 3193 Ἱεριχὼ
658 3141 677 3174 ›
715 3124 963 3195 περὶτοῦ
1018 3123 1267 3193 Σωτῆρος
1291 3125 1406 3177 ἐστι
1451 3123 1741 3194 λεγόμενον
1785 3127 1842 3177 ὲν

274 3306 487 3380 Ἱεριχὼ
515 3306 880 3381 ἠκολούθησεν
923 3309 1079 3379 ὄχλος
1122 3308 1308 3372 πολύς.
1349 3326 1368 3360 ε
1434 3308 1596 3361 Ἀλλὰ
1651 3309 1841 3380 πόρρω

262 3400 438 3453 ταῦτα
460 3398 558 3467 τῆς
589 3398 855 3470 δηλούσης
886 3399 983 3469 τὴν
1021 3399 1191 3453 ἀΐδιον
1229 3402 1322 3453 καὶ
1378 3399 1635 3470 διάφορον
1666 3396 1842 3470 ῦπαρ-

263 3490 349 3558 ξιν
401 3490 500 3561 τῆς
528 3489 620 3545 τοῦ
673 3491 985 3561 Πνεύματος
1021 3491 1419 3561 ἑκπορεύσεως.
1465 3491 1629 3544 Ὅθεν
1681 3494 1710 3545 ό
1743 3494 1841 3555 τὰς

261 3584 561 3651 νοουμένας
585 3582 769 3650 φωνὰς
794 3581 976 3645 ἄλλως
995 3582 1089 3635 ἐπὶ
1114 3583 1211 3653 τῆς
1242 3582 1432 3653 θεῖκῆς
1469 3583 1694 3653 προόδου
1727 3582 1843 3636 θεο-

265 3674 493 3745 πρεπῶς
514 3691 572 3727 τε
602 3677 695 3727 καὶ
725 3674 1094 3743 καταλλήλως,
1129 3676 1224 3727 καὶ
1262 3674 1440 3739 ἄλλως
1471 3675 1564 3727 ἐπὶ
1590 3673 1696 3728 τῶν
1751 3676 1837 3727 ὲκ-

263 3772 353 3828 2s,-
380 3766 456 3837 μὴ
484 3763 627 3819 οὕτω
655 3766 970 3837 λαμϐάνων,
1005 3766 1141 3820 ἀλλὰ
1176 3767 1508 3839 συνδρόμως,
1538 3768 1700 3832 αὐτὸς
1747 3769 1840 3821 καὶ

263 3856 360 3911 τοῦ
394 3857 575 3921 κακῶς
610 3857 910 3927 λαμϐάνειν
938 3860 1031 3911 καὶ
1068 3858 1163 3912 τοῦ
1208 3859 1390 3921 κακῶς
1452 3860 1839 3930 συμπεραίνειν

265 3950 439 4013 αἴτιος
469 3948 669 4022 ἐαυτῷ.
721 3949 785 4003 Ἦ
812 3952 994 4019 μέντοι
1028 3952 1331 4022 φανέρωσις
1354 3952 1445 4004 ἐπὶ
1465 3950 1601 4005 Θεοῦ
1630 3950 1841 4021 λαμϐα-

264 4041 467 4112 νομένη
510 4044 590 4105 είς
623 4040 857 4112 ἀριθμὸν
884 4041 1172 4113 θεωρεῖται
1200 4042 1596 4112 κατειλεγμένη
1626 4043 1731 4095 τῶν
1763 4041 1839 4112 μὴ

264 4134 388 4189 καθ’
424 4122 593 4197 αὑτὰς
632 4133 983 4204 κεκτημένων
1005 4137 1072 4205 τῇ
1101 4133 1427 4206 ὲκπορεύσει
1472 4134 1535 4186 τὸ
1573 4135 1840 4204 raucosq-

268 4244 490 4298 μαντον,
522 4226 659 4280 ἀλλά
686 4242 749 4293 γε
785 4226 852 4292 δὴ
883 4225 944 4279 τὸ
974 4226 1262 4295 ἑπόμενον,
1297 4225 1518 4292 δόσεως,
1548 4241 1623 4294 φη
1634 4225 1714 4293 μὶ,
1747 4242 1838 4293 χο-

266 4321 487 4391 ρηγίας,
512 4319 607 4373 καὶ
634 4319 917 4389 πέμψεως,
950 4318 1077 4390 περὶ
1104 4310 1179 4372 ὧν
1216 4317 1327 4373 ἄνω
1377 4334 1476 4371 που
1508 4318 1695 4387 σαφῶς
1727 4318 1843 4387 διη-

263 4413 541 4481 γόρευται.
573 4410 784 4466 Οὐκοῦν
813 4413 894 4475 εις
941 4412 1002 4463 τὸ
1038 4411 1233 4464 ταυτὸν
1286 4409 1727 4463 ὲναπολέλειπται
1777 4409 1839 4461 τὸ

263 4518 481 4571 carpam

1874 1907 1916 1957 Β

1948 667 2053 704 non
2116 652 2491 721 manifestare,
2553 658 2644 704 aut
2705 653 3006 722 patefacere
3055 651 3160 706 alio
3193 662 3356 721 atque
3409 654 3520 707 alio

1946 740 2250 811 signiﬁcatu
2291 740 2649 794 ituelicctuut.
2674 739 2806 806 Nam
2837 741 2904 806 si,
2945 751 3004 795 ut
3055 741 3171 810 ipse
3224 743 3516 805 existimat,

1946 831 2314 902 ostenditque,
2346 833 2414 887 de
2444 832 2647 901 Spiritu
2677 842 2867 888 sancto
2902 848 3065 888 voces
3090 833 3264 887 allatae
3293 848 3518 888 suman-

1947 931 2055 985 tur,
2090 923 2265 991 ipsum
2292 922 2523 992 procedit
2553 923 2665 975 fere
2702 924 2756 976 in
2791 923 3046 976 universa
3101 920 3381 992 Scriptura
3434 923 3521 977 in-

1945 1029 2204 1069 numeras
2234 1030 2402 1084 prope
2426 1014 2726 1069 sententias
2760 1024 2922 1084 atque
2962 1014 3272 1069 intellectus
3328 1015 3524 1070 admit-

1947 1114 2089 1169 tens,
2124 1104 2178 1159 in
2210 1120 2474 1174 quasnam
2507 1105 2874 1174 blaSphemias
2928 1120 3038 1158 non
3092 1105 3423 1174 compellet?
3453 1105 3523 1160 E;

1945 1195 2181 1265 primum
2237 1196 2367 1250 illud
2414 1197 2556 1267 quod
2614 1197 2756 1266 apud
2813 1194 3006 1250 Jobum
3059 1197 3299 1267 legitur:
3365 1215 3385 1248 ι
3440 1198 3520 1252 uti

1945 1287 2166 1343 abortus
2198 1304 2228 1342 e
2258 1288 2417 1342 vulva
2465 1289 2653 1342 matris
2686 1289 2991 1358 procedens
3023 1289 3089 1351 ³³,
3130 1306 3149 1339 ι
3189 1288 3236 1341 si
3269 1287 3519 1357 procedit

1944 1378 2013 1434 de
2050 1378 2255 1448 Spiritu
2287 1380 2557 1451 prolatum
2588 1381 2643 1434 in
2676 1380 2905 1434 similem
2942 1393 3166 1433 sensum
3198 1378 3517 1440 assumitur,

1944 1472 2026 1525 uti
2058 1472 2125 1525 de
2153 1488 2288 1527 voce
2322 1489 2586 1543 apparere
2613 1482 2909 1528 asseverat.
2952 1474 3018 1528 Et
3061 1488 3249 1527 rursus
3278 1472 3421 1542 quod
3452 1472 3521 1527 de
3622 1476 3627 1479 ’

1942 1564 2183 1633 pessimo
2210 1565 2458 1619 daemone
2488 1566 2690 1619 dicitur
2718 1582 2732 1618 :
2771 1583 2788 1615 ι
2822 1565 2897 1618 Ex
2925 1580 3020 1619 ore
3048 1565 3192 1618 illius
3217 1564 3522 1634 procedunt

1943 1656 2217 1725 lampades
2247 1673 2512 1723 accensm,
2541 1674 2604 1713 ex
2636 1659 2859 1714 naribus
2892 1659 3013 1725 ejus
3039 1657 3287 1728 procedit
3333 1656 3516 1710 l’umus

1944 1746 2360 1815 fornacis,’igne
2401 1748 2703 1803 carbonum
2757 1763 3052 1802 succensae.
3087 1747 3326 1802 Flamma
3387 1761 3515 1798 vero

1945 1853 2010 1894 ex
2041 1856 2135 1894 ore
2165 1840 2308 1895 illius
2338 1841 2581 1910 procedit
2601 1842 2670 1894 ὀ.
2700 1860 2719 1893 ι
2760 1842 2825 1895 Ει
2857 1841 2989 1896 illud
3053 1841 3108 1895 in
3170 1837 3513 1910 Evangeliis:

1954 1950 1972 1983 ι
2014 1931 2166 1988 Intus
2210 1948 2277 1987 ex
2340 1934 2504 1988 corde
2574 1932 2860 1988 hominum
2921 1933 3280 2005 cogitationes
3337 1945 3518 1999 prava:

1948 2025 2249 2093 procedunt
2276 2025 2363 2090 ¹¹;
2408 2044 2427 2077 ε
2461 2024 2738 2095 itemque:
2792 2046 2809 2077 ι
2849 2023 2992 2079 Nihil
3027 2025 3230 2080 deforis
3266 2025 3413 2078 intus
3464 2020 3518 2075 in

1949 2116 2226 2171 hominem
2242 2118 2509 2185 procedit,
2534 2118 2676 2189 quod
2708 2129 2890 2188 potest
2918 2119 3097 2189 ipsum
3134 2117 3397 2186 polluere,
3425 2118 3522 2173 sed

1945 2222 2065 2279 qure
2107 2209 2407 2279 procedunt
2456 2224 2521 2263 ex
2581 2209 2721 2279 ipso,
2773 2209 2890 2280 ipsa
2934 2220 3063 2264 sunt
3108 2225 3229 2279 qua:
3276 2209 3524 2279 polluuut

1948 2301 2221 2356 hominem
2250 2304 2317 2354 ¹².
2354 2320 2373 2353 ε
2442 2304 2502 2357 Et
2554 2304 2841 2358 innumera
2882 2302 3042 2373 plane
3088 2311 3237 2365 sunt,
3272 2301 3339 2356 ad
3399 2317 3522 2370 qua:

1946 2392 2256 2448 denotanda
2287 2393 2504 2450 diverso
2542 2394 2849 2460 signiﬁcatu
2907 2393 3051 2468 apud
3083 2393 3324 2449 divinam
3375 2393 3524 2447 Scri-

1944 2491 2162 2553 pturam
2223 2483 2374 2537 verhi
2417 2485 2643 2549 huiusce
2688 2486 2924 2555 procedit
2975 2499 3106 2539 usus
3162 2483 3516 2538 assumitur:

1944 2589 2010 2628 ex
2036 2574 2232 2645 quibus
2252 2575 2460 2630 nullum
2490 2592 2712 2646 prorsus
2749 2577 2933 2636 fuerit.
2962 2576 3265 2646 quodcum
3296 2592 3535 2646 proces-,

1946 2670 2101 2720 sione
2131 2667 2372 2737 Spiritus
2405 2683 2561 2737 pares
2584 2668 2726 2723 vires
2753 2668 3051 2739 possideat,
3072 2682 3175 2724 nec
3220 2669 3331 2724 sola
3375 2669 3520 2725 nuda

1945 2757 2274 2829 cogitatione
2303 2759 2579 2831 quispiam
2615 2775 2682 2815 ex
2733 2760 3172 2816 Christianorum
3226 2775 3370 2818 cestu
3417 2778 3520 2816 un-

1944 2867 2108 2921 quam
2136 2853 2387 2924 accipiet.
2416 2854 2521 2910 etsi
2573 2855 2928 2911 manifestare
2959 2857 3201 2927 seipsum
3248 2856 3316 2912 de
3365 2854 3522 2911 Citri-

1945 2953 2029 2997 sto
2089 2940 2295 2997 dictum
2352 2958 2474 2998 esse
2520 2955 2746 2998 asserat.
2783 2944 2887 2999 Sed
2920 2945 3080 3017 longe
3117 2955 3381 3016 extraque
3418 2948 3521 3000 hoc

1944 3041 2029 3088 est
2066 3049 2095 3086 a
2124 3033 2311 3089 divina
2342 3035 2692 3105 proccssione
2720 3034 2986 3106 Spiritus.
3026 3051 3146 3091 cum
3187 3047 3242 3092 et
3291 3037 3422 3092 illud
3454 3037 3521 3092 de

1946 3124 2225 3180 Salvatore
2260 3125 2317 3180 in
2366 3125 2674 3197 Evangeliis
2720 3128 2954 3193 dicatur,
3016 3146 3035 3179 ι
3073 3128 3404 3198 procedente
3452 3128 3520 3184 ab

152 3296 157 3301 .
263 3213 639 3286 Εὑαγγελίοις.
666 3216 775 3268 Kal
807 3216 989 3281 πάλιν,
1029 3234 1049 3269 ι
1085 3215 1533 3287 Ἐκπορευομένῳ
1560 3216 1706 3287 αὐτῷ
1737 3216 1841 3269 ἀπὸ

1946 3218 2166 3273 Jericho
2185 3220 2252 3273 ”.
2293 3239 2312 3272 ι
2348 3219 2686 3289 Rursusque,
2719 3240 2737 3272 ι
2777 3219 3167 3276 Procedentem
3226 3221 3404 3291 ipsum
3454 3237 3519 3275 ex

1940 3311 2159 3366 Jericho
2183 3321 2366 3366 secuta
2394 3323 2475 3367 ist
2504 3312 2793 3367 multitudo
2823 3328 3013 3384 magna
3048 3314 3115 3366 “.
3149 3332 3167 3364 ι
3210 3312 3317 3368 Sed
3355 3330 3517 3383 quam

1941 3400 2259 3471 longissime
2310 3401 2517 3455 distant
2562 3401 2759 3455 similia
2815 3417 2844 3455 a
2903 3401 3250 3472 proccssione
3297 3412 3518 3455 notante

1942 3492 2329 3562 sempiternam
2387 3508 2450 3545 ac
2490 3492 2761 3546 diversam
2822 3491 3059 3562 Spiritus
3120 3493 3514 3545 CXSlSlclllmlll.

1944 3581 2082 3637 llinc
2107 3582 2200 3652 qui
2226 3583 2398 3637 dictas
2433 3598 2595 3638 voces
2617 3582 2774 3638 aliter
2802 3583 2867 3639 de
2892 3582 3083 3638 divino
3105 3599 3417 3654 progressu,
3459 3596 3517 3636 ut

1938 3676 2112 3728 Deum
2148 3675 2373 3729 addecet
2401 3685 2455 3729 et
2481 3684 2866 3745 congruenter,
2898 3685 2953 3730 et
2988 3675 3145 3729 aliter
3176 3675 3243 3730 de
3276 3676 3518 3730 externis

1940 3764 2342 3835 prouuutiatas,
2402 3779 2512 3819 non
2558 3764 2637 3819 sic
2704 3764 2944 3834 accipit,
2996 3765 3090 3820 sed
3144 3764 3299 3834 quasi
3349 3782 3514 3819 unum

1943 3856 2271 3926 signiﬁcent,
2308 3857 2422 3926 ipse
2456 3856 2557 3910 sibi
2593 3871 2755 3911 causa
2786 3868 2889 3923 est,
2915 3857 3057 3928 quod
3079 3867 3135 3913 et
3185 3854 3320 3912 tnale
3370 3859 3517 3913 acri-

1942 3950 2076 4020 piat,
2107 3958 2161 4004 et
2190 3949 2331 4003 male
2377 3950 2683 4004 concludat.
2721 3949 3082 4005 Manil'estatio
3119 3950 3388 4021 siquidem
3448 3951 3517 4007 de

1944 4044 2055 4098 Deo
2109 4054 2331 4115 accepta
2359 4047 2414 4101 in
2455 4059 2643 4100 eorum
2699 4060 2926 4099 numero
2989 4044 3231 4114 ponitur,
3285 4061 3403 4115 qua:
3452 4062 3519 4099 ex

1941 4138 2136 4208 seipsis
2180 4153 2289 4191 non
2340 4137 2620 4207 possident
2661 4137 2913 4191 eumdem
2974 4152 3096 4190 cum
3167 4137 3515 4206 processioue

1941 4229 2440 4299 signiﬁcatum,sed
2464 4229 2610 4283 illius
2637 4229 2781 4299 quod
2811 4229 2936 4284 inde
2958 4228 3224 4298 sequitur,
3252 4228 3511 4292 datiunis,

1943 4325 2163 4394 inquam
2194 4364 2209 4389 ,
2257 4321 2733 4393 suppeditationis,
2773 4333 2826 4375 et
2871 4321 3167 4385 missionis,
3212 4322 3279 4377 de
3315 4321 3514 4392 quibus

1943 4431 2105 4486 supra
2128 4416 2287 4485 plene
2316 4430 2622 4469 sermonem
2667 4413 2984 4468 habuimus.
3035 4415 3145 4470 Nec
3190 4415 3297 4469 alio
3355 4415 3515 4471 modo

1942 4511 2010 4566 de
2037 4509 2204 4564 verbo
2232 4508 2431 4578 efﬂuere
2454 4507 2859 4562 edissereudum
2896 4516 2998 4562 est.

338 4556 428 4665 ἔγ.
465 4594 656 4665 Ἡμεῖς
689 4593 750 4648 δὲ
778 4556 1035 4658 πλείστας
1078 4592 1466 4663 παραθήσομεν
1516 4591 1690 4658 λέξεις
1742 4591 1836 4644 ἐπὶ

1944 4556 2427 4671 “vigil-Sosipater;
2893 4556 3161 4654 dictiones
3178 4613 3516 4669 apponemus
3541 4641 3549 4649 .

265 4687 403 4742 Θεοῦ
436 4686 708 4757 διαφανῶς
736 4685 816 4751 εις
838 4687 970 4739 αὐτὸ
992 4685 1151 4740 τοῦτο
1179 4683 1601 4756 συνερχομένας,
1635 4684 1711 4747 ὡς
1767 4683 1834 4737 ἂν

265 4781 348 4833 ἔτι
379 4780 580 4850 μᾶλλον
607 4777 897 4848 γνωσθείη,
926 4779 1000 4842 ὡς
1030 4779 1124 4832 καὶ
1158 4775 1596 4847 τὸέμςρανίζειν,
1641 4778 1692 4830 εί
1743 4776 1836 4829 ού-

265 4888 374 4936 τως
397 4865 538 4941 εἶχεν
564 4870 923 4940 εκφωνήσεως
946 4869 1021 4932 ὡς
1045 4868 1226 4939 ἐτέθη,
1259 4868 1353 4921 καὶ
1397 4867 1471 4939 μὴ
1502 4866 1645 4922 οὓτω
1692 4884 1831 4931 πως,

266 4967 342 5028 ὡς
373 4963 687 5037 δεδήλωται,
705 4964 801 5015 καὶ
827 4958 984 5014 τοῦτο
1010 4959 1333 5031 παραθεῖναι
1358 4960 1458 5014 οὐκ
1485 4959 1553 5015 ἂν
1604 4960 1834 5033 παρελί-

266 5042 464 5127 πομεν.
503 5055 655 5108 Ἐστι
688 5053 785 5125 μὲν
815 5052 908 5107 οὖν
927 5053 1036 5107 τῶν
1066 5053 1126 5106 τὸ
1158 5051 1561 5124 ταυτοδύναμον
1608 5071 1837 5125 τρανου-

270 5150 448 5222 μένων
466 5148 545 5218 τῷ
558 5146 942 5216 ἐκπορεύεται
972 5146 1033 5200 τὸ
1056 5146 1357 5218 πηγάζειν,
1381 5148 1441 5201 τὸ
1459 5147 1834 5218 προχεῖσθαι,

266 5244 332 5297 τὸ
358 5234 618 5309 πρόεισι,
653 5240 716 5294 τὸ
740 5230 1095 5310 πεφηνέναι,
1120 5242 1202 5306 τὸ,
1255 5259 1275 5292 ι
1318 5240 1413 5294 Ἐκ
1438 5241 1532 5293 τοῦ
1569 5240 1706 5309 ἐμοῦ
1738 5241 1836 5311 λή-

1941 4695 2011 4751 de
2034 4693 2141 4749 Deo
2164 4693 2464 4748 clarissime
2490 4691 2546 4746 in
2567 4692 2621 4746 id
2648 4691 2791 4746 idem
2813 4700 3226 4760 concurrentes,
3258 4702 3315 4747 ut
3346 4694 3516 4764 magis

1942 4803 2006 4843 ac
2050 4785 2221 4859 magis
2270 4787 2590 4848 innotescat,
2650 4784 2774 4839 ideo
2839 4800 2940 4840 nos
3000 4786 3103 4841 hoc
3155 4788 3515 4858 ntanifestare,

1940 4879 2085 4949 quod
2118 4892 2226 4932 non
2276 4877 2346 4929 ita
2371 4889 2430 4930 se
2480 4874 2708 4929 haberet
2736 4875 2990 4944 prolatio,
3022 4877 3100 4931 uti
3133 4879 3307 4946 posita
3331 4888 3434 4941 est,
3464 4889 3517 4931 et

1942 4968 2035 5024 tali
2063 4968 2246 5030 modo,
2277 4974 2334 5021 ut
2354 4965 2658 5037 expositum
2678 4975 2782 5030 est,
2814 4981 2935 5021 cum
2959 4968 3078 5022 aliis
3101 4982 3209 5021 nun
3230 4967 3514 5037 apposuis-

1942 5076 2021 5116 se.
2049 5059 2325 5115 Dictioues
2367 5058 2549 5127 itaque
2582 5072 2703 5128 qua:
2741 5057 2992 5113 eumdem
3016 5074 3138 5115 cum
3171 5060 3517 5130 processione

1942 5151 2305 5223 significatum
2337 5148 2657 5219 important,
2690 5159 2837 5213 sunt,
2865 5166 3137 5214 emanare,
3157 5150 3371 5221 eﬂundi,
3396 5166 3516 5219 pro-

1946 5246 2121 5317 gredi,
2153 5244 2220 5313 et;
2241 5258 2521 5312 apparere,
2556 5256 2796 5306 necnon,
2835 5263 2853 5296 ι
2879 5243 2953 5299 De
2981 5257 3103 5297 meo
3130 5242 3378 5308 accipiet,
3413 5260 3431 5292 ε
3463 5248 3518 5294 et

146 5368 157 5379 ο
265 5335 454 5405 durat,
489 5353 510 5387 ε
556 5335 650 5388 καὶ
687 5334 870 5391 λοιπά.
923 5333 1032 5388 Καὶ
1080 5331 1252 5388 ταῦτα
1296 5334 1394 5405 τῆς
1442 5335 1535 5387 ἐπὶ
1576 5333 1711 5387 Θεοῦ
1745 5335 1841 5404 μὲν

1950 5340 2073 5392 alia.
2101 5337 2168 5389 Et
2183 5336 2297 5389 haec
2309 5334 2528 5409 quidem
2542 5350 2666 5389 cum
2685 5336 2753 5391 de
2771 5336 2836 5389 iis
2862 5350 2981 5406 qua
3001 5341 3155 5389 extra
3174 5332 3345 5388 Deum
3368 5341 3514 5397 sunt,

266 5424 488 5495 λήψεως
522 5422 718 5489 ἔξωθεν
749 5423 856 5478 τῶν
891 5422 1213 5494 ὁμωνύμους
1242 5424 1546 5494 δεχομένων
1599 5423 1841 5487 διανοίας

1952 5435 2309 5498 usurpentur,
2356 5426 2424 5481 ad
2467 5442 2529 5481 ea
2587 5442 2707 5496 qua:
2766 5427 3121 5497 homonymos
3182 5421 3519 5491 signiﬁcatus

270 5521 599 5590 ὑπάρχουσι,
630 5521 758 5590 μιᾶς
777 5520 835 5572 δὲ
861 5521 957 5574 καὶ
996 5519 1170 5590 ἁπλῆς
1216 5521 1314 5589 τῆς
1353 5519 1445 5571 ἐπὶ
1491 5518 1626 5573 Θεοῦ
1663 5535 1841 5590 σημα-

1948 5521 2246 5588 accipiunt,
2272 5516 2595 5581 eﬂeruntur,
2619 5533 2742 5572 cum
2777 5517 2844 5571 de
2878 5516 2986 5569 Deo
3015 5528 3181 5566 unum
3213 5528 3277 5565 ac
3301 5512 3518 5581 simpli-

273 5612 396 5674 σίας
429 5610 756 5681 ὲμφαντικὰ,
785 5612 1033 5679 καθάπερ
1062 5613 1169 5682 ἄρα
1195 5610 1254 5664 τδ
1271 5611 1675 5680 ἐκπορεύεται.
1734 5613 1841 5677 Καὶ

1947 5625 2064 5665 cem
2108 5610 2444 5678 exprimunt.
2508 5609 2671 5664 sicuti
2733 5608 2898 5662 etiam
2943 5605 3071 5659 illud
3127 5603 3429 5674 procedere.
3464 5613 3519 5657 et

269 5702 333 5756 τὸ
356 5705 455 5773 μὲν
473 5704 772 5774 πηγὰζειν,
813 5706 892 5759 ὅτι
915 5707 1108 5758 ταυτὸν
1146 5706 1296 5775 φωνῇ
1331 5707 1397 5776 τῇ
1432 5705 1528 5777 τῆς
1577 5704 1839 5776 ἐκπορεύ-

1945 5718 2198 5757 emanare
2230 5703 2451 5770 quidem
2477 5716 2586 5756 non
2618 5700 2894 5754 diversum
2935 5696 3065 5767 quid
3101 5713 3129 5749 a
3164 5709 3520 5764 proccssroue

347 5892 390 5925 "
423 5888 524 5953 Joh
554 5904 781 5958 xxmn,
818 5888 872 5944 8.
948 5889 992 5921 ³ο
1021 5885 1123 5942 Joh
1157 5902 1261 5954 xu,
1286 5886 1351 5941 to
1391 5928 1408 5953 ,
1440 5888 1525 5951 ll.
1619 5888 1663 5920 ³⁸
1688 5885 1850 5940 Marc.
1879 5900 1975 5952 vn,
2004 5887 2094 5941 2t.
2173 5889 2216 5919 "
2250 5884 2390 5939 Ibid.
2466 5884 2511 5915 “
2540 5880 2705 5937 Marc.
2735 5897 2786 5943 κ,
2818 5879 2906 5934 46.
2983 5879 3027 5911 ⁸⁸
3064 5876 3257 5931 Matth.
3307 5890 3397 5941 xx,
3435 5875 3509 5928 ‘29
