  <div class='ocr_page' id='page_1' title='image "/cluster/home/n/w/nwhite01/storage/ocr_20150623/141/hvd.32044019208313/683.png"; bbox 0 0 3972 6584; ppageno 0'>
   <div class='ocr_carea' id='block_1_1' title="bbox 556 380 688 446">
    <p class='ocr_par' dir='ltr' id='par_1_1' title="bbox 556 380 688 446">
     <span class='ocr_line' id='line_1_1' title="bbox 556 380 688 446; baseline -0.008 0"><span class='ocrx_word' id='word_1_1' title='bbox 556 380 688 446; x_wconf 75' lang='grc'><strong>1351</strong></span> 
     </span>
    </p>
   </div>
   <div class='ocr_carea' id='block_1_2' title="bbox 1775 381 2608 442">
    <p class='ocr_par' dir='ltr' id='par_1_2' title="bbox 1775 381 2608 442">
     <span class='ocr_line' id='line_1_2' title="bbox 1775 381 2608 442; baseline -0.001 0"><span class='ocrx_word' id='word_1_2' title='bbox 1775 381 2101 442; x_wconf 80' lang='lat' dir='ltr'>GEORGII</span> <span class='ocrx_word' id='word_1_3' title='bbox 2145 381 2608 442; x_wconf 77' lang='lat' dir='ltr'><strong>METOCHlT/E</strong></span> 
     </span>
    </p>
   </div>
   <div class='ocr_carea' id='block_1_3' title="bbox 3631 392 3732 460">
    <p class='ocr_par' dir='ltr' id='par_1_3' title="bbox 3631 392 3732 460">
     <span class='ocr_line' id='line_1_3' title="bbox 3631 392 3732 460; baseline 0.05 -4"><span class='ocrx_word' id='word_1_4' title='bbox 3631 392 3732 460; x_wconf 76' lang='lat'><strong>132</strong></span> 
     </span>
    </p>
   </div>
   <div class='ocr_carea' id='block_1_4' title="bbox 557 495 2133 582">
    <p class='ocr_par' dir='ltr' id='par_1_4' title="bbox 557 497 2133 582">
     <span class='ocr_line' id='line_1_4' title="bbox 557 497 2133 582; baseline -0.004 -25"><span class='ocrx_word' id='word_1_5' title='bbox 557 503 676 572; x_wconf 89' lang='lat' dir='ltr'><strong>ipsa</strong></span> <span class='ocrx_word' id='word_1_6' title='bbox 701 512 893 556; x_wconf 89' lang='lat' dir='ltr'><strong>n0tare</strong></span> <span class='ocrx_word' id='word_1_7' title='bbox 942 499 1105 554; x_wconf 87' lang='lat' dir='ltr'><strong>ambo</strong></span> <span class='ocrx_word' id='word_1_8' title='bbox 1135 498 1377 570; x_wconf 76' lang='lat' dir='ltr'><strong>ingentia</strong></span> <span class='ocrx_word' id='word_1_9' title='bbox 1408 497 1657 582; x_wconf 38' lang='lat' dir='ltr'><strong>.lumina,</strong></span> <span class='ocrx_word' id='word_1_10' title='bbox 1707 497 2133 551; x_wconf 74' lang='lat' dir='ltr'><strong>immortalitatis</strong></span> 
     </span>
    </p>
   </div>
   <div class='ocr_carea' id='block_1_5' title="bbox 2234 495 3731 582">
    <p class='ocr_par' dir='ltr' id='par_1_5' title="bbox 2241 495 3731 580">
     <span class='ocr_line' id='line_1_5' title="bbox 2241 495 3731 580; baseline 0.009 -32"><span class='ocrx_word' id='word_1_11' title='bbox 2241 512 2396 560; x_wconf 85' lang='grc' dir='ltr'>σεως,</span> <span class='ocrx_word' id='word_1_12' title='bbox 2446 497 2612 566; x_wconf 69' lang='grc' dir='ltr'>ἄμφω</span> <span class='ocrx_word' id='word_1_13' title='bbox 2660 495 2998 565; x_wconf 58' lang='grc' dir='ltr'>πε-ςθακότες</span> <span class='ocrx_word' id='word_1_14' title='bbox 3055 500 3351 569; x_wconf 76' lang='grc' dir='ltr'>φωστῆρας</span> <span class='ocrx_word' id='word_1_15' title='bbox 3408 507 3731 580; x_wconf 64' lang='grc' dir='ltr'>παρηγάγομεν</span> 
     </span>
    </p>
   </div>
   <div class='ocr_carea' id='block_1_6' title="bbox 555 591 2131 665">
    <p class='ocr_par' dir='ltr' id='par_1_6' title="bbox 555 591 2131 665">
     <span class='ocr_line' id='line_1_6' title="bbox 555 591 2131 665; baseline -0.003 -17"><span class='ocrx_word' id='word_1_16' title='bbox 555 594 963 665; x_wconf 78' lang='lat' dir='ltr'><strong>cognominem,</strong></span> <span class='ocrx_word' id='word_1_17' title='bbox 999 608 1216 647; x_wconf 90' lang='lat' dir='ltr'><strong>necnon</strong></span> <span class='ocrx_word' id='word_1_18' title='bbox 1243 602 1300 646; x_wconf 90' lang='lat' dir='ltr'><strong>ct</strong></span> <span class='ocrx_word' id='word_1_19' title='bbox 1330 607 1395 646; x_wconf 77' lang='lat' dir='ltr'><strong>ex</strong></span> <span class='ocrx_word' id='word_1_20' title='bbox 1426 591 1595 661; x_wconf 82' lang='lat' dir='ltr'><strong>gratia</strong></span> <span class='ocrx_word' id='word_1_21' title='bbox 1632 606 1834 646; x_wconf 91' lang='lat' dir='ltr'><strong>nomen</strong></span> <span class='ocrx_word' id='word_1_22' title='bbox 1866 591 1971 646; x_wconf 85' lang='lat' dir='ltr'><strong>sibi</strong></span> <span class='ocrx_word' id='word_1_23' title='bbox 2009 592 2131 645; x_wconf 89' lang='lat' dir='ltr'><strong>vin-</strong></span> 
     </span>
    </p>
   </div>
   <div class='ocr_carea' id='block_1_7' title="bbox 554 682 2129 754">
    <p class='ocr_par' dir='ltr' id='par_1_7' title="bbox 554 682 2129 754">
     <span class='ocr_line' id='line_1_7' title="bbox 554 682 2129 754; baseline -0.003 -15"><span class='ocrx_word' id='word_1_24' title='bbox 554 685 829 739; x_wconf 88' lang='lat' dir='ltr'><strong>dicantem</strong></span> <span class='ocrx_word' id='word_1_25' title='bbox 858 683 1255 754; x_wconf 84' lang='lat' dir='ltr'><strong>Chrysologum</strong></span> <span class='ocrx_word' id='word_1_26' title='bbox 1282 682 1488 754; x_wconf 77' lang='lat' dir='ltr'><strong>ingenti</strong></span> <span class='ocrx_word' id='word_1_27' title='bbox 1514 698 1643 737; x_wconf 79' lang='lat' dir='ltr'><strong>voce</strong></span> <span class='ocrx_word' id='word_1_28' title='bbox 1670 683 1949 737; x_wconf 83' lang='lat' dir='ltr'><strong>edicentcs</strong></span> <span class='ocrx_word' id='word_1_29' title='bbox 1966 697 2129 751; x_wconf 84' lang='lat' dir='ltr'><strong>supra</strong></span> 
     </span>
    </p>
   </div>
   <div class='ocr_carea' id='block_1_8' title="bbox 554 772 2132 845">
    <p class='ocr_par' dir='ltr' id='par_1_8' title="bbox 554 772 2132 845">
     <span class='ocr_line' id='line_1_8' title="bbox 554 772 2132 845; baseline -0.001 -16"><span class='ocrx_word' id='word_1_30' title='bbox 554 774 904 831; x_wconf 77' lang='lat' dir='ltr'><strong>adduximus.</strong></span> <span class='ocrx_word' id='word_1_31' title='bbox 966 776 1040 829; x_wconf 91' lang='lat' dir='ltr'><strong>De</strong></span> <span class='ocrx_word' id='word_1_32' title='bbox 1071 775 1269 845; x_wconf 67' lang='lat' dir='ltr'><strong>effundi</strong></span> <span class='ocrx_word' id='word_1_33' title='bbox 1295 784 1349 828; x_wconf 90' lang='lat' dir='ltr'><strong>et</strong></span> <span class='ocrx_word' id='word_1_34' title='bbox 1385 773 1653 844; x_wconf 81' lang='lat' dir='ltr'><strong>pragredi,</strong></span> <span class='ocrx_word' id='word_1_35' title='bbox 1708 784 1860 828; x_wconf 76' lang='lat' dir='ltr'><strong>sexto</strong></span> <span class='ocrx_word' id='word_1_36' title='bbox 1897 772 1962 827; x_wconf 89' lang='lat' dir='ltr'><strong>ad</strong></span> <span class='ocrx_word' id='word_1_37' title='bbox 1994 772 2132 827; x_wconf 81' lang='lat' dir='ltr'><strong>Her-</strong></span> 
     </span>
    </p>
   </div>
   <div class='ocr_carea' id='block_1_9' title="bbox 559 865 2132 935">
    <p class='ocr_par' dir='ltr' id='par_1_9' title="bbox 559 865 2132 935">
     <span class='ocr_line' id='line_1_9' title="bbox 559 865 2132 935; baseline 0 -15"><span class='ocrx_word' id='word_1_38' title='bbox 559 867 721 920; x_wconf 89' lang='lat' dir='ltr'><strong>miam</strong></span> <span class='ocrx_word' id='word_1_39' title='bbox 756 866 897 920; x_wconf 89' lang='lat' dir='ltr'><strong>libro</strong></span> <span class='ocrx_word' id='word_1_40' title='bbox 928 881 957 919; x_wconf 87' lang='lat' dir='ltr'><strong>a</strong></span> <span class='ocrx_word' id='word_1_41' title='bbox 994 865 1101 921; x_wconf 89' lang='lat' dir='ltr'><strong>Deo</strong></span> <span class='ocrx_word' id='word_1_42' title='bbox 1129 867 1355 920; x_wconf 80' lang='lat' dir='ltr'><strong>edoctus</strong></span> <span class='ocrx_word' id='word_1_43' title='bbox 1391 865 1625 935; x_wconf 81' lang='lat' dir='ltr'><strong>Cyrillus</strong></span> <span class='ocrx_word' id='word_1_44' title='bbox 1669 865 1858 919; x_wconf 81' lang='lat' dir='ltr'><strong>deﬁnit</strong></span> <span class='ocrx_word' id='word_1_45' title='bbox 1906 865 1960 918; x_wconf 89' lang='lat' dir='ltr'><strong>in</strong></span> <span class='ocrx_word' id='word_1_46' title='bbox 1984 865 2132 920; x_wconf 90' lang='lat' dir='ltr'><strong>hunc</strong></span> 
     </span>
    </p>
   </div>
   <div class='ocr_carea' id='block_1_10' title="bbox 558 955 2126 1027">
    <p class='ocr_par' dir='ltr' id='par_1_10' title="bbox 558 955 2126 1027">
     <span class='ocr_line' id='line_1_10' title="bbox 558 955 2126 1027; baseline -0.003 -15"><span class='ocrx_word' id='word_1_47' title='bbox 558 957 781 1013; x_wconf 88' lang='lat' dir='ltr'><strong>modum</strong></span> <span class='ocrx_word' id='word_1_48' title='bbox 809 974 824 1010; x_wconf 91' lang='lat'><strong>:</strong></span> <span class='ocrx_word' id='word_1_49' title='bbox 863 976 881 1008; x_wconf 83' lang='grc' dir='ltr'><strong>ι</strong></span> <span class='ocrx_word' id='word_1_50' title='bbox 920 955 1061 1011; x_wconf 86' lang='lat' dir='ltr'><strong>Num</strong></span> <span class='ocrx_word' id='word_1_51' title='bbox 1094 958 1190 1011; x_wconf 84' lang='lat' dir='ltr'><strong>tibi</strong></span> <span class='ocrx_word' id='word_1_52' title='bbox 1218 967 1467 1027; x_wconf 86' lang='lat' dir='ltr'><strong>apertum</strong></span> <span class='ocrx_word' id='word_1_53' title='bbox 1486 958 1806 1013; x_wconf 80' lang='lat' dir='ltr'><strong>estallatum</strong></span> <span class='ocrx_word' id='word_1_54' title='bbox 1833 957 2126 1025; x_wconf 85' lang='lat' dir='ltr'><strong>eloquium,</strong></span> 
     </span>
    </p>
   </div>
   <div class='ocr_carea' id='block_1_11' title="bbox 556 1048 2130 1119">
    <p class='ocr_par' dir='ltr' id='par_1_11' title="bbox 556 1048 2130 1119">
     <span class='ocr_line' id='line_1_11' title="bbox 556 1048 2130 1119; baseline 0.002 -17"><span class='ocrx_word' id='word_1_55' title='bbox 556 1059 611 1102; x_wconf 86' lang='lat' dir='ltr'><strong>et</strong></span> <span class='ocrx_word' id='word_1_56' title='bbox 638 1048 847 1113; x_wconf 81' lang='lat' dir='ltr'><strong>vidisti,</strong></span> <span class='ocrx_word' id='word_1_57' title='bbox 907 1048 1174 1119; x_wconf 86' lang='lat' dir='ltr'><strong>Spiritum</strong></span> <span class='ocrx_word' id='word_1_58' title='bbox 1209 1049 1427 1119; x_wconf 84' lang='lat' dir='ltr'><strong>quidem</strong></span> <span class='ocrx_word' id='word_1_59' title='bbox 1486 1050 1731 1109; x_wconf 72' lang='lat' dir='ltr'><strong>veritatis</strong></span> <span class='ocrx_word' id='word_1_60' title='bbox 1780 1066 2130 1118; x_wconf 78' lang='lat' dir='ltr'><strong>nuncupasse</strong></span> 
     </span>
    </p>
   </div>
   <div class='ocr_carea' id='block_1_12' title="bbox 559 1141 2127 1214">
    <p class='ocr_par' dir='ltr' id='par_1_12' title="bbox 559 1141 2127 1214">
     <span class='ocr_line' id='line_1_12' title="bbox 559 1141 2127 1214; baseline 0.001 -19"><span class='ocrx_word' id='word_1_61' title='bbox 559 1141 944 1197; x_wconf 82' lang='lat' dir='ltr'><strong>Paracletum?</strong></span> <span class='ocrx_word' id='word_1_62' title='bbox 997 1144 1136 1198; x_wconf 81' lang='lat' dir='ltr'><strong>dixit</strong></span> <span class='ocrx_word' id='word_1_63' title='bbox 1193 1145 1338 1198; x_wconf 84' lang='lat' dir='ltr'><strong>enim</strong></span> <span class='ocrx_word' id='word_1_64' title='bbox 1375 1160 1499 1198; x_wconf 90' lang='lat' dir='ltr'><strong>eum</strong></span> <span class='ocrx_word' id='word_1_65' title='bbox 1560 1146 1808 1214; x_wconf 78' lang='lat' dir='ltr'><strong>progredi</strong></span> <span class='ocrx_word' id='word_1_66' title='bbox 1843 1160 1905 1197; x_wconf 77' lang='lat' dir='ltr'><strong>cx</strong></span> <span class='ocrx_word' id='word_1_67' title='bbox 1946 1143 2127 1209; x_wconf 82' lang='lat' dir='ltr'><strong>Patre,</strong></span> 
     </span>
    </p>
   </div>
   <div class='ocr_carea' id='block_1_13' title="bbox 559 1233 2123 1304">
    <p class='ocr_par' dir='ltr' id='par_1_13' title="bbox 559 1233 2123 1304">
     <span class='ocr_line' id='line_1_13' title="bbox 559 1233 2123 1304; baseline 0 -17"><span class='ocrx_word' id='word_1_68' title='bbox 559 1236 781 1304; x_wconf 89' lang='lat' dir='ltr'><strong>propria</strong></span> <span class='ocrx_word' id='word_1_69' title='bbox 836 1235 937 1290; x_wconf 86' lang='lat' dir='ltr'><strong>sibi</strong></span> <span class='ocrx_word' id='word_1_70' title='bbox 990 1234 1174 1290; x_wconf 83' lang='lat' dir='ltr'><strong>omnia</strong></span> <span class='ocrx_word' id='word_1_71' title='bbox 1201 1250 1321 1304; x_wconf 70' lang='lat' dir='ltr'><strong>qua:</strong></span> <span class='ocrx_word' id='word_1_72' title='bbox 1353 1234 1530 1288; x_wconf 80' lang='lat' dir='ltr'><strong>Patris</strong></span> <span class='ocrx_word' id='word_1_73' title='bbox 1575 1245 1727 1294; x_wconf 89' lang='lat' dir='ltr'><strong>sunt.</strong></span> <span class='ocrx_word' id='word_1_74' title='bbox 1756 1233 2070 1288; x_wconf 79' lang='lat' dir='ltr'><strong>ostendens.</strong></span> <span class='ocrx_word' id='word_1_75' title='bbox 2107 1255 2123 1286; x_wconf 78' lang='grc' dir='ltr'><strong>ι</strong></span> 
     </span>
    </p>
   </div>
   <div class='ocr_carea' id='block_1_14' title="bbox 555 1321 2129 1394">
    <p class='ocr_par' dir='ltr' id='par_1_14' title="bbox 555 1321 2129 1394">
     <span class='ocr_line' id='line_1_14' title="bbox 555 1321 2129 1394; baseline 0.002 -19"><span class='ocrx_word' id='word_1_76' title='bbox 555 1321 704 1378; x_wconf 85' lang='lat' dir='ltr'><strong>Idem</strong></span> <span class='ocrx_word' id='word_1_77' title='bbox 733 1323 787 1377; x_wconf 90' lang='lat' dir='ltr'><strong>in</strong></span> <span class='ocrx_word' id='word_1_78' title='bbox 823 1324 1011 1378; x_wconf 90' lang='lat' dir='ltr'><strong>eodem</strong></span> <span class='ocrx_word' id='word_1_79' title='bbox 1045 1324 1110 1379; x_wconf 89' lang='lat' dir='ltr'><strong>ad</strong></span> <span class='ocrx_word' id='word_1_80' title='bbox 1136 1324 1388 1379; x_wconf 88' lang='lat' dir='ltr'><strong>eumdem</strong></span> <span class='ocrx_word' id='word_1_81' title='bbox 1423 1341 1436 1376; x_wconf 91' lang='lat'><strong>:</strong></span> <span class='ocrx_word' id='word_1_82' title='bbox 1469 1343 1487 1375; x_wconf 85' lang='grc' dir='ltr'>ι</span> <span class='ocrx_word' id='word_1_83' title='bbox 1512 1322 1773 1394; x_wconf 82' lang='lat' dir='ltr'><strong>Intelligis</strong></span> <span class='ocrx_word' id='word_1_84' title='bbox 1796 1326 1975 1393; x_wconf 84' lang='lat' dir='ltr'><strong>itaque</strong></span> <span class='ocrx_word' id='word_1_85' title='bbox 1990 1341 2129 1393; x_wconf 83' lang='lat' dir='ltr'><strong>quo-</strong></span> 
     </span>
    </p>
   </div>
   <div class='ocr_carea' id='block_1_15' title="bbox 557 1414 2130 1486">
    <p class='ocr_par' dir='ltr' id='par_1_15' title="bbox 557 1414 2130 1486">
     <span class='ocr_line' id='line_1_15' title="bbox 557 1414 2130 1486; baseline 0.003 -19"><span class='ocrx_word' id='word_1_86' title='bbox 557 1415 722 1469; x_wconf 88' lang='lat' dir='ltr'><strong>modo</strong></span> <span class='ocrx_word' id='word_1_87' title='bbox 756 1415 833 1469; x_wconf 90' lang='lat' dir='ltr'><strong>uti</strong></span> <span class='ocrx_word' id='word_1_88' title='bbox 858 1416 1139 1485; x_wconf 87' lang='lat' dir='ltr'><strong>proprium</strong></span> <span class='ocrx_word' id='word_1_89' title='bbox 1176 1417 1337 1470; x_wconf 90' lang='lat' dir='ltr'><strong>nobis</strong></span> <span class='ocrx_word' id='word_1_90' title='bbox 1364 1415 1581 1470; x_wconf 88' lang='lat' dir='ltr'><strong>mittere</strong></span> <span class='ocrx_word' id='word_1_91' title='bbox 1613 1414 1874 1486; x_wconf 88' lang='lat' dir='ltr'><strong>Spiritum</strong></span> <span class='ocrx_word' id='word_1_92' title='bbox 1902 1427 2130 1486; x_wconf 77' lang='lat' dir='ltr'><strong>promit-</strong></span> 
     </span>
    </p>
   </div>
   <div class='ocr_carea' id='block_1_16' title="bbox 556 1504 2129 1577">
    <p class='ocr_par' dir='ltr' id='par_1_16' title="bbox 556 1504 2129 1577">
     <span class='ocr_line' id='line_1_16' title="bbox 556 1504 2129 1577; baseline 0.004 -20"><span class='ocrx_word' id='word_1_93' title='bbox 556 1504 621 1558; x_wconf 87' lang='lat' dir='ltr'><strong>tit</strong></span> <span class='ocrx_word' id='word_1_94' title='bbox 649 1506 741 1573; x_wconf 90' lang='lat' dir='ltr'><strong>qui</strong></span> <span class='ocrx_word' id='word_1_95' title='bbox 762 1521 827 1560; x_wconf 80' lang='lat' dir='ltr'><strong>ex</strong></span> <span class='ocrx_word' id='word_1_96' title='bbox 885 1504 1047 1561; x_wconf 85' lang='lat' dir='ltr'><strong>Patre</strong></span> <span class='ocrx_word' id='word_1_97' title='bbox 1079 1517 1185 1563; x_wconf 86' lang='lat' dir='ltr'><strong>est.</strong></span> <span class='ocrx_word' id='word_1_98' title='bbox 1220 1507 1288 1562; x_wconf 85' lang='lat' dir='ltr'><strong>Et</strong></span> <span class='ocrx_word' id='word_1_99' title='bbox 1318 1507 1581 1577; x_wconf 83' lang='lat' dir='ltr'><strong>Spiritum</strong></span> <span class='ocrx_word' id='word_1_100' title='bbox 1618 1507 1840 1576; x_wconf 88' lang='lat' dir='ltr'><strong>quidem</strong></span> <span class='ocrx_word' id='word_1_101' title='bbox 1884 1509 2129 1564; x_wconf 75' lang='lat' dir='ltr'><strong>veritatis</strong></span> 
     </span>
    </p>
   </div>
   <div class='ocr_carea' id='block_1_17' title="bbox 554 1596 2128 1668">
    <p class='ocr_par' dir='ltr' id='par_1_17' title="bbox 554 1596 2128 1668">
     <span class='ocr_line' id='line_1_17' title="bbox 554 1596 2128 1668; baseline 0.001 -18"><span class='ocrx_word' id='word_1_102' title='bbox 554 1608 735 1653; x_wconf 81' lang='lat' dir='ltr'><strong>vocat.</strong></span> <span class='ocrx_word' id='word_1_103' title='bbox 765 1596 985 1653; x_wconf 72' lang='lat' dir='ltr'><strong>Eﬂ‘undi</strong></span> <span class='ocrx_word' id='word_1_104' title='bbox 1017 1614 1148 1653; x_wconf 87' lang='lat' dir='ltr'><strong>vero</strong></span> <span class='ocrx_word' id='word_1_105' title='bbox 1172 1613 1237 1653; x_wconf 81' lang='lat' dir='ltr'><strong>ex</strong></span> <span class='ocrx_word' id='word_1_106' title='bbox 1272 1599 1392 1668; x_wconf 93' lang='lat' dir='ltr'><strong>ipso</strong></span> <span class='ocrx_word' id='word_1_107' title='bbox 1420 1597 1582 1653; x_wconf 84' lang='lat' dir='ltr'><strong>Patre</strong></span> <span class='ocrx_word' id='word_1_108' title='bbox 1610 1598 1873 1653; x_wconf 78' lang='lat' dir='ltr'><strong>decrevit.</strong></span> <span class='ocrx_word' id='word_1_109' title='bbox 1902 1598 2128 1653; x_wconf 85' lang='lat' dir='ltr'><strong>Necnon</strong></span> 
     </span>
    </p>
   </div>
   <div class='ocr_carea' id='block_1_18' title="bbox 556 1689 2119 1760">
    <p class='ocr_par' dir='ltr' id='par_1_18' title="bbox 556 1689 2119 1760">
     <span class='ocr_line' id='line_1_18' title="bbox 556 1689 2119 1760; baseline 0.001 -19"><span class='ocrx_word' id='word_1_110' title='bbox 556 1703 681 1743; x_wconf 88' lang='lat' dir='ltr'><strong>cum</strong></span> <span class='ocrx_word' id='word_1_111' title='bbox 712 1690 779 1742; x_wconf 90' lang='lat' dir='ltr'><strong>de</strong></span> <span class='ocrx_word' id='word_1_112' title='bbox 810 1689 930 1760; x_wconf 91' lang='lat' dir='ltr'><strong>ipso</strong></span> <span class='ocrx_word' id='word_1_113' title='bbox 958 1690 1332 1746; x_wconf 85' lang='lat' dir='ltr'><strong>testimonium</strong></span> <span class='ocrx_word' id='word_1_114' title='bbox 1362 1689 1762 1759; x_wconf 90' lang='lat' dir='ltr'><strong>perhibiturum</strong></span> <span class='ocrx_word' id='word_1_115' title='bbox 1793 1691 2119 1759; x_wconf 64' lang='lat' dir='ltr'><strong>praenuntiac</strong></span> 
     </span>
    </p>
   </div>
   <div class='ocr_carea' id='block_1_19' title="bbox 554 1779 2128 1852">
    <p class='ocr_par' dir='ltr' id='par_1_19' title="bbox 554 1779 2128 1852">
     <span class='ocr_line' id='line_1_19' title="bbox 554 1779 2128 1852; baseline 0.002 -18"><span class='ocrx_word' id='word_1_116' title='bbox 554 1780 651 1834; x_wconf 79' lang='lat' dir='ltr'><strong>vit.</strong></span> <span class='ocrx_word' id='word_1_117' title='bbox 691 1799 709 1831; x_wconf 78' lang='grc' dir='ltr'><strong>ι</strong></span> <span class='ocrx_word' id='word_1_118' title='bbox 762 1779 878 1849; x_wconf 85' lang='lat' dir='ltr'><strong>Qua</strong></span> <span class='ocrx_word' id='word_1_119' title='bbox 931 1782 1141 1837; x_wconf 87' lang='lat' dir='ltr'><strong>ratione</strong></span> <span class='ocrx_word' id='word_1_120' title='bbox 1172 1783 1260 1852; x_wconf 92' lang='lat' dir='ltr'><strong>qui</strong></span> <span class='ocrx_word' id='word_1_121' title='bbox 1308 1783 1653 1852; x_wconf 73' lang='lat' dir='ltr'><strong>manifestare</strong></span> <span class='ocrx_word' id='word_1_122' title='bbox 1717 1783 1968 1851; x_wconf 89' lang='lat' dir='ltr'><strong>arripuit,</strong></span> <span class='ocrx_word' id='word_1_123' title='bbox 2013 1782 2128 1837; x_wconf 70' lang='lat' dir='ltr'><strong>lucc</strong></span> 
     </span>
    </p>
   </div>
   <div class='ocr_carea' id='block_1_20' title="bbox 554 1870 2133 1943">
    <p class='ocr_par' dir='ltr' id='par_1_20' title="bbox 554 1870 2133 1943">
     <span class='ocr_line' id='line_1_20' title="bbox 554 1870 2133 1943; baseline 0 -18"><span class='ocrx_word' id='word_1_124' title='bbox 554 1872 862 1940; x_wconf 67' lang='lat' dir='ltr'><strong>praeteriit?</strong></span> <span class='ocrx_word' id='word_1_125' title='bbox 888 1871 983 1927; x_wconf 80' lang='lat' dir='ltr'><strong>Vel</strong></span> <span class='ocrx_word' id='word_1_126' title='bbox 1009 1870 1284 1942; x_wconf 91' lang='lat' dir='ltr'><strong>quomodo</strong></span> <span class='ocrx_word' id='word_1_127' title='bbox 1311 1883 1583 1943; x_wconf 64' lang='lat' dir='ltr'><strong>praecepto</strong></span> <span class='ocrx_word' id='word_1_128' title='bbox 1616 1872 1897 1928; x_wconf 86' lang='lat' dir='ltr'><strong>Dominico</strong></span> <span class='ocrx_word' id='word_1_129' title='bbox 1922 1874 1988 1928; x_wconf 91' lang='lat' dir='ltr'><strong>de</strong></span> <span class='ocrx_word' id='word_1_130' title='bbox 2011 1890 2133 1943; x_wconf 81' lang='lat' dir='ltr'><strong>per-</strong></span> 
     </span>
    </p>
   </div>
   <div class='ocr_carea' id='block_1_21' title="bbox 464 1965 2133 2037">
    <p class='ocr_par' dir='ltr' id='par_1_21' title="bbox 464 1965 2133 2037">
     <span class='ocr_line' id='line_1_21' title="bbox 464 1965 2133 2037; baseline 0 -16"><span class='ocrx_word' id='word_1_131' title='bbox 464 2017 469 2021; x_wconf 81' lang='lat'><strong>.</strong></span> <span class='ocrx_word' id='word_1_132' title='bbox 556 1967 895 2020; x_wconf 88' lang='lat' dir='ltr'><strong>scrutatione</strong></span> <span class='ocrx_word' id='word_1_133' title='bbox 953 1965 1361 2036; x_wconf 80' lang='lat' dir='ltr'><strong>Scripturarum</strong></span> <span class='ocrx_word' id='word_1_134' title='bbox 1415 1965 1865 2037; x_wconf 68' lang='lat' dir='ltr'><strong>neglecto,&#39;quaa</strong></span> <span class='ocrx_word' id='word_1_135' title='bbox 1918 1981 2048 2020; x_wconf 90' lang='lat' dir='ltr'><strong>casu</strong></span> <span class='ocrx_word' id='word_1_136' title='bbox 2100 1982 2133 2021; x_wconf 89' lang='lat' dir='ltr'><strong>e</strong></span> 
     </span>
    </p>
   </div>
   <div class='ocr_carea' id='block_1_22' title="bbox 560 2056 2132 2128">
    <p class='ocr_par' dir='ltr' id='par_1_22' title="bbox 560 2056 2132 2128">
     <span class='ocr_line' id='line_1_22' title="bbox 560 2056 2132 2128; baseline 0.001 -19"><span class='ocrx_word' id='word_1_137' title='bbox 560 2056 741 2128; x_wconf 80' lang='lat' dir='ltr'><strong>lingua</strong></span> <span class='ocrx_word' id='word_1_138' title='bbox 773 2057 1032 2113; x_wconf 79' lang='lat' dir='ltr'><strong>excidunt</strong></span> <span class='ocrx_word' id='word_1_139' title='bbox 1065 2056 1132 2112; x_wconf 89' lang='lat' dir='ltr'><strong>de</strong></span> <span class='ocrx_word' id='word_1_140' title='bbox 1164 2057 1401 2127; x_wconf 85' lang='lat' dir='ltr'><strong>propriis</strong></span> <span class='ocrx_word' id='word_1_141' title='bbox 1432 2057 1744 2125; x_wconf 87' lang='lat' dir='ltr'><strong>eloquitur?</strong></span> <span class='ocrx_word' id='word_1_142' title='bbox 1772 2056 1887 2122; x_wconf 85' lang='lat' dir='ltr'><strong>Qua</strong></span> <span class='ocrx_word' id='word_1_143' title='bbox 1920 2058 2132 2111; x_wconf 79' lang='lat' dir='ltr'><strong>ratiOne</strong></span> 
     </span>
    </p>
   </div>
   <div class='ocr_carea' id='block_1_23' title="bbox 555 2148 2131 2219">
    <p class='ocr_par' dir='ltr' id='par_1_23' title="bbox 555 2148 2131 2219">
     <span class='ocr_line' id='line_1_23' title="bbox 555 2148 2131 2219; baseline 0 -17"><span class='ocrx_word' id='word_1_144' title='bbox 555 2148 753 2203; x_wconf 90' lang='lat' dir='ltr'><strong>horum</strong></span> <span class='ocrx_word' id='word_1_145' title='bbox 800 2159 855 2204; x_wconf 87' lang='lat' dir='ltr'><strong>et</strong></span> <span class='ocrx_word' id='word_1_146' title='bbox 880 2149 1140 2204; x_wconf 85' lang='lat' dir='ltr'><strong>similium</strong></span> <span class='ocrx_word' id='word_1_147' title='bbox 1197 2149 1254 2202; x_wconf 90' lang='lat' dir='ltr'><strong>in</strong></span> <span class='ocrx_word' id='word_1_148' title='bbox 1286 2148 1578 2202; x_wconf 83' lang='lat' dir='ltr'><strong>universali</strong></span> <span class='ocrx_word' id='word_1_149' title='bbox 1612 2164 1909 2219; x_wconf 86' lang='lat' dir='ltr'><strong>congressu</strong></span> <span class='ocrx_word' id='word_1_150' title='bbox 1962 2148 2131 2203; x_wconf 82' lang='lat' dir='ltr'><strong>duces</strong></span> 
     </span>
    </p>
   </div>
   <div class='ocr_carea' id='block_1_24' title="bbox 556 2238 2130 2312">
    <p class='ocr_par' dir='ltr' id='par_1_24' title="bbox 556 2238 2130 2312">
     <span class='ocr_line' id='line_1_24' title="bbox 556 2238 2130 2312; baseline 0 -18"><span class='ocrx_word' id='word_1_151' title='bbox 556 2241 611 2294; x_wconf 92' lang='lat' dir='ltr'><strong>in</strong></span> <span class='ocrx_word' id='word_1_152' title='bbox 645 2241 999 2312; x_wconf 85' lang='lat' dir='ltr'><strong>homonymas</strong></span> <span class='ocrx_word' id='word_1_153' title='bbox 1032 2241 1333 2296; x_wconf 85' lang='lat' dir='ltr'><strong>sententias</strong></span> <span class='ocrx_word' id='word_1_154' title='bbox 1386 2242 1560 2295; x_wconf 82' lang='lat' dir='ltr'><strong>adacti</strong></span> <span class='ocrx_word' id='word_1_155' title='bbox 1594 2251 1740 2305; x_wconf 65' lang='lat' dir='ltr'><strong>sunt,</strong></span> <span class='ocrx_word' id='word_1_156' title='bbox 1787 2241 1876 2294; x_wconf 90' lang='lat' dir='ltr'><strong>ubi</strong></span> <span class='ocrx_word' id='word_1_157' title='bbox 1908 2238 2130 2295; x_wconf 89' lang='lat' dir='ltr'><strong>Patrum</strong></span> 
     </span>
    </p>
   </div>
   <div class='ocr_carea' id='block_1_25' title="bbox 556 2330 2129 2403">
    <p class='ocr_par' dir='ltr' id='par_1_25' title="bbox 556 2330 2129 2403">
     <span class='ocr_line' id='line_1_25' title="bbox 556 2330 2129 2403; baseline 0 -17"><span class='ocrx_word' id='word_1_158' title='bbox 556 2342 744 2387; x_wconf 78' lang='lat' dir='ltr'><strong>vertex</strong></span> <span class='ocrx_word' id='word_1_159' title='bbox 803 2342 1035 2387; x_wconf 85' lang='lat' dir='ltr'><strong>testatur</strong></span> <span class='ocrx_word' id='word_1_160' title='bbox 1094 2330 1433 2387; x_wconf 80' lang='lat' dir='ltr'><strong>Salvatorem</strong></span> <span class='ocrx_word' id='word_1_161' title='bbox 1488 2334 1540 2385; x_wconf 91' lang='lat' dir='ltr'><strong>in</strong></span> <span class='ocrx_word' id='word_1_162' title='bbox 1598 2330 1904 2402; x_wconf 80' lang='lat' dir='ltr'><strong>Evangeliis</strong></span> <span class='ocrx_word' id='word_1_163' title='bbox 1954 2334 2129 2403; x_wconf 78' lang='lat' dir='ltr'><strong>palam</strong></span> 
     </span>
    </p>
   </div>
   <div class='ocr_carea' id='block_1_26' title="bbox 554 2424 2132 2496">
    <p class='ocr_par' dir='ltr' id='par_1_26' title="bbox 554 2424 2132 2496">
     <span class='ocr_line' id='line_1_26' title="bbox 554 2424 2132 2496; baseline 0.001 -20"><span class='ocrx_word' id='word_1_164' title='bbox 554 2428 876 2479; x_wconf 69' lang='lat' dir='ltr'><strong>enuntiasse</strong></span> <span class='ocrx_word' id='word_1_165' title='bbox 902 2425 1260 2496; x_wconf 76' lang='lat' dir='ltr'><strong>profunditur.</strong></span> <span class='ocrx_word' id='word_1_166' title='bbox 1292 2433 1347 2479; x_wconf 87' lang='lat' dir='ltr'><strong>et</strong></span> <span class='ocrx_word' id='word_1_167' title='bbox 1368 2425 1656 2494; x_wconf 82' lang='lat' dir='ltr'><strong>egreditur,</strong></span> <span class='ocrx_word' id='word_1_168' title='bbox 1706 2426 1794 2478; x_wconf 88' lang='lat' dir='ltr'><strong>ubi</strong></span> <span class='ocrx_word' id='word_1_169' title='bbox 1839 2424 1929 2480; x_wconf 84' lang='lat' dir='ltr'><strong>ille</strong></span> <span class='ocrx_word' id='word_1_170' title='bbox 1953 2443 2132 2496; x_wconf 77' lang='lat' dir='ltr'><strong>prore-</strong></span> 
     </span>
    </p>
   </div>
   <div class='ocr_carea' id='block_1_27' title="bbox 555 2514 2130 2587">
    <p class='ocr_par' dir='ltr' id='par_1_27' title="bbox 555 2514 2130 2587">
     <span class='ocr_line' id='line_1_27' title="bbox 555 2514 2130 2587; baseline 0.003 -20"><span class='ocrx_word' id='word_1_171' title='bbox 555 2514 633 2568; x_wconf 75' lang='lat' dir='ltr'><strong>dit</strong></span> <span class='ocrx_word' id='word_1_172' title='bbox 667 2515 844 2569; x_wconf 82' lang='lat' dir='ltr'><strong>fassus</strong></span> <span class='ocrx_word' id='word_1_173' title='bbox 865 2517 985 2571; x_wconf 88' lang='lat' dir='ltr'><strong>est?</strong></span> <span class='ocrx_word' id='word_1_174' title='bbox 1016 2516 1122 2570; x_wconf 88' lang='lat' dir='ltr'><strong>Sed</strong></span> <span class='ocrx_word' id='word_1_175' title='bbox 1172 2517 1275 2570; x_wconf 90' lang='lat' dir='ltr'><strong>hoc</strong></span> <span class='ocrx_word' id='word_1_176' title='bbox 1304 2515 1652 2586; x_wconf 73' lang='lat' dir='ltr'><strong>cOgitationis</strong></span> <span class='ocrx_word' id='word_1_177' title='bbox 1680 2516 1914 2583; x_wconf 80' lang='lat' dir='ltr'><strong>facinus,</strong></span> <span class='ocrx_word' id='word_1_178' title='bbox 1951 2518 2130 2587; x_wconf 83' lang='lat' dir='ltr'><strong>aptius</strong></span> 
     </span>
    </p>
   </div>
   <div class='ocr_carea' id='block_1_28' title="bbox 556 2605 2130 2679">
    <p class='ocr_par' dir='ltr' id='par_1_28' title="bbox 556 2605 2130 2679">
     <span class='ocr_line' id='line_1_28' title="bbox 556 2605 2130 2679; baseline 0.003 -21"><span class='ocrx_word' id='word_1_179' title='bbox 556 2605 802 2660; x_wconf 71' lang='lat' dir='ltr'><strong>stultitiae</strong></span> <span class='ocrx_word' id='word_1_180' title='bbox 851 2607 1057 2671; x_wconf 77' lang='lat' dir='ltr'><strong>dixero,</strong></span> <span class='ocrx_word' id='word_1_181' title='bbox 1088 2610 1204 2676; x_wconf 87' lang='lat' dir='ltr'><strong>ipse</strong></span> <span class='ocrx_word' id='word_1_182' title='bbox 1236 2606 1422 2660; x_wconf 88' lang='lat' dir='ltr'><strong>divino</strong></span> <span class='ocrx_word' id='word_1_183' title='bbox 1474 2617 1610 2661; x_wconf 91' lang='lat' dir='ltr'><strong>nutu</strong></span> <span class='ocrx_word' id='word_1_184' title='bbox 1643 2607 1798 2677; x_wconf 89' lang='lat' dir='ltr'><strong>quasi</strong></span> <span class='ocrx_word' id='word_1_185' title='bbox 1824 2609 1987 2679; x_wconf 70' lang='lat' dir='ltr'><strong>prurvi</strong></span> <span class='ocrx_word' id='word_1_186' title='bbox 2014 2618 2130 2663; x_wconf 77' lang='lat' dir='ltr'><strong>lens</strong></span> 
     </span>
    </p>
   </div>
   <div class='ocr_carea' id='block_1_29' title="bbox 557 2700 2131 2773">
    <p class='ocr_par' dir='ltr' id='par_1_29' title="bbox 557 2700 2131 2773">
     <span class='ocr_line' id='line_1_29' title="bbox 557 2700 2131 2773; baseline 0.001 -21"><span class='ocrx_word' id='word_1_187' title='bbox 557 2700 834 2763; x_wconf 90' lang='lat' dir='ltr'><strong>amolitur,</strong></span> <span class='ocrx_word' id='word_1_188' title='bbox 876 2710 933 2755; x_wconf 89' lang='lat' dir='ltr'><strong>et</strong></span> <span class='ocrx_word' id='word_1_189' title='bbox 980 2702 1274 2756; x_wconf 86' lang='lat' dir='ltr'><strong>admodum</strong></span> <span class='ocrx_word' id='word_1_190' title='bbox 1317 2704 1621 2771; x_wconf 87' lang='lat' dir='ltr'><strong>perspicue,</strong></span> <span class='ocrx_word' id='word_1_191' title='bbox 1667 2702 1794 2755; x_wconf 84' lang='lat' dir='ltr'><strong>dum</strong></span> <span class='ocrx_word' id='word_1_192' title='bbox 1844 2701 2023 2773; x_wconf 64' lang='lat' dir='ltr'><strong>Cyprii</strong></span> <span class='ocrx_word' id='word_1_193' title='bbox 2074 2713 2131 2757; x_wconf 88' lang='lat' dir='ltr'><strong>et</strong></span> 
     </span>
    </p>
   </div>
   <div class='ocr_carea' id='block_1_30' title="bbox 556 2791 2129 2866">
    <p class='ocr_par' dir='ltr' id='par_1_30' title="bbox 556 2791 2129 2866">
     <span class='ocr_line' id='line_1_30' title="bbox 556 2791 2129 2866; baseline 0.003 -22"><span class='ocrx_word' id='word_1_194' title='bbox 556 2791 853 2848; x_wconf 78' lang='lat' dir='ltr'><strong>Muzalonis</strong></span> <span class='ocrx_word' id='word_1_195' title='bbox 886 2794 953 2848; x_wconf 90' lang='lat' dir='ltr'><strong>de</strong></span> <span class='ocrx_word' id='word_1_196' title='bbox 982 2792 1142 2848; x_wconf 85' lang='lat' dir='ltr'><strong>Patre</strong></span> <span class='ocrx_word' id='word_1_197' title='bbox 1195 2794 1495 2866; x_wconf 82' lang='lat' dir='ltr'><strong>procedere</strong></span> <span class='ocrx_word' id='word_1_198' title='bbox 1527 2804 1579 2849; x_wconf 88' lang='lat' dir='ltr'><strong>et</strong></span> <span class='ocrx_word' id='word_1_199' title='bbox 1607 2793 1810 2849; x_wconf 77' lang='lat' dir='ltr'><strong>cll&#39;undi</strong></span> <span class='ocrx_word' id='word_1_200' title='bbox 1859 2795 2002 2849; x_wconf 82' lang='lat' dir='ltr'><strong>idem</strong></span> <span class='ocrx_word' id='word_1_201' title='bbox 2050 2796 2129 2848; x_wconf 79' lang='lat' dir='ltr'><strong>in-</strong></span> 
     </span>
    </p>
   </div>
   <div class='ocr_carea' id='block_1_31' title="bbox 557 2885 2132 2954">
    <p class='ocr_par' dir='ltr' id='par_1_31' title="bbox 557 2885 2132 2954">
     <span class='ocr_line' id='line_1_31' title="bbox 557 2885 2132 2954; baseline 0.005 -17"><span class='ocrx_word' id='word_1_202' title='bbox 557 2885 744 2939; x_wconf 88' lang='lat' dir='ltr'><strong>dicare</strong></span> <span class='ocrx_word' id='word_1_203' title='bbox 776 2887 1152 2948; x_wconf 89' lang='lat' dir='ltr'><strong>clamantium.</strong></span> <span class='ocrx_word' id='word_1_204' title='bbox 1180 2886 1247 2942; x_wconf 85' lang='lat' dir='ltr'><strong>de</strong></span> <span class='ocrx_word' id='word_1_205' title='bbox 1275 2887 1414 2941; x_wconf 84' lang='lat' dir='ltr'><strong>Filio</strong></span> <span class='ocrx_word' id='word_1_206' title='bbox 1463 2904 1595 2941; x_wconf 71' lang='lat' dir='ltr'><strong>vero</strong></span> <span class='ocrx_word' id='word_1_207' title='bbox 1627 2887 1803 2954; x_wconf 88' lang='lat' dir='ltr'><strong>aliter,</strong></span> <span class='ocrx_word' id='word_1_208' title='bbox 1858 2904 1920 2942; x_wconf 90' lang='lat' dir='ltr'><strong>os</strong></span> <span class='ocrx_word' id='word_1_209' title='bbox 1971 2890 2132 2945; x_wconf 87' lang='lat' dir='ltr'><strong>obtu-</strong></span> 
     </span>
    </p>
   </div>
   <div class='ocr_carea' id='block_1_32' title="bbox 557 2970 2127 3049">
    <p class='ocr_par' dir='ltr' id='par_1_32' title="bbox 557 2970 2127 3049">
     <span class='ocr_line' id='line_1_32' title="bbox 557 2970 2127 3049; baseline 0.008 -27"><span class='ocrx_word' id='word_1_210' title='bbox 557 2970 854 3032; x_wconf 88' lang='lat' dir='ltr'><strong>rans.il|ud</strong></span> <span class='ocrx_word' id='word_1_211' title='bbox 889 2990 907 3023; x_wconf 84' lang='grc' dir='ltr'>ι</span> <span class='ocrx_word' id='word_1_212' title='bbox 946 2975 1266 3049; x_wconf 81' lang='lat' dir='ltr'><strong>eadetnqua</strong></span> <span class='ocrx_word' id='word_1_213' title='bbox 1297 2987 1347 3029; x_wconf 91' lang='lat' dir='ltr'><strong>et</strong></span> <span class='ocrx_word' id='word_1_214' title='bbox 1378 2991 1405 3029; x_wconf 90' lang='lat' dir='ltr'><strong>a</strong></span> <span class='ocrx_word' id='word_1_215' title='bbox 1449 2977 1611 3029; x_wconf 89' lang='lat' dir='ltr'><strong>Patre</strong></span> <span class='ocrx_word' id='word_1_216' title='bbox 1644 2977 1859 3032; x_wconf 86' lang='lat' dir='ltr'><strong>ratione</strong></span> <span class='ocrx_word' id='word_1_217' title='bbox 1890 2996 1908 3030; x_wconf 76' lang='grc' dir='ltr'><strong>ι</strong></span> <span class='ocrx_word' id='word_1_218' title='bbox 1936 2989 2127 3035; x_wconf 82' lang='lat' dir='ltr'><strong>contra</strong></span> 
     </span>
    </p>
   </div>
   <div class='ocr_carea' id='block_1_33' title="bbox 555 3065 2127 3143">
    <p class='ocr_par' dir='ltr' id='par_1_33' title="bbox 555 3065 2127 3143">
     <span class='ocr_line' id='line_1_33' title="bbox 555 3065 2127 3143; baseline 0.008 -28"><span class='ocrx_word' id='word_1_219' title='bbox 555 3066 805 3133; x_wconf 87' lang='lat' dir='ltr'><strong>opponit.</strong></span> <span class='ocrx_word' id='word_1_220' title='bbox 853 3065 1113 3121; x_wconf 85' lang='lat' dir='ltr'><strong>Oratione</strong></span> <span class='ocrx_word' id='word_1_221' title='bbox 1155 3066 1421 3136; x_wconf 83' lang='lat' dir='ltr'><strong>siquidem</strong></span> <span class='ocrx_word' id='word_1_222' title='bbox 1479 3068 1545 3121; x_wconf 87' lang='lat' dir='ltr'><strong>ad</strong></span> <span class='ocrx_word' id='word_1_223' title='bbox 1608 3069 1921 3126; x_wconf 73' lang='lat' dir='ltr'><strong>Nesmrium</strong></span> <span class='ocrx_word' id='word_1_224' title='bbox 1971 3074 2127 3143; x_wconf 82' lang='lat' dir='ltr'><strong>cujus</strong></span> 
     </span>
    </p>
   </div>
   <div class='ocr_carea' id='block_1_34' title="bbox 561 3156 2199 3240">
    <p class='ocr_par' dir='ltr' id='par_1_34' title="bbox 561 3156 2199 3240">
     <span class='ocr_line' id='line_1_34' title="bbox 561 3156 2199 3240; baseline 0.008 -32"><span class='ocrx_word' id='word_1_225' title='bbox 561 3156 925 3227; x_wconf 83' lang='lat' dir='ltr'><strong>principium:</strong></span> <span class='ocrx_word' id='word_1_226' title='bbox 979 3179 997 3211; x_wconf 81' lang='grc' dir='ltr'><strong>ι</strong></span> <span class='ocrx_word' id='word_1_227' title='bbox 1057 3160 1340 3215; x_wconf 84' lang='lat' dir='ltr'><strong>Salvatore</strong></span> <span class='ocrx_word' id='word_1_228' title='bbox 1396 3170 1584 3217; x_wconf 83' lang='lat' dir='ltr'><strong>nostro</strong></span> <span class='ocrx_word' id='word_1_229' title='bbox 1639 3164 1813 3232; x_wconf 84' lang='lat' dir='ltr'><strong>palam</strong></span> <span class='ocrx_word' id='word_1_230' title='bbox 1862 3167 2199 3240; x_wconf 64' lang='lat' dir='ltr'><strong>dicenti-:0</strong></span> 
     </span>
    </p>
   </div>
   <div class='ocr_carea' id='block_1_35' title="bbox 557 3249 2129 3322">
    <p class='ocr_par' dir='ltr' id='par_1_35' title="bbox 557 3249 2129 3322">
     <span class='ocr_line' id='line_1_35' title="bbox 557 3249 2129 3322; baseline 0.006 -21"><span class='ocrx_word' id='word_1_231' title='bbox 557 3250 661 3313; x_wconf 76' lang='lat' dir='ltr'><strong>Qui</strong></span> <span class='ocrx_word' id='word_1_232' title='bbox 720 3249 889 3322; x_wconf 80' lang='lat' dir='ltr'><strong>diligit</strong></span> <span class='ocrx_word' id='word_1_233' title='bbox 946 3264 1153 3321; x_wconf 76' lang='lat' dir='ltr'><strong>patrem</strong></span> <span class='ocrx_word' id='word_1_234' title='bbox 1216 3264 1262 3305; x_wconf 88' lang='lat' dir='ltr'><strong>et</strong></span> <span class='ocrx_word' id='word_1_235' title='bbox 1310 3265 1530 3307; x_wconf 81' lang='lat' dir='ltr'><strong>matrem</strong></span> <span class='ocrx_word' id='word_1_236' title='bbox 1579 3269 1737 3322; x_wconf 79' lang='lat' dir='ltr'><strong>super</strong></span> <span class='ocrx_word' id='word_1_237' title='bbox 1790 3272 1890 3319; x_wconf 84' lang='lat' dir='ltr'><strong>me,</strong></span> <span class='ocrx_word' id='word_1_238' title='bbox 1919 3272 2021 3309; x_wconf 84' lang='lat' dir='ltr'><strong>non</strong></span> <span class='ocrx_word' id='word_1_239' title='bbox 2053 3266 2129 3311; x_wconf 72' lang='lat' dir='ltr'><strong>est</strong></span> 
     </span>
    </p>
   </div>
   <div class='ocr_carea' id='block_1_36' title="bbox 559 3342 2131 3414">
    <p class='ocr_par' dir='ltr' id='par_1_36' title="bbox 559 3342 2131 3414">
     <span class='ocr_line' id='line_1_36' title="bbox 559 3342 2131 3414; baseline 0.007 -22"><span class='ocrx_word' id='word_1_240' title='bbox 559 3342 843 3411; x_wconf 76' lang='lat' dir='ltr'><strong>mediguus</strong></span> <span class='ocrx_word' id='word_1_241' title='bbox 882 3342 947 3406; x_wconf 76' lang='grc'><strong>⁸⁸,</strong></span> <span class='ocrx_word' id='word_1_242' title='bbox 1015 3361 1035 3394; x_wconf 72' lang='grc' dir='ltr'><strong>ι</strong></span> <span class='ocrx_word' id='word_1_243' title='bbox 1099 3358 1209 3396; x_wconf 91' lang='lat' dir='ltr'><strong>non</strong></span> <span class='ocrx_word' id='word_1_244' title='bbox 1257 3344 1362 3397; x_wconf 79' lang='lat' dir='ltr'><strong>alia</strong></span> <span class='ocrx_word' id='word_1_245' title='bbox 1410 3344 1573 3397; x_wconf 83' lang='lat' dir='ltr'><strong>verba</strong></span> <span class='ocrx_word' id='word_1_246' title='bbox 1634 3354 1861 3414; x_wconf 82' lang='lat' dir='ltr'><strong>usurpat</strong></span> <span class='ocrx_word' id='word_1_247' title='bbox 1903 3362 1919 3398; x_wconf 87' lang='lat'><strong>:</strong></span> <span class='ocrx_word' id='word_1_248' title='bbox 1981 3365 1999 3395; x_wconf 78' lang='grc' dir='ltr'><strong>ι</strong></span> <span class='ocrx_word' id='word_1_249' title='bbox 2042 3343 2131 3403; x_wconf 64' lang='grc' dir='ltr'><strong>1λί-</strong></span> 
     </span>
    </p>
   </div>
   <div class='ocr_carea' id='block_1_37' title="bbox 556 3432 2131 3506">
    <p class='ocr_par' dir='ltr' id='par_1_37' title="bbox 556 3432 2131 3506">
     <span class='ocr_line' id='line_1_37' title="bbox 556 3432 2131 3506; baseline 0.004 -23"><span class='ocrx_word' id='word_1_250' title='bbox 556 3443 646 3485; x_wconf 78' lang='lat' dir='ltr'><strong>cet</strong></span> <span class='ocrx_word' id='word_1_251' title='bbox 697 3435 770 3487; x_wconf 88' lang='lat' dir='ltr'><strong>sit</strong></span> <span class='ocrx_word' id='word_1_252' title='bbox 827 3432 1067 3503; x_wconf 80' lang='lat' dir='ltr'><strong>Spiritus</strong></span> <span class='ocrx_word' id='word_1_253' title='bbox 1128 3434 1182 3488; x_wconf 91' lang='lat' dir='ltr'><strong>in</strong></span> <span class='ocrx_word' id='word_1_254' title='bbox 1214 3434 1429 3505; x_wconf 88' lang='lat' dir='ltr'><strong>propria</strong></span> <span class='ocrx_word' id='word_1_255' title='bbox 1490 3436 1769 3506; x_wconf 71' lang='lat' dir='ltr'><strong>hypoétasi</strong></span> <span class='ocrx_word' id='word_1_256' title='bbox 1824 3444 1878 3490; x_wconf 89' lang='lat' dir='ltr'><strong>et</strong></span> <span class='ocrx_word' id='word_1_257' title='bbox 1931 3452 2131 3491; x_wconf 63' lang='lat' dir='ltr'><strong>secnn-</strong></span> 
     </span>
    </p>
   </div>
   <div class='ocr_carea' id='block_1_38' title="bbox 556 3527 2133 3598">
    <p class='ocr_par' dir='ltr' id='par_1_38' title="bbox 556 3527 2133 3598">
     <span class='ocr_line' id='line_1_38' title="bbox 556 3527 2133 3598; baseline 0.003 -19"><span class='ocrx_word' id='word_1_258' title='bbox 556 3527 685 3579; x_wconf 89' lang='lat' dir='ltr'><strong>dum</strong></span> <span class='ocrx_word' id='word_1_259' title='bbox 746 3527 987 3593; x_wconf 78' lang='lat' dir='ltr'><strong>seipsum</strong></span> <span class='ocrx_word' id='word_1_260' title='bbox 1042 3527 1403 3597; x_wconf 80' lang='lat' dir='ltr'><strong>intelligatur,</strong></span> <span class='ocrx_word' id='word_1_261' title='bbox 1473 3544 1578 3597; x_wconf 85' lang='lat' dir='ltr'><strong>qua</strong></span> <span class='ocrx_word' id='word_1_262' title='bbox 1628 3528 1867 3598; x_wconf 77' lang='lat' dir='ltr'><strong>Spiritus</strong></span> <span class='ocrx_word' id='word_1_263' title='bbox 1920 3542 2024 3590; x_wconf 71' lang='lat' dir='ltr'><strong>est,</strong></span> <span class='ocrx_word' id='word_1_264' title='bbox 2078 3539 2133 3585; x_wconf 83' lang='lat' dir='ltr'><strong>et</strong></span> 
     </span>
    </p>
   </div>
   <div class='ocr_carea' id='block_1_39' title="bbox 562 3616 2128 3690">
    <p class='ocr_par' dir='ltr' id='par_1_39' title="bbox 562 3616 2128 3690">
     <span class='ocr_line' id='line_1_39' title="bbox 562 3616 2128 3690; baseline 0.004 -19"><span class='ocrx_word' id='word_1_265' title='bbox 562 3634 673 3671; x_wconf 92' lang='lat' dir='ltr'><strong>non</strong></span> <span class='ocrx_word' id='word_1_266' title='bbox 701 3616 896 3681; x_wconf 70' lang='lat' dir='ltr'><strong>Fllills,</strong></span> <span class='ocrx_word' id='word_1_267' title='bbox 954 3618 1316 3675; x_wconf 88' lang='lat' dir='ltr'><strong>nihilominus</strong></span> <span class='ocrx_word' id='word_1_268' title='bbox 1349 3638 1457 3675; x_wconf 90' lang='lat' dir='ltr'><strong>non</strong></span> <span class='ocrx_word' id='word_1_269' title='bbox 1500 3635 1584 3677; x_wconf 83' lang='lat' dir='ltr'><strong>est</strong></span> <span class='ocrx_word' id='word_1_270' title='bbox 1634 3623 1845 3677; x_wconf 89' lang='lat' dir='ltr'><strong>alienus</strong></span> <span class='ocrx_word' id='word_1_271' title='bbox 1910 3625 1979 3678; x_wconf 88' lang='lat' dir='ltr'><strong>ab</strong></span> <span class='ocrx_word' id='word_1_272' title='bbox 2026 3640 2128 3690; x_wconf 90' lang='lat' dir='ltr'><strong>eo;</strong></span> 
     </span>
    </p>
   </div>
   <div class='ocr_carea' id='block_1_40' title="bbox 563 3710 2132 3776">
    <p class='ocr_par' dir='ltr' id='par_1_40' title="bbox 563 3710 2132 3776">
     <span class='ocr_line' id='line_1_40' title="bbox 563 3710 2132 3776; baseline 0.008 -16"><span class='ocrx_word' id='word_1_273' title='bbox 563 3710 801 3776; x_wconf 71' lang='lat' dir='ltr'><strong>Spiritus</strong></span> <span class='ocrx_word' id='word_1_274' title='bbox 823 3712 968 3764; x_wconf 90' lang='lat' dir='ltr'><strong>enim</strong></span> <span class='ocrx_word' id='word_1_275' title='bbox 1006 3712 1253 3767; x_wconf 81' lang='lat' dir='ltr'><strong>veritatis</strong></span> <span class='ocrx_word' id='word_1_276' title='bbox 1286 3714 1459 3769; x_wconf 87' lang='lat' dir='ltr'><strong>dictus</strong></span> <span class='ocrx_word' id='word_1_277' title='bbox 1505 3725 1609 3772; x_wconf 88' lang='lat' dir='ltr'><strong>est.</strong></span> <span class='ocrx_word' id='word_1_278' title='bbox 1643 3726 1701 3770; x_wconf 89' lang='lat' dir='ltr'><strong>et</strong></span> <span class='ocrx_word' id='word_1_279' title='bbox 1739 3726 1825 3771; x_wconf 87' lang='lat' dir='ltr'><strong>est</strong></span> <span class='ocrx_word' id='word_1_280' title='bbox 1880 3718 2132 3773; x_wconf 78' lang='lat' dir='ltr'><strong>Christus</strong></span> 
     </span>
    </p>
   </div>
   <div class='ocr_carea' id='block_1_41' title="bbox 559 3801 2133 3875">
    <p class='ocr_par' dir='ltr' id='par_1_41' title="bbox 559 3801 2133 3875">
     <span class='ocr_line' id='line_1_41' title="bbox 559 3801 2133 3875; baseline 0.007 -20"><span class='ocrx_word' id='word_1_281' title='bbox 559 3801 789 3865; x_wconf 89' lang='lat' dir='ltr'><strong>veritas,</strong></span> <span class='ocrx_word' id='word_1_282' title='bbox 816 3812 869 3856; x_wconf 80' lang='lat' dir='ltr'><strong>et</strong></span> <span class='ocrx_word' id='word_1_283' title='bbox 893 3801 1191 3858; x_wconf 78' lang='lat' dir='ltr'><strong>effunditur</strong></span> <span class='ocrx_word' id='word_1_284' title='bbox 1233 3806 1301 3860; x_wconf 88' lang='lat' dir='ltr'><strong>ab</strong></span> <span class='ocrx_word' id='word_1_285' title='bbox 1340 3807 1456 3875; x_wconf 80' lang='lat' dir='ltr'><strong>ipso</strong></span> <span class='ocrx_word' id='word_1_286' title='bbox 1487 3811 1671 3863; x_wconf 86' lang='lat' dir='ltr'><strong>eadem</strong></span> <span class='ocrx_word' id='word_1_287' title='bbox 1707 3826 1813 3875; x_wconf 89' lang='lat' dir='ltr'><strong>qua</strong></span> <span class='ocrx_word' id='word_1_288' title='bbox 1835 3821 1889 3865; x_wconf 88' lang='lat' dir='ltr'><strong>ct</strong></span> <span class='ocrx_word' id='word_1_289' title='bbox 1919 3828 1948 3864; x_wconf 91' lang='lat' dir='ltr'><strong>a</strong></span> <span class='ocrx_word' id='word_1_290' title='bbox 1975 3810 2133 3866; x_wconf 81' lang='lat' dir='ltr'><strong>Patre</strong></span> 
     </span>
    </p>
   </div>
   <div class='ocr_carea' id='block_1_42' title="bbox 564 3892 2134 3957">
    <p class='ocr_par' dir='ltr' id='par_1_42' title="bbox 564 3892 2134 3957">
     <span class='ocr_line' id='line_1_42' title="bbox 564 3892 2134 3957; baseline 0.008 -12"><span class='ocrx_word' id='word_1_291' title='bbox 564 3892 800 3946; x_wconf 85' lang='lat' dir='ltr'><strong>ratione.</strong></span> <span class='ocrx_word' id='word_1_292' title='bbox 836 3911 854 3944; x_wconf 75' lang='grc' dir='ltr'><strong>ι</strong></span> <span class='ocrx_word' id='word_1_293' title='bbox 888 3894 994 3949; x_wconf 80' lang='lat' dir='ltr'><strong>Sed</strong></span> <span class='ocrx_word' id='word_1_294' title='bbox 1020 3895 1371 3950; x_wconf 85' lang='lat' dir='ltr'><strong>etalibilocis</strong></span> <span class='ocrx_word' id='word_1_295' title='bbox 1398 3896 1450 3950; x_wconf 89' lang='lat' dir='ltr'><strong>in</strong></span> <span class='ocrx_word' id='word_1_296' title='bbox 1478 3900 1734 3955; x_wconf 88' lang='lat' dir='ltr'><strong>omnibus</strong></span> <span class='ocrx_word' id='word_1_297' title='bbox 1751 3902 1957 3955; x_wconf 78' lang='lat' dir='ltr'><strong>similes</strong></span> <span class='ocrx_word' id='word_1_298' title='bbox 1972 3919 2134 3957; x_wconf 81' lang='lat' dir='ltr'><strong>voces</strong></span> 
     </span>
    </p>
   </div>
   <div class='ocr_carea' id='block_1_43' title="bbox 566 3983 2134 4061">
    <p class='ocr_par' dir='ltr' id='par_1_43' title="bbox 566 3983 2134 4061">
     <span class='ocr_line' id='line_1_43' title="bbox 566 3983 2134 4061; baseline 0.008 -27"><span class='ocrx_word' id='word_1_299' title='bbox 566 3998 860 4051; x_wconf 85' lang='lat' dir='ltr'><strong>usurpans,</strong></span> <span class='ocrx_word' id='word_1_300' title='bbox 911 4002 929 4034; x_wconf 79' lang='grc' dir='ltr'><strong>ι</strong></span> <span class='ocrx_word' id='word_1_301' title='bbox 971 3983 1470 4061; x_wconf 66' lang='lat' dir='ltr'><strong>Quemadmodum,</strong></span> <span class='ocrx_word' id='word_1_302' title='bbox 1506 4006 1524 4038; x_wconf 76' lang='grc' dir='ltr'><strong>ι</strong></span> <span class='ocrx_word' id='word_1_303' title='bbox 1566 3990 1664 4054; x_wconf 90' lang='lat' dir='ltr'><strong>ait,</strong></span> <span class='ocrx_word' id='word_1_304' title='bbox 1705 4009 1722 4040; x_wconf 84' lang='grc' dir='ltr'><strong>ι</strong></span> <span class='ocrx_word' id='word_1_305' title='bbox 1764 3988 1832 4044; x_wconf 90' lang='lat' dir='ltr'><strong>de</strong></span> <span class='ocrx_word' id='word_1_306' title='bbox 1872 3992 1988 4060; x_wconf 73' lang='lat' dir='ltr'><strong>ipso</strong></span> <span class='ocrx_word' id='word_1_307' title='bbox 2026 3992 2134 4047; x_wconf 86' lang='lat' dir='ltr'><strong>Deo</strong></span> 
     </span>
    </p>
   </div>
   <div class='ocr_carea' id='block_1_44' title="bbox 564 4073 2133 4150">
    <p class='ocr_par' dir='ltr' id='par_1_44' title="bbox 564 4073 2133 4150">
     <span class='ocr_line' id='line_1_44' title="bbox 564 4073 2133 4150; baseline 0.01 -23"><span class='ocrx_word' id='word_1_308' title='bbox 564 4073 806 4129; x_wconf 84' lang='lat' dir='ltr'><strong>etPatre</strong></span> <span class='ocrx_word' id='word_1_309' title='bbox 845 4075 1190 4148; x_wconf 84' lang='lat' dir='ltr'><strong>intelligitur.</strong></span> <span class='ocrx_word' id='word_1_310' title='bbox 1225 4077 1395 4134; x_wconf 67' lang='lat' dir='ltr'><strong>illinc</strong></span> <span class='ocrx_word' id='word_1_311' title='bbox 1457 4078 1811 4150; x_wconf 87' lang='lat' dir='ltr'><strong>disjiciuntur</strong></span> <span class='ocrx_word' id='word_1_312' title='bbox 1872 4084 2133 4143; x_wconf 85' lang='lat' dir='ltr'><strong>adversus</strong></span> 
     </span>
    </p>
   </div>
   <div class='ocr_carea' id='block_1_45' title="bbox 564 4167 2137 4244">
    <p class='ocr_par' dir='ltr' id='par_1_45' title="bbox 564 4167 2137 4244">
     <span class='ocr_line' id='line_1_45' title="bbox 564 4167 2137 4244; baseline 0.009 -25"><span class='ocrx_word' id='word_1_313' title='bbox 564 4167 849 4222; x_wconf 79' lang='lat' dir='ltr'><strong>veritatem</strong></span> <span class='ocrx_word' id='word_1_314' title='bbox 920 4185 1187 4224; x_wconf 83' lang='lat' dir='ltr'><strong>novorum</strong></span> <span class='ocrx_word' id='word_1_315' title='bbox 1240 4181 1677 4227; x_wconf 89' lang='lat' dir='ltr'><strong>commentorum</strong></span> <span class='ocrx_word' id='word_1_316' title='bbox 1738 4174 2027 4244; x_wconf 64' lang='lat' dir='ltr'><strong>machinae,</strong></span> <span class='ocrx_word' id='word_1_317' title='bbox 2080 4188 2137 4233; x_wconf 84' lang='lat' dir='ltr'><strong>et</strong></span> 
     </span>
    </p>
   </div>
   <div class='ocr_carea' id='block_1_46' title="bbox 564 4259 2132 4340">
    <p class='ocr_par' dir='ltr' id='par_1_46' title="bbox 564 4259 2132 4340">
     <span class='ocr_line' id='line_1_46' title="bbox 564 4259 2132 4340; baseline 0.009 -29"><span class='ocrx_word' id='word_1_318' title='bbox 564 4259 747 4313; x_wconf 86' lang='lat' dir='ltr'><strong>divina</strong></span> <span class='ocrx_word' id='word_1_319' title='bbox 781 4275 915 4314; x_wconf 83' lang='lat' dir='ltr'><strong>voce</strong></span> <span class='ocrx_word' id='word_1_320' title='bbox 961 4262 1340 4327; x_wconf 82' lang='lat' dir='ltr'><strong>continuatur,</strong></span> <span class='ocrx_word' id='word_1_321' title='bbox 1376 4264 1727 4331; x_wconf 69' lang='lat' dir='ltr'><strong>elfusionem,</strong></span> <span class='ocrx_word' id='word_1_322' title='bbox 1790 4277 1845 4322; x_wconf 85' lang='lat' dir='ltr'><strong>et</strong></span> <span class='ocrx_word' id='word_1_323' title='bbox 1881 4284 2132 4340; x_wconf 86' lang='lat' dir='ltr'><strong>progres-</strong></span> 
     </span>
    </p>
   </div>
   <div class='ocr_carea' id='block_1_47' title="bbox 566 4355 2137 4428">
    <p class='ocr_par' dir='ltr' id='par_1_47' title="bbox 566 4355 2137 4428">
     <span class='ocr_line' id='line_1_47' title="bbox 566 4355 2137 4428; baseline 0.008 -23"><span class='ocrx_word' id='word_1_324' title='bbox 566 4368 716 4416; x_wconf 87' lang='lat' dir='ltr'><strong>sum,</strong></span> <span class='ocrx_word' id='word_1_325' title='bbox 754 4361 809 4405; x_wconf 89' lang='lat' dir='ltr'><strong>et</strong></span> <span class='ocrx_word' id='word_1_326' title='bbox 858 4355 1269 4418; x_wconf 80' lang='lat' dir='ltr'><strong>pwcessionem</strong></span> <span class='ocrx_word' id='word_1_327' title='bbox 1314 4372 1483 4410; x_wconf 90' lang='lat' dir='ltr'><strong>unum</strong></span> <span class='ocrx_word' id='word_1_328' title='bbox 1540 4356 1789 4428; x_wconf 84' lang='lat' dir='ltr'><strong>idemque</strong></span> <span class='ocrx_word' id='word_1_329' title='bbox 1845 4375 1985 4415; x_wconf 88' lang='lat' dir='ltr'><strong>esse.</strong></span> <span class='ocrx_word' id='word_1_330' title='bbox 2045 4360 2137 4417; x_wconf 90' lang='lat' dir='ltr'><strong>Sic</strong></span> 
     </span>
    </p>
   </div>
   <div class='ocr_carea' id='block_1_48' title="bbox 566 4438 2132 4519">
    <p class='ocr_par' dir='ltr' id='par_1_48' title="bbox 566 4438 2132 4519">
     <span class='ocr_line' id='line_1_48' title="bbox 566 4438 2132 4519; baseline 0.011 -28"><span class='ocrx_word' id='word_1_331' title='bbox 566 4441 725 4510; x_wconf 83' lang='lat' dir='ltr'><strong>plane</strong></span> <span class='ocrx_word' id='word_1_332' title='bbox 770 4442 1112 4497; x_wconf 85' lang='lat' dir='ltr'><strong>conﬁdenter</strong></span> <span class='ocrx_word' id='word_1_333' title='bbox 1144 4461 1301 4499; x_wconf 85' lang='lat' dir='ltr'><strong>mens</strong></span> <span class='ocrx_word' id='word_1_334' title='bbox 1333 4445 1623 4517; x_wconf 83' lang='lat' dir='ltr'><strong>theologiae</strong></span> <span class='ocrx_word' id='word_1_335' title='bbox 1678 4448 1913 4519; x_wconf 88' lang='lat' dir='ltr'><strong>evigilis,</strong></span> <span class='ocrx_word' id='word_1_336' title='bbox 1961 4438 2132 4507; x_wconf 73' lang='lat' dir='ltr'><strong>et‘ex</strong></span> 
     </span>
    </p>
   </div>
   <div class='ocr_carea' id='block_1_49' title="bbox 2234 590 3732 663">
    <p class='ocr_par' dir='ltr' id='par_1_49' title="bbox 2234 590 3732 663">
     <span class='ocr_line' id='line_1_49' title="bbox 2234 590 3732 663; baseline 0.006 -22"><span class='ocrx_word' id='word_1_337' title='bbox 2234 590 2360 651; x_wconf 76' lang='grc' dir='ltr'>τοὺς</span> <span class='ocrx_word' id='word_1_338' title='bbox 2390 590 2677 659; x_wconf 85' lang='grc' dir='ltr'>μεγάλους,</span> <span class='ocrx_word' id='word_1_339' title='bbox 2710 592 2796 642; x_wconf 82' lang='grc' dir='ltr'>τὸν</span> <span class='ocrx_word' id='word_1_340' title='bbox 2824 590 3147 663; x_wconf 77' lang='grc' dir='ltr'>φερώνυμον</span> <span class='ocrx_word' id='word_1_341' title='bbox 3188 591 3293 661; x_wconf 81' lang='grc' dir='ltr'><strong>τῆς</strong></span> <span class='ocrx_word' id='word_1_342' title='bbox 3335 591 3621 662; x_wconf 74' lang='grc' dir='ltr'><strong>ἀθανασίας,</strong></span> <span class='ocrx_word' id='word_1_343' title='bbox 3662 609 3732 657; x_wconf 69' lang='grc' dir='ltr'><strong>καὶ</strong></span> 
     </span>
    </p>
   </div>
   <div class='ocr_carea' id='block_1_50' title="bbox 2232 681 3733 767">
    <p class='ocr_par' dir='ltr' id='par_1_50' title="bbox 2232 681 3733 767">
     <span class='ocr_line' id='line_1_50' title="bbox 2232 681 3733 767; baseline 0.006 -34"><span class='ocrx_word' id='word_1_344' title='bbox 2232 681 2324 734; x_wconf 64' lang='grc' dir='ltr'>τὸν</span> <span class='ocrx_word' id='word_1_345' title='bbox 2350 681 2729 753; x_wconf 85' lang='grc' dir='ltr'>χαριτὼνυμον</span> <span class='ocrx_word' id='word_1_346' title='bbox 2768 684 3111 759; x_wconf 80' lang='grc' dir='ltr'>Χρυσολόγον</span> <span class='ocrx_word' id='word_1_347' title='bbox 3153 685 3537 755; x_wconf 81' lang='grc' dir='ltr'>μεγαληγόρως</span> <span class='ocrx_word' id='word_1_348' title='bbox 3574 693 3733 767; x_wconf 80' lang='grc' dir='ltr'>ἀνακη.</span> 
     </span>
    </p>
   </div>
   <div class='ocr_carea' id='block_1_51' title="bbox 2238 775 3735 851">
    <p class='ocr_par' dir='ltr' id='par_1_51' title="bbox 2238 775 3735 851">
     <span class='ocr_line' id='line_1_51' title="bbox 2238 775 3735 851; baseline 0.011 -26"><span class='ocrx_word' id='word_1_349' title='bbox 2238 775 2561 842; x_wconf 77' lang='grc' dir='ltr'>ρύττοντας·</span> <span class='ocrx_word' id='word_1_350' title='bbox 2598 775 2724 844; x_wconf 77' lang='grc' dir='ltr'>περὶ</span> <span class='ocrx_word' id='word_1_351' title='bbox 2750 775 2803 828; x_wconf 82' lang='grc' dir='ltr'><strong>δὲ</strong></span> <span class='ocrx_word' id='word_1_352' title='bbox 2830 778 2924 828; x_wconf 78' lang='grc' dir='ltr'><strong>τοῦ</strong></span> <span class='ocrx_word' id='word_1_353' title='bbox 2961 776 3335 846; x_wconf 78' lang='grc' dir='ltr'>προχεῖσθαι.</span> <span class='ocrx_word' id='word_1_354' title='bbox 3411 781 3500 832; x_wconf 78' lang='grc' dir='ltr'><strong>καὶ</strong></span> <span class='ocrx_word' id='word_1_355' title='bbox 3551 791 3735 851; x_wconf 73' lang='grc' dir='ltr'>πρόεισι</span> 
     </span>
    </p>
   </div>
   <div class='ocr_carea' id='block_1_52' title="bbox 2230 862 3734 939">
    <p class='ocr_par' dir='ltr' id='par_1_52' title="bbox 2230 862 3734 939">
     <span class='ocr_line' id='line_1_52' title="bbox 2230 862 3734 939; baseline 0.012 -26"><span class='ocrx_word' id='word_1_356' title='bbox 2230 863 2308 930; x_wconf 77' lang='grc' dir='ltr'>τῷ</span> <span class='ocrx_word' id='word_1_357' title='bbox 2328 863 2468 934; x_wconf 77' lang='grc' dir='ltr'>ἕκτῳ</span> <span class='ocrx_word' id='word_1_358' title='bbox 2487 862 2600 918; x_wconf 81' lang='grc' dir='ltr'><strong>τῶν</strong></span> <span class='ocrx_word' id='word_1_359' title='bbox 2634 865 2767 931; x_wconf 72' lang='grc' dir='ltr'>πρὸς</span> <span class='ocrx_word' id='word_1_360' title='bbox 2807 865 3068 936; x_wconf 77' lang='grc' dir='ltr'><strong>Ἑρμείαν</strong></span> <span class='ocrx_word' id='word_1_361' title='bbox 3092 867 3350 937; x_wconf 80' lang='grc' dir='ltr'>θεόσοφος</span> <span class='ocrx_word' id='word_1_362' title='bbox 3374 869 3613 939; x_wconf 78' lang='grc' dir='ltr'>Κῦριλλος</span> <span class='ocrx_word' id='word_1_363' title='bbox 3627 877 3734 933; x_wconf 76' lang='grc' dir='ltr'>οὕτω</span> 
     </span>
    </p>
   </div>
   <div class='ocr_carea' id='block_1_53' title="bbox 2233 950 3733 1036">
    <p class='ocr_par' dir='ltr' id='par_1_53' title="bbox 2233 950 3733 1036">
     <span class='ocr_line' id='line_1_53' title="bbox 2233 950 3733 1036; baseline 0.011 -31"><span class='ocrx_word' id='word_1_364' title='bbox 2233 954 2501 1022; x_wconf 80' lang='grc' dir='ltr'>οεολογεῖ·</span> <span class='ocrx_word' id='word_1_365' title='bbox 2545 975 2562 1007; x_wconf 79' lang='grc' dir='ltr'><strong>ι</strong></span> <span class='ocrx_word' id='word_1_366' title='bbox 2598 950 2664 1007; x_wconf 64' lang='grc' dir='ltr'><strong>Ἀ</strong></span> <span class='ocrx_word' id='word_1_367' title='bbox 2677 958 2743 1025; x_wconf 81' lang='grc' dir='ltr'>ρὰ</span> <span class='ocrx_word' id='word_1_368' title='bbox 2768 975 2847 1010; x_wconf 86' lang='grc' dir='ltr'><strong>σοι</strong></span> <span class='ocrx_word' id='word_1_369' title='bbox 2870 959 3039 1027; x_wconf 80' lang='grc' dir='ltr'>σαφὲς</span> <span class='ocrx_word' id='word_1_370' title='bbox 3072 962 3131 1013; x_wconf 71' lang='grc' dir='ltr'>τδ</span> <span class='ocrx_word' id='word_1_371' title='bbox 3153 963 3445 1031; x_wconf 84' lang='grc' dir='ltr'>παροισθὲν</span> <span class='ocrx_word' id='word_1_372' title='bbox 3468 965 3733 1036; x_wconf 76' lang='grc' dir='ltr'>ἐστιλόγιον,</span> 
     </span>
    </p>
   </div>
   <div class='ocr_carea' id='block_1_54' title="bbox 2234 1045 3734 1129">
    <p class='ocr_par' dir='ltr' id='par_1_54' title="bbox 2234 1045 3734 1129">
     <span class='ocr_line' id='line_1_54' title="bbox 2234 1045 3734 1129; baseline 0.009 -32"><span class='ocrx_word' id='word_1_373' title='bbox 2234 1047 2323 1097; x_wconf 69' lang='grc' dir='ltr'>καὶ</span> <span class='ocrx_word' id='word_1_374' title='bbox 2349 1045 2748 1117; x_wconf 77' lang='grc' dir='ltr'>προσδέδορκας</span> <span class='ocrx_word' id='word_1_375' title='bbox 2780 1049 2860 1102; x_wconf 79' lang='grc' dir='ltr'><strong>ὅτι</strong></span> <span class='ocrx_word' id='word_1_376' title='bbox 2894 1051 3117 1121; x_wconf 78' lang='grc' dir='ltr'>Πνεῦμα</span> <span class='ocrx_word' id='word_1_377' title='bbox 3145 1053 3241 1122; x_wconf 83' lang='grc' dir='ltr'>μὲν</span> <span class='ocrx_word' id='word_1_378' title='bbox 3274 1053 3523 1122; x_wconf 80' lang='grc' dir='ltr'><strong>ἀληθείας</strong></span> <span class='ocrx_word' id='word_1_379' title='bbox 3541 1058 3734 1129; x_wconf 80' lang='grc' dir='ltr'>ὠνόμασε</span> 
     </span>
    </p>
   </div>
   <div class='ocr_carea' id='block_1_55' title="bbox 2230 1136 3733 1214">
    <p class='ocr_par' dir='ltr' id='par_1_55' title="bbox 2230 1136 3733 1214">
     <span class='ocr_line' id='line_1_55' title="bbox 2230 1136 3733 1214; baseline 0.011 -28"><span class='ocrx_word' id='word_1_380' title='bbox 2230 1136 2321 1187; x_wconf 78' lang='grc' dir='ltr'><strong>τὸν</strong></span> <span class='ocrx_word' id='word_1_381' title='bbox 2354 1139 2707 1206; x_wconf 75' lang='grc' dir='ltr'>Παράκλητον</span> <span class='ocrx_word' id='word_1_382' title='bbox 2737 1158 2752 1204; x_wconf 88' lang='grc'><strong>;</strong></span> <span class='ocrx_word' id='word_1_383' title='bbox 2780 1140 2925 1210; x_wconf 79' lang='grc' dir='ltr'><strong>Ἔφη</strong></span> <span class='ocrx_word' id='word_1_384' title='bbox 2961 1158 3024 1208; x_wconf 90' lang='grc' dir='ltr'><strong>γε</strong></span> <span class='ocrx_word' id='word_1_385' title='bbox 3058 1144 3186 1211; x_wconf 77' lang='grc' dir='ltr'>μὴν,</span> <span class='ocrx_word' id='word_1_386' title='bbox 3221 1143 3295 1208; x_wconf 82' lang='grc' dir='ltr'>ὡς</span> <span class='ocrx_word' id='word_1_387' title='bbox 3328 1145 3559 1214; x_wconf 73' lang='grc' dir='ltr'><strong>πρόεισιν</strong></span> <span class='ocrx_word' id='word_1_388' title='bbox 3582 1150 3635 1200; x_wconf 82' lang='grc' dir='ltr'>ἐκ</span> <span class='ocrx_word' id='word_1_389' title='bbox 3654 1151 3733 1205; x_wconf 76' lang='grc' dir='ltr'>Πα-</span> 
     </span>
    </p>
   </div>
   <div class='ocr_carea' id='block_1_56' title="bbox 2230 1227 3732 1307">
    <p class='ocr_par' dir='ltr' id='par_1_56' title="bbox 2230 1227 3732 1307">
     <span class='ocr_line' id='line_1_56' title="bbox 2230 1227 3732 1307; baseline 0.011 -28"><span class='ocrx_word' id='word_1_390' title='bbox 2230 1227 2377 1294; x_wconf 75' lang='grc' dir='ltr'>τρὸς,</span> <span class='ocrx_word' id='word_1_391' title='bbox 2431 1229 2539 1281; x_wconf 68' lang='lat' dir='ltr'><strong>tam</strong></span> <span class='ocrx_word' id='word_1_392' title='bbox 2573 1230 2751 1282; x_wconf 83' lang='grc' dir='ltr'>πάντα</span> <span class='ocrx_word' id='word_1_393' title='bbox 2794 1231 3010 1294; x_wconf 77' lang='grc' dir='ltr'>δεικνὺς</span> <span class='ocrx_word' id='word_1_394' title='bbox 3053 1233 3247 1286; x_wconf 83' lang='grc' dir='ltr'>ἑαυτοῦ</span> <span class='ocrx_word' id='word_1_395' title='bbox 3273 1235 3340 1288; x_wconf 80' lang='grc' dir='ltr'>τὰ</span> <span class='ocrx_word' id='word_1_396' title='bbox 3370 1234 3461 1288; x_wconf 82' lang='grc' dir='ltr'><strong>τοῦ</strong></span> <span class='ocrx_word' id='word_1_397' title='bbox 3497 1239 3687 1307; x_wconf 79' lang='grc' dir='ltr'>Πατρός.</span> <span class='ocrx_word' id='word_1_398' title='bbox 3718 1264 3732 1296; x_wconf 85' lang='grc' dir='ltr'><strong>ι</strong></span> 
     </span>
    </p>
   </div>
   <div class='ocr_carea' id='block_1_57' title="bbox 2241 1318 3737 1400">
    <p class='ocr_par' dir='ltr' id='par_1_57' title="bbox 2241 1318 3737 1400">
     <span class='ocr_line' id='line_1_57' title="bbox 2241 1318 3737 1400; baseline 0.012 -29"><span class='ocrx_word' id='word_1_399' title='bbox 2241 1318 2299 1373; x_wconf 86' lang='grc' dir='ltr'>Ὀ</span> <span class='ocrx_word' id='word_1_400' title='bbox 2322 1322 2481 1383; x_wconf 69' lang='grc' dir='ltr'>αὐτὸς</span> <span class='ocrx_word' id='word_1_401' title='bbox 2497 1323 2554 1373; x_wconf 85' lang='grc' dir='ltr'>ὲν</span> <span class='ocrx_word' id='word_1_402' title='bbox 2579 1322 2656 1393; x_wconf 80' lang='grc' dir='ltr'><strong>τῷ</strong></span> <span class='ocrx_word' id='word_1_403' title='bbox 2686 1323 2834 1393; x_wconf 78' lang='grc' dir='ltr'>αὑτῷ</span> <span class='ocrx_word' id='word_1_404' title='bbox 2865 1326 3003 1395; x_wconf 64' lang='grc' dir='ltr'>πρὸς</span> <span class='ocrx_word' id='word_1_405' title='bbox 3052 1326 3143 1380; x_wconf 77' lang='grc' dir='ltr'><strong>τὸν</strong></span> <span class='ocrx_word' id='word_1_406' title='bbox 3165 1327 3326 1381; x_wconf 83' lang='grc' dir='ltr'>αὐτόν</span> <span class='ocrx_word' id='word_1_407' title='bbox 3349 1343 3363 1358; x_wconf 78' lang='grc' dir='ltr'><strong>ο</strong></span> <span class='ocrx_word' id='word_1_408' title='bbox 3416 1347 3439 1379; x_wconf 77' lang='grc' dir='ltr'><strong>ι</strong></span> <span class='ocrx_word' id='word_1_409' title='bbox 3468 1331 3635 1400; x_wconf 81' lang='grc' dir='ltr'>Συνίης</span> <span class='ocrx_word' id='word_1_410' title='bbox 3669 1334 3737 1389; x_wconf 80' lang='grc' dir='ltr'><strong>οῦν</strong></span> 
     </span>
    </p>
   </div>
   <div class='ocr_carea' id='block_1_58' title="bbox 2228 1413 3739 1489">
    <p class='ocr_par' dir='ltr' id='par_1_58' title="bbox 2228 1413 3739 1489">
     <span class='ocr_line' id='line_1_58' title="bbox 2228 1413 3739 1489; baseline 0.009 -24"><span class='ocrx_word' id='word_1_411' title='bbox 2228 1413 2376 1475; x_wconf 82' lang='grc' dir='ltr'>ὅπως</span> <span class='ocrx_word' id='word_1_412' title='bbox 2400 1414 2472 1477; x_wconf 84' lang='grc' dir='ltr'><strong>ὡς</strong></span> <span class='ocrx_word' id='word_1_413' title='bbox 2513 1414 2640 1467; x_wconf 75' lang='grc' dir='ltr'>ἴδιον</span> <span class='ocrx_word' id='word_1_414' title='bbox 2668 1417 3045 1487; x_wconf 72' lang='grc' dir='ltr'><strong>καταπέμψειν</strong></span> <span class='ocrx_word' id='word_1_415' title='bbox 3067 1421 3199 1489; x_wconf 82' lang='grc' dir='ltr'>ἡμῖν</span> <span class='ocrx_word' id='word_1_416' title='bbox 3228 1420 3599 1489; x_wconf 77' lang='grc' dir='ltr'>ἐπαγγέλλεται</span> <span class='ocrx_word' id='word_1_417' title='bbox 3625 1426 3675 1477; x_wconf 66' lang='grc' dir='ltr'><strong>τό</strong></span> <span class='ocrx_word' id='word_1_418' title='bbox 3693 1431 3739 1479; x_wconf 78' lang='grc' dir='ltr'><strong>ἐκ</strong></span> 
     </span>
    </p>
   </div>
   <div class='ocr_carea' id='block_1_59' title="bbox 2227 1505 3737 1581">
    <p class='ocr_par' dir='ltr' id='par_1_59' title="bbox 2227 1505 3737 1581">
     <span class='ocr_line' id='line_1_59' title="bbox 2227 1505 3737 1581; baseline 0.007 -24"><span class='ocrx_word' id='word_1_419' title='bbox 2227 1505 2318 1558; x_wconf 83' lang='grc' dir='ltr'><strong>τοῦ</strong></span> <span class='ocrx_word' id='word_1_420' title='bbox 2356 1505 2587 1576; x_wconf 78' lang='grc' dir='ltr'><strong>Πατρός.</strong></span> <span class='ocrx_word' id='word_1_421' title='bbox 2634 1508 2742 1561; x_wconf 79' lang='grc' dir='ltr'><strong>Καὶ</strong></span> <span class='ocrx_word' id='word_1_422' title='bbox 2790 1508 3011 1579; x_wconf 79' lang='grc' dir='ltr'>Πνεῦμα</span> <span class='ocrx_word' id='word_1_423' title='bbox 3049 1512 3145 1577; x_wconf 82' lang='grc' dir='ltr'>μὲν</span> <span class='ocrx_word' id='word_1_424' title='bbox 3190 1511 3447 1581; x_wconf 69' lang='grc' dir='ltr'>ἀληθείας</span> <span class='ocrx_word' id='word_1_425' title='bbox 3493 1514 3737 1568; x_wconf 66' lang='grc' dir='ltr'>ἀποκαλεῖ·</span> 
     </span>
    </p>
   </div>
   <div class='ocr_carea' id='block_1_60' title="bbox 2229 1597 3739 1678">
    <p class='ocr_par' dir='ltr' id='par_1_60' title="bbox 2229 1597 3739 1678">
     <span class='ocr_line' id='line_1_60' title="bbox 2229 1597 3739 1678; baseline 0.009 -31"><span class='ocrx_word' id='word_1_426' title='bbox 2229 1597 2547 1666; x_wconf 82' lang='grc' dir='ltr'>προχεῐσθαί</span> <span class='ocrx_word' id='word_1_427' title='bbox 2580 1616 2641 1667; x_wconf 90' lang='grc' dir='ltr'><strong>γε</strong></span> <span class='ocrx_word' id='word_1_428' title='bbox 2677 1602 2782 1669; x_wconf 76' lang='grc' dir='ltr'>μὴν</span> <span class='ocrx_word' id='word_1_429' title='bbox 2813 1598 3049 1664; x_wconf 75' lang='grc' dir='ltr'>ὲξαὺτοῦ</span> <span class='ocrx_word' id='word_1_430' title='bbox 3078 1601 3368 1671; x_wconf 75' lang='grc' dir='ltr'><strong>διωρίσατο</strong></span> <span class='ocrx_word' id='word_1_431' title='bbox 3414 1603 3505 1655; x_wconf 83' lang='grc' dir='ltr'><strong>τοῦ</strong></span> <span class='ocrx_word' id='word_1_432' title='bbox 3559 1606 3739 1678; x_wconf 67' lang='grc' dir='ltr'>Πατρός.</span> 
     </span>
    </p>
   </div>
   <div class='ocr_carea' id='block_1_61' title="bbox 2230 1688 3738 1766">
    <p class='ocr_par' dir='ltr' id='par_1_61' title="bbox 2230 1688 3738 1766">
     <span class='ocr_line' id='line_1_61' title="bbox 2230 1688 3738 1766; baseline 0.008 -25"><span class='ocrx_word' id='word_1_433' title='bbox 2230 1688 2344 1742; x_wconf 70' lang='grc' dir='ltr'><strong>Καὶ</strong></span> <span class='ocrx_word' id='word_1_434' title='bbox 2383 1690 2489 1758; x_wconf 83' lang='grc' dir='ltr'>μὴν</span> <span class='ocrx_word' id='word_1_435' title='bbox 2519 1690 2601 1743; x_wconf 75' lang='grc' dir='ltr'><strong>ὅτι</strong></span> <span class='ocrx_word' id='word_1_436' title='bbox 2631 1694 2971 1763; x_wconf 82' lang='grc' dir='ltr'><strong>μαρτυρήσει</strong></span> <span class='ocrx_word' id='word_1_437' title='bbox 3018 1694 3149 1764; x_wconf 77' lang='grc' dir='ltr'>περὶ</span> <span class='ocrx_word' id='word_1_438' title='bbox 3176 1693 3343 1748; x_wconf 82' lang='grc' dir='ltr'>αὐτοῦ</span> <span class='ocrx_word' id='word_1_439' title='bbox 3373 1695 3697 1766; x_wconf 71' lang='grc' dir='ltr'>προεμήνυσε.</span> <span class='ocrx_word' id='word_1_440' title='bbox 3725 1723 3738 1753; x_wconf 85' lang='grc' dir='ltr'>ι</span> 
     </span>
    </p>
   </div>
   <div class='ocr_carea' id='block_1_62' title="bbox 2235 1780 3744 1861">
    <p class='ocr_par' dir='ltr' id='par_1_62' title="bbox 2235 1780 3744 1861">
     <span class='ocr_line' id='line_1_62' title="bbox 2235 1780 3744 1861; baseline 0.008 -30"><span class='ocrx_word' id='word_1_441' title='bbox 2235 1781 2355 1843; x_wconf 85' lang='grc' dir='ltr'>Πῶς</span> <span class='ocrx_word' id='word_1_442' title='bbox 2384 1782 2411 1833; x_wconf 84' lang='grc' dir='ltr'><strong>ὁ</strong></span> <span class='ocrx_word' id='word_1_443' title='bbox 2439 1780 2500 1833; x_wconf 77' lang='grc' dir='ltr'>τὸ</span> <span class='ocrx_word' id='word_1_444' title='bbox 2546 1783 2865 1851; x_wconf 70' lang='grc' dir='ltr'>ἐμφανίζειν</span> <span class='ocrx_word' id='word_1_445' title='bbox 2901 1786 3156 1855; x_wconf 82' lang='grc' dir='ltr'>ἐλόμενος</span> <span class='ocrx_word' id='word_1_446' title='bbox 3208 1786 3382 1840; x_wconf 87' lang='grc' dir='ltr'>ταῦτα</span> <span class='ocrx_word' id='word_1_447' title='bbox 3423 1790 3744 1861; x_wconf 79' lang='grc' dir='ltr'>παρέδραμεν;</span> 
     </span>
    </p>
   </div>
   <div class='ocr_carea' id='block_1_63' title="bbox 2238 1869 3744 1949">
    <p class='ocr_par' dir='ltr' id='par_1_63' title="bbox 2238 1869 3744 1949">
     <span class='ocr_line' id='line_1_63' title="bbox 2238 1869 3744 1949; baseline 0.009 -27"><span class='ocrx_word' id='word_1_448' title='bbox 2238 1870 2307 1923; x_wconf 83' lang='grc' dir='ltr'><strong>Ἦ</strong></span> <span class='ocrx_word' id='word_1_449' title='bbox 2332 1870 2444 1933; x_wconf 87' lang='grc' dir='ltr'><strong>πῶς</strong></span> <span class='ocrx_word' id='word_1_450' title='bbox 2468 1869 2748 1941; x_wconf 79' lang='grc' dir='ltr'><strong>ὀλιγώρως</strong></span> <span class='ocrx_word' id='word_1_451' title='bbox 2765 1873 2903 1944; x_wconf 76' lang='grc' dir='ltr'>ἔχων</span> <span class='ocrx_word' id='word_1_452' title='bbox 2926 1875 3154 1947; x_wconf 77' lang='grc' dir='ltr'>ἐρεύνης</span> <span class='ocrx_word' id='word_1_453' title='bbox 3178 1877 3279 1947; x_wconf 84' lang='grc' dir='ltr'>τῆς</span> <span class='ocrx_word' id='word_1_454' title='bbox 3300 1876 3405 1928; x_wconf 83' lang='grc' dir='ltr'><strong>τῶν</strong></span> <span class='ocrx_word' id='word_1_455' title='bbox 3442 1878 3659 1949; x_wconf 75' lang='grc' dir='ltr'>Γραφῶν,</span> <span class='ocrx_word' id='word_1_456' title='bbox 3674 1884 3744 1935; x_wconf 76' lang='lat' dir='ltr'><strong>nl</strong></span> 
     </span>
    </p>
   </div>
   <div class='ocr_carea' id='block_1_64' title="bbox 2237 1957 3746 2039">
    <p class='ocr_par' dir='ltr' id='par_1_64' title="bbox 2237 1957 3746 2039">
     <span class='ocr_line' id='line_1_64' title="bbox 2237 1957 3746 2039; baseline 0.006 -28"><span class='ocrx_word' id='word_1_457' title='bbox 2237 1957 2435 2030; x_wconf 80' lang='grc' dir='ltr'>μᾶλλον</span> <span class='ocrx_word' id='word_1_458' title='bbox 2470 1960 2717 2015; x_wconf 75' lang='grc' dir='ltr'>ἐντεῦθεν</span> <span class='ocrx_word' id='word_1_459' title='bbox 2740 1964 2840 2033; x_wconf 84' lang='grc' dir='ltr'>τῆς</span> <span class='ocrx_word' id='word_1_460' title='bbox 2859 1967 3196 2035; x_wconf 81' lang='grc' dir='ltr'>Δεσποτικῆς</span> <span class='ocrx_word' id='word_1_461' title='bbox 3213 1968 3454 2035; x_wconf 70' lang='grc' dir='ltr'>ἐντολῆς,</span> <span class='ocrx_word' id='word_1_462' title='bbox 3483 1971 3546 2020; x_wconf 66' lang='grc' dir='ltr'>τὰ</span> <span class='ocrx_word' id='word_1_463' title='bbox 3560 1977 3746 2039; x_wconf 79' lang='grc' dir='ltr'>τυχαίως</span> 
     </span>
    </p>
   </div>
   <div class='ocr_carea' id='block_1_65' title="bbox 2232 2050 3744 2127">
    <p class='ocr_par' dir='ltr' id='par_1_65' title="bbox 2232 2050 3744 2127">
     <span class='ocr_line' id='line_1_65' title="bbox 2232 2050 3744 2127; baseline 0.007 -24"><span class='ocrx_word' id='word_1_464' title='bbox 2232 2050 2445 2104; x_wconf 74' lang='grc' dir='ltr'>οἴκοθεν</span> <span class='ocrx_word' id='word_1_465' title='bbox 2470 2055 2536 2122; x_wconf 82' lang='grc' dir='ltr'>τῇ</span> <span class='ocrx_word' id='word_1_466' title='bbox 2571 2053 2786 2126; x_wconf 79' lang='grc' dir='ltr'><strong>γλώττῃ</strong></span> <span class='ocrx_word' id='word_1_467' title='bbox 2817 2058 3206 2127; x_wconf 82' lang='grc' dir='ltr'>προφερόμενα</span> <span class='ocrx_word' id='word_1_468' title='bbox 3234 2058 3561 2127; x_wconf 77' lang='grc' dir='ltr'>φθέγγεταις</span> <span class='ocrx_word' id='word_1_469' title='bbox 3595 2061 3744 2123; x_wconf 74' lang='grc' dir='ltr'>Πῶςῖὲ</span> 
     </span>
    </p>
   </div>
   <div class='ocr_carea' id='block_1_66' title="bbox 2234 2141 3746 2222">
    <p class='ocr_par' dir='ltr' id='par_1_66' title="bbox 2234 2141 3746 2222">
     <span class='ocr_line' id='line_1_66' title="bbox 2234 2141 3746 2222; baseline 0.007 -28"><span class='ocrx_word' id='word_1_470' title='bbox 2234 2141 2420 2195; x_wconf 81' lang='grc' dir='ltr'>τούτου</span> <span class='ocrx_word' id='word_1_471' title='bbox 2453 2143 2681 2196; x_wconf 75' lang='grc' dir='ltr'>καὶτῶν</span> <span class='ocrx_word' id='word_1_472' title='bbox 2711 2146 2912 2214; x_wconf 81' lang='grc' dir='ltr'>ὁμοίων</span> <span class='ocrx_word' id='word_1_473' title='bbox 2958 2148 3008 2199; x_wconf 78' lang='lat' dir='ltr'><strong>oi</strong></span> <span class='ocrx_word' id='word_1_474' title='bbox 3056 2152 3294 2218; x_wconf 61' lang='lat' dir='ltr'><strong>npoayol.</strong></span> <span class='ocrx_word' id='word_1_475' title='bbox 3346 2151 3432 2212; x_wconf 84' lang='grc' dir='ltr'><strong>είς</strong></span> <span class='ocrx_word' id='word_1_476' title='bbox 3480 2153 3746 2222; x_wconf 57' lang='lat' dir='ltr'><strong>damnaui»;</strong></span> 
     </span>
    </p>
   </div>
   <div class='ocr_carea' id='block_1_67' title="bbox 2233 2231 3742 2309">
    <p class='ocr_par' dir='ltr' id='par_1_67' title="bbox 2233 2231 3742 2309">
     <span class='ocr_line' id='line_1_67' title="bbox 2233 2231 3742 2309; baseline 0.009 -27"><span class='ocrx_word' id='word_1_477' title='bbox 2233 2231 2615 2302; x_wconf 76' lang='grc' dir='ltr'>ἀπηνέχθησαν</span> <span class='ocrx_word' id='word_1_478' title='bbox 2666 2236 2910 2300; x_wconf 77' lang='grc' dir='ltr'><strong>ἐπινοίας</strong></span> <span class='ocrx_word' id='word_1_479' title='bbox 2976 2239 3322 2309; x_wconf 85' lang='grc' dir='ltr'>παγκοσμίου</span> <span class='ocrx_word' id='word_1_480' title='bbox 3393 2232 3742 2308; x_wconf 71' lang='grc' dir='ltr'>ου’νελεύσεως,</span> 
     </span>
    </p>
   </div>
   <div class='ocr_carea' id='block_1_68' title="bbox 2233 2322 3748 2401">
    <p class='ocr_par' dir='ltr' id='par_1_68' title="bbox 2233 2322 3748 2401">
     <span class='ocr_line' id='line_1_68' title="bbox 2233 2322 3748 2401; baseline 0.008 -26"><span class='ocrx_word' id='word_1_481' title='bbox 2233 2322 2362 2378; x_wconf 83' lang='grc' dir='ltr'>ἔνθα</span> <span class='ocrx_word' id='word_1_482' title='bbox 2384 2324 2640 2395; x_wconf 83' lang='grc' dir='ltr'>Πατέρων</span> <span class='ocrx_word' id='word_1_483' title='bbox 2668 2328 2696 2380; x_wconf 83' lang='grc' dir='ltr'>ὁ</span> <span class='ocrx_word' id='word_1_484' title='bbox 2726 2330 3019 2399; x_wconf 81' lang='grc' dir='ltr'><strong>κορυφαῖος</strong></span> <span class='ocrx_word' id='word_1_485' title='bbox 3058 2332 3115 2384; x_wconf 81' lang='grc' dir='ltr'>ὲν</span> <span class='ocrx_word' id='word_1_486' title='bbox 3165 2332 3520 2401; x_wconf 82' lang='grc' dir='ltr'>Εὐαγγελίοις</span> <span class='ocrx_word' id='word_1_487' title='bbox 3558 2333 3636 2387; x_wconf 70' lang='grc' dir='ltr'><strong>τὸν</strong></span> <span class='ocrx_word' id='word_1_488' title='bbox 3662 2335 3748 2388; x_wconf 70' lang='lat' dir='ltr'><strong>Em-</strong></span> 
     </span>
    </p>
   </div>
   <div class='ocr_carea' id='block_1_69' title="bbox 2230 2418 3745 2494">
    <p class='ocr_par' dir='ltr' id='par_1_69' title="bbox 2230 2418 3745 2494">
     <span class='ocr_line' id='line_1_69' title="bbox 2230 2418 3745 2494; baseline 0.003 -23"><span class='ocrx_word' id='word_1_489' title='bbox 2230 2418 2372 2488; x_wconf 84' lang='grc' dir='ltr'>τῆρα</span> <span class='ocrx_word' id='word_1_490' title='bbox 2410 2419 2767 2490; x_wconf 80' lang='grc' dir='ltr'>μαρτύρεται.</span> <span class='ocrx_word' id='word_1_491' title='bbox 2798 2421 3104 2491; x_wconf 81' lang='grc' dir='ltr'>προχεῖται</span> <span class='ocrx_word' id='word_1_492' title='bbox 3134 2422 3301 2491; x_wconf 80' lang='grc' dir='ltr'>φάναι</span> <span class='ocrx_word' id='word_1_493' title='bbox 3351 2422 3634 2494; x_wconf 72' lang='grc' dir='ltr'>διαρῤἡδην</span> <span class='ocrx_word' id='word_1_494' title='bbox 3677 2429 3745 2477; x_wconf 77' lang='grc' dir='ltr'><strong>καὶ</strong></span> 
     </span>
    </p>
   </div>
   <div class='ocr_carea' id='block_1_70' title="bbox 2232 2506 3746 2583">
    <p class='ocr_par' dir='ltr' id='par_1_70' title="bbox 2232 2506 3746 2583">
     <span class='ocr_line' id='line_1_70' title="bbox 2232 2506 3746 2583; baseline 0.004 -22"><span class='ocrx_word' id='word_1_495' title='bbox 2232 2512 2525 2576; x_wconf 73' lang='grc' dir='ltr'>πρόεισιν,</span> <span class='ocrx_word' id='word_1_496' title='bbox 2587 2506 2669 2576; x_wconf 75' lang='grc' dir='ltr'>οἷς</span> <span class='ocrx_word' id='word_1_497' title='bbox 2728 2513 2949 2583; x_wconf 75' lang='grc' dir='ltr'>εἴρηκεν</span> <span class='ocrx_word' id='word_1_498' title='bbox 2995 2513 3432 2582; x_wconf 76' lang='grc' dir='ltr'>ἐκπορεύεται;</span> <span class='ocrx_word' id='word_1_499' title='bbox 3483 2515 3626 2568; x_wconf 75' lang='grc' dir='ltr'>’Δλλὲ</span> <span class='ocrx_word' id='word_1_500' title='bbox 3657 2516 3746 2569; x_wconf 72' lang='grc' dir='ltr'>τόδε</span> 
     </span>
    </p>
   </div>
   <div class='ocr_carea' id='block_1_71' title="bbox 2231 2602 3748 2677">
    <p class='ocr_par' dir='ltr' id='par_1_71' title="bbox 2231 2602 3748 2677">
     <span class='ocr_line' id='line_1_71' title="bbox 2231 2602 3748 2677; baseline 0.003 -23"><span class='ocrx_word' id='word_1_501' title='bbox 2231 2602 2485 2673; x_wconf 78' lang='grc' dir='ltr'><strong>τόλμημα</strong></span> <span class='ocrx_word' id='word_1_502' title='bbox 2517 2605 2577 2658; x_wconf 86' lang='grc' dir='ltr'><strong>τὸ</strong></span> <span class='ocrx_word' id='word_1_503' title='bbox 2605 2606 2703 2675; x_wconf 77' lang='grc' dir='ltr'>τῆς</span> <span class='ocrx_word' id='word_1_504' title='bbox 2725 2605 2987 2669; x_wconf 75' lang='grc' dir='ltr'>ἐπινοίας,</span> <span class='ocrx_word' id='word_1_505' title='bbox 3023 2606 3365 2677; x_wconf 74' lang='grc' dir='ltr'>οἰκειοτέρως</span> <span class='ocrx_word' id='word_1_506' title='bbox 3421 2604 3469 2659; x_wconf 88' lang='grc' dir='ltr'>δ’</span> <span class='ocrx_word' id='word_1_507' title='bbox 3516 2608 3666 2659; x_wconf 78' lang='grc' dir='ltr'>εἰπεῖν</span> <span class='ocrx_word' id='word_1_508' title='bbox 3703 2608 3748 2660; x_wconf 73' lang='grc' dir='ltr'>τὸ</span> 
     </span>
    </p>
   </div>
   <div class='ocr_carea' id='block_1_72' title="bbox 2231 2694 3754 2768">
    <p class='ocr_par' dir='ltr' id='par_1_72' title="bbox 2231 2694 3754 2768">
     <span class='ocr_line' id='line_1_72' title="bbox 2231 2694 3754 2768; baseline 0.004 -23"><span class='ocrx_word' id='word_1_509' title='bbox 2231 2694 2327 2762; x_wconf 82' lang='grc' dir='ltr'>τῆς</span> <span class='ocrx_word' id='word_1_510' title='bbox 2354 2694 2627 2761; x_wconf 81' lang='grc' dir='ltr'>ἀπονοίας,</span> <span class='ocrx_word' id='word_1_511' title='bbox 2660 2697 2688 2748; x_wconf 83' lang='grc' dir='ltr'>ὁ</span> <span class='ocrx_word' id='word_1_512' title='bbox 2717 2697 2877 2760; x_wconf 77' lang='grc' dir='ltr'>αὐτὸς</span> <span class='ocrx_word' id='word_1_513' title='bbox 2909 2696 3165 2765; x_wconf 75' lang='grc' dir='ltr'>θεοφόρος</span> <span class='ocrx_word' id='word_1_514' title='bbox 3197 2696 3331 2749; x_wconf 85' lang='grc' dir='ltr'>ὡσεί</span> <span class='ocrx_word' id='word_1_515' title='bbox 3380 2715 3465 2760; x_wconf 85' lang='grc' dir='ltr'><strong>τις</strong></span> <span class='ocrx_word' id='word_1_516' title='bbox 3515 2715 3754 2768; x_wconf 71' lang='grc' dir='ltr'>προορατιο</span> 
     </span>
    </p>
   </div>
   <div class='ocr_carea' id='block_1_73' title="bbox 2232 2783 3754 2861">
    <p class='ocr_par' dir='ltr' id='par_1_73' title="bbox 2232 2783 3754 2861">
     <span class='ocr_line' id='line_1_73' title="bbox 2232 2783 3754 2861; baseline 0.003 -24"><span class='ocrx_word' id='word_1_517' title='bbox 2232 2786 2323 2848; x_wconf 74' lang='grc' dir='ltr'><strong>κὸς</strong></span> <span class='ocrx_word' id='word_1_518' title='bbox 2359 2786 2747 2854; x_wconf 83' lang='grc' dir='ltr'>καταστρέφει,</span> <span class='ocrx_word' id='word_1_519' title='bbox 2783 2787 2877 2839; x_wconf 75' lang='grc' dir='ltr'>καὶ</span> <span class='ocrx_word' id='word_1_520' title='bbox 2904 2784 3047 2840; x_wconf 72' lang='grc' dir='ltr'>οὕτω</span> <span class='ocrx_word' id='word_1_521' title='bbox 3073 2788 3414 2857; x_wconf 62' lang='grc' dir='ltr'>περιφανῶς,</span> <span class='ocrx_word' id='word_1_522' title='bbox 3443 2783 3521 2850; x_wconf 80' lang='grc' dir='ltr'>οἷς</span> <span class='ocrx_word' id='word_1_523' title='bbox 3565 2790 3754 2861; x_wconf 80' lang='grc' dir='ltr'>Κυπρίῳ</span> 
     </span>
    </p>
   </div>
   <div class='ocr_carea' id='block_1_74' title="bbox 2231 2876 3756 2952">
    <p class='ocr_par' dir='ltr' id='par_1_74' title="bbox 2231 2876 3756 2952">
     <span class='ocr_line' id='line_1_74' title="bbox 2231 2876 3756 2952; baseline 0.005 -22"><span class='ocrx_word' id='word_1_524' title='bbox 2231 2878 2321 2931; x_wconf 69' lang='grc' dir='ltr'>καὶ</span> <span class='ocrx_word' id='word_1_525' title='bbox 2341 2876 2417 2948; x_wconf 80' lang='grc' dir='ltr'>τῷ</span> <span class='ocrx_word' id='word_1_526' title='bbox 2439 2878 2780 2942; x_wconf 76' lang='grc' dir='ltr'>Μουζάλωνι,</span> <span class='ocrx_word' id='word_1_527' title='bbox 2807 2880 2899 2932; x_wconf 75' lang='grc' dir='ltr'><strong>ἐπὶ</strong></span> <span class='ocrx_word' id='word_1_528' title='bbox 2931 2880 3029 2949; x_wconf 83' lang='grc' dir='ltr'>μὲν</span> <span class='ocrx_word' id='word_1_529' title='bbox 3059 2880 3151 2932; x_wconf 86' lang='grc' dir='ltr'><strong>τοῦ</strong></span> <span class='ocrx_word' id='word_1_530' title='bbox 3193 2880 3407 2952; x_wconf 75' lang='grc' dir='ltr'>Πατρὸς</span> <span class='ocrx_word' id='word_1_531' title='bbox 3434 2883 3491 2936; x_wconf 68' lang='grc' dir='ltr'>τὸ</span> <span class='ocrx_word' id='word_1_532' title='bbox 3517 2883 3756 2951; x_wconf 66' lang='grc' dir='ltr'>ἐκπορεύ-</span> 
     </span>
    </p>
   </div>
   <div class='ocr_carea' id='block_1_75' title="bbox 2229 2971 3756 3044">
    <p class='ocr_par' dir='ltr' id='par_1_75' title="bbox 2229 2971 3756 3044">
     <span class='ocr_line' id='line_1_75' title="bbox 2229 2971 3756 3044; baseline 0.003 -19"><span class='ocrx_word' id='word_1_533' title='bbox 2229 2988 2378 3035; x_wconf 86' lang='grc' dir='ltr'>εται,</span> <span class='ocrx_word' id='word_1_534' title='bbox 2407 2974 2499 3024; x_wconf 73' lang='grc' dir='ltr'><strong>καὶ</strong></span> <span class='ocrx_word' id='word_1_535' title='bbox 2522 2971 2831 3041; x_wconf 77' lang='grc' dir='ltr'>προχεῖται</span> <span class='ocrx_word' id='word_1_536' title='bbox 2861 2973 2920 3025; x_wconf 80' lang='grc' dir='ltr'><strong>τὸ</strong></span> <span class='ocrx_word' id='word_1_537' title='bbox 2945 2973 3076 3026; x_wconf 75' lang='grc' dir='ltr'>αὐτὸ</span> <span class='ocrx_word' id='word_1_538' title='bbox 3106 2971 3249 3028; x_wconf 79' lang='grc' dir='ltr'>εἶναι</span> <span class='ocrx_word' id='word_1_539' title='bbox 3276 2975 3564 3044; x_wconf 79' lang='grc' dir='ltr'>φωνοῦσιν,</span> <span class='ocrx_word' id='word_1_540' title='bbox 3605 2979 3683 3029; x_wconf 78' lang='grc' dir='ltr'>ἐπὶ</span> <span class='ocrx_word' id='word_1_541' title='bbox 3713 2976 3756 3029; x_wconf 71' lang='grc' dir='ltr'><strong>δὲ</strong></span> 
     </span>
    </p>
   </div>
   <div class='ocr_carea' id='block_1_76' title="bbox 2229 3061 3758 3135">
    <p class='ocr_par' dir='ltr' id='par_1_76' title="bbox 2229 3061 3758 3135">
     <span class='ocr_line' id='line_1_76' title="bbox 2229 3061 3758 3135; baseline 0.001 -20"><span class='ocrx_word' id='word_1_542' title='bbox 2229 3063 2324 3115; x_wconf 89' lang='grc' dir='ltr'><strong>τοῦ</strong></span> <span class='ocrx_word' id='word_1_543' title='bbox 2369 3061 2500 3116; x_wconf 80' lang='grc' dir='ltr'>Υἱοῦ</span> <span class='ocrx_word' id='word_1_544' title='bbox 2550 3063 2611 3114; x_wconf 80' lang='grc' dir='ltr'><strong>τὸ</strong></span> <span class='ocrx_word' id='word_1_545' title='bbox 2659 3062 2835 3126; x_wconf 74' lang='grc' dir='ltr'>ἄλλως</span> <span class='ocrx_word' id='word_1_546' title='bbox 2864 3064 3007 3116; x_wconf 83' lang='grc' dir='ltr'>κατὰ</span> <span class='ocrx_word' id='word_1_547' title='bbox 3055 3066 3230 3133; x_wconf 87' lang='grc' dir='ltr'>στόμα</span> <span class='ocrx_word' id='word_1_548' title='bbox 3287 3065 3683 3135; x_wconf 80' lang='grc' dir='ltr'>προσυπαντῶν,</span> <span class='ocrx_word' id='word_1_549' title='bbox 3714 3068 3758 3116; x_wconf 71' lang='grc' dir='ltr'><strong>τὸ</strong></span> 
     </span>
    </p>
   </div>
   <div class='ocr_carea' id='block_1_77' title="bbox 2229 3154 3758 3229">
    <p class='ocr_par' dir='ltr' id='par_1_77' title="bbox 2229 3154 3758 3229">
     <span class='ocr_line' id='line_1_77' title="bbox 2229 3154 3758 3229; baseline -0.001 -19"><span class='ocrx_word' id='word_1_550' title='bbox 2229 3154 2424 3223; x_wconf 82' lang='grc' dir='ltr'>καθὼς</span> <span class='ocrx_word' id='word_1_551' title='bbox 2479 3155 2836 3226; x_wconf 86' lang='grc' dir='ltr'>ἀντιτίοησιν.</span> <span class='ocrx_word' id='word_1_552' title='bbox 2898 3154 2988 3210; x_wconf 87' lang='grc' dir='ltr'>Ἐν</span> <span class='ocrx_word' id='word_1_553' title='bbox 3037 3157 3144 3225; x_wconf 85' lang='grc' dir='ltr'>γὰρ</span> <span class='ocrx_word' id='word_1_554' title='bbox 3203 3154 3278 3227; x_wconf 79' lang='grc' dir='ltr'>τῷ</span> <span class='ocrx_word' id='word_1_555' title='bbox 3331 3158 3473 3229; x_wconf 80' lang='grc' dir='ltr'>πρὸς</span> <span class='ocrx_word' id='word_1_556' title='bbox 3515 3158 3758 3228; x_wconf 73' lang='grc' dir='ltr'>Νεστὸριον</span> 
     </span>
    </p>
   </div>
   <div class='ocr_carea' id='block_1_78' title="bbox 2229 3241 3760 3321">
    <p class='ocr_par' dir='ltr' id='par_1_78' title="bbox 2229 3241 3760 3321">
     <span class='ocr_line' id='line_1_78' title="bbox 2229 3241 3760 3321; baseline 0.002 -20"><span class='ocrx_word' id='word_1_557' title='bbox 2229 3248 2371 3320; x_wconf 86' lang='grc' dir='ltr'>λόγῳ</span> <span class='ocrx_word' id='word_1_558' title='bbox 2408 3241 2470 3303; x_wconf 83' lang='grc' dir='ltr'><strong>οῦ</strong></span> <span class='ocrx_word' id='word_1_559' title='bbox 2525 3250 2558 3319; x_wconf 80' lang='grc' dir='ltr'>ή</span> <span class='ocrx_word' id='word_1_560' title='bbox 2604 3249 2790 3320; x_wconf 86' lang='grc' dir='ltr'>ἀρχή·</span> <span class='ocrx_word' id='word_1_561' title='bbox 2845 3267 2865 3302; x_wconf 86' lang='grc' dir='ltr'>ι</span> <span class='ocrx_word' id='word_1_562' title='bbox 2896 3250 3003 3303; x_wconf 85' lang='grc' dir='ltr'>Τοῦ</span> <span class='ocrx_word' id='word_1_563' title='bbox 3051 3249 3303 3320; x_wconf 78' lang='grc' dir='ltr'>Σωτῆρος</span> <span class='ocrx_word' id='word_1_564' title='bbox 3348 3251 3510 3321; x_wconf 71' lang='grc' dir='ltr'>ἡμῶν</span> <span class='ocrx_word' id='word_1_565' title='bbox 3557 3252 3760 3318; x_wconf 72' lang='grc' dir='ltr'>λέγοντος</span> 
     </span>
    </p>
   </div>
   <div class='ocr_carea' id='block_1_79' title="bbox 2230 3340 3758 3414">
    <p class='ocr_par' dir='ltr' id='par_1_79' title="bbox 2230 3340 3758 3414">
     <span class='ocr_line' id='line_1_79' title="bbox 2230 3340 3758 3414; baseline -0.001 -18"><span class='ocrx_word' id='word_1_566' title='bbox 2230 3341 2497 3411; x_wconf 68' lang='grc' dir='ltr'>ἐναργῶς,</span> <span class='ocrx_word' id='word_1_567' title='bbox 2513 3342 2579 3395; x_wconf 88' lang='lat'><strong>&#39;0</strong></span> <span class='ocrx_word' id='word_1_568' title='bbox 2601 3340 2799 3411; x_wconf 73' lang='grc' dir='ltr'><em>φιλῶν</em></span> <span class='ocrx_word' id='word_1_569' title='bbox 2827 3342 3054 3410; x_wconf 78' lang='grc' dir='ltr'>πατέρα</span> <span class='ocrx_word' id='word_1_570' title='bbox 3083 3342 3122 3411; x_wconf 76' lang='grc' dir='ltr'>ἣ</span> <span class='ocrx_word' id='word_1_571' title='bbox 3138 3344 3369 3414; x_wconf 77' lang='grc' dir='ltr'>μητέρα</span> <span class='ocrx_word' id='word_1_572' title='bbox 3386 3343 3535 3411; x_wconf 80' lang='grc' dir='ltr'>ὑπὲρ</span> <span class='ocrx_word' id='word_1_573' title='bbox 3560 3342 3654 3412; x_wconf 75' lang='grc' dir='ltr'><strong>ἐμὲ</strong></span> <span class='ocrx_word' id='word_1_574' title='bbox 3674 3345 3758 3396; x_wconf 77' lang='grc' dir='ltr'>οὐκ</span> 
     </span>
    </p>
   </div>
   <div class='ocr_carea' id='block_1_80' title="bbox 2230 3431 3760 3504">
    <p class='ocr_par' dir='ltr' id='par_1_80' title="bbox 2230 3431 3760 3504">
     <span class='ocr_line' id='line_1_80' title="bbox 2230 3431 3760 3504; baseline 0.001 -17"><span class='ocrx_word' id='word_1_575' title='bbox 2230 3431 2361 3487; x_wconf 79' lang='grc' dir='ltr'>ἔστι</span> <span class='ocrx_word' id='word_1_576' title='bbox 2371 3451 2491 3502; x_wconf 80' lang='grc' dir='ltr'><strong>μου</strong></span> <span class='ocrx_word' id='word_1_577' title='bbox 2505 3433 2695 3500; x_wconf 78' lang='grc' dir='ltr'>ἄξιος,</span> <span class='ocrx_word' id='word_1_578' title='bbox 2721 3451 2740 3487; x_wconf 79' lang='grc' dir='ltr'><strong>ι</strong></span> <span class='ocrx_word' id='word_1_579' title='bbox 2764 3434 2885 3487; x_wconf 82' lang='grc' dir='ltr'>κατ’</span> <span class='ocrx_word' id='word_1_580' title='bbox 2901 3432 3026 3498; x_wconf 77' lang='grc' dir='ltr'>ἔπος</span> <span class='ocrx_word' id='word_1_581' title='bbox 3046 3434 3217 3489; x_wconf 89' lang='grc' dir='ltr'>ταῦτά</span> <span class='ocrx_word' id='word_1_582' title='bbox 3235 3451 3426 3504; x_wconf 70' lang='grc' dir='ltr'>φησινσ</span> <span class='ocrx_word' id='word_1_583' title='bbox 3451 3454 3469 3487; x_wconf 84' lang='grc' dir='ltr'><strong>ι</strong></span> <span class='ocrx_word' id='word_1_584' title='bbox 3500 3436 3559 3489; x_wconf 79' lang='lat' dir='ltr'><strong>El</strong></span> <span class='ocrx_word' id='word_1_585' title='bbox 3577 3436 3659 3490; x_wconf 69' lang='grc' dir='ltr'><strong>καὶ</strong></span> <span class='ocrx_word' id='word_1_586' title='bbox 3672 3436 3760 3489; x_wconf 72' lang='grc' dir='ltr'>ἐστι</span> 
     </span>
    </p>
   </div>
   <div class='ocr_carea' id='block_1_81' title="bbox 2232 3524 3760 3598">
    <p class='ocr_par' dir='ltr' id='par_1_81' title="bbox 2232 3524 3760 3598">
     <span class='ocr_line' id='line_1_81' title="bbox 2232 3524 3760 3598; baseline 0 -19"><span class='ocrx_word' id='word_1_587' title='bbox 2232 3530 2290 3579; x_wconf 64' lang='grc' dir='ltr'>τὸ</span> <span class='ocrx_word' id='word_1_588' title='bbox 2309 3524 2533 3595; x_wconf 83' lang='grc' dir='ltr'>Πνεῦμα</span> <span class='ocrx_word' id='word_1_589' title='bbox 2551 3528 2608 3579; x_wconf 77' lang='grc' dir='ltr'>ἐν</span> <span class='ocrx_word' id='word_1_590' title='bbox 2631 3524 2928 3580; x_wconf 78' lang='grc' dir='ltr'>ὑποστάσει</span> <span class='ocrx_word' id='word_1_591' title='bbox 2950 3526 3115 3597; x_wconf 52' lang='lat' dir='ltr'><strong>tam,</strong></span> <span class='ocrx_word' id='word_1_592' title='bbox 3135 3530 3230 3581; x_wconf 79' lang='grc' dir='ltr'><strong>καὶ</strong></span> <span class='ocrx_word' id='word_1_593' title='bbox 3245 3528 3310 3598; x_wconf 79' lang='grc' dir='ltr'><strong>δὴ</strong></span> <span class='ocrx_word' id='word_1_594' title='bbox 3328 3530 3428 3582; x_wconf 77' lang='grc' dir='ltr'><strong>καὶ</strong></span> <span class='ocrx_word' id='word_1_595' title='bbox 3450 3530 3639 3581; x_wconf 82' lang='grc' dir='ltr'>νοεῖται</span> <span class='ocrx_word' id='word_1_596' title='bbox 3664 3528 3760 3581; x_wconf 76' lang='grc' dir='ltr'>καθ’</span> 
     </span>
    </p>
   </div>
   <div class='ocr_carea' id='block_1_82' title="bbox 2233 3601 3759 3704">
    <p class='ocr_par' dir='ltr' id='par_1_82' title="bbox 2233 3601 3759 3704">
     <span class='ocr_line' id='line_1_82' title="bbox 2233 3601 3759 3704; baseline 0.001 -35"><span class='ocrx_word' id='word_1_597' title='bbox 2233 3617 2417 3683; x_wconf 77' lang='grc' dir='ltr'>ἑαυτὸ,</span> <span class='ocrx_word' id='word_1_598' title='bbox 2435 3616 2571 3670; x_wconf 80' lang='grc' dir='ltr'>καθὸ</span> <span class='ocrx_word' id='word_1_599' title='bbox 2593 3617 2821 3688; x_wconf 86' lang='grc' dir='ltr'>Πνεῦμά</span> <span class='ocrx_word' id='word_1_600' title='bbox 2846 3620 2963 3672; x_wconf 79' lang='grc' dir='ltr'>ἐστι</span> <span class='ocrx_word' id='word_1_601' title='bbox 2987 3601 3198 3704; x_wconf 76' lang='grc' dir='ltr'>καὶόῦχ</span> <span class='ocrx_word' id='word_1_602' title='bbox 3214 3620 3367 3684; x_wconf 83' lang='grc' dir='ltr'>Υίδς,</span> <span class='ocrx_word' id='word_1_603' title='bbox 3402 3620 3516 3674; x_wconf 75' lang='grc' dir='ltr'>ἀλλ’</span> <span class='ocrx_word' id='word_1_604' title='bbox 3535 3620 3620 3675; x_wconf 84' lang='grc' dir='ltr'><strong>οῦν</strong></span> <span class='ocrx_word' id='word_1_605' title='bbox 3645 3623 3759 3673; x_wconf 77' lang='grc' dir='ltr'>ἐστιν</span> 
     </span>
    </p>
   </div>
   <div class='ocr_carea' id='block_1_83' title="bbox 2231 3707 3759 3782">
    <p class='ocr_par' dir='ltr' id='par_1_83' title="bbox 2231 3707 3759 3782">
     <span class='ocr_line' id='line_1_83' title="bbox 2231 3707 3759 3782; baseline 0.002 -22"><span class='ocrx_word' id='word_1_606' title='bbox 2231 3708 2330 3761; x_wconf 74' lang='grc' dir='ltr'><strong>οὐκ</strong></span> <span class='ocrx_word' id='word_1_607' title='bbox 2366 3707 2649 3779; x_wconf 87' lang='grc' dir='ltr'>ἀλλότριον</span> <span class='ocrx_word' id='word_1_608' title='bbox 2686 3708 2876 3765; x_wconf 81' lang='grc' dir='ltr'>αὐτοῦ.</span> <span class='ocrx_word' id='word_1_609' title='bbox 2930 3710 3156 3781; x_wconf 80' lang='grc' dir='ltr'>Πνεῦμα</span> <span class='ocrx_word' id='word_1_610' title='bbox 3198 3712 3309 3782; x_wconf 89' lang='grc' dir='ltr'><strong>γάρ</strong></span> <span class='ocrx_word' id='word_1_611' title='bbox 3370 3710 3624 3781; x_wconf 77' lang='grc' dir='ltr'>ἀληθείας</span> <span class='ocrx_word' id='word_1_612' title='bbox 3657 3712 3759 3764; x_wconf 78' lang='grc' dir='ltr'>ὠνό·</span> 
     </span>
    </p>
   </div>
   <div class='ocr_carea' id='block_1_84' title="bbox 2236 3799 3761 3875">
    <p class='ocr_par' dir='ltr' id='par_1_84' title="bbox 2236 3799 3761 3875">
     <span class='ocr_line' id='line_1_84' title="bbox 2236 3799 3761 3875; baseline 0.002 -22"><span class='ocrx_word' id='word_1_613' title='bbox 2236 3815 2462 3870; x_wconf 85' lang='grc' dir='ltr'>μασται,</span> <span class='ocrx_word' id='word_1_614' title='bbox 2491 3802 2585 3854; x_wconf 76' lang='grc' dir='ltr'>καὶ</span> <span class='ocrx_word' id='word_1_615' title='bbox 2619 3799 2737 3854; x_wconf 75' lang='grc' dir='ltr'>ἐστι</span> <span class='ocrx_word' id='word_1_616' title='bbox 2770 3801 3006 3873; x_wconf 80' lang='grc' dir='ltr'>Χριστὸς</span> <span class='ocrx_word' id='word_1_617' title='bbox 3039 3805 3071 3874; x_wconf 79' lang='grc' dir='ltr'><strong>ἡ</strong></span> <span class='ocrx_word' id='word_1_618' title='bbox 3116 3802 3371 3875; x_wconf 80' lang='grc' dir='ltr'>ἀλήθεια,</span> <span class='ocrx_word' id='word_1_619' title='bbox 3402 3805 3499 3858; x_wconf 78' lang='grc' dir='ltr'><strong>καὶ</strong></span> <span class='ocrx_word' id='word_1_620' title='bbox 3527 3806 3761 3875; x_wconf 76' lang='grc' dir='ltr'>προχεῖται</span> 
     </span>
    </p>
   </div>
   <div class='ocr_carea' id='block_1_85' title="bbox 2234 3892 3760 3968">
    <p class='ocr_par' dir='ltr' id='par_1_85' title="bbox 2234 3892 3760 3968">
     <span class='ocr_line' id='line_1_85' title="bbox 2234 3892 3760 3968; baseline 0.002 -23"><span class='ocrx_word' id='word_1_621' title='bbox 2234 3893 2365 3960; x_wconf 80' lang='grc' dir='ltr'>παρ’</span> <span class='ocrx_word' id='word_1_622' title='bbox 2406 3892 2593 3959; x_wconf 82' lang='grc' dir='ltr'>αὑτοῦ,</span> <span class='ocrx_word' id='word_1_623' title='bbox 2628 3893 2878 3965; x_wconf 76' lang='grc' dir='ltr'>καθάπερ</span> <span class='ocrx_word' id='word_1_624' title='bbox 2923 3894 3114 3966; x_wconf 84' lang='grc' dir='ltr'>ἀμέλει</span> <span class='ocrx_word' id='word_1_625' title='bbox 3161 3897 3255 3951; x_wconf 76' lang='grc' dir='ltr'><strong>καὶ</strong></span> <span class='ocrx_word' id='word_1_626' title='bbox 3283 3896 3348 3951; x_wconf 74' lang='grc' dir='ltr'>ἐκ</span> <span class='ocrx_word' id='word_1_627' title='bbox 3396 3898 3496 3951; x_wconf 85' lang='grc' dir='ltr'><strong>τοῦ</strong></span> <span class='ocrx_word' id='word_1_628' title='bbox 3541 3897 3760 3968; x_wconf 67' lang='grc' dir='ltr'>Πατρός.)</span> 
     </span>
    </p>
   </div>
   <div class='ocr_carea' id='block_1_86' title="bbox 2246 3982 3767 4058">
    <p class='ocr_par' dir='ltr' id='par_1_86' title="bbox 2246 3982 3767 4058">
     <span class='ocr_line' id='line_1_86' title="bbox 2246 3982 3767 4058; baseline 0.005 -23"><span class='ocrx_word' id='word_1_629' title='bbox 2246 3982 2408 4037; x_wconf 78' lang='grc' dir='ltr'>Ἀλλὰ</span> <span class='ocrx_word' id='word_1_630' title='bbox 2457 3985 2551 4038; x_wconf 75' lang='grc' dir='ltr'>καὶ</span> <span class='ocrx_word' id='word_1_631' title='bbox 2604 3984 2839 4056; x_wconf 84' lang='grc' dir='ltr'>ἀλλαχοῦ</span> <span class='ocrx_word' id='word_1_632' title='bbox 2897 3988 3207 4058; x_wconf 78' lang='grc' dir='ltr'>πανταχόσε</span> <span class='ocrx_word' id='word_1_633' title='bbox 3255 3991 3470 4055; x_wconf 80' lang='grc' dir='ltr'>φωναῖς</span> <span class='ocrx_word' id='word_1_634' title='bbox 3520 3989 3576 4041; x_wconf 81' lang='grc' dir='ltr'>ἐν</span> <span class='ocrx_word' id='word_1_635' title='bbox 3621 4005 3767 4058; x_wconf 68' lang='lat' dir='ltr'><strong>mpu-</strong></span> 
     </span>
    </p>
   </div>
   <div class='ocr_carea' id='block_1_87' title="bbox 2236 4076 3766 4148">
    <p class='ocr_par' dir='ltr' id='par_1_87' title="bbox 2236 4076 3766 4148">
     <span class='ocr_line' id='line_1_87' title="bbox 2236 4076 3766 4148; baseline 0.001 -19"><span class='ocrx_word' id='word_1_636' title='bbox 2236 4076 2506 4146; x_wconf 84' lang='grc' dir='ltr'>πλησίοις,</span> <span class='ocrx_word' id='word_1_637' title='bbox 2532 4079 2829 4148; x_wconf 73' lang='grc' dir='ltr'>«Καθάπερ</span> <span class='ocrx_word' id='word_1_638' title='bbox 2854 4077 3065 4148; x_wconf 82' lang='grc' dir='ltr'>ἀμέλει,</span> <span class='ocrx_word' id='word_1_639' title='bbox 3083 4102 3100 4131; x_wconf 77' lang='grc' dir='ltr'><strong><em>ο</em></strong></span> <span class='ocrx_word' id='word_1_640' title='bbox 3124 4081 3345 4148; x_wconf 79' lang='grc' dir='ltr'>φάσκει,</span> <span class='ocrx_word' id='word_1_641' title='bbox 3368 4097 3389 4131; x_wconf 83' lang='grc' dir='ltr'><strong>ι</strong></span> <span class='ocrx_word' id='word_1_642' title='bbox 3416 4080 3512 4134; x_wconf 71' lang='grc' dir='ltr'><strong>καὶ</strong></span> <span class='ocrx_word' id='word_1_643' title='bbox 3535 4082 3615 4134; x_wconf 80' lang='grc' dir='ltr'>ἐπ’</span> <span class='ocrx_word' id='word_1_644' title='bbox 3637 4080 3766 4135; x_wconf 75' lang='grc' dir='ltr'>αὑτοῦ</span> 
     </span>
    </p>
   </div>
   <div class='ocr_carea' id='block_1_88' title="bbox 2236 4167 3765 4241">
    <p class='ocr_par' dir='ltr' id='par_1_88' title="bbox 2236 4167 3765 4241">
     <span class='ocr_line' id='line_1_88' title="bbox 2236 4167 3765 4241; baseline 0 -20"><span class='ocrx_word' id='word_1_645' title='bbox 2236 4171 2435 4222; x_wconf 82' lang='grc' dir='ltr'>νοεῖται</span> <span class='ocrx_word' id='word_1_646' title='bbox 2477 4167 2568 4221; x_wconf 88' lang='grc' dir='ltr'><strong>τοῦ</strong></span> <span class='ocrx_word' id='word_1_647' title='bbox 2599 4167 2735 4223; x_wconf 84' lang='grc' dir='ltr'>Θεοῦ</span> <span class='ocrx_word' id='word_1_648' title='bbox 2776 4170 2869 4223; x_wconf 80' lang='grc' dir='ltr'>καὶ</span> <span class='ocrx_word' id='word_1_649' title='bbox 2907 4169 3139 4241; x_wconf 81' lang='grc' dir='ltr'>Πατρός.</span> <span class='ocrx_word' id='word_1_650' title='bbox 3169 4190 3189 4223; x_wconf 75' lang='grc' dir='ltr'><strong>ι</strong></span> <span class='ocrx_word' id='word_1_651' title='bbox 3229 4171 3398 4224; x_wconf 77' lang='grc' dir='ltr'>Ὅθεν</span> <span class='ocrx_word' id='word_1_652' title='bbox 3444 4171 3765 4226; x_wconf 67' lang='grc' dir='ltr'>ἀπελαύνεται</span> 
     </span>
    </p>
   </div>
   <div class='ocr_carea' id='block_1_89' title="bbox 2237 4260 3770 4334">
    <p class='ocr_par' dir='ltr' id='par_1_89' title="bbox 2237 4260 3770 4334">
     <span class='ocr_line' id='line_1_89' title="bbox 2237 4260 3770 4334; baseline 0.001 -20"><span class='ocrx_word' id='word_1_653' title='bbox 2237 4260 2339 4331; x_wconf 86' lang='grc' dir='ltr'>μὲν</span> <span class='ocrx_word' id='word_1_654' title='bbox 2372 4261 2471 4331; x_wconf 82' lang='grc' dir='ltr'>τῆς</span> <span class='ocrx_word' id='word_1_655' title='bbox 2494 4260 2752 4333; x_wconf 78' lang='grc' dir='ltr'>ἀληθείας</span> <span class='ocrx_word' id='word_1_656' title='bbox 2780 4261 2842 4315; x_wconf 79' lang='grc' dir='ltr'>τὸ</span> <span class='ocrx_word' id='word_1_657' title='bbox 2882 4261 2993 4316; x_wconf 81' lang='grc' dir='ltr'>τῶν</span> <span class='ocrx_word' id='word_1_658' title='bbox 3037 4263 3479 4333; x_wconf 80' lang='grc' dir='ltr'>ἐπινενοημένων</span> <span class='ocrx_word' id='word_1_659' title='bbox 3506 4263 3770 4334; x_wconf 73' lang='grc' dir='ltr'>ἐφευρεμά-</span> 
     </span>
    </p>
   </div>
   <div class='ocr_carea' id='block_1_90' title="bbox 2234 4353 3765 4428">
    <p class='ocr_par' dir='ltr' id='par_1_90' title="bbox 2234 4353 3765 4428">
     <span class='ocr_line' id='line_1_90' title="bbox 2234 4353 3765 4428; baseline 0.004 -23"><span class='ocrx_word' id='word_1_660' title='bbox 2234 4369 2342 4406; x_wconf 85' lang='grc' dir='ltr'><strong>των</strong></span> <span class='ocrx_word' id='word_1_661' title='bbox 2389 4354 2719 4425; x_wconf 81' lang='grc' dir='ltr'>μηχάνημα,</span> <span class='ocrx_word' id='word_1_662' title='bbox 2773 4353 3085 4425; x_wconf 77' lang='grc' dir='ltr'>βεϐαιοῦται</span> <span class='ocrx_word' id='word_1_663' title='bbox 3113 4355 3171 4409; x_wconf 76' lang='grc' dir='ltr'><strong>δὲ</strong></span> <span class='ocrx_word' id='word_1_664' title='bbox 3200 4354 3504 4428; x_wconf 63' lang='grc' dir='ltr'>θεοστιεμου</span> <span class='ocrx_word' id='word_1_665' title='bbox 3549 4357 3710 4426; x_wconf 75' lang='grc' dir='ltr'>φωνῆς</span> <span class='ocrx_word' id='word_1_666' title='bbox 3740 4359 3765 4424; x_wconf 77' lang='grc' dir='ltr'>ἡ</span> 
     </span>
    </p>
   </div>
   <div class='ocr_carea' id='block_1_91' title="bbox 2234 4440 3765 4521">
    <p class='ocr_par' dir='ltr' id='par_1_91' title="bbox 2234 4440 3765 4521">
     <span class='ocr_line' id='line_1_91' title="bbox 2234 4440 3765 4521; baseline 0.003 -24"><span class='ocrx_word' id='word_1_667' title='bbox 2234 4445 2500 4515; x_wconf 84' lang='grc' dir='ltr'>ταυτότης</span> <span class='ocrx_word' id='word_1_668' title='bbox 2550 4440 2691 4501; x_wconf 79' lang='grc' dir='ltr'>εἶναι</span> <span class='ocrx_word' id='word_1_669' title='bbox 2736 4447 2840 4515; x_wconf 80' lang='grc' dir='ltr'>τῆς</span> <span class='ocrx_word' id='word_1_670' title='bbox 2885 4446 3203 4518; x_wconf 80' lang='grc' dir='ltr'>προχύσεως</span> <span class='ocrx_word' id='word_1_671' title='bbox 3226 4488 3242 4514; x_wconf 89' lang='grc'><strong>,</strong></span> <span class='ocrx_word' id='word_1_672' title='bbox 3281 4450 3382 4504; x_wconf 61' lang='grc' dir='ltr'><strong>καί⁵</strong></span> <span class='ocrx_word' id='word_1_673' title='bbox 3416 4450 3656 4521; x_wconf 83' lang='grc' dir='ltr'>προόδου,</span> <span class='ocrx_word' id='word_1_674' title='bbox 3694 4454 3765 4503; x_wconf 79' lang='grc' dir='ltr'>καὶ</span> 
     </span>
    </p>
   </div>
   <div class='ocr_carea' id='block_1_92' title="bbox 563 4529 2133 4612">
    <p class='ocr_par' dir='ltr' id='par_1_92' title="bbox 563 4531 2133 4612">
     <span class='ocr_line' id='line_1_92' title="bbox 563 4531 2133 4612; baseline 0.008 -26"><span class='ocrx_word' id='word_1_675' title='bbox 563 4547 628 4586; x_wconf 90' lang='lat' dir='ltr'><strong>ea</strong></span> <span class='ocrx_word' id='word_1_676' title='bbox 655 4531 758 4586; x_wconf 88' lang='lat' dir='ltr'><strong>sibi</strong></span> <span class='ocrx_word' id='word_1_677' title='bbox 811 4547 1010 4587; x_wconf 88' lang='lat' dir='ltr'><strong>nomen</strong></span> <span class='ocrx_word' id='word_1_678' title='bbox 1071 4550 1358 4589; x_wconf 86' lang='lat' dir='ltr'><strong>assumens</strong></span> <span class='ocrx_word' id='word_1_679' title='bbox 1400 4536 1597 4592; x_wconf 89' lang='lat' dir='ltr'><strong>clamat</strong></span> <span class='ocrx_word' id='word_1_680' title='bbox 1632 4557 1648 4592; x_wconf 89' lang='lat'><strong><em>:</em></strong></span> <span class='ocrx_word' id='word_1_681' title='bbox 1687 4558 1704 4593; x_wconf 80' lang='grc' dir='ltr'><strong>ι</strong></span> <span class='ocrx_word' id='word_1_682' title='bbox 1746 4538 1935 4612; x_wconf 83' lang='lat' dir='ltr'><strong>Neque</strong></span> <span class='ocrx_word' id='word_1_683' title='bbox 1987 4543 2133 4599; x_wconf 90' lang='lat' dir='ltr'><strong>enim</strong></span> 
     </span>
    </p>
   </div>
   <div class='ocr_carea' id='block_1_93' title="bbox 2234 4529 3765 4612">
    <p class='ocr_par' dir='ltr' id='par_1_93' title="bbox 2237 4537 3765 4612">
     <span class='ocr_line' id='line_1_93' title="bbox 2237 4537 3765 4612; baseline 0.004 -24"><span class='ocrx_word' id='word_1_684' title='bbox 2237 4537 2636 4606; x_wconf 71' lang='grc' dir='ltr'>ὲκπορεύσεως,</span> <span class='ocrx_word' id='word_1_685' title='bbox 2672 4538 3112 4610; x_wconf 77' lang='grc' dir='ltr'>παρρησιάζεται</span> <span class='ocrx_word' id='word_1_686' title='bbox 3143 4540 3200 4593; x_wconf 79' lang='grc' dir='ltr'><strong>δὲ</strong></span> <span class='ocrx_word' id='word_1_687' title='bbox 3248 4542 3346 4595; x_wconf 77' lang='grc' dir='ltr'>καὶ</span> <span class='ocrx_word' id='word_1_688' title='bbox 3384 4543 3488 4612; x_wconf 80' lang='grc' dir='ltr'>τῆς</span> <span class='ocrx_word' id='word_1_689' title='bbox 3527 4541 3765 4608; x_wconf 75' lang='grc' dir='ltr'>θεολογίας</span> 
     </span>
    </p>
   </div>
   <div class='ocr_carea' id='block_1_94' title="bbox 564 4624 2135 4698">
    <p class='ocr_par' dir='ltr' id='par_1_94' title="bbox 564 4624 2135 4698">
     <span class='ocr_line' id='line_1_94' title="bbox 564 4624 2135 4698; baseline 0.011 -21"><span class='ocrx_word' id='word_1_690' title='bbox 564 4639 669 4678; x_wconf 86' lang='lat' dir='ltr'><strong>nos</strong></span> <span class='ocrx_word' id='word_1_691' title='bbox 700 4624 767 4678; x_wconf 86' lang='lat' dir='ltr'><strong>de</strong></span> <span class='ocrx_word' id='word_1_692' title='bbox 825 4626 1144 4680; x_wconf 88' lang='lat' dir='ltr'><strong>nominibus</strong></span> <span class='ocrx_word' id='word_1_693' title='bbox 1193 4630 1624 4698; x_wconf 81' lang='lat' dir='ltr'><strong>contendemus,</strong></span> <span class='ocrx_word' id='word_1_694' title='bbox 1679 4633 1854 4691; x_wconf 81' lang='lat' dir='ltr'><strong>donec</strong></span> <span class='ocrx_word' id='word_1_695' title='bbox 1891 4638 2135 4694; x_wconf 86' lang='lat' dir='ltr'><strong>eamdem</strong></span> 
     </span>
    </p>
   </div>
   <div class='ocr_carea' id='block_1_95' title="bbox 564 4717 2140 4796">
    <p class='ocr_par' dir='ltr' id='par_1_95' title="bbox 564 4717 2140 4796">
     <span class='ocr_line' id='line_1_95' title="bbox 564 4717 2140 4796; baseline 0.008 -28"><span class='ocrx_word' id='word_1_696' title='bbox 564 4717 896 4770; x_wconf 87' lang='lat' dir='ltr'><strong>sententiam</strong></span> <span class='ocrx_word' id='word_1_697' title='bbox 931 4718 1147 4789; x_wconf 73' lang='lat' dir='ltr'><strong>syllabae</strong></span> <span class='ocrx_word' id='word_1_698' title='bbox 1176 4731 1589 4789; x_wconf 60' lang='lat' dir='ltr'><strong>repraesentant.</strong></span> <span class='ocrx_word' id='word_1_699' title='bbox 1629 4743 1646 4772; x_wconf 76' lang='grc' dir='ltr'><strong>ι</strong></span> <span class='ocrx_word' id='word_1_700' title='bbox 1687 4718 2007 4796; x_wconf 80' lang='lat' dir='ltr'><strong>Rursusque</strong></span> <span class='ocrx_word' id='word_1_701' title='bbox 2052 4741 2140 4781; x_wconf 85' lang='lat' dir='ltr'><strong>re-</strong></span> 
     </span>
    </p>
   </div>
   <div class='ocr_carea' id='block_1_96' title="bbox 564 4810 2135 4888">
    <p class='ocr_par' dir='ltr' id='par_1_96' title="bbox 564 4810 2135 4888">
     <span class='ocr_line' id='line_1_96' title="bbox 564 4810 2135 4888; baseline 0.008 -28"><span class='ocrx_word' id='word_1_702' title='bbox 564 4822 688 4861; x_wconf 85' lang='lat' dir='ltr'><strong>rum</strong></span> <span class='ocrx_word' id='word_1_703' title='bbox 737 4810 1089 4865; x_wconf 84' lang='lat' dir='ltr'><strong>invisibilinm</strong></span> <span class='ocrx_word' id='word_1_704' title='bbox 1169 4825 1446 4883; x_wconf 88' lang='lat' dir='ltr'><strong>spectator</strong></span> <span class='ocrx_word' id='word_1_705' title='bbox 1512 4830 1742 4887; x_wconf 88' lang='lat' dir='ltr'><strong>magnus</strong></span> <span class='ocrx_word' id='word_1_706' title='bbox 1801 4817 2135 4888; x_wconf 83' lang='lat' dir='ltr'><strong>Dionysius:</strong></span> 
     </span>
    </p>
   </div>
   <div class='ocr_carea' id='block_1_97' title="bbox 571 4901 2141 4974">
    <p class='ocr_par' dir='ltr' id='par_1_97' title="bbox 571 4901 2141 4974">
     <span class='ocr_line' id='line_1_97' title="bbox 571 4901 2141 4974; baseline 0.011 -26"><span class='ocrx_word' id='word_1_707' title='bbox 571 4916 592 4948; x_wconf 74' lang='grc' dir='ltr'><strong>ι</strong></span> <span class='ocrx_word' id='word_1_708' title='bbox 626 4902 667 4953; x_wconf 82' lang='grc' dir='ltr'>Α</span> <span class='ocrx_word' id='word_1_709' title='bbox 705 4901 919 4954; x_wconf 88' lang='lat' dir='ltr'><strong>ratione</strong></span> <span class='ocrx_word' id='word_1_710' title='bbox 951 4902 1210 4968; x_wconf 88' lang='lat' dir='ltr'><strong>alienum,</strong></span> <span class='ocrx_word' id='word_1_711' title='bbox 1233 4906 1573 4974; x_wconf 79' lang='lat' dir='ltr'><strong>maximeque</strong></span> <span class='ocrx_word' id='word_1_712' title='bbox 1599 4908 1914 4973; x_wconf 82' lang='lat' dir='ltr'><strong>absurdum,</strong></span> <span class='ocrx_word' id='word_1_713' title='bbox 1953 4929 1972 4960; x_wconf 72' lang='grc' dir='ltr'><strong>ι</strong></span> <span class='ocrx_word' id='word_1_714' title='bbox 1994 4926 2141 4965; x_wconf 84' lang='lat' dir='ltr'><strong>asse-</strong></span> 
     </span>
    </p>
   </div>
   <div class='ocr_carea' id='block_1_98' title="bbox 565 4992 2136 5066">
    <p class='ocr_par' dir='ltr' id='par_1_98' title="bbox 565 4992 2136 5066">
     <span class='ocr_line' id='line_1_98' title="bbox 565 4992 2136 5066; baseline 0.007 -22"><span class='ocrx_word' id='word_1_715' title='bbox 565 5004 719 5053; x_wconf 82' lang='lat' dir='ltr'><strong>rens,</strong></span> <span class='ocrx_word' id='word_1_716' title='bbox 768 5008 791 5045; x_wconf 77' lang='grc' dir='ltr'><strong>Δι</strong></span> <span class='ocrx_word' id='word_1_717' title='bbox 830 5007 941 5046; x_wconf 93' lang='lat' dir='ltr'><strong>non</strong></span> <span class='ocrx_word' id='word_1_718' title='bbox 998 4992 1106 5048; x_wconf 74' lang='lat' dir='ltr'><strong>vim</strong></span> <span class='ocrx_word' id='word_1_719' title='bbox 1164 4995 1335 5064; x_wconf 90' lang='lat' dir='ltr'><strong>ipsam</strong></span> <span class='ocrx_word' id='word_1_720' title='bbox 1397 4995 1635 5051; x_wconf 89' lang='lat' dir='ltr'><strong>instituti</strong></span> <span class='ocrx_word' id='word_1_721' title='bbox 1683 4998 1986 5066; x_wconf 83' lang='lat' dir='ltr'><strong>attendere,</strong></span> <span class='ocrx_word' id='word_1_722' title='bbox 2043 5002 2136 5055; x_wconf 89' lang='lat' dir='ltr'><strong>sed</strong></span> 
     </span>
    </p>
   </div>
   <div class='ocr_carea' id='block_1_99' title="bbox 566 5081 2141 5160">
    <p class='ocr_par' dir='ltr' id='par_1_99' title="bbox 566 5081 2141 5160">
     <span class='ocr_line' id='line_1_99' title="bbox 566 5081 2141 5160; baseline 0.01 -27"><span class='ocrx_word' id='word_1_723' title='bbox 566 5081 767 5148; x_wconf 80' lang='lat' dir='ltr'><strong>verba;</strong></span> <span class='ocrx_word' id='word_1_724' title='bbox 808 5096 984 5152; x_wconf 75' lang='lat' dir='ltr'><strong>neque</strong></span> <span class='ocrx_word' id='word_1_725' title='bbox 1013 5083 1117 5140; x_wconf 91' lang='lat' dir='ltr'><strong>hoc</strong></span> <span class='ocrx_word' id='word_1_726' title='bbox 1145 5086 1433 5156; x_wconf 90' lang='lat' dir='ltr'><strong>proprium</strong></span> <span class='ocrx_word' id='word_1_727' title='bbox 1467 5096 1555 5142; x_wconf 81' lang='lat' dir='ltr'><strong>est</strong></span> <span class='ocrx_word' id='word_1_728' title='bbox 1591 5103 1782 5145; x_wconf 87' lang='lat' dir='ltr'><strong>eorum</strong></span> <span class='ocrx_word' id='word_1_729' title='bbox 1817 5092 1909 5160; x_wconf 88' lang='lat' dir='ltr'><strong>qui</strong></span> <span class='ocrx_word' id='word_1_730' title='bbox 1934 5107 2020 5148; x_wconf 89' lang='lat' dir='ltr'><strong>res</strong></span> <span class='ocrx_word' id='word_1_731' title='bbox 2051 5093 2141 5148; x_wconf 87' lang='lat' dir='ltr'><strong>di-</strong></span> 
     </span>
    </p>
   </div>
   <div class='ocr_carea' id='block_1_100' title="bbox 566 5172 2141 5250">
    <p class='ocr_par' dir='ltr' id='par_1_100' title="bbox 566 5172 2141 5250">
     <span class='ocr_line' id='line_1_100' title="bbox 566 5172 2141 5250; baseline 0.006 -27"><span class='ocrx_word' id='word_1_732' title='bbox 566 5172 725 5225; x_wconf 82' lang='lat' dir='ltr'><strong>vinas</strong></span> <span class='ocrx_word' id='word_1_733' title='bbox 757 5172 1067 5242; x_wconf 80' lang='lat' dir='ltr'><strong>intelligere</strong></span> <span class='ocrx_word' id='word_1_734' title='bbox 1102 5176 1350 5244; x_wconf 89' lang='lat' dir='ltr'><strong>cupiunt,</strong></span> <span class='ocrx_word' id='word_1_735' title='bbox 1397 5176 1491 5230; x_wconf 89' lang='lat' dir='ltr'><strong>sed</strong></span> <span class='ocrx_word' id='word_1_736' title='bbox 1541 5192 1708 5231; x_wconf 89' lang='lat' dir='ltr'><strong>sonos</strong></span> <span class='ocrx_word' id='word_1_737' title='bbox 1755 5179 1924 5233; x_wconf 80' lang='lat' dir='ltr'><strong>exiles</strong></span> <span class='ocrx_word' id='word_1_738' title='bbox 1957 5180 2141 5250; x_wconf 85' lang='lat' dir='ltr'><strong>auspi-</strong></span> 
     </span>
    </p>
   </div>
   <div class='ocr_carea' id='block_1_101' title="bbox 561 5263 2137 5332">
    <p class='ocr_par' dir='ltr' id='par_1_101' title="bbox 561 5263 2137 5332">
     <span class='ocr_line' id='line_1_101' title="bbox 561 5263 2137 5332; baseline 0.007 -19"><span class='ocrx_word' id='word_1_739' title='bbox 561 5272 784 5327; x_wconf 81' lang='lat' dir='ltr'><strong>cantur,</strong></span> <span class='ocrx_word' id='word_1_740' title='bbox 817 5263 1149 5332; x_wconf 87' lang='lat' dir='ltr'><strong>eosdemque</strong></span> <span class='ocrx_word' id='word_1_741' title='bbox 1188 5266 1531 5320; x_wconf 82' lang='lat' dir='ltr'><strong>extrinsecus</strong></span> <span class='ocrx_word' id='word_1_742' title='bbox 1569 5280 1702 5321; x_wconf 88' lang='lat' dir='ltr'><strong>aure</strong></span> <span class='ocrx_word' id='word_1_743' title='bbox 1743 5277 1902 5322; x_wconf 87' lang='lat' dir='ltr'><strong>tenus</strong></span> <span class='ocrx_word' id='word_1_744' title='bbox 1932 5270 2137 5324; x_wconf 80' lang='lat' dir='ltr'><strong>admit-</strong></span> 
     </span>
    </p>
   </div>
   <div class='ocr_carea' id='block_1_102' title="bbox 562 5355 2138 5423">
    <p class='ocr_par' dir='ltr' id='par_1_102' title="bbox 562 5355 2138 5423">
     <span class='ocr_line' id='line_1_102' title="bbox 562 5355 2138 5423; baseline 0.007 -18"><span class='ocrx_word' id='word_1_745' title='bbox 562 5360 762 5420; x_wconf 62' lang='lat' dir='ltr'><strong>tunt,»</strong></span> <span class='ocrx_word' id='word_1_746' title='bbox 830 5364 943 5409; x_wconf 89' lang='lat' dir='ltr'><strong>tum</strong></span> <span class='ocrx_word' id='word_1_747' title='bbox 998 5359 1217 5410; x_wconf 81' lang='lat' dir='ltr'><strong>detunm</strong></span> <span class='ocrx_word' id='word_1_748' title='bbox 1269 5355 1491 5410; x_wconf 89' lang='lat' dir='ltr'><strong>subdlt:</strong></span> <span class='ocrx_word' id='word_1_749' title='bbox 1532 5376 1551 5409; x_wconf 79' lang='grc' dir='ltr'><strong>ι</strong></span> <span class='ocrx_word' id='word_1_750' title='bbox 1591 5358 1758 5423; x_wconf 73' lang='lat' dir='ltr'><strong>Quasi</strong></span> <span class='ocrx_word' id='word_1_751' title='bbox 1810 5375 1919 5414; x_wconf 91' lang='lat' dir='ltr'><strong>non</strong></span> <span class='ocrx_word' id='word_1_752' title='bbox 1975 5361 2138 5417; x_wconf 82' lang='lat' dir='ltr'><strong>liceat</strong></span> 
     </span>
    </p>
   </div>
   <div class='ocr_carea' id='block_1_103' title="bbox 560 5448 2138 5520">
    <p class='ocr_par' dir='ltr' id='par_1_103' title="bbox 560 5448 2138 5520">
     <span class='ocr_line' id='line_1_103' title="bbox 560 5448 2138 5520; baseline 0.006 -22"><span class='ocrx_word' id='word_1_753' title='bbox 560 5457 804 5516; x_wconf 84' lang='lat' dir='ltr'><strong>quatuor</strong></span> <span class='ocrx_word' id='word_1_754' title='bbox 830 5463 929 5518; x_wconf 92' lang='lat' dir='ltr'><strong>per</strong></span> <span class='ocrx_word' id='word_1_755' title='bbox 962 5449 1048 5502; x_wconf 93' lang='lat' dir='ltr'><strong>bis</strong></span> <span class='ocrx_word' id='word_1_756' title='bbox 1078 5448 1187 5502; x_wconf 90' lang='lat' dir='ltr'><strong>duo</strong></span> <span class='ocrx_word' id='word_1_757' title='bbox 1215 5448 1544 5518; x_wconf 76' lang='lat' dir='ltr'><strong>significare,</strong></span> <span class='ocrx_word' id='word_1_758' title='bbox 1578 5460 1674 5504; x_wconf 85' lang='lat' dir='ltr'><strong>aut</strong></span> <span class='ocrx_word' id='word_1_759' title='bbox 1733 5451 2011 5520; x_wconf 87' lang='lat' dir='ltr'><strong>simplices</strong></span> <span class='ocrx_word' id='word_1_760' title='bbox 2069 5454 2138 5507; x_wconf 87' lang='lat' dir='ltr'><strong>li-</strong></span> 
     </span>
    </p>
   </div>
   <div class='ocr_carea' id='block_1_104' title="bbox 564 5540 2139 5614">
    <p class='ocr_par' dir='ltr' id='par_1_104' title="bbox 564 5540 2139 5614">
     <span class='ocr_line' id='line_1_104' title="bbox 564 5540 2139 5614; baseline 0.005 -24"><span class='ocrx_word' id='word_1_761' title='bbox 564 5552 701 5593; x_wconf 80' lang='lat' dir='ltr'><strong>neas</strong></span> <span class='ocrx_word' id='word_1_762' title='bbox 744 5555 839 5607; x_wconf 82' lang='lat' dir='ltr'><strong>per</strong></span> <span class='ocrx_word' id='word_1_763' title='bbox 870 5540 1045 5595; x_wconf 89' lang='lat' dir='ltr'><strong>lineas</strong></span> <span class='ocrx_word' id='word_1_764' title='bbox 1075 5553 1271 5604; x_wconf 88' lang='lat' dir='ltr'><strong>rectas,</strong></span> <span class='ocrx_word' id='word_1_765' title='bbox 1318 5552 1413 5596; x_wconf 86' lang='lat' dir='ltr'><strong>aut</strong></span> <span class='ocrx_word' id='word_1_766' title='bbox 1451 5551 1759 5596; x_wconf 87' lang='lat' dir='ltr'><strong>maternum</strong></span> <span class='ocrx_word' id='word_1_767' title='bbox 1811 5545 1987 5599; x_wconf 82' lang='lat' dir='ltr'><strong>solum</strong></span> <span class='ocrx_word' id='word_1_768' title='bbox 2041 5561 2139 5614; x_wconf 75' lang='lat' dir='ltr'><strong>per</strong></span> 
     </span>
    </p>
   </div>
   <div class='ocr_carea' id='block_1_105' title="bbox 563 5632 2138 5706">
    <p class='ocr_par' dir='ltr' id='par_1_105' title="bbox 563 5632 2138 5706">
     <span class='ocr_line' id='line_1_105' title="bbox 563 5632 2138 5706; baseline 0.005 -23"><span class='ocrx_word' id='word_1_769' title='bbox 563 5632 822 5699; x_wconf 68' lang='lat' dir='ltr'><strong>patriam,</strong></span> <span class='ocrx_word' id='word_1_770' title='bbox 881 5641 975 5686; x_wconf 77' lang='lat' dir='ltr'><strong>aut</strong></span> <span class='ocrx_word' id='word_1_771' title='bbox 1023 5634 1326 5702; x_wconf 84' lang='lat' dir='ltr'><strong>quodlibet,</strong></span> <span class='ocrx_word' id='word_1_772' title='bbox 1374 5650 1472 5706; x_wconf 78' lang='lat' dir='ltr'><strong>per</strong></span> <span class='ocrx_word' id='word_1_773' title='bbox 1512 5634 1564 5687; x_wconf 86' lang='lat' dir='ltr'><strong>id</strong></span> <span class='ocrx_word' id='word_1_774' title='bbox 1616 5635 1759 5701; x_wconf 84' lang='lat' dir='ltr'><strong>quod</strong></span> <span class='ocrx_word' id='word_1_775' title='bbox 1807 5635 1859 5689; x_wconf 90' lang='lat' dir='ltr'><strong>iu</strong></span> <span class='ocrx_word' id='word_1_776' title='bbox 1884 5635 2138 5706; x_wconf 76' lang='lat' dir='ltr'><strong>pluribus</strong></span> 
     </span>
    </p>
   </div>
   <div class='ocr_carea' id='block_1_106' title="bbox 636 5814 1167 5885">
    <p class='ocr_par' dir='ltr' id='par_1_106' title="bbox 636 5814 1167 5885">
     <span class='ocr_line' id='line_1_106' title="bbox 636 5814 1167 5885; baseline 0.008 -18"><span class='ocrx_word' id='word_1_777' title='bbox 636 5816 681 5847; x_wconf 78' lang='lat'><em>“</em></span> <span class='ocrx_word' id='word_1_778' title='bbox 713 5814 896 5870; x_wconf 77' lang='lat' dir='ltr'><strong>Matth.</strong></span> <span class='ocrx_word' id='word_1_779' title='bbox 936 5830 989 5883; x_wconf 78' lang='grc' dir='ltr'><strong>ιι,</strong></span> <span class='ocrx_word' id='word_1_780' title='bbox 1016 5815 1103 5870; x_wconf 73' lang='lat'><strong>57.</strong></span> <span class='ocrx_word' id='word_1_781' title='bbox 1158 5878 1167 5885; x_wconf 42' lang='grc'><strong>,</strong></span> 
     </span>
    </p>
   </div>
   <div class='ocr_carea' id='block_1_107' title="bbox 2240 4628 3767 4705">
    <p class='ocr_par' dir='ltr' id='par_1_107' title="bbox 2240 4628 3767 4705">
     <span class='ocr_line' id='line_1_107' title="bbox 2240 4628 3767 4705; baseline 0.001 -21"><span class='ocrx_word' id='word_1_782' title='bbox 2240 4628 2268 4684; x_wconf 86' lang='grc'>6</span> <span class='ocrx_word' id='word_1_783' title='bbox 2304 4630 2575 4700; x_wconf 82' lang='grc' dir='ltr'>γρὴγορος</span> <span class='ocrx_word' id='word_1_784' title='bbox 2606 4628 2732 4694; x_wconf 83' lang='grc' dir='ltr'>νοῦς</span> <span class='ocrx_word' id='word_1_785' title='bbox 2754 4631 2849 4684; x_wconf 73' lang='grc' dir='ltr'><strong>καὶ</strong></span> <span class='ocrx_word' id='word_1_786' title='bbox 2883 4631 3204 4703; x_wconf 85' lang='grc' dir='ltr'>φερώνυμος</span> <span class='ocrx_word' id='word_1_787' title='bbox 3237 4635 3538 4705; x_wconf 82' lang='grc' dir='ltr'>κεκραγώς</span> <span class='ocrx_word' id='word_1_788' title='bbox 3561 4650 3575 4663; x_wconf 88' lang='grc'><strong>·</strong></span> <span class='ocrx_word' id='word_1_789' title='bbox 3612 4653 3630 4685; x_wconf 84' lang='grc' dir='ltr'><strong>ι</strong></span> <span class='ocrx_word' id='word_1_790' title='bbox 3660 4633 3767 4686; x_wconf 67' lang='grc' dir='ltr'>0ὺᾶ</span> 
     </span>
    </p>
   </div>
   <div class='ocr_carea' id='block_1_108' title="bbox 2240 4720 3769 4796">
    <p class='ocr_par' dir='ltr' id='par_1_108' title="bbox 2240 4720 3769 4796">
     <span class='ocr_line' id='line_1_108' title="bbox 2240 4720 3769 4796; baseline 0.003 -25"><span class='ocrx_word' id='word_1_791' title='bbox 2240 4721 2349 4791; x_wconf 84' lang='grc' dir='ltr'><strong>γὰρ</strong></span> <span class='ocrx_word' id='word_1_792' title='bbox 2381 4723 2507 4787; x_wconf 72' lang='grc' dir='ltr'>περὶ</span> <span class='ocrx_word' id='word_1_793' title='bbox 2534 4720 2644 4775; x_wconf 83' lang='grc' dir='ltr'><strong>τῶν</strong></span> <span class='ocrx_word' id='word_1_794' title='bbox 2673 4721 2950 4790; x_wconf 81' lang='grc' dir='ltr'>ὀνομάτων</span> <span class='ocrx_word' id='word_1_795' title='bbox 2978 4722 3469 4796; x_wconf 79' lang='grc' dir='ltr'>ζυγομαχήσομεν,</span> <span class='ocrx_word' id='word_1_796' title='bbox 3504 4726 3605 4787; x_wconf 70' lang='grc' dir='ltr'>ἕως</span> <span class='ocrx_word' id='word_1_797' title='bbox 3630 4725 3689 4777; x_wconf 78' lang='grc' dir='ltr'>ἄν</span> <span class='ocrx_word' id='word_1_798' title='bbox 3711 4726 3769 4785; x_wconf 73' lang='grc' dir='ltr'>εἰς</span> 
     </span>
    </p>
   </div>
   <div class='ocr_carea' id='block_1_109' title="bbox 2239 4812 3770 4887">
    <p class='ocr_par' dir='ltr' id='par_1_109' title="bbox 2239 4812 3770 4887">
     <span class='ocr_line' id='line_1_109' title="bbox 2239 4812 3770 4887; baseline 0.001 -22"><span class='ocrx_word' id='word_1_799' title='bbox 2239 4812 2339 4883; x_wconf 76' lang='grc' dir='ltr'>τὴν</span> <span class='ocrx_word' id='word_1_800' title='bbox 2378 4812 2548 4885; x_wconf 74' lang='grc' dir='ltr'>αὐτὴν</span> <span class='ocrx_word' id='word_1_801' title='bbox 2576 4814 2785 4867; x_wconf 77' lang='grc' dir='ltr'>ἔννοιαν</span> <span class='ocrx_word' id='word_1_802' title='bbox 2816 4815 2872 4867; x_wconf 80' lang='grc' dir='ltr'><strong>αἱ</strong></span> <span class='ocrx_word' id='word_1_803' title='bbox 2907 4815 3174 4869; x_wconf 79' lang='grc' dir='ltr'>συλλαὸαὶ</span> <span class='ocrx_word' id='word_1_804' title='bbox 3209 4817 3509 4887; x_wconf 73' lang='grc' dir='ltr'>φέρωσιν.ι</span> <span class='ocrx_word' id='word_1_805' title='bbox 3547 4814 3693 4880; x_wconf 75' lang='grc' dir='ltr'>Αὖθίς</span> <span class='ocrx_word' id='word_1_806' title='bbox 3726 4834 3770 4868; x_wconf 77' lang='grc' dir='ltr'><strong>τε</strong></span> 
     </span>
    </p>
   </div>
   <div class='ocr_carea' id='block_1_110' title="bbox 2242 4900 3773 4979">
    <p class='ocr_par' dir='ltr' id='par_1_110' title="bbox 2242 4900 3773 4979">
     <span class='ocr_line' id='line_1_110' title="bbox 2242 4900 3773 4979; baseline 0.003 -23"><span class='ocrx_word' id='word_1_807' title='bbox 2242 4905 2351 4958; x_wconf 81' lang='grc' dir='ltr'><strong>τῶν</strong></span> <span class='ocrx_word' id='word_1_808' title='bbox 2388 4904 2632 4960; x_wconf 78' lang='grc' dir='ltr'>ἀθεάτων</span> <span class='ocrx_word' id='word_1_809' title='bbox 2661 4909 2690 4959; x_wconf 89' lang='grc' dir='ltr'>ὁ</span> <span class='ocrx_word' id='word_1_810' title='bbox 2719 4900 2918 4979; x_wconf 72' lang='grc' dir='ltr'>Θεαῖτὴς</span> <span class='ocrx_word' id='word_1_811' title='bbox 2942 4908 2971 4962; x_wconf 81' lang='grc' dir='ltr'>ὁ</span> <span class='ocrx_word' id='word_1_812' title='bbox 2999 4908 3165 4973; x_wconf 78' lang='grc' dir='ltr'>πολὺς</span> <span class='ocrx_word' id='word_1_813' title='bbox 3194 4908 3478 4974; x_wconf 81' lang='grc' dir='ltr'>Διονύσιος</span> <span class='ocrx_word' id='word_1_814' title='bbox 3501 4926 3518 4942; x_wconf 88' lang='grc'><strong>·</strong></span> <span class='ocrx_word' id='word_1_815' title='bbox 3542 4930 3563 4963; x_wconf 77' lang='grc' dir='ltr'><strong>ι</strong></span> <span class='ocrx_word' id='word_1_816' title='bbox 3587 4910 3773 4976; x_wconf 64' lang='grc' dir='ltr'>’Δλογου</span> 
     </span>
    </p>
   </div>
   <div class='ocr_carea' id='block_1_111' title="bbox 2242 4995 3772 5076">
    <p class='ocr_par' dir='ltr' id='par_1_111' title="bbox 2242 4995 3772 5076">
     <span class='ocr_line' id='line_1_111' title="bbox 2242 4995 3772 5076; baseline 0.003 -28"><span class='ocrx_word' id='word_1_817' title='bbox 2242 4996 2337 5049; x_wconf 74' lang='grc' dir='ltr'>καὶ</span> <span class='ocrx_word' id='word_1_818' title='bbox 2360 4995 2548 5052; x_wconf 78' lang='grc' dir='ltr'>σκαιὸν</span> <span class='ocrx_word' id='word_1_819' title='bbox 2577 4999 2720 5052; x_wconf 77' lang='grc' dir='ltr'>πάνυ</span> <span class='ocrx_word' id='word_1_820' title='bbox 2764 4996 3054 5055; x_wconf 83' lang='grc' dir='ltr'>ἀποκαλῶν</span> <span class='ocrx_word' id='word_1_821' title='bbox 3111 5002 3172 5055; x_wconf 81' lang='grc' dir='ltr'>τὸ</span> <span class='ocrx_word' id='word_1_822' title='bbox 3210 5001 3287 5073; x_wconf 80' lang='grc' dir='ltr'>μὴ</span> <span class='ocrx_word' id='word_1_823' title='bbox 3340 5002 3410 5076; x_wconf 82' lang='grc' dir='ltr'>τῇ</span> <span class='ocrx_word' id='word_1_824' title='bbox 3462 5003 3676 5072; x_wconf 78' lang='grc' dir='ltr'>δυνάμει</span> <span class='ocrx_word' id='word_1_825' title='bbox 3702 5002 3772 5053; x_wconf 68' lang='lat' dir='ltr'><strong>rei</strong></span> 
     </span>
    </p>
   </div>
   <div class='ocr_carea' id='block_1_112' title="bbox 2243 5089 3772 5163">
    <p class='ocr_par' dir='ltr' id='par_1_112' title="bbox 2243 5089 3772 5163">
     <span class='ocr_line' id='line_1_112' title="bbox 2243 5089 3772 5163; baseline 0.003 -24"><span class='ocrx_word' id='word_1_826' title='bbox 2243 5090 2446 5140; x_wconf 73' lang='grc' dir='ltr'>σκοποῦ</span> <span class='ocrx_word' id='word_1_827' title='bbox 2484 5090 2792 5159; x_wconf 81' lang='grc' dir='ltr'>προσέχειν,</span> <span class='ocrx_word' id='word_1_828' title='bbox 2826 5089 2961 5144; x_wconf 83' lang='grc' dir='ltr'><strong>ἀλλά</strong></span> <span class='ocrx_word' id='word_1_829' title='bbox 2989 5092 3110 5155; x_wconf 84' lang='grc' dir='ltr'>ταῖς</span> <span class='ocrx_word' id='word_1_830' title='bbox 3132 5090 3384 5157; x_wconf 76' lang='grc' dir='ltr'>λέξεσινο</span> <span class='ocrx_word' id='word_1_831' title='bbox 3424 5094 3525 5147; x_wconf 76' lang='grc' dir='ltr'><strong>καὶ</strong></span> <span class='ocrx_word' id='word_1_832' title='bbox 3550 5093 3691 5147; x_wconf 82' lang='grc' dir='ltr'>τοῦτο</span> <span class='ocrx_word' id='word_1_833' title='bbox 3714 5092 3772 5163; x_wconf 68' lang='grc' dir='ltr'>μὴ</span> 
     </span>
    </p>
   </div>
   <div class='ocr_carea' id='block_1_113' title="bbox 2218 5177 3775 5265">
    <p class='ocr_par' dir='ltr' id='par_1_113' title="bbox 2218 5177 3775 5265">
     <span class='ocr_line' id='line_1_113' title="bbox 2218 5177 3775 5265; baseline 0.003 -36"><span class='ocrx_word' id='word_1_834' title='bbox 2218 5177 2350 5265; x_wconf 38' lang='grc' dir='ltr'>,τῶν</span> <span class='ocrx_word' id='word_1_835' title='bbox 2378 5178 2444 5231; x_wconf 85' lang='grc' dir='ltr'><strong>τά</strong></span> <span class='ocrx_word' id='word_1_836' title='bbox 2488 5178 2607 5232; x_wconf 88' lang='grc' dir='ltr'>οεῖα</span> <span class='ocrx_word' id='word_1_837' title='bbox 2653 5182 2796 5233; x_wconf 81' lang='grc' dir='ltr'>νοεῖν</span> <span class='ocrx_word' id='word_1_838' title='bbox 2822 5180 3114 5236; x_wconf 75' lang='grc' dir='ltr'>ἐθελόντων</span> <span class='ocrx_word' id='word_1_839' title='bbox 3161 5182 3293 5236; x_wconf 78' lang='grc' dir='ltr'>ἴδιον</span> <span class='ocrx_word' id='word_1_840' title='bbox 3333 5181 3484 5239; x_wconf 75' lang='grc' dir='ltr'>εἶναι</span> <span class='ocrx_word' id='word_1_841' title='bbox 3504 5227 3520 5251; x_wconf 89' lang='grc'><strong>,</strong></span> <span class='ocrx_word' id='word_1_842' title='bbox 3547 5185 3670 5237; x_wconf 79' lang='grc' dir='ltr'>ἀλλὰ</span> <span class='ocrx_word' id='word_1_843' title='bbox 3692 5184 3775 5235; x_wconf 80' lang='grc' dir='ltr'>τῶν</span> 
     </span>
    </p>
   </div>
   <div class='ocr_carea' id='block_1_114' title="bbox 2241 5267 3773 5345">
    <p class='ocr_par' dir='ltr' id='par_1_114' title="bbox 2241 5267 3773 5345">
     <span class='ocr_line' id='line_1_114' title="bbox 2241 5267 3773 5345; baseline 0.002 -24"><span class='ocrx_word' id='word_1_844' title='bbox 2241 5267 2405 5338; x_wconf 70' lang='grc' dir='ltr'>ἤχους</span> <span class='ocrx_word' id='word_1_845' title='bbox 2446 5267 2633 5337; x_wconf 73' lang='grc' dir='ltr'>ψιλοὺς</span> <span class='ocrx_word' id='word_1_846' title='bbox 2688 5272 2806 5334; x_wconf 88' lang='grc' dir='ltr'>ταῖς</span> <span class='ocrx_word' id='word_1_847' title='bbox 2862 5273 3056 5337; x_wconf 82' lang='grc' dir='ltr'>ἀκοαῖς</span> <span class='ocrx_word' id='word_1_848' title='bbox 3099 5274 3531 5345; x_wconf 72' lang='grc' dir='ltr'>εἰσδεχομένων,</span> <span class='ocrx_word' id='word_1_849' title='bbox 3567 5296 3587 5328; x_wconf 72' lang='grc' dir='ltr'><strong>ι</strong></span> <span class='ocrx_word' id='word_1_850' title='bbox 3618 5278 3773 5341; x_wconf 67' lang='grc' dir='ltr'>ἐπάγει</span> 
     </span>
    </p>
   </div>
   <div class='ocr_carea' id='block_1_115' title="bbox 2241 5350 3774 5440">
    <p class='ocr_par' dir='ltr' id='par_1_115' title="bbox 2241 5350 3774 5440">
     <span class='ocr_line' id='line_1_115' title="bbox 2241 5350 3774 5440; baseline 0.005 -28"><span class='ocrx_word' id='word_1_851' title='bbox 2241 5360 2436 5428; x_wconf 76' lang='grc' dir='ltr'>λέγων’</span> <span class='ocrx_word' id='word_1_852' title='bbox 2474 5381 2493 5413; x_wconf 87' lang='grc' dir='ltr'>ι</span> <span class='ocrx_word' id='word_1_853' title='bbox 2547 5364 2727 5435; x_wconf 81' lang='grc' dir='ltr'>Ὅπερ</span> <span class='ocrx_word' id='word_1_854' title='bbox 2758 5364 2859 5417; x_wconf 80' lang='grc' dir='ltr'><strong>οὐκ</strong></span> <span class='ocrx_word' id='word_1_855' title='bbox 2889 5350 3023 5430; x_wconf 74' lang='grc' dir='ltr'>ἐξὸν</span> <span class='ocrx_word' id='word_1_856' title='bbox 3050 5362 3143 5419; x_wconf 75' lang='grc' dir='ltr'>τὸν</span> <span class='ocrx_word' id='word_1_857' title='bbox 3184 5368 3431 5438; x_wconf 81' lang='grc' dir='ltr'>τέσσαρα</span> <span class='ocrx_word' id='word_1_858' title='bbox 3470 5360 3687 5440; x_wconf 70' lang='grc' dir='ltr'>ἀρὶθμὶιν</span> <span class='ocrx_word' id='word_1_859' title='bbox 3710 5369 3774 5420; x_wconf 61' lang='grc' dir='ltr'><strong>ω</strong></span> 
     </span>
    </p>
   </div>
   <div class='ocr_carea' id='block_1_116' title="bbox 2241 5451 3776 5530">
    <p class='ocr_par' dir='ltr' id='par_1_116' title="bbox 2241 5451 3776 5530">
     <span class='ocr_line' id='line_1_116' title="bbox 2241 5451 3776 5530; baseline 0.003 -26"><span class='ocrx_word' id='word_1_860' title='bbox 2241 5451 2335 5504; x_wconf 85' lang='grc' dir='ltr'><strong>τοῦ</strong></span> <span class='ocrx_word' id='word_1_861' title='bbox 2364 5453 2445 5517; x_wconf 79' lang='grc' dir='ltr'><strong>δὶς</strong></span> <span class='ocrx_word' id='word_1_862' title='bbox 2476 5451 2570 5507; x_wconf 83' lang='grc' dir='ltr'><strong>δύο</strong></span> <span class='ocrx_word' id='word_1_863' title='bbox 2617 5456 2923 5525; x_wconf 86' lang='grc' dir='ltr'>σημαίνειν,</span> <span class='ocrx_word' id='word_1_864' title='bbox 2978 5457 3011 5529; x_wconf 77' lang='grc' dir='ltr'><strong>ἢ</strong></span> <span class='ocrx_word' id='word_1_865' title='bbox 3059 5458 3125 5511; x_wconf 79' lang='grc' dir='ltr'><strong>τὰ</strong></span> <span class='ocrx_word' id='word_1_866' title='bbox 3152 5457 3533 5530; x_wconf 80' lang='grc' dir='ltr'>εὐθύγραμμα</span> <span class='ocrx_word' id='word_1_867' title='bbox 3581 5461 3660 5513; x_wconf 72' lang='grc' dir='ltr'><strong>διὰ</strong></span> <span class='ocrx_word' id='word_1_868' title='bbox 3692 5459 3776 5510; x_wconf 72' lang='grc' dir='ltr'>τῶν</span> 
     </span>
    </p>
   </div>
   <div class='ocr_carea' id='block_1_117' title="bbox 2244 5546 3775 5626">
    <p class='ocr_par' dir='ltr' id='par_1_117' title="bbox 2244 5546 3775 5626">
     <span class='ocr_line' id='line_1_117' title="bbox 2244 5546 3775 5626; baseline 0.014 -28"><span class='ocrx_word' id='word_1_869' title='bbox 2244 5546 2670 5618; x_wconf 73' lang='grc' dir='ltr'>ὀρθογράμμων,</span> <span class='ocrx_word' id='word_1_870' title='bbox 2720 5551 2877 5622; x_wconf 49' lang='lat' dir='ltr'><strong>tam</strong></span> <span class='ocrx_word' id='word_1_871' title='bbox 2909 5554 3142 5624; x_wconf 84' lang='grc' dir='ltr'>μητρίδα</span> <span class='ocrx_word' id='word_1_872' title='bbox 3188 5554 3276 5608; x_wconf 77' lang='grc' dir='ltr'><strong>διὰ</strong></span> <span class='ocrx_word' id='word_1_873' title='bbox 3304 5558 3409 5624; x_wconf 81' lang='grc' dir='ltr'>τῆς</span> <span class='ocrx_word' id='word_1_874' title='bbox 3451 5557 3717 5626; x_wconf 75' lang='grc' dir='ltr'>πατρίδος.</span> <span class='ocrx_word' id='word_1_875' title='bbox 3752 5554 3775 5619; x_wconf 71' lang='grc' dir='ltr'>ἦ</span> 
     </span>
    </p>
   </div>
   <div class='ocr_carea' id='block_1_118' title="bbox 2244 5641 3775 5719">
    <p class='ocr_par' dir='ltr' id='par_1_118' title="bbox 2244 5641 3775 5719">
     <span class='ocr_line' id='line_1_118' title="bbox 2244 5641 3775 5719; baseline 0.002 -25"><span class='ocrx_word' id='word_1_876' title='bbox 2244 5641 2431 5713; x_wconf 72' lang='grc' dir='ltr'>ἕτερον</span> <span class='ocrx_word' id='word_1_877' title='bbox 2461 5642 2569 5696; x_wconf 82' lang='grc' dir='ltr'><strong>τῶν</strong></span> <span class='ocrx_word' id='word_1_878' title='bbox 2609 5644 2823 5708; x_wconf 81' lang='grc' dir='ltr'>πολλοῖς</span> <span class='ocrx_word' id='word_1_879' title='bbox 2854 5646 3046 5716; x_wconf 79' lang='grc' dir='ltr'>μέρεσι</span> <span class='ocrx_word' id='word_1_880' title='bbox 3075 5648 3167 5701; x_wconf 77' lang='grc' dir='ltr'><strong>τοῦ</strong></span> <span class='ocrx_word' id='word_1_881' title='bbox 3208 5649 3368 5717; x_wconf 86' lang='grc' dir='ltr'>λόγου</span> <span class='ocrx_word' id='word_1_882' title='bbox 3420 5651 3589 5703; x_wconf 71' lang='lat' dir='ltr'><strong>norb</strong></span> <span class='ocrx_word' id='word_1_883' title='bbox 3616 5663 3775 5719; x_wconf 70' lang='grc' dir='ltr'>σημαι-</span> 
     </span>
    </p>
   </div>
  </div>
