3972 6570
220 373 356 440 1353
407 417 421 431 .

1204 377 1507 438 CONTRA
1544 370 1977 436 MANUELEM
2018 373 2497 437 CRETENSEM.

3320 374 3458 442 154

217 493 432 548 νόντων.
473 510 492 544 ι
531 492 714 565 "Art-sp
743 493 772 546 ό
816 492 1084 562 σύνεγγυς
1116 492 1308 548 τούτου
1341 492 1785 565 προ-τεθειμένος,

1896 491 2158 547 orationis
2185 491 2430 562 partibus
2476 488 2785 561 aequivalet.
2829 510 2847 543 ι
2885 491 3007 547 Haec
3036 493 3131 562 qui
3184 500 3312 547 ante
3342 507 3469 548 eum

217 583 309 640 καὶ
335 584 474 656 πρὸς
508 584 653 640 ἅπαν
675 585 953 657 ὁμόφρων,
993 589 1052 640 ὲν
1089 586 1167 656 τῷ
1195 586 1327 657 περὶ.
1351 585 1448 639 τοῦ
1472 585 1790 656 Πνεύματος

215 678 355 745 λόγῳ
403 678 542 748 πρὸς
588 679 681 732 τὸν
734 679 979 732 ἐναντίον
1033 677 1339 749 μεθοδεύων
1391 676 1535 731 οὕτω
1578 676 1786 748 φησίν·

219 786 239 820 ι
270 768 330 820 Εἰ
360 767 417 820 δέ
464 785 560 821 σου
593 768 660 822 τὰ
702 768 782 833 δἰς
827 769 990 822 πέντε
1032 752 1322 835 λέγοντος,
1357 768 1389 839 ἥ
1431 769 1493 822 τὸ
1529 768 1612 831 δὶς
1651 766 1792 822 ἑπτὰ

212 859 278 913 ’τὰ
312 860 445 913 δέκα
479 860 736 930 συνῆγον,
774 861 807 931 ἢ
845 861 916 913 τὰ
941 861 1441 932 τεσσαρεσκαίδεκα
1471 862 1535 912 ὲκ
1561 860 1669 913 τῶν
1701 860 1792 912 λε-

211 953 482 1022 γομένων,
518 949 629 1023 ἆρα
673 953 740 1007 ἄν
775 971 857 1007 σοι
899 955 1086 1025 ληρεῖν
1126 954 1457 1026 ὲνομίσθην,
1502 954 1595 1007 κοιλ⁸
1642 953 1790 1017 πῶς,

212 1042 283 1095 τὰ
317 1043 387 1096 σὰ
415 1043 591 1112 λέγων
613 1061 628 1111 ;
667 1062 686 1096 ›
718 1045 838 1098 Ἔτι
860 1063 920 1098 τε
941 1045 1193 1115 Μάξιμος
1219 1048 1246 1098 ό
1270 1046 1362 1100 ’τὸν
1388 1044 1550 1116 ζῆλον
1576 1045 1673 1099 καὶ¹
1693 1042 1792 1115 τὴν

211 1135 501 1205 ὁμολογίαν
528 1136 950 1208 ἀξιοθρύλλητος
985 1139 1083 1210 βοᾷ
1107 1138 1391 1206 διατόρως·
1429 1157 1447 1190 ι
1471 1137 1658 1201 Φωνὰς
1695 1137 1793 1207 μὲν

213 1227 475 1291 πολλάκις
511 1230 637 1292 τοὺς
670 1231 922 1299 Πατέρας
953 1233 1327 1302 παραχωρεῖν,
1365 1230 1575 1292 ἑννοίας
1610 1229 1668 1283 δὲ
1697 1229 1791 1281 οὐ·

212 1318 408 1389 δαμοῦ,
433 1320 514 1372 ὅτι
542 1320 617 1390 μὴ
649 1322 705 1372 ὲν
730 1321 992 1390 ῥήμασιν,
1021 1321 1138 1375 ἀλλ’
1170 1326 1227 1373 ὲν
1257 1321 1488 1382 ἐννοίαις
1510 1321 1610 1392 ’τῆς
1640 1321 1796 1374 εὐσε-

213 1414 366 1476 ϐείας
391 1414 452 1467 τὸ
481 1415 620 1482 μέγα
652 1415 974 1486 μυστήριον.
1010 1434 1029 1467 ι
1066 1418 1126 1468 Οί
1150 1414 1279 1483 γοῦν
1310 1414 1379 1468 τὰ
1401 1414 1494 1484 τῆς
1518 1414 1794 1484 διαμάχης

211 1505 321 1558 τῶν
369 1506 707 1576 Ἐκκλησιῶν
748 1508 804 1560 ὲν
838 1507 1194 1578 προσχήματι
1224 1506 1389 1577 ζήλου
1425 1506 1627 1577 μᾶλλον
1656 1523 1792 1575 κρα-

96 1623 111 1632 -
209 1598 462 1663 τύνοντες
486 1599 779 1671 ὁσημέραι,
816 1598 919 1653 ποῦ
945 1600 1042 1671 τὴν
1067 1599 1233 1670 ἕδραν
1266 1600 1484 1670 ἔχουσιν
1511 1599 1792 1670 ἡδρασμέ-

212 1710 332 1764 νην,
358 1694 440 1745 ὅτι
473 1693 549 1763 μὴ
580 1694 834 1764 καθαρῶς
865 1695 943 1756 είς
966 1693 1233 1764 λαμπρὰν
1257 1693 1365 1746 τῶν
1392 1692 1793 1763 διειλημμένων

213 1787 484 1856 ῥημάτων
534 1802 593 1839 τε
641 1787 735 1840 καὶ
785 1786 1097 1857 προσώπων
1141 1786 1603 1855 ἀντιπαράταξιν;
1647 1786 1794 1856 Πλὴν

211 1877 521 1948 Θεωρητέον
546 1878 640 1930 καὶ
660 1877 855 1942 λοιπὰς
885 1877 1244 1945 τῶνλλέξεων,
1274 1877 1329 1930 αἳ
1353 1878 1412 1931 τὸ
1432 1877 1628 1930 ταυτὸν
1648 1894 1792 1946 παρ-

212 1970 407 2022 ιστῶσι
435 1968 514 2039 τῷ
565 1970 948 2038 ἐκπορεύεται.
981 1970 1116 2023 esse
1146 1969 1254 2040 γὰρ
1297 1969 1415 2022 δέον
1450 1969 1517 2033 ἃς
1551 1969 1796 2041 ἀπηριθ-

194 2062 473 2132 μήσαμεν
517 2060 705 2115 ὲνθὰδε
756 2061 1178 2132 παραδραμεῖν,
1232 2064 1280 2115 εἰ
1335 2062 1427 2114 καὶ
1468 2064 1535 2115 ἐκ
1581 2062 1796 2117 πολλῶν

207 2156 403 2222 ὀλίγας
434 2157 565 2224 ἡμῖν
592 2155 708 2207 ἐστι
733 2154 794 2207 τὸ
824 2155 1097 2221 παράγειν
1127 2153 1446 2223 μαρτυριῶν
1470 2153 1567 2206 κα)⁸
1591 2155 1795 2208 λοιπῶν

212 2251 445 2305 θέσεων.
477 2251 687 2306 Οὐκοῦν
712 2251 839 2321 περὶ
862 2249 957 2303 τοῦ
988 2250 1327 2319 πεφηνέναι
1347 2249 1457 2301 τῶν
1481 2251 1794 2317 κεφαλαίων

207 2346 271 2397 ὲν
298 2344 379 2396 ἑνὶ
405 2343 505 2414 τῷ,
536 2345 617 2397 ὅτι
648 2344 767 2396 θεία
806 2342 971 2411 φύσις
1000 2342 1060 2395 τὸ
1084 2340 1311 2412 Πνεῦμα
1349 2342 1410 2394 τὸ
1458 2341 1611 2411 ᾶγιον
1636 2344 1663 2395 ό
1702 2358 1797 2412 με·

207 2437 481 2506 γαλόνους
523 2436 650 2489 τάδε
676 2435 982 2506 διαγορεύει
1029 2434 1329 2498 Βασίλειοςο
1366 2451 1385 2485 ι
1421 2434 1648 2504 Πνεῦμα
1686 2434 1796 2504 γὰρ

206 2528 294 2598 τῷ
325 2527 491 2592 ζῶντι
532 2526 692 2597 Λόγῳ
735 2524 1167 2594 συντεταγμένον
1206 2526 1287 2585 είς
1319 2523 1379 2575 τὸ
1408 2522 1791 2593 δημιουργεῖν,

208 2620 370 2684 ζῶσα
401 2618 633 2687 δύναμις
664 2619 757 2670 καὶ
800 2617 922 2670 θεία
967 2615 1131 2685 φύσις
1172 2614 1414 2687 ἄρρητός
1450 2612 1510 2678 ἐξ
1550 2614 1793 2684 ἀρρήτου

210 2713 490 2782 στόματος
527 2712 824 2779 πεφηνυία.
860 2728 879 2761 ι
925 2708 986 2761 '0
1021 2708 1183 2769 αὐτὸς
1210 2708 1269 2761 ὲν
1296 2710 1368 2776 τῇ
1402 2705 1669 2776 ἑρμηνείᾳ
1699 2705 1792 2758 τοῦ

208 2803 296 2874 λβ⁹
324 2800 565 2871 ψαλμοῦ·
603 2817 623 2853 ι
646 2800 735 2864 Ὣς
764 2797 859 2853 οῦν
888 2802 915 2853 ὁ
934 2798 996 2867 δη
1008 2816 1127 2867 μιου
1139 2798 1266 2869 ργὸς
1292 2797 1462 2866 Λόγος
1488 2797 1792 2866 ἐστερέωσε

207 2896 309 2947 τὸν
339 2892 592 2962 οὐρανὸν,
628 2892 770 2946 οὕτω
798 2892 893 2944 καὶ
920 2890 980 2942 τὸ
1015 2889 1240 2957 Πνεῦμα
1275 2889 1368 2941 τοῦ
1392 2887 1552 2953 Θεοῦ,
1581 2888 1610 2940 ὃ
1641 2888 1792 2959 παρὰ

207 2984 310 3038 τοῦ
353 2984 565 3053 Πατρδς
590 2981 965 3053 ἐκπορεύεται,
1007 2980 1283 3033 τουτέστιν
1313 2981 1376 3032 ἐκ
1400 2977 1494 3031 τοῦ
1526 2978 1795 3048 στόματος

210 3076 410 3131 αὐτοῦ.
440 3095 458 3128 ι
506 3075 575 3130 Ὃ
623 3075 754 3144 γοῦν
801 3076 980 3127 ἐκεῖσε
1021 3091 1040 3124 ι
1069 3072 1189 3126 Θεία
1231 3074 1391 3141 φύσις
1442 3072 1501 3139 ἐξ
1547 3073 1790 3143 ἀρῤήτου

1897 584 2148 656 proxime
2173 585 2461 656 appositus
2527 593 2631 650 est,
2687 593 2745 639 et
2785 584 2840 638 in
2876 585 3131 640 omnibus
3189 599 3315 640 cum
3358 585 3474 654 ipso

1896 676 2239 732 concordans
2290 677 2542 733 oratione
2573 675 2641 731 de
2706 673 2937 746 Spiritu,
2983 678 3038 732 in
3101 676 3474 743 adversarium

1840 796 1854 815 ι
1895 766 2138 838 dirigens
2169 768 2320 823 hunc
2365 767 2420 823 in
2450 766 2673 824 modum
2710 767 2954 838 disponit
2987 783 3002 822 :
3047 787 3066 821 ι
3095 767 3251 834 Quod
3275 767 3340 832 si,
3381 768 3474 823 ubi

1896 868 1951 915 tu
1988 859 2195 915 dixeris
2241 860 2326 915 bis
2365 860 2609 931 quinque
2657 869 2756 916 aut
2808 860 2893 916 bis
2940 869 3174 929 septem,
3224 875 3324 933 ego
3378 860 3476 915 de-

1895 967 2036 1018 cem,
2069 962 2164 1007 aut
2187 952 2374 1009 decem
2406 962 2463 1008 et
2509 962 2744 1023 quatuor
2767 954 3074 1023 colligerem
3126 968 3194 1009 ex
3226 967 3473 1025 pronun-

1895 1046 2064 1112 tiatis,
2111 1056 2472 1117 reputarerne
2524 1047 2621 1102 tibi
2679 1047 2884 1102 insulse
2932 1047 3229 1117 inepteque
3283 1047 3475 1118 loqui?

1896 1136 1965 1191 Et
2015 1135 2293 1205 quomodo
2329 1136 2387 1202 id
2416 1136 2607 1203 fuerit,
2633 1152 2757 1191 cum
2789 1146 2881 1193 tua
2913 1137 3032 1206 ipse
3071 1138 3339 1192 recitem?
3383 1135 3479 1191 Sic

1896 1237 1952 1281 et
1979 1228 2252 1285 Maximus
2282 1229 2400 1284 zelo
2449 1240 2504 1285 et
2544 1230 2896 1286 confessione
2935 1230 3344 1286 Iaudatissimus
3391 1245 3480 1285 so-

1895 1334 2033 1375 nore
2063 1320 2264 1376 clamat
2305 1337 2319 1375 :
2372 1339 2391 1373 ι
2432 1321 2609 1377 Voces
2642 1336 3024 1392 saepenumero
3063 1322 3348 1392 deiloquos
3376 1310 3480 1377 Pa-

1896 1407 2008 1473 ires
2037 1419 2362 1484 concedere,
2412 1419 2714 1474 sententias
2752 1419 2902 1474 nullo
2952 1419 3135 1483 modo,
3187 1419 3331 1490 quod
3364 1433 3478 1473 non
3541 1419 3547 1427 '

1897 1509 1952 1563 in
1979 1510 2182 1576 verbis,
2212 1512 2308 1566 sed
2353 1509 2643 1567 sententiis
2676 1511 2897 1581 pietatis
2948 1527 3237 1581 magnum.
3272 1520 3478 1582 myste-

1897 1602 2040 1657 rium
2066 1603 2303 1659 exsistit.
2344 1622 2363 1656 ι
2398 1603 2504 1670 Qui
2552 1604 2738 1675 itaque
2774 1602 3146 1659 Ecclesiarum
3187 1601 3477 1656 dissidium

1897 1695 2160 1751 simulato
2190 1696 2333 1750 zelo~
2362 1696 2534 1768 magis
2565 1711 2630 1752 ac
2673 1696 2847 1766 magis
2869 1694 3102 1767 singulis
3131 1693 3327 1749 diebus
3347 1707 3479 1747 con-

1899 1785 2210 1851 stabiliunt,
2242 1786 2464 1842 ubinam
2520 1789 2712 1857 pedem
2748 1787 2963 1842 ﬁrmum
2996 1787 3218 1850 sistunt,
3245 1798 3478 1854 seseque

1899 1876 2427 1943 securosreddunt,
2465 1878 2570 1933 nisi
2615 1862 2910 1948 perspicue
2960 1879 3015 1932 in
3050 1886 3243 1947 aperta
3283 1877 3480 1932 verbo-

1900 1982 2021 2021 rum
2053 1982 2219 2038 supra
2237 1969 2539 2039 positorum
2563 1985 2627 2025 ac
2648 1970 3480 2042 personarumbppugnatione?

1897 2058 2273 2116 Nihilominus
2301 2062 2420 2117 aliae
2453 2078 2671 2133 quoque
2700 2079 2865 2120 voces
2891 2064 3303 2119 considerandae
3329 2071 3480 2129 sunt,

1897 2167 2021 2222 quae
2072 2169 2184 2207 non
2218 2154 2365 2210 aliud
2401 2172 2564 2225 quam
2600 2155 2774 2225 ipsam
2830 2156 3240 2227 processionem
3268 2155 3480 2227 signiti-

1898 2252 2051 2300 cant.
2091 2242 2279 2314 Neque
2312 2245 2460 2300 enim
2483 2261 2666 2316 opera:
2691 2246 2930 2317 pretium
2969 2256 3054 2302 est
3094 2247 3229 2301 alias
3258 2261 3479 2301 enume-

1899 2344 2047 2390 ratas
2096 2336 2188 2392 hic
2234 2339 2538 2407 praeterire,
2594 2339 2725 2393 licet
2765 2353 2832 2394 ex
2887 2339 3073 2394 multis
3118 2354 3321 2409 paucas
3371 2338 3479 2394 huc

1898 2429 2095 2485 aIIerre
2120 2430 2187 2485 ad
2222 2433 2628 2501 comprobanda
2662 2432 3064 2502 statuendaque
3093 2448 3213 2503 quae
3243 2431 3479 2487 dicimus

1897 2523 2114 2579 animus
2142 2524 2240 2578 sit.
2274 2524 2354 2578 De
2405 2541 2669 2595 apparere
2701 2525 2758 2580 in
2795 2541 2905 2581 uno
2935 2541 3003 2581 ex
3065 2527 3361 2596 capitibus.
3422 2527 3479 2581 in

1897 2630 2007 2684 quo
2039 2615 2239 2686 agitur,
2268 2615 2467 2671 divinae
2506 2627 2718 2671 naturae
2746 2632 2870 2673 esse
2902 2617 3168 2685 Spiritum
3200 2625 3476 2681 sanctum,

1896 2721 2093 2775 magna
2133 2718 2317 2762 mente
2346 2690 2607 2779 praeditus
2632 2709 2865 2765 Basilius
2890 2710 3006 2764 haec
3036 2710 3228 2765 scribit
3254 2725 3270 2764 :
3304 2726 3324 2762 ι
3350 2708 3479 2779 Spi-

1897 2797 2035 2853 ritus
2061 2798 2208 2852 enim
2250 2815 2359 2852 una
2388 2814 2512 2853 eum
2569 2800 2791 2855 vivente
2830 2798 3011 2856 Verbo
3051 2800 3374 2863 collocatus,
3409 2799 3478 2852 ad

1896 2890 2193 2944 creandum
2224 2890 2417 2946 vivens
2453 2889 2685 2946 facultas
2712 2902 2766 2948 et
2797 2893 3006 2959 divina,
3054 2903 3249 2947 natura
3292 2891 3480 2946 inetia-

1896 2981 2020 3036 bilis
2033 2998 2097 3035 ex
2122 2982 2378 3037 ineﬂ‘abili
2402 2998 2497 3039 ore
2519 2999 2807 3054 apparens.
2830 3003 2850 3038 ο
2872 2985 3019 3040 Idem
3050 2986 3105 3039 in
3135 2984 3479 3055 expositione

1898 3069 2100 3124 Psalmi
2148 3072 2412 3141 trigesimi
2449 3075 2676 3128 secundi
2741 3091 2756 3128 :
2819 3092 2838 3127 (
2884 3074 2975 3130 Uti
3031 3076 3215 3143 itaque
3261 3084 3480 3131 creator

212 3172 493 3240 στόματος
542 3171 850 3238 πεφηνυῖα,
878 3186 898 3219 ι
959 3166 1192 3219 ἐνταῦθα
1231 3164 1398 3220 τοῦτο’
1430 3168 1641 3237 τρανῶς
1675 3183 1694 3218 ί
1731 3168 1793 3220 ἐκ

1898 3163 2139 3219 Verbum
2174 3166 2374 3220 caelum
2422 3166 2676 3233 ﬁrmavit,
2728 3167 2807 3223 sic
2855 3175 2919 3223 et.
2948 3167 3190 3238 Spiritus
3241 3169 3477 3239 Dei,qui

208 3263 312 3317 τοῦ
353 3263 624 3332 στόματος
676 3258 1059 3329 ἐκπορεύεται.
1095 3277 1113 3310 ι
1165 3260 1275 3313 Καὶ
1332 3261 1448 3322 πῶς
1497 3261 1525 3311 ὁ
1576 3259 1799 3329 ὑψίνους

203 3356 426 3417 ταῦτα,
460 3355 509 3406 εί
541 3354 617 3422 μὴ
651 3353 709 3405 ἓν
738 3356 829 3405 καὶ
861 3353 920 3404 τὸ
951 3352 1083 3405 αὐτὸ
1130 3352 1274 3404 κατὰ
1309 3350 1432 3403 νοῦν
1459 3348 1600 3405 οἶδεν
1629 3352 1794 3420 ἄμφω

207 3446 276 3498 τὺ
308 3443 647 3513 πεφηνέναι
674 3445 767 3496 καὶ
797 3444 1230 3511 ἐκπορεύεσθαι
1258 3458 1275 3505 ;
1314 3443 1438 3494 Ὅτι
1467 3442 1524 3495 δὲ
1555 3443 1798 3494 πλεῖστοι

205 3536 357 3590 τῶν.
393 3535 839 3607 θεοφορουμένων
895 3535 1067 3603 στόμα
1121 3532 1214 3586 τοῦ
1264 3533 1480 3602 Πατρὸς
1528 3533 1620 3586 τὸν
1668 3532 1795 3586 Υίδν

206 3626 668 3698 δογματίζουσιν,
692 3626 719 3678 ό
746 3627 802 3677 ὲν
826 3625 1001 3693 ἁγίοις
1043 3625 1354 3694 Ἀντιοχέων
1384 3623 1609 3694 φωστὴρ
1641 3625 1798 3677 Ἀνα-

210 3722 441 3781 στάσιος
481 3720 639 3788 μόνος
676 3716 1055 3786 παραληφθεὶς
1085 3717 1483 3787 διευκρινήσειε
1516 3715 1791 3787 καθαρῶς.

168 3804 359 3883 [Περὶ
386 3813 493 3881 γὰρ
520 3812 627 3864 τῶν
662 3809 785 3863 καθ’
818 3810 964 3878 ἡμᾶς
990 3809 1164 3880 ὀροῶν
1180 3810 1280 3879 τῆς
1311 3809 1571 3878 ἀληθείας
1596 3810 1799 3879 δογμά-

201 3922 348 3968 των,
390 3903 587 3973 βίὸλων
626 3902 682 3954 δέ
714 3918 875 3953 τινων
914 3902 947 3970 ή
974 3902 1255 3969 ἐπιγραφὴ
1278 3900 1370 3952 τὸν
1402 3900 1569 3953 πολὺν
1600 3902 1658 3953 ἐν
1683 3903 1796 3965 τοῖς

203 3997 388 4058 ϐείοις
424 3995 656 4064 δόγμασι
685 3994 958 4064 Θεόδωρον
983 3993 1075 4044 τὸν
1114 3994 1205 4061 τῆς
1249 3992 1462 4046 Ῥαϊοοῦ
1496 3994 1799 4063 πρεσϐύτε-

204 4107 315 4161 ρον
360 4091 494 4159 ἔχει,
526 4087 789 4154 Θεολογῶν
822 4087 963 4141 οῦτω
1011 4089 1145 4156 φησί
1182 4102 1197 4117 ο
1234 4103 1253 4136 ι
1300 4086 1405 4139 Τοῦ
1442 4086 1499 4139 δὲ
1541 4086 1795 4157 σώματος

202 4184 273 4237 τὸ
306 4181 505 4251 ἰδίωμα
526 4179 806 4242 λαϐόντες,
829 4178 906 4241 ὡς
938 4178 1293 4247 παράδειγμα
1315 4178 1414 4249 τὴν
1434 4178 1796 4248 ἀλληλουχίαν

198 4272 325 4328 τῶν
361 4274 521 4326 θείων
547 4272 903 4324 ὑποστάσεων
953 4271 1403 4339 παρεστήσαμεν,
1433 4269 1522 4321 διὰ
1562 4270 1659 4341 τῆς
1686 4270 1796 4322 τῶν

202 4365 401 4437 μελῶν
440 4364 730 4431 ἀναλογίας
775 4380 833 4415 τε
878 4362 972 4415 καὶ
1027 4361 1302 4423 εἰκασίας·
1336 4364 1512 4431 ταύτῃ
1550 4353 1658 4432 γέῖρ
1702 4360 1797 4415 καὶ

198 4460 448 4529 Πνεῦμα
471 4459 740 4527 στόματος
769 4455 952 4519 αὑτοῦ,
987 4454 1227 4522 δηλονότι
1260 4454 1351 4505 τοῦ
1374 4452 1509 4505 Θεοῦ
1541 4455 1600 4505 τὸ
1628 4454 1795 4507 Πνεῦ-

201 4572 295 4623 μα
314 4552 376 4605 τὸ
406 4551 557 4617 ἆγιον
582 4550 821 4617 λέγεται,
847 4547 1113 4614 στόματος
1131 4545 1281 4606 ὄντος
1310 4544 1403 4595 τοῦ
1432 4544 1792 4612 Μονογενοῦς,

198 4646 331 4700 Καὶ
389 4642 613 4712 Πνεῦμα
662 4641 825 4693 πάλιν
878 4639 935 4704 ἐξ
969 4638 1136 4691 αὐτοῦ
1195 4638 1646 4705 ἐκπορευόμενον,
1701 4640 1795 4691 καὶ

190 4736 684 4805 ἀποστελλόμενον
734 4733 795 4784 οῦ
850 4732 1010 4801 μόνον
1062 4731 1213 4799 παρὰ
1242 4730 1335 4781 τοῦ
1375 4731 1622 4800 Πατρὸς,
1658 4729 1795 4784 ἀλλὰ

189 4834 308 4886 καί
345 4829 496 4899 παρὰ
542 4826 636 4879 τοῦ
670 4824 856 4877 Υἱοῦ.»
906 4823 963 4876 Ὀ
996 4824 1155 4885 αὐτὸς
1208 4824 1265 4874 ἐν
1300 4823 1376 4893 τῷ
1423 4824 1549 4893 περὶ
1600 4825 1796 4893 ἅπεριι

189 4926 464 4993 γράπτου
496 4919 733 4988 δευτέρῳ
766 4918 912 4984 λόγῳ
951 4914 1137 4968 αὐτοῦ’
1175 4933 1193 4965 ι
1223 4915 1366 4968 Νοῦν
1404 4914 1461 4965 δέ
1499 4932 1680 4985 φαμεν
1704 4916 1793 4967 τὸν

188 5017 441 5084 Πατέρα
488 5011 581 5064 τοῦ
618 5010 816 5078 Λόγου,
874 5007 998 5060 νοῦν
1045 5008 1103 5057 ἐν
1156 4998 1198 5072 ᾧ
1241 5008 1434 5073 Λόγος,
1488 5005 1609 5074 μεθ’
1638 4999 1699 5056 οῦ
1734 5005 1794 5057 τὸ

190 5105 468 5173 Πνεῦμα,
516 5102 579 5153 τὸ
610 5103 761 5167 ᾰγιον
804 5097 1027 5163 Πνεῦμα
1062 5096 1328 5164 στόματος
1363 5094 1456 5147 τοῦ
1487 5095 1619 5147 Θεοῦ
1654 5112 1791 5165 χρη-

188 5187 486 5271 ματίζονο
542 5185 712 5261 στόμα
762 5191 870 5260 γὰρ
906 5190 1114 5258 Πατρῦς
1148 5191 1173 5240 ὁ
1208 5189 1352 5249 Υἱός·
1383 5205 1403 5239 ι
1444 5186 1517 5239 Τό
1570 5203 1631 5255 γε
1685 5188 1792 5257 μὴν

193 5313 217 5344 ι
268 5289 378 5342 Ἐκ
409 5286 501 5341 τοῦ
527 5286 659 5356 ἐμοῦ
692 5283 945 5353 λήψεται,
972 5299 992 5333 ι
1026 5281 1119 5332 καὶ
1151 5279 1211 5331 τὸ
1247 5298 1263 5329 ι
1303 5278 1397 5331 Ἐκ
1434 5278 1528 5330 τοῦ
1578 5278 1791 5348 Πατρὶς

182 5380 603 5453 ἐκπορεύεται,
640 5398 657 5429 ι
700 5378 735 5431 ἆ
776 5394 938 5446 φησιν
969 5375 1053 5444 ἐφ’
1084 5373 1282 5426 ἑαυτοῦ
1323 5390 1379 5426 τε
1416 5375 1510 5426 καὶ
1541 5373 1635 5426 τοῦ
1676 5375 1790 5429 Πα-

179 5478 347 5541 τρός
398 5471 653 5542 περὶτοῦ
707 5469 1023 5538 Πνεύματος
1070 5467 1097 5517 ὁ
1139 5464 1329 5534 Σωτὴρ
1379 5465 1788 5527 ἀποδεικτικαίς

178 5566 517 5622 πιστώσεσι
575 5563 670 5615 καὶ
715 5561 1079 5622 κατασκευαῖς
1134 5559 1231 5628 τῆς
1285 5558 1454 5628 αὐτῆς
1489 5561 1786 5629 παρίστησι

178 5658 459 5721 διανοίας
505 5658 531 5710 ό
566 5656 632 5709 τὰ
667 5655 788 5707 Θεῖα
842 5653 1005 5716 πολὺς
1060 5651 1410 5719 Ἐπιφάνιος,
1442 5649 1621 5713 καθὼς
1675 5652 1789 5704 ἄνω

178 5747 706 5821 προδιειλήφαμεν.

1901 3270 1930 3309 a
1961 3253 2123 3309 Patre
2157 3256 2422 3325 procedit,
2482 3272 2545 3311 ex
2576 3271 2670 3333 ore
2701 3273 2899 3328 nempe
2929 3258 3099 3313 illius.
3141 3278 3159 3311 ι
3195 3258 3351 3324 Quod
3387 3260 3479 3330 igi-

1899 3359 1988 3405 tur
2018 3348 2089 3403 ibi
2129 3357 2213 3403 est
2266 3370 2284 3401 ι
2320 3350 2503 3404 divina
2533 3361 2727 3406 natura
2778 3368 2845 3407 ex
2872 3352 3137 3409 ineffabili
3159 3367 3258 3408 ore
3296 3369 3470 3423 appa-

1901 3457 2048 3507 rens,
2089 3461 2108 3494 i
2150 3443 2242 3498 liic
2284 3442 2417 3497 illud
2474 3443 2762 3512 perSpicue
2817 3464 2836 3496 ι
2878 3459 2947 3500 ex
2997 3460 3096 3500 ore
3136 3444 3405 3516 procedit.
3451 3464 3471 3498 ο

1902 3533 1969 3588 Ει
2005 3549 2113 3604 qua
2139 3535 2347 3588 ratione
2380 3534 2578 3588 similia
2608 3535 2822 3589 excelsa
2853 3546 3036 3591 mente
3076 3537 3335 3606 praeditus
3393 3538 3478 3590 in-

1898 3627 2164 3689 sinuaret,
2228 3627 2332 3681 nisi
2367 3628 2614 3681 eamdem
2655 3619 2931 3697 unamque
2972 3629 3302 3684 sententiam
3327 3629 3475 3687 illius

1900 3733 2155 3788 apparere
2183 3730 2238 3772 et
2266 3719 2411 3772 illius
2439 3717 2720 3788 procedere
2750 3718 3144 3788 dignosceret?
3175 3720 3473 3790 Plerosque

1897 3821 2081 3865 autem
2104 3827 2169 3864 ex
2209 3810 2410 3866 divinis
2465 3809 2722 3865 Patribus
2754 3827 2811 3863 os
2866 3810 3049 3865 Patris
3093 3810 3296 3867 Filium
3352 3826 3475 3869 esse

1899 3903 2178 3966 deﬁnisse,
2213 3912 2436 3956 sanctus
2488 3902 2957 3958 Antiochenorum
2994 3905 3181 3960 lumen
3241 3896 3476 3961 Anastao

1901 3996 2017 4051 sius
2049 3996 2198 4051 solus
2228 3996 2496 4050 adductus
2529 3996 2872 4065 dijudicabit.
2904 3996 3085 4051 Palam
3117 3999 3264 4052 enim
3287 3999 3357 4054 de
3396 4014 3476 4052 re-

1898 4086 2000 4139 ctis
2032 4085 2333 4139 secundum
2365 4101 2466 4141 nos
2499 4088 2745 4141 veritatis
2778 4087 3146 4159 dogmatibus,
3179 4090 3302 4144 licet
3338 4104 3476 4144 non-

1898 4178 2045 4230 nulla
2071 4178 2345 4230 volumina
2377 4177 2432 4231 in
2472 4179 2823 4249 dogmatibus
2853 4181 3219 4235 decernendis
3242 4183 3469 4249 percla-

1900 4268 2174 4322 rissimum
2207 4267 2558 4322 Theodorum
2612 4269 2957 4339 Itaytlienum
2991 4271 3366 4341 presbyterum
3405 4273 3473 4326 ti-

1901 4360 2015 4414 tulo
2044 4360 2427 4430 praescribunt,
2460 4362 2841 4431 theologorum
2878 4376 3031 4417 more
3085 4378 3199 4415 rem
3262 4373 3473 4432 pertra-

1899 4462 2054 4507 ctans
2082 4463 2196 4507 haec
2228 4453 2469 4506 scribit:
2512 4472 2530 4503 ‹
2575 4452 2834 4522 Corporis
2894 4469 3022 4508 vero
3078 4456 3472 4524 proprietatem

1900 4548 1953 4601 in
1978 4548 2286 4617 exemplum
2316 4547 2670 4617 accipientes,
2708 4560 2957 4603 mutuam
3005 4550 3313 4604 divinarum
3372 4553 3473 4622 hy-

1896 4652 2191 4709 postaseon
2219 4640 2631 4705 cohaerentiam,
2674 4656 2771 4709 per
2818 4642 3187 4696 membrorum
3240 4657 3474 4712 prepor-

1899 4732 2101 4785 tionem
2139 4738 2196 4783 et
2251 4729 2703 4784 assimilationem
2756 4732 3291 4800 repraesentavimus.
3337 4733 3475 4788 Hinc

1897 4833 1952 4877 et
1985 4821 2228 4891 Spiritus
2267 4823 2378 4875 oris
2411 4821 2576 4887 illius,
2617 4837 2818 4892 nempe
2850 4821 2949 4877 Dei
2982 4824 3221 4894 Spiritus
3246 4836 3473 4880 sanctus

1897 4914 2118 4975 dicitur,
2155 4913 2244 4967 cui
2292 4912 2614 4983 Unigcnitus
2653 4928 2713 4968 os
2741 4923 2846 4978 est,
2893 4924 2949 4969 et
2983 4915 3222 4986 Spiritus
3283 4934 3473 4973 rursus

1896 5020 1961 5057 ex
1998 5006 2112 5074 ipso
2166 5007 2490 5075 procedens,
2555 5015 2609 5059 et
2636 5008 2836 5060 missus
2864 5022 2973 5062 non
3021 5009 3196 5062 solum
3224 5025 3255 5062 a
3287 5008 3468 5073 Patre,

1899 5099 1992 5152 sed
2024 5100 2185 5151 etiam
2210 5116 2239 5151 a
2280 5098 2436 5152 Filio.
2477 5116 2494 5148 ι
2534 5098 2678 5152 Idem
2703 5099 2950 5155 oratione
2995 5103 3234 5157 secunda
3268 5104 3335 5157 de
3385 5105 3473 5156 iu~
3510 5170 3513 5173 _

1898 5191 2308 5259 circumscripto
2352 5209 2415 5245 ει
2447 5189 2683 5245 Mentem
2741 5193 2976 5247 dicimus
3032 5192 3246 5247 Patrem
3279 5194 3465 5259 Verbi,
3512 5228 3517 5259 ι

1896 5298 2137 5339 mentem
2187 5286 2385 5353 inqua
2424 5282 2688 5350 Verbum,
2740 5301 2865 5339 cum
2897 5300 3005 5355 quo
3052 5285 3289 5355 Spiritus
3339 5303 3469 5340 san-
3522 5308 3529 5314 -

1895 5390 2036 5439 ctus,
2073 5378 2308 5448 Spiritus
2364 5379 2477 5432 oris
2511 5379 2604 5433 Dei
2657 5380 2958 5443 exsistens;
2990 5393 3050 5433 os
3096 5379 3242 5432 enim
3292 5380 3468 5434 Patris

1895 5466 2083 5521 Filius.
2109 5487 2126 5519 ι
2171 5469 2305 5522 Illud
2356 5485 2544 5539 porro,
2585 5487 2603 5521 ι
2639 5469 2715 5523 De
2756 5486 2877 5525 meo
2901 5470 3155 5542 accipiet,
3192 5485 3212 5522 ι
3249 5487 3468 5527 necnon

1893 5573 1949 5616 et
1976 5562 2129 5626 illud,
2182 5580 2199 5612 ι
2239 5562 2315 5615 nix
2348 5560 2505 5616 Patre
2534 5563 2803 5631 procedit,
2833 5582 2852 5614 ι
2906 5579 3026 5634 qua:
3078 5566 3145 5620 de
3175 5564 3357 5633 seipse
3414 5575 3468 5620 ct

1894 5656 2101 5726 Spiritu
2136 5657 2338 5724 profert
2392 5654 2658 5718 Salvator,
2693 5672 2806 5710 rem
2835 5658 3196 5727 probantibus
3233 5657 3464 5712 demon-

1892 5749 2247 5806 stratimribus
2275 5758 2329 5801 et
2372 5748 2706 5817 argumentis
2738 5750 2983 5805 eamdem
3021 5749 3351 5804 sententiam
3388 5762 3462 5818 in.

178 5850 361 5906 ferre
391 5846 445 5897 in
474 5843 635 5895 rebus
668 5839 868 5894 divinis
899 5840 1170 5890 maximus
1222 5832 1557 5906 Epiphanius
1592 5842 1904 5915 conﬁrmat,
1940 5857 1996 5900 ut
2022 5851 2181 5898 antea
2211 5840 2575 5896 ostendimus.

506 5938 780 5998 PA‘I‘IUJL.
814 5933 931 5995 Cn.
972 5928 1165 5992 CXLI.

925 6047 960 6070 ρ

3068 5936 3143 5997 43
