4020 6566
298 383 435 447 1351

1286 388 1592 453 CONTRA
1632 391 2062 453 MANUELEM
2104 393 2585 468 CRETENSEM.

3437 403 3571 471 1358

291 495 442 565 τρδς,
477 496 610 550 ῐδιον
642 485 807 550 αὐτοῦ
863 498 959 552 καὶ
996 498 1056 551 ὲν
1110 497 1283 569 αὐτῷ,
1341 500 1436 553 καὶ
1486 501 1547 566 ἑξ
1596 501 1761 555 αὐτοῦ
1810 503 1866 555 τι

1975 511 2152 558 turam
2194 502 2363 560 Filius
2393 524 2409 573 ;
2441 515 2732 577 generatus
2753 509 2904 565 enim
2933 521 3016 568 est
3046 526 3112 568 ex
3142 506 3257 570 Deo
3289 525 3345 571 et
3386 516 3573 582 Patre,

291 586 524 658 Πνεῦμά
553 588 693 655 ἐστι,
723 589 978 662 καθάπερ
1010 590 1203 662 ἀμέλει
1232 592 1326 645 καὶ
1354 592 1442 644 ἐπ’
1472 592 1640 646 αὐτοῦ
1672 595 1875 648 νοεῖται

288 677 388 735 τοῦ
425 679 563 734 Θεοῦ
603 683 697 735 καὶ
737 682 971 752 Πατρός.
1006 703 1025 736 ι
1070 685 1145 738 Ού
1184 684 1346 755 μόνον
1390 686 1632 742 ἐνταῦθα
1664 687 1877 758 μαρτύ-

290 785 452 840 ρεται
504 776 802 845 προφανῶς
831 776 861 828 ό
892 778 1090 846 μέγας,
1120 778 1214 833 τὸν
1244 778 1374 833 Υίὸν
1404 777 1478 842 ὡς
1513 778 1607 833 τὸν
1653 780 1876 851 Πατέρα

284 860 348 913 τὸ
375 860 524 915 θεῖον
569 862 715 935 ἔχειν
746 864 992 937 Πνεῦμα,
1027 867 1093 922 ἐκ
1136 868 1230 921 τοῦ
1276 868 1508 938 φάσκειν
1552 888 1573 924 ι
1600 870 1733 926 ἴδιον
1774 872 1873 927 τοῦ

284 950 421 1006 Υἱοῦ
446 954 509 1007 τὸ
534 955 784 1027 Πνεῦμα,
807 959 968 1030 εἴπερ
1000 957 1132 1015 ῐδιον
1160 960 1320 1016 τοῦτο
1346 963 1443 1016 καὶ
1464 962 1560 1017 τοῦ
1594 964 1864 1035 Πατρὸς,ι

282 1045 378 1098 καὶ
408 1047 593 1118 ειπερ,
638 1048 713 1112 ῶς
751 1050 975 1122 ὲρῤἐθη,
1036 1051 1131 1107 τοῦ
1190 1052 1350 1109 ἰδίου
1411 1054 1646 1108 καθόλου
1690 1055 1871 1127 σαφὴς

282 1137 592 1204 ἀνάπτυξις
648 1143 741 1194 ἐπὶ
789 1141 884 1196 τοῦ
946 1143 1127 1216 Θεοῦ,
1184 1146 1247 1199 τὸ
1295 1147 1359 1199 ὲκ
1395 1147 1494 1216 τῆς
1530 1147 1722 1211 οὐσίας
1772 1147 1872 1218 δη-

282 1228 438 1297 λοῦν,
465 1232 546 1286 ἔτι
568 1250 629 1286 τε
657 1235 721 1287 ὲκ
748 1221 847 1288 τοῦ
877 1236 1080 1305 λέγειν,
1118 1257 1139 1291 ι
1165 1239 1239 1292 tu
1253 1236 1349 1291 τοῦ
1384 1239 1518 1293 Υἰοῦ
1549 1240 1611 1294 τὸ
1642 1240 1869 1311 Πνεῦμά

281 1320 458 1387 ἐστιν,
472 1341 492 1374 ι
508 1322 644 1377 ἀλλὰ
657 1325 753 1377 καὶ
767 1325 1078 1380 τελευταῖον
1092 1329 1158 1380 ἐκ
1178 1328 1272 1382 τοῦ
1291 1330 1520 1398 ἐπάγειν
1540 1329 1858 1401 πλεονασμᾷ

281 1412 735 1486 διευκρινήσεως,
774 1437 795 1470 ι
817 1414 928 1473 οἷον
955 1420 1210 1493 καθάπερ
1240 1422 1433 1491 ἀμέλει
1463 1423 1558 1476 καὶ
1591 1423 1679 1476 ἐπ’
1701 1424 1874 1479 αὑτοῦ

279 1508 489 1559 νοεῖται
514 1508 609 1563 τοῦ
627 1509 763 1563 Θεοῦ
789 1514 883 1565 καὶ
908 1513 1142 1584 Πατρός.
1157 1533 1178 1567 ι
1197 1514 1392 1568 Καίτοι
1407 1514 1618 1569 τούτων
1635 1515 1873 1571 ἕκαστον

280 1599 385 1668 οὐχ
413 1599 563 1665 ὅπως
588 1602 751 1672 ὁμοῦ,
787 1604 923 1659 ἀλλὰ
954 1606 1050 1660 καὶ
1072 1610 1137 1679 τῇ
1166 1607 1267 1661 ἀνὰ
1305 1609 1472 1679 μέρος
1501 1609 1869 1683 θεωρίᾳ-τρὰι

281 1708 456 1746 νωσιν
480 1695 595 1766 ἔχει
625 1697 725 1767 τῆς
757 1700 1032 1770 σημασίας
1068 1701 1162 1754 τοῦ
1208 1702 1597 1772 ἐκπορεύεται.
1633 1704 1743 1757 Καὶ
1774 1696 1868 1758 τοῦ

1985 594 2241 665 proprius
2292 594 2466 664 ipsius
2498 607 2553 651 et
2590 595 2648 650 in
2677 596 2798 668 ipso
2831 609 2886 653 et
2917 618 2986 656 ex
3035 602 3156 673 ipso
3188 602 3427 676 Spiritus
3468 622 3575 674 est,

1985 700 2097 739 non
2126 685 2232 740 alia
2256 686 2493 752 ratione,
2525 688 2623 744 sed
2655 705 2763 761 qua
2788 691 3107 765 intelligitur
3135 696 3228 752 ille
3251 715 3374 755 esse
3399 709 3456 756 et
3480 703 3575 757 Dei

1983 788 2041 834 et
2073 778 2269 835 Patris.
2306 800 2326 833 ι
2357 781 2473 837 Νοη
2517 793 2730 841 tantum
2770 787 2859 843 hic
2883 790 3083 846 astruit
3122 791 3299 861 palam
3342 810 3574 868 magnus

1981 867 2073 925 hic
2101 871 2205 935 vir,
2254 870 2454 930 Filium
2480 890 2635 947 teque
2679 892 2743 933 ac
2783 880 2999 936 Patrem
3057 883 3309 941 divinum
3364 888 3573 945 habere

1984 961 2274 1034 Spiritum,
2299 967 2426 1023 dum
2451 969 2585 1026 dicit
2623 987 2640 1025 :
2675 990 2694 1023 ι
2716 970 3005 1043 Proprium
3036 975 3156 1032 Filii
3202 977 3490 1050 Spiritum,
3525 983 3573 1037 si

1981 1056 2238 1135 proprius
2272 1058 2363 1113 ille
2385 1068 2469 1114 est
2496 1059 2698 1127 Patris,
2757 1083 2777 1117 ι
2812 1067 2937 1131 etsi,
2970 1077 3031 1123 ut
3061 1069 3270 1126 dictum
3308 1085 3412 1140 est,
3451 1092 3574 1144 pro—

1979 1131 2086 1212 prii
2119 1144 2178 1199 in
2215 1147 2536 1204 universum
2574 1150 2736 1221 plane
2771 1155 3153 1224 interpretatio
3178 1157 3235 1212 in
3270 1131 3410 1222 Deo,
3437 1131 3573 1218 illud

1977 1248 2043 1290 ex
2070 1239 2321 1310 essentiaf
2357 1240 2598 1308 iudicat;
2637 1248 2765 1314 tum)
2800 1261 3021 1317 quoque
3069 1265 3197 1306 cum
3221 1252 3400 1308 dicit:
3436 1272 3456 1307 ι
3494 1257 3569 1309 Ex

1974 1324 2117 1383 Filio
2152 1330 2388 1400 Spiritus
2417 1342 2521 1399 est,
2562 1352 2582 1386 ι
2619 1335 2715 1391 sed
2748 1345 2803 1392 et
2834 1340 3051 1396 tandem
3091 1358 3217 1398 cum
3241 1345 3573 1404 inducatdi-

1969 1420 2366 1492 iudicationem
2406 1426 2637 1493 addens,
2693 1447 2712 1481 ι
2763 1445 2875 1485 non
2904 1433 3011 1487 alia
3037 1435 3275 1502 ratione,
3338 1439 3434 1494 sed
3464 1457 3571 1511 qua

1978 1512 2299 1585 intelligitur
2321 1515 2411 1571 ille
2439 1532 2561 1573 esse
2595 1519 2693 1575 Dei
2735 1531 2791 1576 et
2823 1521 3018 1580 Patris.
3057 1544 3076 1577 ι
3110 1526 3179 1582 Ει
3206 1529 3571 1589 nihilominus

1973 1609 2407 1677 unumquodque
2439 1623 2506 1664 ex
2541 1609 2648 1677 his,
2669 1627 2784 1666 non
2823 1623 3034 1670 tantum
3059 1617 3225 1672 simul
3249 1620 3569 1691 conjuncta,

1974 1696 2238 1766 singulari
2282 1701 2719 1774 uniuscujusque
2764 1708 3211 1765 consideratione
3259 1717 3571 1784 processio-

281 1781 493 1875 λοιποῦ
505 1789 867 1857 σηηᾲάτωσαν
889 1793 938 1844 οἱ
962 1792 1062 1861 τῆς
1093 1792 1289 1864 μοίρας
1320 1793 1415 1847 τοῦ
1444 1792 1619 1860 οὕτως
1650 1794 1866 1866 ἑξηγου·

1971 1803 2105 1843 ωειιι
2131 1791 2505 1848 manifestam.
2532 1795 2754 1851 interim
2778 1800 3116 1869 examinent,
3142 1805 3235 1874 qui
3260 1781 3456 1876 partes
3486 1825 3573 1864 se-

283 1877 474 1947 μένου,
505 1879 582 1944 ὡς
633 1881 1084 1951 προεκτέθειται,
1144 1886 1241 1953 τὸ,
1285 1905 1304 1939 ι
1344 1886 1553 1957 Ἐκχεῶ
1609 1888 1719 1942 ἀπὸ
1770 1887 1866 1943 τοῦ

280 1968 602 2039 Πνεύματός
635 1989 757 2040 μου,
773 1991 791 2025 ι
816 1975 893 2044 πῆ
917 1975 1164 2043 φέρεται,
1183 1978 1277 2030 κα.)⁹
1292 1981 1436 2034 κατὰ
1464 1979 1629 2033 τίνων
1660 1980 1872 2049 φρυάτ-

279 2074 460 2117 τεται.
496 2062 612 2119 Οὐκ
662 2062 773 2135 ἄρα
809 2065 865 2118 δὲ
901 2066 961 2119 τὸ
1013 2067 1255 2136 ἐκχεῖν,
1319 2070 1414 2123 καὶ
1470 2070 1829 2141 προχεῖσθαι
1854 2111 1870 2138 ,

279 2152 379 2209 καὶ
400 2153 678 2223 ἔκχυσις,
710 2159 806 2213 καὶ
843 2159 1166 2228 πρόχυσις,
1213 2160 1310 2213 καὶ
1345 2162 1407 2213 τὸ
1437 2168 1872 2234 προχεόμενον,

279 2242 423 2299 ἀλλά
451 2261 515 2313 γε
563 2244 628 2317 δὴ
678 2248 773 2300 καὶ
818 2249 1019 2317 χύσις,
1063 2252 1154 2305 καὶ
1202 2250 1266 2304 τό
1318 2252 1638 2321 χεόμενον,
1689 2256 1787 2309 καὶ
1811 2256 1873 2311 τὸ

278 2335 530 2407 χέεσθαι
558 2340 659 2410 τὴν
684 2341 921 2417 οὐσιώδη
952 2343 1174 2415 δηλοῦσι
1198 2346 1293 2400 καὶ
1315 2346 1486 2400 ἀΐδιον
1515 2346 1751 2419 ὓπαρξιν
1779 2353 1874 2406 ἐπὶ

278 2431 392 2486 τῶν
423 2432 735 2504 θεαρχικῶν
769 2436 1121 2491 ὐποστάσεων
1150 2437 1561 2509 λαμὸανόμενα,
1586 2443 1682 2495 καὶ
1709 2443 1872 2497 τοῦτο

282 2527 667 2596 μυσταγωγῶν
697 2531 725 2581 ό
755 2527 856 2599 τῆς
887 2528 1171 2597 θεολογίας
1196 2532 1471 2605 γρήγορος
1500 2535 1872 2606 μυστολέκτης

279 2615 342 2667 ὲν
382 2615 460 2685 τῷ
508 2618 593 2680 εις
629 2619 698 2671 τὰ
736 2618 994 2673 Γενέθλια
1049 2620 1194 2693 λόγῳ
1237 2621 1358 2694 βοᾷο
1405 2643 1421 2676 ι
1456 2625 1598 2679 Θεοῦ
1644 2628 1702 2681 δὲ
1741 2629 1871 2683 ὅταν

278 2707 447 2771 είπω,
479 2709 625 2777 λέγω
656 2712 870 2781 Πατρὸς
900 2713 997 2766 καὶ
1033 2713 1165 2767 Υίοῦ
1201 2717 1298 2769 καὶ
1328 2717 1488 2784 ἁγίου
1523 2719 1866 2790 Πνεύματος,

276 2797 405 2853 οὔτε
442 2800 583 2872 ὑπὲρ
611 2801 786 2857 ταῦτα
819 2804 919 2877 τῆς
949 2803 1207 2878 θεότητος
1227 2809 1519 2881 χεομένης,
1552 2810 1641 2864 ἵνα
1675 2814 1749 2883 μὴ
1777 2814 1873 2884 δῆο

280 2908 386 2962 μον
419 2892 558 2947 θεῶν
586 2895 995 2966 εἰσαγάγωμεν,
1029 2896 1153 2950 οὔτε
1184 2900 1335 2963 ἐντὸς
1362 2901 1573 2955 τούτων
1613 2903 1871 2975 ὁριζομέ-

276 3001 400 3055 νης,
433 2986 517 3039 ἵνα
539 2988 614 3057 μὴ
642 2989 835 3044 πενίαν
853 2989 1109 3060 θεότητος
1135 2988 1583 3063 κατακριθῶμεν.
1615 3014 1634 3048 ι
1663 2997 1736 3051 Τὸ
1758 2998 1868 3070 γὰρ

284 3094 306 3133 ί
338 3078 414 3148 μὴ
446 3078 586 3149 ὑπὲρ
614 3079 786 3136 ταῦτα
808 3083 909 3152 τῆς
940 3082 1192 3155 θεότητος
1225 3086 1511 3157 χεομένης,
1543 3106 1562 3139 ι
1587 3088 1648 3143 τὸ
1682 3092 1757 3161 μὴ
1787 3092 1889 3167 εἰς

279 3170 506 3229 πλείονα
526 3171 638 3229 τῶν
659 3173 1074 3245 ἁριθμηθὲντων
1106 3177 1277 3247 τριῶν
1310 3177 1620 3248 προσώπων
1644 3181 1746 3252 τὴν
1767 3181 1868 3235 ῦπ-

1901 1911 1948 1973 B
1977 1890 2224 1973 quuntur
2266 1885 2462 1939 similis
2511 1889 2898 1959 expositionis,
2948 1902 3007 1946 ut
3049 1904 3211 1950 antea
3253 1901 3569 1968 appositum

1977 1980 2078 2037 est,
2100 1972 2156 2025 in
2177 1972 2312 2028 illud
2336 1992 2352 2030 :
2381 1994 2401 2027 ι
2429 1974 2718 2033 Eﬂundam
2738 1995 2803 2035 ex
2820 1978 3028 2052 Spiritu
3053 2000 3198 2051 meo,
3221 2004 3241 2039 ι
3266 2005 3503 2058 quonam
3528 1993 3572 2047 is

1976 2074 2189 2134 agatur,
2218 2077 2273 2121 et
2295 2067 2564 2124 adversus
2603 2086 2741 2141 quos
2771 2072 2993 2129 fremat.
3032 2075 3150 2132 Non
3187 2079 3352 2150 igitur
3389 2084 3561 2152 e/fuu-

1986 2157 2134 2223 dere,
2164 2171 2218 2214 et
2241 2163 2511 2232 profundi,
2530 2173 2586 2219 et
2604 2166 2805 2236 eﬂ‘usio,
2829 2176 2884 2222 et
2903 2171 3165 2240 profusio,
3186 2182 3240 2226 et
3269 2178 3566 2247 profusum,

1972 2251 2031 2303 δι
2048 2249 2212 2318 fusio,
2246 2259 2302 2306 et
2326 2252 2531 2322 fusum,
2561 2265 2615 2310 et
2638 2258 2812 2326 fundi,
2832 2273 2957 2312 cum
2983 2261 3049 2315 de
3079 2261 3386 2321 divinitatis
3405 2270 3559 2338 prin-

1975 2339 2192 2410 cipibus
2235 2340 2629 2415 hypostasibus
2687 2351 3080 2421 praedicantur,
3132 2360 3483 2417 essentialem
3514 2379 3570 2420 et

1981 2434 2380 2504 sempiternam
2457 2441 2835 2496 exsistentiam
2879 2444 3147 2502 indicant.
3209 2449 3279 2504 Et
3327 2454 3432 2510 hoc
3484 2456 3569 2511 in-

1976 2534 2203 2583 struens
2232 2529 2666 2606 tbeologicorum
2702 2537 3089 2606 mysteriorum
3125 2541 3253 2611 vigil
3280 2545 3565 2612 colleclor,

1975 2625 2228 2676 oratione
2279 2622 2334 2675 in
2385 2622 2630 2680 Natalem
2671 2626 2901 2691 Domini
2933 2631 3183 2689 clamat:
3226 2654 3245 2688 ι
3282 2637 3379 2695 Dei
3432 2657 3567 2698 vero

1934 2751 1958 2771 .
1981 2726 2110 2769 cum
2142 2715 2359 2783 dixero,
2401 2716 2530 2797 dico
2555 2719 2731 2776 Patris
2759 2732 2814 2777 et
2836 2723 2958 2779 Filii
2989 2732 3045 2780 et
3076 2725 3313 2798 Spiritus
3359 2739 3562 2800 sancti,

1976 2822 2105 2862 eum
2135 2809 2280 2864 ultra
2311 2811 2427 2866 haec
2464 2812 2650 2871 Deitas
2690 2832 2803 2872 non
2835 2818 3171 2888 ellundatur,
3205 2839 3277 2878 ne
3311 2827 3563 2885 multitu-

1973 2899 2161 2957 dinem
2185 2898 2412 2960 deorum
2439 2906 2877 2977 introducamus,
2901 2928 3082 2983 neque
3118 2916 3262 2973 inter
3306 2920 3424 2978 haec
3456 2924 3566 2978 cir-

1972 2994 2410 3065 cumscribatur,
2468 3013 2541 3054 ne
2585 2999 2813 3057 Deitatis
2870 3014 3253 3075 paupertatem
3307 3019 3563 3071 astruere

1971 3087 2422 3145 condemnemur.
2466 3110 2488 3144 ι
2542 3090 2787 3166 Namque
2820 3095 2979 3161 illud,
3024 3116 3045 3150 ι
3095 3114 3220 3154 cum
3266 3103 3407 3159 ultra
3449 3107 3567 3161 lue;

1975 3178 2156 3235 Deitas
2190 3195 2302 3236 non
2332 3182 2665 3251 cﬂ‘undatur,
2705 3206 2724 3239 ι
2765 3203 2874 3245 non
2914 3189 2970 3244 in
2998 3190 3135 3248 alias
3163 3193 3232 3248 ab
3268 3210 3564 3254 enumera-

276 3265 437 3336 αρξιν
460 3265 695 3336 ἐχούσης
713 3268 1067 3340 παρίστησιν.
1091 3271 1169 3323 Οὐ
1200 3271 1308 3342 γὰρ
1330 3291 1348 3323 ι
1381 3272 1542 3352 ῥύσιν
1564 3274 1813 3343 θεότητος
1836 3297 1855 3331 ι

1971 3271 2036 3326 tis
2064 3273 2239 3329 tribus
2268 3281 2516 3344 personis
2545 3279 2920 3336 exsistentiam
2951 3287 3174 3341 extendi
3199 3289 3559 3358 demonstrat.

278 3359 537 3429 ἐννοῆσαι
565 3361 666 3430 τὴν
719 3361 925 3430 ταύτης
973 3361 1131 3432 χύσιν
1156 3364 1421 3436 τολμήσει
1452 3384 1560 3432 τις,
1606 3368 1744 3423 ἀλλὰ
1772 3368 1865 3424 τὸν

280 3451 517 3520 μόνιμον
538 3450 789 3505 ἐντεῦθεν
815 3452 1079 3520 γνώσεται
1100 3456 1420 3526 πηγασμὸν,
1455 3459 1553 3511 καὶ
1578 3459 1678 3530 τὴν
1691 3460 1864 3514 ἀΐδιον

278 3540 519 3612 ὓπαρξιν
564 3543 664 3613 τὴν
712 3545 771 3598 ὲν
809 3547 958 3616 τρισὶ
1010 3548 1329 3618 προσώποις
1366 3551 1734 3622 ὁριζομένην,
1785 3553 1866 3625 τῷ

279 3633 544 3701 γεννῶντι
583 3638 785 3707 Πατρὶ,
829 3637 910 3704 τῷ
947 3639 1277 3710 γεννωμένῳ
1309 3639 1447 3711 Υἱῴ,
1490 3642 1588 3696 καὶ
1635 3643 1715 3714 τῷ
1767 3646 1863 3698 ἐκ·-

276 3729 636 3802 πορευομένῳ
666 3727 949 3801 Πνεῦματι
962 3771 976 3786 .

353 3829 437 3879 ιε’.
485 3823 575 3890 Ὠς
606 3823 664 3876 δὲ
707 3825 803 3879 καὶ
831 3826 992 3881 τοῦτο
1022 3826 1351 3900 θεωρηθείη,
1404 3830 1716 3901 συμϐάλλον
1741 3831 1863 3904 οὐχὶ

280 3916 498 3989 μικρῶς
540 3916 634 3971 καὶ
670 3916 803 3989 πρὸς
857 3921 957 3989 τὴν
988 3921 1088 3991 τῆς
1126 3924 1458 3992 ταυτότητος
1501 3925 1612 3977 τῶν
1644 3927 1860 3996 φωνῶν,

278 4012 410 4080 περὶ
435 4005 503 4082 ἧς
536 4012 565 4064 ό
599 4010 778 4077 λόγος,
813 4012 1182 4081 φωταύγειαν,
1240 4014 1269 4067 ὁ
1311 4014 1373 4068 τὸ
1408 4017 1736 4088 ἑκπορεύειν
1777 4020 1863 4071 ιν-

275 4104 457 4160 ταῦθα
488 4105 700 4175 συχνῶς
730 4106 1050 4176 προφέρων,
1080 4109 1127 4160 εἰ
1166 4112 1295 4179 περὶ
1318 4108 1573 4163 πλείστου
1601 4113 1718 4174 τοῖς
1748 4113 1862 4182 ρή-

274 4215 466 4271 τορσιν
497 4197 654 4271 ἔσχεν
685 4197 905 4263 εἰδέναι,
960 4200 1111 4252 ποῖαι
1158 4201 1268 4253 τῶν
1306 4199 1506 4267 λέξεων
1536 4203 1722 4255 ταῖσδε
1751 4202 1861 4256 τῶν

276 4292 500 4346 ἐννοιῶν
530 4293 760 4363 φέρουσι
787 4292 849 4345 τὸ
879 4292 1241 4363 κατάλληλον,
1277 4295 1426 4348 ποῖαι
1451 4294 1509 4348 δὲ
1542 4296 1603 4348 τὸ
1630 4296 1857 4367 ἀπᾷδον,

272 4385 353 4448 ὡς
389 4383 534 4454 ἔχειν
557 4387 678 4447 ταῖς
712 4383 810 4454 μὲν
834 4385 964 4438 ὅπου
988 4386 1069 4439 δεῖ
1098 4386 1361 4457 χρῆσθαι,
1390 4386 1500 4440 τῶν
1538 4388 1595 4440 δὲ
1624 4388 1857 4456 ἀφίστα-

277 4476 427 4542 σθαι,
484 4476 600 4538 πῶς
631 4476 754 4546 οὐχὶ
784 4479 915 4547 περὶ
960 4477 1207 4541 πλείονος
1255 4478 1365 4531 ἔδει
1398 4477 1585 4533 θέσθαι
1613 4480 1850 4550 μᾶλλον,

1969 3366 2161 3436 Neque
2192 3369 2339 3423 enim
2380 3388 2400 3421 ι
2429 3370 2633 3426 ﬂuxum
2666 3373 2895 3431 Deitatis
2927 3395 2951 3427 μ»
2995 3377 3140 3433 illius
3172 3378 3377 3438 ﬂuxum
3408 3386 3561 3455 quis-

1968 3460 2115 3529 piam
2145 3461 2367 3518 audebit
2391 3467 2700 3535 coneipere,
2734 3469 2831 3524 sed
2862 3469 3078 3525 ﬁrmum
3109 3471 3238 3528 inde
3292 3491 3359 3530 ac
3392 3481 3560 3534 stabi-

1967 3550 2075 3607 lem
2104 3552 2384 3635 emuxum,
2413 3566 2469 3612 et
2491 3559 2879 3628 sempiternam
2911 3564 3292 3621 exsistentiam
3332 3584 3565 3641 cognos-

1966 3653 2055 3699 cet
2102 3630 2163 3701 in
2215 3649 2386 3704 tribus
2418 3652 2669 3720 personis
2698 3652 3000 3720 deﬁnitam,
3041 3656 3205 3713 Patre
3236 3630 3558 3734 generante,

1965 3739 2152 3811 genito
2186 3740 2344 3805 Filio,
2367 3751 2423 3797 et
2446 3745 2779 3813 procedente
2806 3745 3040 3817 Spiritu.

2042 3833 2126 3889 15.
2164 3831 2236 3888 Ut
2285 3850 2416 3890 vero
2443 3835 2574 3891 illud
2613 3852 2833 3909 quoque
2870 3840 3237 3912 speculemur,
3292 3848 3561 3905 maximo-

1966 3939 2097 3995 pere
2131 3927 2449 3984 conducens
2494 3929 2562 3984 ad
2605 3944 2820 3997 vocum,
2853 3931 2922 3987 de
2952 3933 3154 4003 quibus
3204 3952 3353 3993 nunc
3392 3942 3559 3995 verba

1966 4017 2216 4086 facimus,
2246 4020 2689 4088 elucidationem,
2722 4022 2817 4093 qui
2842 4024 3166 4096 ὲκπορεύειν
3188 4027 3276 4085 hic
3302 4026 3564 4101 frequen-

1967 4119 2051 4165 ter
2089 4110 2427 4176 circumfert,
2462 4113 2509 4168 si
2536 4115 2803 4169 attentius
2830 4117 3077 4172 animum
3117 4120 3468 4192 advertisset,
3502 4138 3561 4181 ut

1963 4201 2273 4258 addisceret
2302 4219 2548 4274 quaenam
2593 4206 2861 4263 dictiones
2905 4207 2992 4265 bis
3016 4213 3311 4268 sententiis
3342 4219 3562 4271 assimi-

1964 4296 2145 4349 lantur
2178 4296 2320 4365 apud
2353 4296 2621 4362 rhetores,
2656 4309 2709 4353 et
2744 4313 2865 4370 qua:
2895 4300 3175 4357 diversum
3205 4305 3470 4373 tinniunt,
3502 4319 3562 4365 ιιι

1961 4398 2150 4457 posset
2191 4389 2277 4444 his
2314 4390 2560 4460 quidem,
2592 4393 2684 4447 ubi
2708 4408 2848 4463 opus
2879 4404 2985 4462 est,
3021 4396 3120 4463 uti,
3151 4397 3227 4452 ab
3242 4399 3365 4454 aliis
3388 4402 3561 4459 absti-

1961 4494 2114 4546 nere,
2137 4482 2412 4552 quomodo
2442 4498 2551 4538 non
2579 4484 2770 4554 majori
2801 4488 3106 4543 attentione
3130 4488 3558 4551 incumbendum

275 4569 429 4633 ὅπως
463 4569 520 4621 ὲν
549 4570 669 4630 ταῖς
709 4567 1010 4633 θεολογιαις
1043 4568 1350 4638 καθορᾶται
1378 4569 1540 4623 τοῦτο
1562 4573 1674 4635 τοῖς
1699 4572 1853 4643 θεορ-

1971 4573 2040 4629 illi
2074 4583 2214 4640 erat,
2259 4587 2317 4631 ut
2342 4577 2398 4631 in
2427 4578 2591 4633 rebus
2621 4579 2943 4651 theologlcis
2984 4582 3090 4637 illa:
3122 4584 3267 4653 apud
3299 4585 3561 4644 divinilo-

278 4662 516 4733 ῥήμοσιν
544 4676 559 4726 ;
603 4660 734 4715 Ἰδοὺ
769 4661 880 4733 γὰρ
910 4663 970 4713 τὸ
996 4661 1313 4732 ὲκπορεύει,
1342 4664 1441 4716 καὶ
1469 4663 1532 4716 τὸ
1560 4664 1862 4734 ὲκπορεῦον

1971 4682 2107 4735 quos
2139 4666 2330 4723 Patres
2358 4670 2756 4724 assumuntur?
2784 4668 3031 4743 Namque
3074 4674 3207 4730 illud
3238 4678 3557 4750 ἐκπορεύει,

276 4754 346 4807 τὰ
373 4751 492 4807 κατ’
520 4752 832 4823 ὲκφὼνησιν
859 4755 1189 4824 ὲνεργητικὰ
1212 4754 1414 4825 ἥκιστα
1442 4756 1594 4824 παρά
1623 4773 1730 4810 τινι
1752 4757 1864 4812 τῶν

276 4848 334 4898 ἐν
363 4845 599 4916 δόγμασι
629 4844 1051 4915 δωλαμψάντων
1077 4844 1308 4916 εὕρηται
1349 4847 1715 4918 ὁπουδήποτε,
1735 4847 1861 4903 οὔτε

280 4936 387 5007 μὴν
416 4937 477 4991 τὸ
507 4938 869 5007 ὲκπορευτής.
908 4935 1076 4990 Ὀθεν
1107 4939 1133 4989 ό
1173 4938 1264 4989 τὸν
1304 4936 1463 5008 ζῆλον
1492 4940 1589 4991 καὶ
1625 4942 1725 5009 τὴν
1762 4956 1863 4993 σο-

277 5030 408 5098 φίαν
429 5028 751 5099 φερώνυμος
779 5027 1059 5098 Μάξιμος,
1094 5028 1400 5098 Ἀνομοιου,
1432 5031 1602 5101 ἡγουν
1643 5022 1863 5101 ’Δρειαέ

277 5121 463 5177 νιστοῦ
516 5123 655 5195 μετὰ
716 5121 1002 5192 ὸρθοδόξου
1057 5119 1295 5186 διάλεξιν
1366 5127 1858 5194 συγγραφόμενος,

276 5220 351 5284 ῶς
392 5220 500 5273 ἀπὸ
551 5218 646 5273 τοῦ
692 5219 977 5288 Ἀνομοίου
1015 5219 1153 5287 φησι
1196 5219 1315 5271 κατ’
1346 5216 1651 5289 ὲρὼτησινο
1687 5238 1707 5272 ι
1746 5220 1862 5274 Ούκ

278 5315 430 5368 ἔστιν
457 5310 549 5367 οῦν
577 5312 812 5384 διαφορὰ
841 5313 1054 5383 Πατρδς
1083 5312 1177 5365 καὶ
1211 5312 1342 5366 Υίοῦ
1376 5317 1469 5367 καὶ
1497 5315 1657 5383 ἁγίου
1692 5317 1863 5397 Πνεύο

281 5424 491 5480 ματος;
522 5426 541 5459 ι
585 5407 675 5471 Ὠς
714 5408 824 5461 ἀπὸ
852 5408 947 5461 τοῦ
991 5407 1306 5476 Ὀρθοδόξου
1341 5423 1357 5439 ο
1382 5426 1400 5460 t
1453 5409 1542 5462 Ἑν
1576 5412 1643 5480 τῇ
1695 5410 1859 5479 φύσει

275 5501 364 5569 οὒ,
395 5504 453 5556 ὲν
489 5500 569 5569 τῷ
596 5498 867 5571 θελήματι
894 5498 978 5566 οὒ,
1003 5501 1062 5552 ἐν
1086 5502 1165 5572 τῷ
1196 5503 1391 5572 γεννᾷν
1417 5502 1516 5557 καὶ
1541 5503 1857 5571 γεννᾶσθαι,

276 5596 374 5651 καὶ
422 5593 752 5662 ἐκπέμπειν,
812 5592 910 5646 καὶ
959 5592 1384 5664 ἐκπορεύεσθαι.
1413 5612 1438 5646 ι
1485 5595 1596 5651 Καὶ
1626 5596 1734 5648 ἀπὸ
1762 5596 1857 5651 τοῦ

288 5686 575 5757 ’Δνομςίου
604 5703 619 5720 ο
664 5705 682 5739 ι
715 5686 779 5739 Τί
806 5687 923 5739 ἐστι
968 5688 1167 5757 γεννᾷν
1201 5686 1232 5756 ἦ
1261 5687 1577 5755 γεννᾶσθαι,
1620 5690 1718 5742 καὶ
1752 5692 1857 5744 ὲκ-

278 5782 548 5850 πέμπειν,
577 5782 666 5833 καὶ
697 5779 1128 5852 ἔκπορεύεσθαις
1164 5798 1184 5830 ι
1220 5779 1357 5833 Ἀπὸ
1381 5779 1476 5833 τοῦ
1518 5781 1857 5853 Ὀρθοδόξου,

286 5893 307 5927 ι
338 5875 463 5927 Ὅτι
505 5874 606 5945 μὲν
649 5873 841 5945 Πατὴρ
876 5875 1062 5945 γεννᾷ,
1088 5873 1369 5930 τουτέστιν
1395 5874 1710 5948 ἐγέννησεν,
1741 5878 1768 5932 ό
1799 5878 1859 5953 δὲ

1967 4769 2024 4815 et
2053 4762 2377 4832 ὲκπορεῦον,
2429 4778 2552 4833 quae
2592 4764 2900 4820 secundum
2955 4767 3318 4837 prolationem
3379 4773 3558 4829 activa

1965 4865 2119 4920 sunt,
2148 4870 2416 4927 nusquam
2447 4860 2589 4929 apud
2612 4859 2845 4930 aliquem
2871 4860 2983 4916 ullo
3009 4861 3063 4915 in
3089 4862 3230 4929 loco,
3260 4865 3558 4923 dummodo

1964 4946 2059 5001 ille
2092 4950 2149 5001 in
2177 4949 2539 5005 decernendis
2563 4951 2908 5023 dogmatibus
2943 4953 3174 5026 insignis
3202 4957 3422 5015 habitus
3449 4970 3555 5027 est,

1964 5041 2267 5110 invenitur,
2290 5055 2347 5100 et
2380 5045 2552 5101 multo
2583 5048 2767 5104 minus
2790 5050 3157 5123 ἐκπορευτής.
3188 5051 3345 5108 Unde
3372 5054 3465 5124 qui
3488 5073 3557 5111 ex

1965 5135 2083 5190 zelo
2104 5150 2169 5191 ac
2195 5136 2460 5207 sapientia
2496 5153 2697 5193 nomen
2730 5140 2837 5196 sibi
2862 5144 3229 5213 comparavit,
3259 5143 3554 5213 Maximus,

1963 5229 2238 5293 Anomcei,
2284 5230 2574 5287 Arianistze
2614 5248 2813 5305 nempe
2853 5250 2980 5291 eum
3027 5236 3336 5293 orthodoxa
3385 5240 3556 5294 collo.

1963 5321 2153 5391 quium
2184 5337 2542 5392 componens,
2584 5341 2649 5381 ex
2683 5344 2918 5398 persona
2960 5329 3235 5396 Anommi,
3277 5334 3430 5401 quasi
3468 5334 3558 5389 ille

1964 5415 2328 5486 interrogaret
2371 5434 2385 5472 :
2433 5435 2452 5469 ι
2500 5419 2619 5474 Non
2647 5431 2731 5476 est
2755 5422 2922 5492 igitur
2947 5422 3261 5480 dill‘erentia
3290 5424 3468 5482 Patris
3498 5436 3553 5483 et

1963 5507 2109 5574 Filii,
2149 5520 2207 5564 et
2228 5510 2465 5580 Spiritus
2511 5514 2731 5570 sancti?
2766 5514 3123 5571 Orthodoxus
3158 5534 3174 5570 :
3213 5537 3232 5569 ι
3266 5518 3328 5572 ιιι
3358 5529 3554 5574 natura

1961 5611 2098 5664 non,
2123 5596 2180 5652 in
2200 5599 2483 5656 voluntate
2511 5618 2643 5667 non,
2673 5604 2767 5658 sed
2797 5604 2852 5657 in
2879 5619 3167 5675 generare,
3199 5617 3254 5662 et
3275 5609 3551 5680 generari,

1962 5698 2019 5743 et
2048 5689 2322 5759 emittere,
2346 5700 2401 5745 et
2446 5694 2923 5763 procedere.'l‘um
2958 5696 3303 5756 Auomaaus:
3347 5721 3366 5754 ‹
3407 5702 3551 5770 Quid

1963 5797 2049 5840 eat
2077 5800 2356 5856 generare,
2396 5788 2510 5841 sive
2541 5788 2813 5856 generari,
2846 5799 2901 5844 et
2929 5790 3206 5859 emiterte,
3252 5802 3309 5848 et
3356 5809 3554 5865 proce-

1965 5879 2097 5937 dere
2113 5877 2167 5931 ?i
2192 5877 2509 5952 Respondet
2530 5879 2901 5942 Orthodoxus:
2926 5886 3114 5955 rQuod
3139 5885 3300 5944 Pater
3322 5889 3549 5961 quidem
