4020 6604
255 555 388 625 I36!

1261 553 1567 630 CONTRA
1603 564 2040 628 MANUELEM
2080 565 2556 629 CRETENSEM.

3373 558 3390 620 1
3407 553 3525 618 362

175 705 179 709 λ
250 700 340 738 ται
371 681 476 736 ύπδ
523 683 617 738 τοῦ
650 684 987 756 Πνευματος,
1019 685 1117 758 ἤδη
1155 686 1254 758 τὴν
1279 689 1593 757 κατάφασιν
1639 685 1834 756 ὁμολο-

1957 697 2047 736 ιοιι
2074 681 2322 753 generari
2350 697 2381 736 a
2409 678 2766 751 Spiritu.jam
2790 676 3216 734 afﬁrmationcm
3245 673 3528 738 fatebitur,

249 777 432 846 γήσει,
466 777 546 832 ὅτι
573 781 853 846 γεννᾶται.
884 779 958 832 Τὸ
991 779 1036 833 δ’
1068 780 1241 834 αἴτιον
1271 783 1352 835 ὅτι
1393 781 1520 836 ἄλλο
1555 781 1616 834 τὸ
1649 781 1723 850 μὴ
1757 777 1836 833 εἴ·

249 887 358 937 ναι,
385 873 480 924 καὶ
512 871 641 926 ἄλλο
667 875 730 927 τὸ
759 873 833 944 μὴ
861 873 1136 944 εἰρῆσθαι.
1169 875 1246 930 Οὐ
1275 877 1384 945 γὰρ
1419 876 1542 929 ἐπεὶ
1574 875 1648 944 μὴ
1679 875 1832 945 εἴρη-

251 960 314 1012 κὲ
361 977 446 1023 τις
485 963 726 1032 σήμερον
755 964 864 1018 τῶν
893 965 1023 1036 παρ’
1063 967 1214 1038 ἡμῖν,
1247 968 1330 1021 ὅτι
1369 968 1472 1021 οὐκ
1505 967 1834 1038 ἀστράπτει,

250 1053 732 1124 ἀναγκασθήσεταί
790 1075 875 1120 τις
939 1057 1124 1114 δοῦναι
1179 1059 1279 1130 τὴν
1338 1059 1650 1128 κατάφασιν
1680 1099 1695 1120 ,
1749 1060 1832 1112 ὅτι

248 1145 575 1218 ἀστράπτει.
619 1148 810 1219 Ἡμεῖς
858 1147 951 1205 οὖν
976 1153 1026 1205 οἱ
1059 1153 1200 1224 ὑπὲρ
1230 1153 1330 1224 τῆς
1357 1155 1580 1226 εἰρήνης
1612 1154 1711 1220 τῆς
1737 1154 1832 1208 τοῦ

252 1237 391 1292 Θεοῦ
438 1241 765 1313 Ἐκκλησίας
810 1245 1202 1317 φθεγγόμενοι,
1229 1248 1303 1310 ὡς
1330 1245 1472 1304 οῐδεν
1499 1251 1528 1302 ὁ
1570 1251 1692 1311 ταῖς
1723 1247 1834 1302 τῶν

251 1331 556 1402 ἀνθρώπων
596 1337 844 1405 καρδίαις
874 1340 1192 1410 ἐμϐατεύων
1221 1343 1376 1406 Θεὸς,
1395 1343 1534 1412 πρὸς
1562 1344 1688 1400 τοὺς
1713 1341 1839 1396 τού-

252 1437 346 1474 του
373 1422 586 1491 λόγους,
613 1426 733 1496 οὐχὶ
763 1429 900 1496 πρὸς
929 1430 1209 1502 ἐκδίκησιν
1251 1434 1346 1486 τοῦ
1379 1433 1514 1502 πρὸς
1543 1434 1602 1488 ὃν
1627 1433 1832 1506 αύτῷή

250 1513 545 1579 ἀντιδικία,
583 1518 784 1589 φαμὲν,
825 1522 903 1584 ὡς
951 1523 1009 1588 ἐξ
1057 1519 1132 1578 ὧν
1159 1525 1328 1597 ἀγχοῦ
1362 1527 1557 1595 λέγων,
1593 1527 1852 1582 δικαιοῦνσ

253 1606 447 1662 ἑαυτὸν
479 1607 671 1676 οἴεται,
727 1611 890 1681 τῆσδε
919 1614 1024 1685 τῆς
1046 1617 1273 1686 οἰήσεως
1303 1621 1423 1680 ταῖς
1455 1622 1838 1691 ἐγκατεστρω-

255 1700 445 1766 μέναις
468 1699 581 1754 ἀνω
611 1705 802 1774 ῥήσεσι
825 1705 1168 1777 θεολογικαῖς
1191 1711 1577 1775 ἀπελαύνεται,
1609 1714 1702 1766 καὶ
1731 1714 1837 1782 μά-

251 1803 403 1840 ταιον
437 1789 498 1840 τὸ
543 1793 645 1860 τῆς
675 1793 948 1863 ἐπιφορᾶς
997 1796 1100 1863 τῆς
1144 1796 1496 1870 βλασφημίας
1553 1800 1838 1870 ἐλέγχεται

177 1915 180 1917 μ
251 1879 428 1934 καὶτὸ
455 1882 553 1951 τῆς
581 1883 872 1952 ὀγκὼσεως
898 1887 1000 1956 τῆς
1033 1891 1097 1944 ἐκ
1123 1889 1218 1944 τοῦ
1248 1892 1608 1964 ἀπεύχεσθαι.
1633 1895 1842 1966 Κύριλα

250 1973 344 2034 λος
386 1975 496 2044 γὰρ
527 1979 554 2029 ὁ
578 1975 720 2042 θεῖος
752 1981 810 2032 ἐν
850 1981 1074 2046 ταύταις
1106 1985 1448 2056 διαπρυσίως
1476 1986 1837 2058 μαρτύρεται,

1939 788 2064 829 eum
2097 789 2370 844 generari.
2413 771 2594 829 Causa
2633 783 2738 830 est.
2773 772 2909 828 Nam
2941 771 3090 826 aliud
3145 781 3230 826 est
3263 787 3371 824 non
3405 783 3529 822 esse

1943 874 1998 918 et
2029 863 2176 918 aliud
2214 879 2321 918 non
2357 863 2488 919 diei.
2519 864 2706 935 Neque
2752 865 2898 921 enim
2930 865 3056 936 quia
3093 877 3257 917 nemo
3292 861 3433 914 nllus
3461 873 3528 910 ex

1943 955 2150 1012 nostris
2187 957 2372 1012 dixit:
2418 956 2592 1014 Hodie
2633 972 2746 1012 non
2793 957 3051 1028 fulgurat,
3109 968 3335 1026 cogetur
3381 951 3538 1022 quis-

1945 1049 2092 1118 piam
2152 1046 2574 1117 afﬁrmationem
2627 1047 2952 1111 concedere,
3010 1047 3303 1117 fulgurare.
3351 1063 3371 1098 ι
3418 1043 3532 1100 Nos

1940 1141 2147 1210 itaque,
2181 1141 2274 1212 qui
2309 1157 2408 1210 pro
2440 1141 2698 1197 Ecclesiae
2729 1141 2824 1196 Dei
2853 1156 2985 1211 pace
3027 1141 3191 1195 verba
3231 1139 3536 1208 interponi-

1941 1252 2084 1302 mus,
2125 1247 2186 1294 ut
2225 1239 2366 1292 bene
2399 1237 2555 1291 novit
2592 1237 2646 1290 in
2691 1236 2857 1292 corda
2901 1235 3186 1290 hominum
3238 1243 3537 1302 penetrans

1939 1333 2106 1396 Deus,
2131 1331 2200 1386 ad
2228 1331 2391 1401 hujus
2423 1345 2702 1386 sermones
2725 1347 2836 1384 non
2865 1331 2933 1385 ad
2962 1328 3357 1385 vindicandum
3381 1340 3532 1386 eum,

1939 1425 2026 1480 cui
2060 1423 2176 1494 ipse
2209 1425 2355 1479 litem
2395 1425 2586 1490 movit,
2633 1423 2894 1488 dicimus,
2933 1438 2999 1477 ex
3045 1421 3295 1492 proxime
3345 1418 3532 1482 dictis,

1937 1517 2140 1586 quibus
2166 1532 2320 1572 suam
2352 1532 2572 1572 causam
2601 1533 2658 1572 se
2693 1517 2855 1572 tutari
2887 1516 3182 1578 existimat,
3214 1513 3408 1568 ab~liae
3437 1527 3538 1566 sua

1939 1609 2197 1681 opinione
2249 1611 2580 1666 testimoniis
2616 1609 2940 1680 theologicis
2967 1624 3132 1678 supra
3171 1606 3402 1677 digestis
3448 1621 3541 1661 ret

1942 1701 2093 1772 pelli,
2122 1701 2434 1770 frustraque
2469 1701 2865 1772 blaiSphemiam
2893 1701 3156 1769 obiicere,
3183 1707 3234 1754 et
3269 1707 3541 1751 tumorem

1940 1807 2010 1847 ex
2052 1792 2440 1860 deprecatione
2481 1802 2838 1847 enascentem
2885 1789 3252 1859 deprehendi.
3311 1787 3540 1842 Divinus

1941 1883 2088 1938 enim
2119 1883 2356 1954 Cyrillus
2392 1885 2446 1938 in
2480 1885 2586 1939 illis
2633 1884 2811 1955 palam
2854 1901 2955 1940 suo
2980 1884 3296 1939 testimonio
3334 1880 3542 1936 conﬁn-

1944 1987 2078 2039 mat,
2111 1996 2130 2028 ι
2155 1977 2322 2031 Deum
2347 1989 2400 2033 et
2425 1979 2496 2032 ho
2521 1978 2704 2033 niuem
2722 1978 3046 2041 asseruisse,
3090 1977 3295 2032 eﬁ‘nndi
3327 1987 3383 2030 et
3411 1989 3541 2044 pro:

253 2076 280 2115 ἰ
321 2066 611 2136 Προχείται
645 2072 742 2125 καὶ
783 2073 1031 2144 πρόεισιν
1082 2077 1228 2147 ἐρεῖν
1245 2047 1346 2132 ’τὸν
1377 2047 1730 2153 θεάνθρωττον
1763 2047 1842 2136 εἰλ-

1957 2072 2102 2142 gredi
2153 2069 2418 2142 Spiritum
2472 2071 2737 2139 veritatis,
2773 2072 2868 2142 qui
2915 2087 2946 2126 a
2994 2069 3167 2126 Patre
3199 2069 3468 2141 procedit.
3515 2086 3540 2120 γ

255 2160 492 2228 ρηκότα,
545 2161 620 2214 Τὸ
648 2163 870 2234 Πνεῦμα
909 2167 1012 2237 τῆς
1063 2167 1342 2239 ἀληθείας.
1374 2170 1404 2225 ὅ
1431 2173 1584 2244 παρά
1604 2173 1696 2227 τοῦ
1729 2175 1844 2228 Πα-

251 2251 384 2319 τρὸς
411 2251 793 2323 ἐκπορεύεται,
833 2277 854 2311 ι
888 2260 1238 2325 ταυτὶζεσθαι
1281 2264 1501 2328 πάντως
1523 2263 1678 2329 εἰδὼς
1707 2267 1847 2320 τῶν·

254 2339 314 2395 δε
341 2341 450 2398 τῶν
469 2345 664 2415 φωνῶν
690 2347 752 2402 τὸ
771 2351 1005 2420 τριττὸν,
1024 2353 1116 2406 καὶ
1137 2353 1336 2425 ἥκιστα
1364 2357 1680 2412 διαλλάττον
1702 2359 1848 2414 κατά

255 2433 524 2492 διάνοιαν.
577 2437 638 2490 '0
674 2439 838 2504 αὐτὸς
865 2441 923 2494 δὲ
973 2443 1170 2512 κράζει
1211 2445 1648 2516 μεγαλοφώνως’
1687 2468 1707 2502 ι
1737 2451 1848 2504 Καὶ

255 2527 380 2580 ἐστι
435 2527 670 2600 Χριστὸς
699 2532 734 2602 ἡ
763 2532 1014 2605 ἀλήθεια,
1046 2537 1142 2590 καὶ
1177 2542 1460 2610 προχεῖται
1497 2542 1627 2614 παρ’
1656 2543 1848 2612 αὐτοῦ,

205 2621 208 2625 λ
255 2619 517 2694 καθάπερ
541 2621 736 2692 ἀμέλει
762 2627 858 2680 καὶ
885 2629 949 2680 ἐκ
978 2629 1072 2682 τοῦ
1106 2631 1341 2700 Πατρός.
1366 2652 1386 2686 ι
1430 2633 1550 2688 Ἐτι
1579 2652 1639 2689 τε
1671 2638 1702 2706 ἡ
1742 2637 1846 2704 ἄγ-

254 2731 406 2785 κυρα
436 2715 547 2768 τῶν
583 2706 874 2788 δογμάτων
906 2721 962 2773 ἐν
999 2721 1195 2786 αὐταῖς
1242 2725 1566 2796 Ἐπιφάνιος
1611 2731 1639 2782 ὁ
1674 2731 1848 2800 μέγας

257 2807 323 2860 τὺ
357 2809 489 2863 αὐτὸ
520 2811 718 2882 δηλοῦν
746 2815 1045 2888 παρίστησι
1083 2820 1403 2888 φανοτάτως
1435 2823 1496 2889 ἐξ
1531 2827 1849 2894 ἀναγκαίων

257 2904 643 2971 κατασκευῶν,
693 2905 770 2970 ὡς
809 2909 904 2962 ἐπὶ
955 2910 1048 2966 τοῦ
1090 2912 1323 2984 Πατρδς,
1381 2933 1400 2968 ι
1444 2918 1524 2969 '0-
1553 2919 1703 2990 παρά
1753 2919 1848 2974 τοῦ

257 2995 476 3065 Πατρδς
505 2998 888 3068 ἐκπορεύεται,
922 3021 941 3055 ι
982 3003 1159 3070 οὕτως
1188 3008 1279 3060 ἐπὶ
1308 3007 1405 3062 τοῦ
1437 3009 1570 3063 Υίοῦ
1596 3013 1682 3076 τὸ,
1713 3031 1734 3065 ι
1756 3011 1852 3067 Ἐκ

255 3087 357 3141 τοῦ
387 3090 522 3160 ἐμοῦ
551 3091 802 3162 λήψεται,
842 3115 862 3148 ι
893 3096 1036 3151 καθά
1093 3099 1536 3172 προδιήγγελται,
1596 3106 1742 3177 ἅπερ
1793 3109 1850 3160 ἐν

253 3184 342 3251 τῷ
373 3185 520 3254 αὐτῷ
551 3185 682 3256 θείῳ
713 3187 1034 3262 Εὑαγγελίῳ
1063 3193 1122 3245 ἐν
1149 3195 1222 3270 τῇ
1255 3195 1392 3265 αὐτῇ
1429 3199 1523 3250 καὶ
1559 3199 1658 3270 μιᾷ
1687 3215 1852 3271 περι-

254 3279 430 3349 κοπῇ.
463 3281 558 3333 καὶ
588 3279 713 3335 λίαν
740 3283 1038 3352 ἐγγύτατα.
1109 3288 1222 3341 Καὶ
1271 3289 1380 3342 ποῦ
1409 3291 1469 3344 τὸ
1504 3291 1599 3344 τοῦ
1635 3293 1852 3346 ἀντιθέ-

1946 2163 2200 2218 eumdem
2227 2179 2451 2234 prorsus
2473 2163 2841 2234 signiﬁcatum
2870 2163 3076 2219 habere
3099 2163 3278 2218 sciens
3301 2162 3406 2216 has
3430 2171 3540 2214 tres

1947 2267 2132 2315 voces,
2166 2262 2224 2308 et
2252 2253 2400 2308 nullo
2433 2253 2597 2309 modo
2635 2243 2939 2310 secundum
2977 2255 3308 2310 sententiam
3361 2253 3547 2308 direre

1947 2359 2094 2402 sum.
2127 2345 2282 2401 Idem.
2309 2361 2441 2402 vero
2473 2346 2672 2402 clamat
2705 2347 2812 2402 alta
2839 2363 2975 2402 voce
3001 2364 3016 2402 :
3046 2365 3062 2400 ι
3091 2347 3153 2402 Ει
3175 2355 3260 2402 est
3285 2346 3544 2402 Christus

1951 2438 2174 2507 veritas,
2205 2440 2353 2494 etab
2376 2438 2496 2510 ipso
2525 2439 2615 2494 illa
2647 2440 2766 2510 ipsa
2794 2441 3008 2496 ratione
3039 2455 3146 2511 qua
3167 2455 3196 2494 a
3222 2439 3382 2494 Patre
3414 2455 3542 2510 pro-

1950 2531 2218 2589 funditur.
2253 2553 2275 2588 »
2307 2533 2446 2589 Tum
2494 2543 2760 2606 praeterea
2790 2533 3103 2604 dogmatum
3149 2535 3394 2589 fulcrum
3424 2540 3545 2588 nra-

1950 2642 2090 2699 gnus
2143 2627 2508 2698 Epiphanius,
2555 2629 2612 2682 in
2662 2628 2854 2683 iisdem
2913 2627 3164 2682 eamdem
3213 2625 3545 2681 sententiam

1951 2721 2279 2778 clarissimis
2359 2723 2798 2792 necessariisque
2863 2721 3322 2777 concludertibus
3383 2735 3544 2790 argn-

1951 2815 2153 2868 mentis
2184 2814 2493 2877 conﬁrmat,
2523 2815 2599 2870 uti
2632 2815 2700 2871 de
2725 2814 2886 2870 Patre
2913 2814 3046 2869 illud
3081 2834 3094 2870 :
3130 2833 3148 2866 ι
3183 2812 3284 2880 Qui
3322 2829 3353 2866 a
3388 2813 3552 2867 Patre

1954 2909 2218 2980 procedit,
2257 2927 2275 2962 ι
2314 2911 2386 2965 ita
2412 2911 2478 2965 de
2514 2907 2650 2965 Filio
2685 2909 2943 2975 alterum,
2987 2928 3006 2961 ι
3043 2908 3111 2962 Et
3146 2908 3212 2961 de
3241 2923 3366 2962 meo
3401 2906 3548 2961 acci-

1952 3002 2086 3072 piet,
2127 3021 2146 3054 ι
2175 3001 2341 3057 sicuti
2383 3002 2720 3057 declaratum
2757 3011 2862 3067 est,
2896 3017 3018 3070 quae
3047 3001 3102 3054 in
3133 3001 3325 3056 eodem
3359 3007 3550 3054 sancto

1953 3096 2270 3169 Evangelia,
2319 3105 2374 3150 et
2411 3098 2464 3150 in
2504 3097 2695 3151 eadem
2737 3106 2792 3150 et
2822 3112 2930 3150 una
2973 3095 3248 3166 pericope,
3290 3101 3346 3148 ct
3383 3110 3549 3164 quam

1955 3191 2204 3262 proxime
2225 3200 2595 3260 apponuntur.
2625 3190 2690 3246 Et
2715 3190 2938 3245 ubinam
2969 3197 3052 3245 est
3082 3189 3382 3244 adversarii
3416 3187 3553 3242 illud

1955 3287 2024 3340 de
2071 3287 2347 3340 Domino:
2383 3303 2402 3337 ι
2429 3283 2546 3340 Νοιι
2581 3285 2786 3340 addens
2823 3284 2953 3338 item
2988 3284 3120 3338 illud
3161 3301 3226 3337 ex
3269 3283 3397 3338 me?
3434 3303 3451 3335 ι
3487 3281 3553 3336 Ει

252 3385 357 3423 του
383 3376 514 3439 περὶ
543 3371 638 3454 τοῦ
667 3374 902 3448 Κυρίου,
955 3376 1036 3440 τὸ,
1097 3397 1116 3430 ι
1145 3378 1239 3452 Μὴ
1288 3381 1601 3448 προστιθεὶς
1631 3385 1724 3438 καὶ
1770 3384 1852 3450 τὸ,

1965 3378 2084 3432 hac
2114 3377 2334 3444 quidem
2373 3377 2490 3446 ipse
2527 3375 2840 3430 divinorum
2894 3375 3116 3429 Patrum
3149 3374 3548 3429 commentarii

255 3462 397 3533 παρ’
423 3463 598 3534 ἐμοῦ;
630 3484 650 3518 ι
691 3469 801 3522 Καὶ
833 3463 988 3534 οὗτος
1011 3470 1206 3537 ταῦτα,
1238 3473 1272 3544 ἦ
1307 3474 1376 3528 τὰ
1409 3475 1515 3529 τῶν
1535 3476 1852 3547 θεολήπτων

255 3558 512 3612 ἐπελθεῖν
544 3559 682 3624 ὅλως
717 3562 792 3634 μὴ
821 3563 1086 3632 ἀξιώσας,
1137 3566 1212 3628 ὡς
1246 3568 1440 3625 ἑαυτὸν
1469 3571 1778 3639 ἀναφαίνει,
1815 3573 1849 3646 ἢ

254 3649 432 3704 τῶνδε
471 3653 677 3720 μᾶλλον
701 3658 770 3709 τὰ
797 3656 893 3726 τῆς
935 3659 1134 3722 κακίας
1171 3661 1473 3732 προκρίνας
1501 3662 1598 3734 τῆς
1625 3664 1689 3716 ἐκ
1718 3683 1856 3737 προ-

255 3741 498 3813 λήψεως.
542 3745 706 3799 Αὐτοὶ
763 3747 823 3800 δέ
852 3751 964 3812 τοῖς
996 3750 1276 3820 θεοσόφοις
1311 3746 1614 3826 Ἐπιφανίῳ
1649 3773 1710 3809 τε
1758 3757 1854 3810 καὶ

261 3834 543 3907 Κυρίλλῳ,
557 3831 638 3902 οἷς
652 3840 780 3910 περὶ
798 3840 917 3906 τοῦ,
939 3859 958 3893 ι
981 3842 1080 3898 Ἐκ
1098 3845 1307 3914 Πατρδς
1323 3847 1705 3918 ἐκπορεύεται,
1721 3869 1738 3902 ι
1763 3852 1856 3906 καὶ

269 3941 290 3975 σ
333 3925 430 3978 Ἐκ
453 3926 546 3980 τοῦ
573 3929 708 3998 ἐμοῦ
745 3930 1030 4002 λήψεται,›
1059 3936 1453 4004 παραδιδόντες
1481 3940 1852 4006 θεσπίζουσιν,

259 4014 584 4071 ἀκολουθεῖν
625 4018 686 4086 ἐξ
738 4021 986 4090 ἀνάγκης
1015 4025 1290 4096 εἱλόμεθα,
1347 4028 1493 4100 ἥπερ
1525 4024 1607 4094 οἷς
1645 4032 1858 4086 οἴκοθεν

261 4108 592 4176 ἐφάλλονται
643 4115 770 4183 περὶ
801 4114 984 4172 αὐτῶν
1011 4115 1394 4188 διερμηνεύειν
1428 4125 1521 4175 καὶ
1554 4124 1859 4192 ἀποφαίνε-

178 4239 198 4247 -
266 4201 423 4267 σθαι,
454 4201 484 4257 ὃ
531 4204 596 4274 δὴ
631 4207 726 4259 καὶ
757 4208 805 4260 oi
839 4208 950 4262 τῶν
997 4211 1317 4282 ὁμοφρὸνων
1363 4214 1552 4281 αὑτοῦ,
1589 4217 1620 4288 ἢ
1655 4220 1859 4288 μᾶλλον

266 4297 534 4366 ἑπόμενοι
572 4299 991 4372 συνυϐρίξεσθαι
1021 4307 1134 4366 τοῖς
1175 4305 1421 4376 ῥηθεῖσιν
1449 4311 1774 4382 αἱρούμεθα,
1809 4309 1860 4366 tt

263 4391 367 4442 καὶ
393 4389 520 4460 ἵλεῳ
545 4385 678 4456 εἷεν,
709 4391 785 4454 ὡς
835 4393 1057 4464 εἰδότες,
1089 4393 1177 4452 οἷα
1211 4399 1330 4468 Θεῷ
1370 4400 1595 4466 ζῶντες,
1636 4404 1758 4458 ὅθεν
1789 4405 1862 4460 τὰ

262 4480 382 4534 τῶν
407 4479 706 4552 λοιδοριῶν.
741 4485 852 4540 Καὶ
893 4487 1118 4556 προσέτι
1150 4489 1226 4560 τῷ
1256 4492 1660 4562 τῆς-θεολογίας
1691 4495 1860 4567 ἀκρέ-

269 4567 400 4646 μονι
430 4577 644 4648 τρανῶς
677 4579 1121 4653 ἀποφαινομὲνῳ,
1169 4603 1188 4636 ι
1231 4585 1308 4656 μὴ
1337 4587 1464 4654 περὶ
1495 4587 1603 4640 τῶν
1658 4589 1861 4660 ὀνομά-

263 4665 381 4721 ea»
415 4667 773 4739 ζυγομαχεῖν,
828 4671 934 4736 ἐως
965 4673 1032 4728 ἀν
1087 4674 1171 4738 είς
1215 4679 1317 4747 τὴν
1344 4677 1514 4748 αὐτὴν
1548 4677 1758 4733 ἔννοιαν
1804 4683 1860 4734 αἱ

271 4761 550 4816 συλλαϐαὶ
580 4763 844 4834 φέρωσιν.
877 4783 897 4818 ι

350 4853 683 4919 ιζ’.Ἒπειτα
703 4857 796 4910 τοῦ
819 4858 1193 4931 διαλεχθέντος
1218 4863 1548 4934 ἀνατρέπων
1573 4866 1652 4930 τὸ,
1667 4886 1686 4919 ι
1709 4867 1866 4920 Ἐπεὶ

264 4948 377 5002 οὐκ
405 4949 772 5020 ἐκπορεύεται
825 4953 886 5005 τὸ
917 4950 1143 5022 Πνεῦμα
1190 4956 1254 5008 ἐκ
1281 4957 1384 5032 ἢτοῦ
1425 4957 1577 5024 Υίοῦ,
1635 4957 1867 5031 εὓρηται

265 5043 556 5110 οὐδαμῶς,
587 5063 606 5096 ι
645 5047 678 5114 ἡ
714 5045 1023 5116 κατάφασις
1058 5049 1166 5120 ἄρα
1200 5049 1372 5114 ἔσται,
1403 5053 1732 5121 ἀντεπάγει,
1767 5053 1860 5106 σό-

267 5150 460 5204 φισμα
496 5136 656 5190 τοῦτο
712 5138 918 5194 καλῶν.
950 5141 1087 5195 Οὐδὲ
1116 5143 1226 5211 γὰρ
1259 5145 1381 5196 ἐπεὶ
1415 5145 1490 5216 μὴ
1525 5144 1638 5216 ἔχει
1689 5163 1776 5210 τις
1811 5151 1870 5222 ἐν

265 5231 346 5300 τῇ
383 5227 504 5300 θείᾳ
534 5229 730 5302 Γραφῇ
760 5232 930 5300 δεῖξαι
959 5235 1052 5286 καὶ¹
1081 5234 1174 5288 τδν
1220 5235 1348 5289 Υίὸν
1377 5237 1460 5290 ὅτι
1507 5239 1568 5290 οὑ
1609 5239 1868 5305 γεννᾶται

268 5323 386 5376 ὑπὸ
410 5321 506 5376 τοῦ
545 5323 888 5394 Πνεύματος,
920 5327 1019 5398 ἤδη
1049 5329 1148 5401 τήν
1176 5331 1485 5400 κατάφασιν
1511 5332 1866 5404 ὁμολογήσει,

267 5419 363 5473 ὅτι
394 5421 677 5486 γεννᾶται.
742 5421 807 5474 Ἦ
857 5423 923 5476 ἐκ
969 5424 1078 5478 τῶν
1122 5428 1326 5495 ὁμοίων
1377 5427 1516 5500 αῦτη
1551 5432 1870 5502 κατασκευὴ

269 5513 421 5583 πρὸς
473 5513 756 5584 ἀναίρεσιν
810 5515 906 5570 τοῦ
951 5517 1184 5588 ψεύδους
1242 5518 1380 5575 οὖσα
1439 5523 1538 5576 τὸν
1571 5525 1872 5596 ἐκθέμενον

268 5606 437 5675 τήνδε
462 5606 708 5676 σόφισμα
737 5607 964 5676 λέγοντα
1017 5611 1244 5678 μᾶλλον,
1291 5613 1324 5683 ἦ
1358 5613 1688 5686 ἀναιροῦντα
1720 5615 1874 5684 σόφι-

269 5719 398 5772 σμα
424 5701 684 5755 δείκνυσι.
719 5703 980 5758 Βούλεται
1025 5705 1132 5775 γὰρ
1167 5704 1228 5770 ἐξ
1256 5707 1431 5770 αὐτῆς
1480 5701 1635 5772 οὗτος
1667 5711 1871 5779 συστῆ-

270 5809 397 5858 σαι,
437 5793 519 5846 ὃτι
551 5793 742 5863 ὥσπερ
769 5795 831 5846 οὐ
877 5795 1136 5860 γεννᾶται
1161 5795 1188 5847 ὁ
1219 5794 1349 5859 Υίδς
1396 5800 1460 5849 ἐκ
1489 5797 1585 5848 τοῦ
1622 5797 1874 5866 Πνεύμα-

267 5900 377 5946 τος
431 5882 867 5954 ὁμολογούμενον
907 5883 988 5946 ὃν,
1037 5884 1258 5950 δείξεως
1305 5889 1364 5939 οὔ
1404 5888 1603 5952 δεῖται,
1656 5889 1752 5940 καὶ
1785 5887 1874 5941 διὰ

268 5970 445 6026 τοῦτο
474 5973 508 6042 ἡ
541 5973 851 6044 κατάφασις
904 5977 987 6028 ὅτι
1019 5973 1080 6039 ἐξ
1111 5975 1276 6030 αὑτοῦ
1335 5981 1594 6045 γεννᾶται
1625 5979 1833 6050 ψευδής
1857 5997 1873 6012 ·

271 6062 434 6118 οὕτω
485 6064 580 6120 καὶ
623 6065 704 6120 ὅτι
755 6067 854 6120 οὐκ
905 6068 1264 6138 ἐκπορεύεται
1312 6069 1372 6124 τὸ
1406 6071 1631 6142 Πνεῦμα
1665 6075 1727 6124 ἐκ
1778 6073 1871 6125 τοῦ

1955 3486 2184 3542 prorsus
2219 3485 2549 3540 percurrere
2589 3467 2942 3538 dedignatus,
2976 3469 3056 3524 uti
3109 3484 3168 3523 se
3213 3466 3552 3539 percurrisse

1956 3573 2373 3626 commonstrat,
2415 3562 2503 3616 vel
2543 3561 2650 3617 illis
2699 3561 2880 3630 potius
2925 3561 3332 3632 improbitatem
3367 3559 3552 3614 animi:

1957 3667 2116 3712 antea
2144 3665 2466 3725 conceptam
2499 3669 2844 3725 praeponens.
2873 3653 2985 3708 Nos
3011 3669 3171 3724 porro
3197 3669 3226 3707 α
3253 3651 3360 3708 Deo
3391 3653 3557 3708 cdoc-

1960 3758 2044 3804 tos
2096 3747 2466 3818 Epiphanium
2527 3763 2590 3801 ac
2634 3747 2894 3816 Cyrillum
2944 3747 3000 3801 in
3042 3747 3261 3802 traditis
3315 3747 3382 3801 ab
3414 3747 3552 3817 ipsis

1958 3843 2305 3911 decretisque
2331 3843 2398 3896 de
2425 3841 2565 3896 illis:
2601 3859 2620 3894 ι
2655 3841 2731 3896 Ex
2762 3840 2920 3896 Patre
2950 3841 3217 3912 procedit,
3245 3849 3299 3895 et
3329 3840 3396 3895 de
3429 3857 3554 3896 meo

1959 3935 2206 4004 accipiet,
2242 3953 2258 3986 ι
2284 3936 2436 4004 sequi
2463 3935 2646 4004 potius
2665 3933 3072 3992 constituimus.
3107 3950 3269 4004 quam
3295 3950 3416 4004 quae
3447 3934 3551 4004 ipsi

1960 4027 2276 4083 desilientes
2317 4028 2748 4098 interpretantur
2782 4025 2948 4098 atque
2985 4025 3277 4090 deﬁniunt,
3318 4028 3463 4098 quod
3501 4037 3558 4082 rt

1960 4121 2206 4188 ejusdem
2226 4137 2349 4174 cum
2377 4123 2574 4175 eodem
2602 4121 2888 4176 sententiae
2907 4121 3006 4174 viri
3028 4121 3109 4174 vel
3126 4122 3308 4190 potius
3325 4121 3553 4174 “SSCCLU

1961 4207 2111 4269 facti,
2153 4223 2259 4260 una
2283 4209 2442 4262 simul
2480 4225 2603 4262 cum
2638 4210 2802 4263 dictis
2839 4209 3096 4278 iniuriam
3138 4209 3246 4281 pati
3279 4211 3562 4282 eligimus,

1961 4300 2050 4369 qui
2083 4299 2306 4370 prepitii
2334 4301 2443 4355 sint
2465 4309 2723 4370 tanquam
2755 4303 2846 4371 qui
2889 4303 3086 4367 sciant,
3121 4319 3244 4358 cum
3269 4304 3392 4373 ;ipsi
3443 4304 3555 4358 Deo

1962 4395 2166 4460 vivant,
2196 4396 2342 4448 unde
2363 4394 2600 4448 convitia
2617 4395 2952 4449 exoriuntur.
2973 4397 3033 4450 Et
3050 4405 3313 4464 praeterea
3342 4398 3560 4453 theolo-

1963 4489 2063 4557 giae
2081 4487 2339 4543 verticem
2359 4489 2743 4543 decernentem
2765 4529 2780 4554 ,
2812 4506 2830 4540 ι
2866 4489 2935 4544 de
2953 4491 3272 4546 nominibus
3295 4507 3406 4547 non
3433 4507 3556 4548 esse

1964 4580 2442 4645 contendendum,
2477 4580 2777 4637 dummodo
2822 4582 2877 4636 in
2923 4585 3174 4639 eamdem
3223 4585 3556 4640 sententiam

1967 4671 2186 4742 syllabae
2222 4672 2556 4730 referantur.
2589 4694 2608 4726 ι

1903 4772 1949 4828 D
1985 4789 2002 4806 ι

1986 4881 1994 4888 ·
2044 4862 2131 4916 17.
2169 4859 2529 4918 Postmodum
2580 4879 2766 4919 secum
2813 4865 3178 4935 colloquentis
3229 4866 3320 4922 illa
3371 4868 3561 4923 redar-

1971 4970 2146 5025 guens
2182 4971 2196 5010 :
2234 4973 2253 5007 ι
2283 4955 2763 5026 Quandoquidem,
2789 4973 2899 5013 non
2929 4959 3177 5029 procedit
3209 4959 3450 5030 Spiritus
3497 4979 3561 5016 ex

1972 5049 2136 5112 Filio,
2161 5066 2435 5119 nusquam
2460 5049 2794 5105 invenitur.)
2830 5049 3132 5107 Aﬂirmatio
3179 5054 3345 5122 igitur
3376 5054 3561 5117 fuerit,

1973 5151 2162 5195 contra
2195 5141 2443 5211 opponit,
2480 5141 2759 5212 sophisma
2792 5143 2924 5197 illud
2959 5145 3242 5214 appellans
3273 5163 3287 5199 :
3325 5165 3343 5196 ι
3378 5147 3566 5215 Neque

1972 5236 2119 5289 enim
2152 5236 2300 5303 quod
2334 5251 2442 5291 non
2474 5237 2957 5308 liabeatquispiam
2985 5239 3038 5294 iu
3061 5240 3247 5297 ditina
3277 5238 3565 5310 Scriptura

1972 5328 2264 5382 ostendere
2295 5327 2460 5381 etiam
2491 5328 2688 5384 Filium
2723 5346 2832 5383 non
2858 5332 3114 5402 generari
3143 5347 3173 5388 a
3197 5331 3428 5402 Spiritu,
3450 5333 3564 5402 jam

1975 5428 2030 5474 et
2062 5419 2482 5475 affirmationem
2506 5421 2774 5478 fatebitur
2803 5422 3084 5494 generari.
3117 5444 3136 5476 ο
3177 5423 3281 5478 Ista
3312 5425 3568 5495 probatio

1975 5512 2042 5566 ad
2065 5511 2460 5567 destruendum
2496 5513 2840 5568 mendacium
2861 5529 2930 5568 ex
2957 5513 3235 5570 similibus
3257 5528 3562 5587 assumpta.

1977 5605 2124 5660 illam
2158 5615 2524 5676 exponentem
2567 5607 2846 5678 sophisma
2869 5607 3058 5678 potius
3085 5609 3292 5676 dicere,
3329 5626 3435 5665 non
3471 5612 3570 5667 de-

1978 5710 2193 5755 struere
2213 5699 2518 5768 sophisma,
2565 5701 3129 5770 ostendit.3.lntcndit
3174 5704 3446 5775 siquidem
3497 5721 3568 5761 ex

1979 5793 2096 5860 ipsa
2128 5790 2384 5861 probare,
2419 5791 2885 5860 quemadmodum
2917 5809 3027 5847 non
3063 5807 3359 5864 generatur
3395 5794 3570 5851 Filius

1980 5902 2010 5940 a
2036 5885 2264 5954 Spiritu,
2301 5887 2444 5955 quod
2487 5901 2613 5940 cum
2662 5887 2715 5939 in
2761 5886 3029 5942 confessis
3072 5889 3166 5953 sit,
3217 5890 3568 5946 demonstra-

1984 5979 2130 6034 tione
2182 5995 2289 6032 non
2341 5987 2484 6049 eget,
2537 5990 2937 6050 proptereaque
2988 5980 3280 6036 afﬁrmatio
3333 5999 3396 6036 ex
3448 5986 3568 6052 ipso

1982 6072 2233 6144 δουριδοί
2264 6073 2493 6129 mendax
2525 6084 2628 6141 cst,
2666 6073 2892 6146 parique
2932 6075 3093 6131 modo
3143 6075 3405 6147 Spiritu".
3458 6093 3570 6136 nm.
