4020 6576
480 538 623 604 i363

1692 547 2019 610 GEORGII
2056 549 2371 614 METOCH
2381 548 2531 613 [TIE

3634 543 3763 609 Πθί

480 659 779 730 procedere
809 673 877 715 ex
916 660 1078 729 Filio,
1108 674 1234 718 cum
1272 662 1658 720 indubitatum
1706 665 1798 731 sit,
1838 664 2070 720 demon-

2183 666 2310 721 Υίοῦ
2332 666 2392 720 τὸ
2422 665 2829 737 ἀναμφίλεκτον
2854 663 2994 735 ἔχον,
3032 663 3096 718 οῦ
3116 662 3212 717 τοῦ
3236 662 3521 734 δειχθῆναι
3547 661 3760 732 χρῄζει,

481 750 753 807 stratione
780 766 893 806 non
925 751 1157 824 indiget,
1194 763 1598 825 proptereaque
1630 754 1920 811 afﬁrmatio
1956 770 2067 810 una

478 858 666 899 secum
708 843 876 898 trahit
908 844 1053 915 quod
1088 859 1276 900 verum
1313 862 1425 902 non
1451 856 1553 901 est.
1577 846 1875 902 Videamus
1901 846 2068 918 igitur

479 934 709 1003 posthac
745 934 1184 992 similitudinem.
1225 937 1357 992 Illud
1381 978 1397 1002 ,
1433 950 1500 993 ex
1533 938 1690 993 Patre
1723 938 1925 993 Filium
1976 954 2068 1009 ge-

479 1027 661 1081 nerari
697 1026 833 1081 duas
881 1043 1145 1097 personas
1172 1029 1463 1094 inducens,
1501 1030 1635 1086 duas
1670 1031 1836 1086 etiam
1875 1044 2069 1086 necesa

478 1119 625 1173 sario
665 1118 906 1175 inculcat
955 1125 1364 1192 proprietates,
1403 1123 1630 1178 alteram
1677 1140 1962 1196 generare,
2013 1133 2069 1180 et

480 1213 784 1282 generandi
819 1213 1132 1271 facultatem
1169 1217 1341 1274 solam
1383 1232 1659 1288 unamque
1690 1218 1867 1274 Patris
1896 1234 2067 1291 gene-

483 1309 677 1371 rantis,
697 1309 922 1366 alteram
946 1313 1221 1383 generari,
1239 1322 1641 1384 etgeneratum
1662 1313 1755 1383 qui
1776 1318 2068 1384 generatur

481 1402 627 1457 Filii.
659 1402 790 1459 lnde
811 1422 877 1461 ex
902 1406 1112 1476 Spiritu
1143 1406 1344 1462 Filium
1390 1423 1499 1464 non
1529 1408 1783 1479 generari
1812 1408 2067 1461 submota

481 1494 633 1548 omni
668 1497 1015 1552 dubitatione
1047 1498 1250 1553 veritas
1280 1507 1451 1554 tenet.
1487 1497 1552 1551 Et
1577 1496 1811 1566 hujusce
1838 1495 2069 1550 demon-

482 1586 697 1641 strandi
733 1588 944 1643 nullam
975 1590 1365 1646 necessitatem
1394 1602 1537 1649 esse.
1564 1597 1791 1657 paterna
1821 1587 2070 1658 proprie-

476 1686 588 1744 tas,
620 1695 883 1750 generare
917 1682 1146 1744 scilicet,
1182 1682 1492 1739 confirmat.
1531 1681 1590 1735 Si
1624 1680 1772 1735 enim
1815 1678 1921 1748 ipsi
1962 1676 2068 1732 soli

2170 759 2267 815 καὶ
2299 758 2389 813 διὰ
2414 757 2576 812 τοῦτο
2620 758 2653 827 ἡ
2690 757 3002 827 κατάφασις
3033 756 3357 827 ἐπιφέρεται
3407 755 3469 808 τὸ
3519 754 3599 826 μὴ
3637 753 3766 823 ἀληο

2170 850 2281 914 θές.
2345 850 2574 920 Ἰδωμεν
2607 845 2701 905 οῦν
2753 850 2846 904 τοῦ
2899 848 3089 903 λοιποῦ
3120 850 3221 915 τὴν
3254 848 3516 917 ὁμοίωσιν
3543 863 3560 879 ο
3585 846 3650 898 τὸ
3678 846 3764 898 τὸν

2172 943 2301 996 Υἱδν
2328 944 2394 997 ἐκ
2415 941 2513 997 τοῦ
2537 943 2750 1014 Πατρδς
2776 941 3071 1010 γεννᾶσθαι
3102 939 3272 993 δυάδα
3302 939 3617 1008 προσώπων
3654 946 3764 989 εισ-

2174 1036 2309 1105 άγον
2334 1036 2487 1090 διττά
2537 1036 2681 1090 κατά
2712 1036 2896 1089 πᾶσαν
2930 1034 3180 1102 ἀνάγκην
3209 1029 3514 1100 φωτοὸολεῖ
3563 1028 3661 1081 καὶ
3702 1028 3767 1085 τὰ

2172 1129 2301 1196 ῐδια,
2329 1130 2389 1183 τὸ
2423 1129 2521 1200 μὲν
2553 1128 2750 1199 γεννᾷν
2798 1127 2894 1182 καὶ
2919 1126 2980 1181 τὸ
3002 1123 3322 1196 γεννητικὸν
3351 1114 3410 1175 ἓν
3436 1121 3501 1175 ὃν
3529 1121 3626 1175 τοῦ
3652 1137 3768 1189 γεν-

2171 1221 2369 1286 νῶντος
2429 1221 2677 1292 Πατρὺς,
2731 1221 2793 1274 τὸ
2825 1220 2883 1274 δὲ
2917 1220 3215 1289 γεννᾶσθαι
3252 1217 3349 1272 καὶ
3405 1216 3468 1270 τὸ
3508 1215 3772 1285 γεννητδν

2172 1314 2361 1385 ἓτερον
2388 1312 2485 1367 τοῦ
2538 1313 2883 1383 γεννωμένου
2942 1311 3093 1367 Υίοῦ.
3148 1311 3317 1365 Ὅθεν
3345 1310 3408 1363 τὴ
3438 1311 3516 1380 μὴ
3572 1312 3639 1362 ὲκ
3671 1307 3763 1360 τοῦ

2173 1408 2491 1476 Πνεῦματος
2515 1405 2606 1460 τδν
2630 1405 2761 1460 Υίὸν
2779 1406 3075 1474 γεννᾶσθαι
3096 1404 3198 1474 τῆς
3219 1403 3479 1473 ἀληθείας
3502 1403 3563 1456 τὺ
3590 1402 3773 1471 ἀπαρο
3868 1422 3879 1426 -

2172 1500 2415 1570 αίτητον,
2450 1500 2545 1553 καὶ
2596 1500 2660 1553 τὸ
2704 1499 2974 1571 μηδεμίαν
3026 1500 3278 1567 ἀνάγκην
3308 1496 3407 1567 τῆς
3430 1494 3631 1548 τούτου
3664 1493 3773 1547 δεί-

2174 1592 2311 1659 ξεως
2338 1588 2477 1647 εἶναι
2509 1595 2541 1663 ἡ
2586 1591 2681 1646 τοῦ
2719 1591 2934 1661 Πατρδς
2960 1590 3162 1658 ἰδιότης
3193 1588 3427 1660 βεϐαιοῖ,
3463 1588 3527 1640 τὸ
3551 1587 3770 1655 γεννᾷν.

2175 1685 2239 1741 Ei
2267 1687 2376 1760 γὰρ
2404 1685 2553 1757 αὐτῷ
2578 1684 2724 1756 μόνῳ
2755 1683 2897 1737 καθα
2938 1682 3069 1736 ἴδιον
3093 1682 3422 1752 ἀφιέρωται,
3456 1681 3577 1743 πῶς
3603 1679 3773 1747 ἑτέρῳ

438 1768 450 1777 ’
484 1770 563 1825 uti
594 1771 875 1842 proprium
912 1782 1258 1837 reservatur,
1307 1771 1582 1842 quomodo
1620 1770 1776 1826 alteri
1825 1768 2072 1838 adaptari

2183 1779 2501 1848 τοπαράπαν
2550 1777 2970 1849 ὲφαρμοσθῆναι
3021 1776 3336 1845 δυνήσεται,
3403 1772 3551 1826 ὥστε
3582 1772 3776 1840 γεννᾷ)

486 1860 562 1914 ita
596 1862 816 1931 poterit,
852 1869 911 1917 ut
957 1862 1149 1918 Filium
1196 1862 1459 1933 generet?
1488 1860 1864 1932 Nequaquam.
1898 1862 1965 1915 At
2004 1873 2073 1914 ex

2183 1870 2268 1925 τὸν
2302 1870 2465 1936 Υἱόνς
2496 1869 2756 1924 Ἦκιστα.
2774 1862 2839 1921 Ἠ
2864 1868 2922 1921 δὲ
2943 1864 3067 1936 τοῦ,
3082 1866 3178 1920 Ἐκ
3206 1864 3301 1919 τοῦ
3318 1864 3446 1917 Υἱοῦ
3467 1863 3531 1915 τὸ
3554 1862 3774 1932 Πνεῦμα

489 1952 629 2008 Filio
652 1954 889 2024 Spiritus
916 1971 1023 2010 non
1052 1955 1321 2025 procedit,
1346 1955 1682 2025 comparatio
1705 1954 1894 2008 adhmc
1922 1966 2073 2022 quat-

2183 1964 2279 2018 οὐκ
2333 1963 2718 2034 ἐκπορεύεται,
2749 1959 3015 2028 ὁμοίωσις
3054 1961 3192 2030 πρὸς
3234 1958 3410 2013 ταῦτα
3450 1957 3613 2026 ποία,
3638 1957 3688 2009 εί
3719 1955 3777 2009 τὸ

491 2060 620 2099 nam
668 2047 877 2101 fuerit?
909 2048 954 2102 si
985 2047 1327 2118 ὲκπορεύοιν,
1358 2048 1476 2104 sive
1517 2057 1577 2103 ut
1620 2046 1939 2118 frequenter
1987 2046 2078 2101 hic

2183 2023 2509 2128 ἐκπορεύειν
2546 2055 2580 2127 ἢ
2628 2023 2841 2126 συννιῦς
2877 2053 3057 2118 οὕτως
3135 2052 3257 2107 λίαν
3291 2023 3645 2116 ὲξεταστικδς
3668 2050 3776 2112 τοῖς

492 2136 840 2208 dogmatibus
871 2139 1254 2195 examinandis
1287 2139 1511 2195 sedulus
1543 2138 1746 2209 inquit,
1776 2141 1894 2194 sive
1926 2139 2078 2208 quod

2183 2149 2415 2220 δόγμασι
2453 2148 2676 2217 φάσκει,
2713 2147 2746 2218 ἢ
2788 2146 2928 2218 ὅπερ
2967 2145 3019 2198 oi
3060 2143 3317 2213 θεαυγεϊς
3347 2142 3600 2210 Πατέρες
3643 2155 3775 2209 atpo-

493 2248 525 2285 a
556 2236 665 2288 Deo
700 2232 996 2287 iiluminati
1027 2233 1216 2288 Patres
1246 2232 1554 2304 proferunt,
1576 2233 1832 2297 emittere,
1865 2241 1924 2287 ut
1952 2247 2078 2302 pro-

2183 2238 2409 2312 φέρουσι
2440 2238 2503 2292 τὺ
2527 2237 2886 2307 ἐκπέμπειν,
2946 2234 3023 2299 ὡς
3056 2235 3226 2303 ἔγγὺς
3257 2231 3709 2302 προεκτέθειται,
3738 2227 3769 2300 ἢ

491 2329 641 2386 xime
671 2327 975 2398 expositum
1000 2335 1105 2391 est,
1129 2326 1247 2382 sive
1267 2325 1654 2395 produclivum,
1673 2334 1771 2379 aut
1795 2323 2080 2393 producere

2183 2330 2251 2385 τὸ
2279 2331 2692 2399 προσλητικόν
2716 2338 2777 2384 τε
2826 2328 2922 2383 καὶ
2944 2327 3012 2382 τὸ
3043 2326 3510 2395 προϐάλλεσθαι
3537 2322 3638 2377 τοῦ
3671 2317 3775 2374 Πα-

489 2421 668 2476 Patris
699 2418 981 2490 proprium
1017 2433 1137 2474 esse
1172 2418 1277 2488 ipsi
1304 2418 1604 2483 traderent,
1633 2427 1693 2471 ut
1720 2418 2080 2488 generalium

2183 2423 2309 2495 τρὸς
2336 2422 2470 2477 ἴδιον
2498 2422 2653 2476 αὐτοὶ
2683 2422 3024 2495 παρεδίδουν,
3051 2422 3129 2485 ὡς
3158 2418 3229 2474 τδ
3248 2416 3621 2490 γεννητικὸν
3640 2418 3779 2471 basio

491 2512 570 2567 ibi
605 2522 661 2566 et
706 2525 958 2582 generare
985 2549 998 2574 ,
1030 2508 1172 2563 bene
1206 2508 1397 2577 utique
1433 2522 1492 2563 se
1523 2506 1748 2563 haberet
1793 2506 2080 2576 utriusque

2186 2534 2245 2570 σε
2275 2518 2368 2571 καὶ
2391 2517 2450 2571 τὸ
2476 2515 2725 2588 ram-(ir,
2758 2518 2941 2579 καλῶς
2974 2516 3041 2571 ἂν
3071 2510 3216 2587 εἶχεν
3271 2512 3613 2582 ἀποφάσεων
3656 2511 3778 2564 ἑκα-

493 2603 872 2659 aiﬁrmationis
918 2602 1242 2657 similitudo.
1295 2602 1431 2656 Cum
1480 2616 1612 2655 vero
1661 2598 1847 2654 nullus
1879 2615 1948 2654 cx
1995 2598 2079 2655 his

2183 2609 2359 2680 τάρων
2391 2610 2453 2663 τὸ
2480 2611 2741 2681 ἐμφερές.
2811 2611 2967 2664 Ἐπεὶ
3007 2611 3064 2664 δὲ
3093 2609 3300 2663 τούτων
3336 2602 3519 2671 οὐδεὶς
3545 2605 3779 2674 δπουδῦτ-

495 2698 609 2752 nllo
638 2697 695 2751 in
729 2696 851 2752 loco
883 2696 1249 2765 productivum
1273 2694 1328 2748 in
1365 2694 1755 2765 proprietatem
1788 2703 2078 2762 paternam

2184 2719 2317 2756 ποτε
2347 2702 2408 2756 τὸ
2437 2700 2848 2771 προϐλητικὸν
2870 2706 2951 2766 είς
2976 2702 3174 2772 ἰδίωμα
3202 2700 3474 2772 πατρικὸν
3537 2698 3777 2752 ἀποτάτ-

493 2792 776 2866 assignare
803 2800 1052 2859 repertus
1077 2788 1170 2854 sit,
1201 2797 1257 2842 et
1298 2789 1533 2843 emittere
1563 2787 1814 2843 nonnulli
1849 2801 1916 2840 ex
1947 2785 2080 2856 ipsis

2183 2811 2291 2847 των
2317 2786 2519 2858 ὦπται,
2546 2794 2644 2848 καὶ
2674 2794 2737 2847 τὸ
2798 2795 3138 2864 ἐκπέμπειν
3193 2793 3346 2862 σφῶν
3394 2790 3533 2843 ἔνιοι
3573 2787 3653 2852 ὡς
3687 2787 3776 2841 ἐπὶ

495 2884 577 2939 uti
607 2885 675 2938 de
709 2884 819 2937 Deo
860 2882 1019 2937 Patre
1069 2881 1142 2936 ita
1173 2891 1229 2936 et
1275 2882 1343 2935 de
1375 2879 1519 2935 Filio
1550 2879 1730 2950 palam
1773 2887 2079 2949 usurpant,

2183 2886 2277 2941 τοῦ
2309 2888 2524 2958 Πατρὺς
2566 2888 2741 2953 οὕτως
2795 2889 2888 2941 ἐπὶ
2947 2887 3044 2941 τοῦ
3097 2885 3230 2940 Υίοῦ
3260 2884 3561 2956 διαρρήδην
3590 2884 3777 2949 8:170-

494 2977 625 3048 quid
670 2975 995 3033 dissidentia
1034 2990 1141 3031 nec
1186 2990 1410 3046 prorsus
1445 2974 1591 3030 inter
1637 2989 1697 3028 se
1745 2971 2080 3028 cohaerentia

2185 2973 2455 3045 ρεύουσιν,
2504 2975 2593 3029 ἴνα
2622 2977 2676 3029 τί
2725 2976 2797 3031 ra
2826 2975 3121 3046 ἀσύμϐατα
3155 2974 3480 3043 συμϐαίνειν
3510 2974 3773 3044 πειρᾶται

494 3070 808 3127 coalescere
857 3077 1089 3123 conatur
1120 3067 1437 3131 ostendere,
1489 3074 1544 3120 et
1596 3064 1761 3119 simul
1806 3078 1912 3118 non
1945 3077 2080 3118 con-

2183 3066 2416 3135 φαίνειν,
2440 3068 2533 3121 καὶ
2567 3068 2883 3139 συντρέχειν
2912 3068 2981 3121 τά
3017 3067 3095 3139 μὴ
3115 3068 3515 3137 συντρέχοντα;
3553 3061 3693 3120 Εἶτα
3719 3062 3777 3118 τδ

496 3162 780 3219 currentia
810 3161 1184 3218 concurrere?
1203 3160 1472 3229 Deinceps
1496 3173 1593 3227 per
1616 3156 1815 3212 Filium
1837 3172 1899 3213 ex
1921 3156 2080 3211 Patre

2183 3158 2247 3212 δι’
2280 3158 2404 3213 Υίοῦ
2436 3162 2500 3214 ἐκ
2532 3161 2746 3231 Πατρδς
2770 3160 2832 3214 τὸ
2859 3159 3085 3229 Πνεῦμα
3099 3159 3162 3212 τδ
3195 3159 3348 3227 ἀγιον
3374 3157 3778 3226 ἐκπορεύεσθαι

497 3258 763 3329 διιίιῖιυηι
812 3267 1063 3312 sanctum
1118 3253 1440 3327 procedere,
1488 3254 1727 3309 decreto
1752 3250 2080 3307 universalis

2183 3252 2497 3324 ψηφίσματι
2523 3253 2870 3325 παγκοσμίου
2901 3254 3120 3307 συνόδου
3166 3252 3584 3323 κεκυρωμένον,
3618 3251 3655 3323 ἡ
3685 3252 3774 3305 τὸν

498 3351 713 3424 synodi,
750 3365 872 3420 quae
905 3350 1136 3419 septima
1173 3362 1403 3403 numero
1435 3354 1541 3409 est,
1580 3344 1868 3401 definitum
1893 3383 1909 3408 ,
1941 3358 2079 3413 quo-

2185 3346 2414 3415 ἒΰδομον
2441 3345 2634 3417 ἔλαχεν
2662 3345 2917 3418 ἀριθμὸν,
2944 3345 3065 3409 πῶς
3094 3344 3561 3414 ἀποκληρωθῆναι
3592 3343 3657 3397 τδ
3681 3343 3775 3396 ex.

500 3444 664 3500 modo
701 3444 881 3498 locum
913 3442 1118 3497 habere
1145 3440 1277 3495 illud
1308 3437 1652 3510 ἐκπορεύειν,
1678 3438 1965 3503 producere
1996 3434 2080 3503 fa-

2186 3440 2467 3509 πορεύειν
2494 3438 2643 3492 ἐάσει
2668 3437 2697 3505 ς’
2740 3438 2933 3492 Δοτέον
2967 3439 3057 3491 καὶ
3091 3436 3225 3507 γὰρ,
3255 3436 3331 3500 ὡς
3383 3434 3465 3505 τῷ
3510 3435 3778 3505 φωνοῦντι

498 3551 635 3601 cere,
661 3532 959 3588 concedet?
981 3530 1358 3587 Concedamus
1379 3527 1671 3599 siquidem,
1694 3536 1753 3582 ut
1774 3524 2080 3581 adversario

2187 3530 2401 3596 δοκοῦν,
2452 3535 2533 3595 εἰς
2566 3530 2760 3600 ἰδίωμα
2820 3529 2901 3600 τῷ
2933 3530 3132 3601 Πατρί.
3161 3528 3226 3582 El
3250 3545 3306 3581 τι
3335 3528 3444 3599 γὰρ
3475 3526 3555 3591 ὡς
3589 3527 3720 3580 ῐδιον
3751 3526 3775 3579 ξ

497 3630 696 3699 placet,
723 3626 800 3681 uti
834 3624 1119 3697 proprium
1147 3623 1313 3677 Patri.
1348 3621 1405 3676 Si
1436 3621 1565 3692 quid
1597 3620 1744 3675 enim
1777 3617 1937 3674 Pater
1960 3634 2087 3688 pro-

497 3720 677 3791 ptium
717 3720 900 3781 habet,
936 3733 1045 3772 non
1090 3715 1257 3770 habet
1290 3714 1345 3769 id
1390 3729 1489 3785 per
1515 3712 1737 3777 Filium,
1772 3728 1882 3768 non
1912 3726 2076 3780 gene-

497 3811 655 3866 randi
689 3811 1026 3873 facultatem,
1060 3823 1173 3863 non
1204 3806 1535 3879 ingenitum,
1560 3821 1675 3860 non
1708 3803 1856 3859 aliud
1890 3803 2080 3857 ullum.

497 3904 796 3974 Propterea
828 3916 1037 3971 magna:
1062 3899 1306 3955 audaciae
1337 3898 1526 3965 fuerit,
1556 3898 1672 3953 sive
1715 3910 1826 3951 non
1862 3895 2084 3950 ordina-

498 3996 595 4050 riae
630 3992 981 4066 ignorantiae,
1013 4008 1082 4046 ne
1111 3991 1240 4060 quid
1272 3990 1359 4046 his
1389 3989 1546 4061 pejus
1578 3989 1756 4044 dicam
1788 4028 1804 4055 ,
1835 3987 2083 4059 negatio-

498 4101 649 4151 nem,
684 4104 703 4137 ι
738 4100 848 4140 non
879 4082 1127 4155 procedit
1172 4098 1240 4137 ex
1292 4079 1431 4135 Filio
1482 4077 1747 4150 Spiritus,
1792 4098 1810 4132 ι
1869 4093 1937 4133 ex
1992 4077 2085 4132 illa

500 4178 659 4249 quasi
686 4178 886 4233 similis
926 4177 1019 4244 sit,
1055 4174 1369 4239 ostendere,
1398 4193 1416 4226 ι
1448 4189 1556 4229 non
1592 4183 1885 4242 generatur
1914 4172 2085 4228 Filius

501 4290 566 4326 ex
605 4271 845 4342 Spiritu;
894 4290 917 4323 ι
950 4278 1007 4326 et
1034 4270 1115 4324 uti
1146 4269 1291 4325 hanc
1329 4267 1404 4322 ita
1433 4276 1489 4322 et
1523 4267 1670 4321 illam
1701 4267 1988 4321 veritatem
2026 4266 2081 4320 in

502 4383 565 4422 se
599 4366 909 4429 continere,
941 4380 1005 4419 ex
1041 4362 1403 4418 afﬁrmatione
1450 4360 1565 4424 illa,
1608 4359 1858 4430 generari
1889 4357 2084 4413 Filium

499 4476 565 4514 ex-
592 4458 823 4528 Spiritu,
846 4469 902 4512 et
931 4458 1008 4512 uti
1028 4456 1173 4510 banc
1204 4454 1275 4508 ita
1306 4462 1361 4508 et
1392 4452 1563 4520 illam,
1586 4450 1660 4505 Ex
1682 4450 1818 4504 Filio
1838 4449 2086 4520 procedit

501 4556 738 4626 Spiritus
768 4552 1186 4627 allirmationetn
1218 4549 1410 4605 falsam
1442 4562 1587 4611 esse,
1616 4562 1741 4601 cum
1775 4562 1839 4601 ex
1875 4545 1989 4601 Deo
2016 4543 2085 4598 il~

499 4647 750 4704 luminati
782 4649 1161 4716 mysteriorum
1194 4643 1520 4712 interpretes
1543 4639 1611 4696 de
1636 4639 1760 4705 illis,
1791 4638 1899 4693 «Ex
1926 4636 2086 4694 Patre

2188 3625 2378 3696 Πατὴρ
2409 3624 2545 3696 ἔχει,
2580 3624 2682 3678 οὐκ
2713 3624 2827 3694 ἔχει
2853 3622 3014 3677 τοῦτο
3038 3622 3106 3676 δι’
3153 3620 3308 3687 Υἰοῦ,
3340 3621 3402 3673 οὺ
3431 3620 3495 3674 τὸ
3526 3636 3779 3689 γεννητι-

2186 3720 2303 3784 κὸν,
2340 3719 2402 3772 οὐ
2434 3719 2496 3773 τὸ
2542 3718 2862 3786 ἀγέννητον,
2916 3716 3020 3769 οὐκ
3076 3715 3207 3768 ἄλλο
3254 3713 3432 3768 οὐδέν.
3474 3712 3579 3767 Διά
3625 3713 3778 3768 τοῦτ(

2185 3813 2393 3883 τόλμης
2427 3810 2672 3881 μεγάλης
2700 3809 2733 3881 ἢ
2766 3808 2993 3878 ἀγνοίας
3040 3808 3102 3861 οὐ
3131 3806 3235 3876 τῆς
3253 3806 3558 3877 τυχούσης,
3587 3804 3679 3858 ἴνα
3706 3804 3779 3875 μὴ

2186 3905 2329 3971 λέγω
2362 3905 2422 3956 τὺ
2455 3902 2689 3973 μεῖζον,ι
2713 3902 2775 3957 τὸ
2806 3902 2933 3974 τὴν,
2989 3920 3008 3954 ι
3039 3902 3141 3955 οὐκ
3187 3900 3553 3973 ἐκπορεύεται
3586 3900 3651 3952 ἐκ
3685 3897 3781 3952 τοῦ

2187 3993 2320 4048 Υἱοῦ
2353 3995 2414 4046 τὸ
2450 3994 2704 4063 Πνεῦμα,
2740 4011 2759 4045 ι
2798 3993 3079 4061 ἀπόφασιν
3103 3992 3179 4056 ὡς
3211 3992 3277 4045 ἐκ
3304 3991 3414 4045 τῶν
3440 3990 3653 4061 ὁμοίων
3676 3990 3781 4045 δειε-

2188 4086 2401 4151 κνὲναι,
2435 4087 2500 4139 ὲκ
2522 4084 2616 4138 τοῦ
2655 4103 2675 4137 ι
2705 4083 2782 4157 μὴ
2802 4082 3096 4153 γεννᾶσθαι
3117 4083 3209 4137 τὸν
3245 4082 3375 4137 Υἱδν
3400 4085 3466 4137 ἐκ
3496 4081 3594 4136 τοῦ
3622 4080 3786 4136 [1νεῦ-

2190 4195 2358 4249 ματος
2382 4194 2397 4209 ’
2443 4196 2461 4229 ι
2495 4179 2591 4233 καὶ
2617 4179 2692 4243 ὡς
2726 4177 2932 4249 ταύτην
2965 4177 3227 4247 κάκείνην
3255 4174 3548 4247 ἀληθεύειν
3577 4176 3646 4229 ιχ
3681 4173 3781 4242 τῆς

2185 4269 2479 4340 γεννᾶσθαι
2513 4270 2605 4325 τὸν
2642 4270 2771 4323 Υίδν
2798 4270 2863 4323 ἐκ
2899 4267 2994 4322 τοῦ
3029 4268 3347 4339 Πνεῦματος
3368 4268 3741 4338 καταφάσεως
3762 4280 3775 4298 -'

2186 4363 2283 4417 καὶ
2319 4364 2395 4428 ὡς
2425 4362 2629 4433 ταύτην
2659 4363 2922 4434 κάκείνην
2955 4362 3077 4434 τὴν,
3108 4364 3173 4417 ἐκ
3202 4362 3296 4417 τοῦ
3315 4361 3448 4416 Υίοῦ
3473 4360 3777 4432 ἐκπορεύε-

2186 4474 2279 4510 ται
2309 4458 2371 4509 τδ
2405 4455 2650 4526 Πνεῦμα,
2696 4455 3010 4525 κατάφασιν
3032 4455 3350 4526 ψεύδεσθαι,
3399 4453 3513 4507 τῶν
3544 4453 3775 4523 θεολαμ-

2189 4549 2308 4603 πῶν
2340 4548 2702 4618 μνοτηπόλων
2727 4547 2966 4618 περὶτοῦ
2991 4550 3089 4602 «ἐκ
3110 4548 3324 4617 Πατρδς
3348 4546 3766 4617 ἆκπορεῦεται,ι

2187 4642 2285 4697 καὶ
2321 4660 2345 4693 ε
2382 4641 2478 4695 Ἐκ
2508 4640 2602 4694 τοῦ
2631 4639 2767 4711 ἐμοῦ
2800 4640 3089 4711 λήψεται,ι
3123 4640 3220 4694 καὶ
3268 4639 3403 4710 περὶ
3435 4640 3534 4692 τοῦ
3573 4634 3772 4692 ταυτοῦ

500 4740 770 4811 procedit,
801 4758 820 4791 ι
854 4748 909 4793 et
948 4758 967 4790 ι
1010 4726 1082 4791 De
1109 4751 1232 4793 meo
1277 4733 1531 4803 accipiet,
1571 4751 1589 4786 ι
1624 4740 1680 4788 et
1709 4733 1776 4787 de
1803 4732 1999 4787 eodem
2030 4741 2080 4787 et

2192 4740 2289 4793 καὶ
2311 4738 2609 4809 ἀδιαφόρου
2639 4737 2750 4791 τῶν
2786 4737 2990 4807 ἐτέρων
3021 4737 3215 4809 φωνῶν
3253 4734 3627 4801 θεσπιζόντων
3653 4738 3772 4791 ὃσα-

501 4833 850 4888 indimsrente
881 4830 1113 4885 aliarum
1143 4842 1337 4884 vocum
1366 4827 1687 4891 decernant,
1716 4840 1838 4895 quae
1870 4842 1902 4880 a
1923 4823 2089 4880 nobis

499 4926 646 4981 dicta
692 4933 839 4979 sunt.
887 4920 1360 4988 Quemadmodum
1414 4919 1602 4988 itaque
1656 4934 1822 4989 quam
1877 4915 2089 4989 optime

499 5016 744 5073 ostendit
770 5032 836 5070 ex
868 5012 1188 5085 impropriis
1215 5010 1689 5077 similitudinibus,
1725 5020 1781 5066 et
1818 5010 1874 5065 in
1906 5011 2086 5066 mani-

500 5115 638 5166 festa
688 5106 989 5180 praecipitia
1041 5104 1393 5166 ducentibus,
1441 5121 1460 5155 ι
1506 5118 1653 5183 esse
1681 5101 1904 5165 dicere,
1943 5121 1964 5155 ι
2030 5111 2088 5157 et

504 5226 521 5258 ‹
560 5220 671 5260 non
702 5216 847 5268 esse,
884 5220 904 5254 ι
936 5199 1099 5255 etiam
1134 5214 1201 5255 ex
1251 5198 1394 5253 Filio
1436 5196 1702 5268 Spiritum
1750 5213 1860 5253 non
1894 5212 2087 5267 proce-

498 5302 650 5362 dere,
678 5295 758 5350 sic
790 5294 883 5350 sui
911 5291 1158 5364 praeclari
1190 5288 1452 5346 facinoris
1476 5299 1532 5345 et
1559 5291 1802 5347 rationes
1823 5287 2084 5361 assignat,

499 5405 628 5441 suos
648 5386 852 5457 quippe
886 5398 1174 5440 sermones
1202 5380 1536 5437 continuans
1561 5382 1764 5438 infert:
1792 5382 1888 5436 «Et
1917 5395 2088 5436 causa

498 5489 583 5532 cst
613 5497 626 5533 :
655 5476 805 5531 aliud
859 5476 1009 5530 enim
1062 5489 1171 5529 non
1219 5487 1364 5537 esse,
1395 5490 1413 5524 ι
1467 5487 1668 5541 nempe
1707 5472 1925 5542 negatio
1973 5488 2086 5529 non

498 5568 767 5640 procedit,
809 5585 828 5619 ι
867 5576 922 5622 et
946 5567 1095 5621 aliud
1130 5582 1243 5620 non
1269 5580 1389 5621 esse
1418 5564 1656 5627 dictum,
1691 5582 1710 5616 ι
1771 5564 2085 5631 afﬁrmatio,

497 5677 697 5733 nempe
732 5661 1047 5730 procedere.
1079 5659 1217 5715 Tum
1249 5659 1511 5730 deinceps
1543 5658 1795 5728 probatio
1823 5678 1838 5715 ;
1868 5659 2089 5731 «Neque

498 5752 645 5808 enim
675 5750 931 5821 quoniam
960 5767 1022 5805 ex
1054 5750 1361 5805 astantibus
1387 5766 1551 5806 nemo
1579 5752 1720 5807 dixit
1748 5768 1859 5807 non
1902 5754 2085 5825 fulgu-

500 5861 676 5912 rassc,
711 5856 941 5915 cogetur
985 5843 1254 5916 quispiam
1284 5844 1593 5901 concedere
1622 5848 2043 5907 atnrmationem
2068 5890 2084 5915 ,

500 5954 700 6008 nempe
724 5939 980 6011 fulgurat.
1016 5956 1033 5989 ι
1074 5935 1367 6008 Sephisma
1410 5938 1658 6011 proxime
1687 5942 1959 5997 rationem
1990 5942 2088 5998 de-

504 6038 865 6088 monstratam
899 6045 1259 6104 nuncupans,
1291 6039 1344 6087 et
1372 6030 1672 6103 sepbistice
1707 6034 1881 6093 multo
1911 6039 2087 6109 magis

2189 4848 2297 4903 περ
2318 4831 2559 4903 είρηται.
2600 4829 2692 4893 Ὠς
2719 4831 2849 4899 γοῦν
2870 4830 3074 4897 ἄριστα
3093 4826 3346 4901 δεδειχὼς
3390 4830 3453 4883 τὸ
3481 4829 3545 4895 ἐξ
3582 4830 3772 4901 ὁμοιώ-

2192 4940 2332 4978 σεων
2356 4922 2671 4993 ἀνοικείων,
2701 4926 2794 4977 καὶ
2845 4922 3148 4995 προδήλους
3172 4925 3251 4987 εἰς
3299 4924 3589 4994 κρημνοὺς
3629 4925 3769 4978 ἀπα·

2188 5015 2517 5086 γόντωνντδ,
2550 5034 2569 5068 ι
2596 5010 2737 5069 εῖναι
2765 5014 2957 5085 φάναι,
2998 5034 3018 5068 ι
3052 5014 3188 5069 ἀλλὰ
3225 5029 3247 5067 ι
3278 5015 3354 5086 μὴ
3400 5010 3567 5081 εῖναι,
3614 5035 3633 5068 ι
3676 5016 3767 5069 καὶ

2189 5110 2254 5164 ix
2296 5108 2392 5163 τοῦ
2430 5108 2561 5163 Υιοῦ
2594 5109 2659 5162 τὸ
2698 5108 2925 5178 Πνεῦμα
2972 5107 3075 5162 οὗκ
3104 5109 3492 5179 ὶκποριύεται,
3525 5108 3631 5178 τῆς
3656 5111 3771 5180 ἀρι-

2190 5200 2372 5264 στείας
2407 5203 2503 5256 καὶ
2525 5201 2718 5270 λόγους
2756 5200 2962 5256 δίδωσι.
3001 5201 3376 5271 Συνημμένως
3410 5201 3523 5272 γᾶρ
3542 5204 3658 5266 τοῖς
3692 5204 3768 5255 εί-

2192 5293 2457 5366 ρημένοις
2502 5293 2696 5363 λόγους
2713 5292 2880 5348 αὐτοῦ
2908 5294 3182 5366 ἐπιφέρει.
3226 5311 3246 5345 ι
3280 5294 3355 5347 Τὸ
3378 5290 3426 5347 δ’
3453 5290 3662 5350 αῐτιοψ
3692 5294 3768 5347 ὅτι

2188 5386 2317 5441 ἀλλο
2340 5387 2402 5440 τὸ
2430 5386 2504 5458 μὴ
2531 5383 2726 5452 sitiat,»
2761 5388 2931 5459 ἡγουν
2958 5387 3235 5456 ἀπόφασις
3253 5386 3314 5440 τὺ
3341 5386 3444 5440 οὐκ
3477 5386 3770 5456 sampsa:-

2188 5497 2297 5544 ται,
2341 5497 2361 5532 ι
2388 5481 2484 5533 καὶ
2522 5478 2650 5534 ἀλλο
2671 5479 2735 5532 τὸ
2765 5478 2843 5550 μὴ
2871 5478 3150 5551 εἰρῆσθαι,
3173 5496 3192 5530 ι
3234 5479 3268 5551 ή
3296 5477 3613 5546 κατάφασις
3653 5481 3768 5549 ἢτοι

2187 5574 2250 5629 τὸ
2291 5568 2708 5644 ἐκπορεύεσθαι.
2751 5570 2882 5628 Εἶτα
2920 5574 2955 5644 ἠ
2979 5574 3324 5644 κατασκευή.
3369 5573 3479 5627 σοὺ
3509 5572 3625 5645 γάρ
3652 5571 3769 5625 ἐπεὶ

2192 5667 2266 5738 μὴ
2292 5664 2485 5738 εἴρηκέ
2511 5682 2595 5730 τις
2626 5666 2867 5738 σήμερον
2892 5666 3002 5719 τῶν
3020 5666 3330 5737 παρ’ἠμίν,
3351 5665 3434 5719 ὅτι
3453 5666 3558 5718 οὐκ
3584 5662 3773 5732 ἀστρά-

2187 5776 2338 5826 πτει,
2369 5759 2849 5832 ἀναγκασθήσεται
2866 5777 2954 5824 τις
2984 5760 3172 5814 δοῦναι
3202 5760 3303 5832 τὴν
3329 5760 3665 5827 κατάφασιν,
3690 5760 3769 5812 ὅτι

2190 5853 2514 5923 ἀστράπτει.
2541 5871 2561 5907 ι
2602 5854 2852 5925 Σόφισμα
2887 5853 3158 5923 σύνεγγυς
3185 5853 3345 5921 λόγον
3386 5851 3771 5921 ἀποδεδειγμέο

2189 5959 2279 5997 νον
2308 5941 2544 6008 καλέσας
2569 5985 2583 6008 .
2638 5945 2735 5998 καὶ
2774 5944 3108 6016 σοφιστικῶς
3132 5942 3321 6013 ’τούτῳ
3375 5942 3581 6013 μᾶλλον
3615 5941 3771 6005 αὐτὸς

2192 6037 2558 6110 συμπλακεὶς,
2612 6036 2690 6104 ὡς
2732 6037 3075 6112 διήλεγκται,
3141 6037 3500 6108 σοφιζόμενος
3546 6036 3772 6092 ἐνταῦθα
