4020 6570
272 505 414 571 1365

1267 516 1575 582 CONTRA
1618 521 2050 586 MANUELEM
2089 525 2575 589 CRETENSEM.

3400 530 3539 595 1365

267 625 670 692 κατασκευάζει
698 608 879 698 τιάλιν,
910 629 980 704 ήν
1003 632 1193 705 εἴρηκε
1219 634 1295 707 μὴ
1318 636 1576 708 εἰρῆσθαι
1601 638 1855 708 κατάφα-

1973 639 2085 711 ipse
2116 640 2439 712 implicitus,
2477 650 2538 697 ut
2570 640 3011 697 demonstratum
3038 647 3143 709 est,
3163 638 3427 697 cavillans
3460 641 3549 703 hic

269 736 372 786 σιν,
400 720 449 773 εί
494 723 592 775 καὶ
618 722 898 792 ἀπόφασις
927 727 1101 796 αὐτῆς
1133 730 1235 784 οὐκ
1287 730 1426 797 ἔστι,
1476 733 1760 787 τουτέστιν
1788 733 1850 788 οὐ

268 813 610 880 συνίσταται,
651 834 670 869 ι
692 814 760 871 bis
786 817 881 871 τοῦ
925 820 998 890 μὴ
1033 821 1282 895 ἀνάγκην
1315 819 1455 879 εἶναι
1479 828 1742 898 σήμερον,
1768 829 1879 891 ὅτι,

265 923 348 972 τις
369 908 470 960 οὐκ
490 906 714 979 ἔφησεν,
741 911 844 964 οὐκ
893 913 1217 984 ἀστράπτει,
1248 917 1348 988 τὴν
1377 919 1694 988 κατάφασιν
1717 921 1854 988 ὁμο-

266 999 502 1071 λογῆσαί
533 1019 675 1068 τινα,
710 1003 793 1058 ὅτι
823 1006 1153 1076 ἀστράπτει.
1186 1029 1205 1063 ι
1235 1009 1407 1064 Τοῦτο
1430 1012 1487 1066 δὲ
1520 1014 1854 1078 ἀπεναντίας

267 1092 345 1162 τῷ
376 1094 800 1169 παραδεδομένῳ
832 1100 1019 1153 κανόνι
1070 1100 1171 1172 τῆς
1204 1105 1571 1173 ἀντιφάσεως,
1607 1107 1665 1169 ὃς
1693 1107 1853 1178 τήνδε

268 1185 412 1254 πρὸς
440 1189 504 1241 τὸ
530 1189 682 1265 αὐτο,
718 1189 815 1244 καὶ
863 1192 1005 1248 κατά
1033 1194 1094 1247 τὸ
1112 1194 1280 1263 ἀύτὸ,
1310 1199 1404 1251 καὶ
1432 1198 1529 1252 τοῦ
1574 1201 1740 1254 αὑτοῦ
1767 1202 1857 1255 λέ-

268 1278 463 1347 γεσθαι
492 1281 855 1339 διατάττεται.
886 1284 943 1339 Ὀ
964 1284 1019 1339 δὲ
1052 1287 1218 1352 πολὺς
1246 1283 1401 1354 οὗτος
1424 1292 1523 1362 τὴν
1543 1294 1856 1365 ἐπιστήμην

268 1372 366 1426 ἐπὶ
388 1373 658 1444 ἀορίστων
709 1377 810 1448 τήν
846 1394 905 1431 τε
942 1379 1220 1450 ἀπόφασιν
1244 1419 1260 1446 ,
1292 1383 1396 1455 τήν
1435 1401 1495 1437 τε
1547 1386 1856 1455 κατάφασιν

270 1465 588 1535 ἐποιήσατο.
618 1467 798 1540 Ὅπερ
830 1467 1047 1541 ἀξίωμα
1085 1472 1145 1526 τὸ
1168 1474 1269 1543 τῆς
1300 1477 1642 1545 ἀντιφάσεως
1669 1480 1730 1532 τὸ
1756 1479 1855 1551 τὴν

268 1556 530 1630 ἀλήθειαν
561 1560 794 1632 διαιρεῖν
823 1564 917 1616 καὶ
941 1564 1000 1619 τὸ
1022 1563 1216 1633 ψεῦδος
1235 1567 1491 1635 οὐδαμῶς
1512 1566 1619 1624 οἶδε
1643 1575 1855 1642 τηρεῖν.

285 1646 441 1701 Ἐπεὶ
468 1649 553 1713 τὶς
585 1654 752 1717 νοσεῖ,
797 1652 881 1716 τὶς
911 1652 971 1706 οὐ
997 1658 1163 1722 νοσεῖ,
1211 1658 1296 1721 τὶς
1340 1658 1578 1728 ὑγιαίνει
1597 1701 1609 1724 ,
1640 1662 1725 1725 τὶς
1759 1663 1858 1734 οὐχ

274 1741 532 1808 ὑγιαίνει,
561 1743 661 1814 οὐχ
688 1743 873 1811 ἕξουσι
922 1747 983 1799 τὸ
1034 1749 1245 1805 κωλῦον
1290 1753 1382 1805 καὶ
1426 1752 1596 1824 ἄμφω
1626 1754 1860 1827 συναλη-

273 1834 475 1907 Οεῦειν,
510 1839 602 1891 καὶ
637 1839 804 1909 ἄμφω
846 1842 1271 1912 συμψεύδεσθαι.
1298 1847 1744 1919 Λαμὸανομένων
1799 1849 1857 1903 δὲ

270 1930 440 1983 τῶνδε
469 1929 564 1983 τοῦ
598 1933 822 1996 κανόνος
851 1935 997 1989 κατὰ
1022 1936 1121 2009 τὴν
1150 1938 1479 2009 διασάφησιν
1503 1941 1561 1994 τὸ
1594 1941 1654 1993 ἓν
1696 1944 1776 2005 είς
1800 1941 1860 1994 rb

1966 748 2165 789 rursus
2197 734 2509 799 confirmat,
2544 750 2710 806 quam
2738 736 2974 790 asseruit
3006 750 3112 790 non
3140 734 3311 791 fuisse
3345 736 3547 793 dictam

1961 824 2402 893 afﬁrmationem,
2435 827 2564 883 licet
2593 827 2767 898 ipsius
2803 829 3019 899 negatio
3064 838 3174 884 non
3226 830 3409 897 adsit,
3444 810 3550 886 hoc

1963 926 2048 974 est
2082 934 2193 973 non
2224 919 2510 986 subsistat,
2551 937 2571 972 ι
2613 919 2757 991 quod
2791 921 2938 977 nullo
2970 921 3131 978 modo
3174 923 3549 979 necessarium

1963 1011 2037 1066 sit
2077 1012 2241 1066 hodie
2268 1027 2410 1077 esse,
2439 1010 2582 1083 quod
2610 1013 2884 1084 quispiam
2917 1028 3028 1069 non
3060 1015 3281 1081 dixerit,
3312 1032 3421 1071 non
3448 1015 3555 1070 fui-

1963 1115 2142 1175 gurat,
2180 1104 2599 1162 afﬁrmationem
2627 1107 2865 1179 aliquem
2898 1107 3091 1176 fateri,
3125 1124 3324 1180 nempe
3364 1109 3549 1179 fulgu-

1963 1207 2067 1254 rat.
2100 1217 2119 1249 ι
2156 1198 2270 1254 Hoc
2320 1212 2483 1269 porro
2535 1216 2761 1271 prorsus
2811 1211 2897 1257 est
2946 1202 3282 1258 contrarium
3350 1204 3549 1273 regula:

1965 1291 2442 1357 contradictionis,
2491 1309 2613 1365 quae
2656 1283 2895 1351 eam'ad
2937 1295 3104 1363 idem,
3151 1305 3206 1351 ct
3245 1298 3549 1352 secundum

1967 1385 2110 1440 idem
2148 1395 2202 1440 et
2231 1386 2301 1441 de
2351 1387 2547 1442 eodem
2586 1387 2694 1443 dici
2748 1389 3015 1459 praecipit.
3067 1388 3134 1443 At
3183 1389 3293 1454 hic,
3347 1392 3441 1460 qui
3497 1391 3551 1443 in

1964 1477 2209 1535 scientiis
2243 1479 2448 1534 multus
2478 1486 2585 1544 est,
2616 1481 2683 1536 de
2711 1480 3015 1538 iudeﬁuitis
3042 1491 3203 1552 atque
3232 1482 3556 1538 iudetermi-

1966 1571 2111 1626 natis
2138 1580 2255 1627 tum
2280 1571 2724 1637 alﬁrmationem,
2768 1583 2882 1628 tum
2908 1568 3264 1647 'uegationem
3295 1576 3551 1630 absolvit.

1966 1664 2121 1731 Quod
2161 1665 2385 1720 effatum
2416 1665 2871 1725 contradictionis
2908 1683 3090 1738 neque
3145 1668 3432 1724 veritatem
3469 1667 3555 1723 di-

1968 1759 2267 1829 stinguere,
2297 1766 2353 1814 et
2379 1760 2722 1814 mendacium
2752 1761 2903 1816 nullo
2937 1761 3097 1817 modo
3127 1776 3351 1819 servare
3375 1764 3553 1825 novit,

1967 1854 2408 1924 quandoquidem
2442 1853 2640 1923 aliquis
2663 1862 2915 1925 aegrotat,
2943 1852 3145 1925 aliquis
3170 1870 3280 1910 non
3305 1864 3555 1926 aegrotat,

1969 1948 2166 2017 aliquis
2199 1947 2342 2002 bene
2372 1947 2536 2014 valet,
2572 1956 2628 2001 et
2657 1946 2856 2015 aliquis
2894 1962 3006 2001 non
3042 1947 3183 2003 bene
3220 1949 3401 2012 valet,
3434 1949 3559 2003 nuis

273 2020 334 2076 ὃν
358 2023 501 2094 ἥξει,
529 2025 591 2078 rb
620 2026 677 2079 δὲ
725 2026 913 2097 ἕτερον
942 2031 1022 2094 είς
1067 2031 1127 2084 τὸ
1181 2031 1257 2102 μὴ
1284 2030 1345 2085 ὂν
1375 2033 1864 2104 άπορραπισθήσε-

1973 2010 2076 2097 lum
2111 2040 2278 2096 fuerit
2325 2010 2780 2110 impedimentum
2830 2040 2965 2110 quin
3013 2040 3174 2096 ambo
3220 2010 3396 2096 simul
3431 2055 3558 2095 vera

273 2134 388 2172 ται.
424 2118 591 2174 Ὀθεν
632 2121 681 2173 εί
705 2121 804 2175 οὐκ
828 2122 978 2177 ἐστιν
1013 2125 1077 2177 ἐκ
1102 2123 1195 2178 τοῦ
1227 2124 1359 2179 Υίοῦ
1389 2128 1451 2180 τὸ
1484 2124 1734 2195 Πνεῦμα,
1760 2126 1863 2180 οὐκ

275 2211 638 2282 ἐκπορεύεται
666 2215 743 2279 ὡς
782 2216 1261 2288 αὐτὸς,ὁμολογῶν
1300 2218 1518 2289 ὁρᾶται,
1565 2217 1865 2289 ληφθείσης

273 2303 376 2373 τῆς
407 2305 736 2374 ἀποφάσεως
758 2309 966 2378 ταύτης
992 2308 1068 2371 ὡς
1096 2310 1129 2379 ἡ
1184 2310 1486 2379 παράδοσις
1512 2309 1862 2381 ὡρισμένως,

274 2394 410 2464 οἷον,
431 2398 621 2458 Οὐδεὶς
641 2398 748 2453 τῶν
760 2400 933 2469 ἀγίων
957 2402 1114 2473 τήνδε
1144 2404 1332 2472 φησὶν,
1354 2404 1388 2474 ή
1416 2402 1587 2474 αὐτῆς
1610 2402 1721 2469 ἕξει
1742 2401 1863 2456 κατ’

275 2492 442 2546 αὐτὸν
472 2491 533 2557 ἐξ
563 2492 815 2565 ἀνάγκης
841 2494 903 2548 τὸ
950 2489 1093 2548 εἶναι
1123 2495 1457 2564 κατάφασις,
1508 2494 1583 2566 μὴ
1619 2510 1863 2563 σοφιστι-

275 2584 411 2650 κῶς,
437 2582 555 2637 ἀλλ’
580 2584 656 2647 ὡς
678 2584 954 2656 παρεδόθη
986 2585 1087 2657 τὴν
1117 2585 1284 2652 δεῖξιν
1309 2585 1682 2655 λαμϐάνοντα.
1717 2586 1779 2639 Ei
1802 2585 1859 2639 δὲ

274 2675 369 2730 τ)ῦ
396 2675 472 2747 μὴ
512 2677 614 2750 τὴν
651 2676 797 2742 λέξιν
843 2677 1103 2746 λέγεσθαι
1155 2677 1441 2749 δράξεται,
1481 2678 1581 2749 τὴν
1634 2678 1860 2747 ἀλογίαν

276 2767 460 2837 ἑαυτῷ
498 2767 716 2833 συνάξει
766 2770 865 2824 καὶ
912 2770 1011 2839 τὴν
1064 2770 1366 2840 σκαιότητα
1415 2771 1524 2824 τῶν
1576 2768 1860 2841 θεηγόρων

274 2860 452 2917 ταῦτα
473 2864 894 2933 προσαπτόντων
921 2862 1264 2932 διαπρυσίως
1287 2865 1400 2926 τοῖς
1436 2866 1511 2936 μὴ
1539 2867 1609 2935 τῇ
1631 2865 1858 2935 δυνάμει

276 2953 565 3025 προσέχειν
590 2956 912 3025 ᾑρημένοις,
952 2956 1088 3026 μηδὲ
1117 2958 1184 3028 τῇ
1225 2956 1438 3028 διανοίᾳ
1488 2957 1598 3011 τῶν
1626 2957 1860 3028 λεγομέ-

274 3065 403 3113 νων,
436 3049 574 3102 άλλά
601 3051 718 3112 ταῖς
753 3048 988 3115 λέξεσιν.

1963 2135 2097 2198 sint,
2122 2142 2177 2189 et
2214 2133 2376 2189 ambo
2423 2133 2583 2188 falsa.
2616 2130 2739 2187 Ιίαξρ
2778 2133 2823 2188 si
2866 2134 3171 2191 secundum
3221 2135 3420 2203 regulae
3457 2149 3563 2188 ex-

1962 2224 2316 2295 plicationem
2364 2224 2750 2289 desumantur,
2788 2238 2961 2279 unum
2994 2217 3379 2295 comprobauit
3414 2223 3556 2278 επε-

1964 2328 2107 2383 ctus,
2138 2318 2284 2373 aliud
2319 2334 2450 2374 vero
2479 2318 2629 2373 nullo
2662 2319 2824 2374 modo
2853 2326 3056 2375 eventu
3084 2318 3556 2388 comprobabitur.

1966 2410 2108 2465 Hinc
2133 2411 2179 2466 si
2205 2426 2314 2465 non
2342 2419 2426 2465 est
2454 2426 2517 2465 ex
2553 2410 2694 2465 Filio
2725 2412 2989 2481 Spiritus,
3022 2427 3133 2466 non
3173 2411 3425 2481 precedit
3447 2452 3461 2474 ,
3499 2421 3562 2465 ut

1968 2503 2084 2572 ipse
2121 2518 2230 2557 non
2265 2503 2478 2565 abnuit,
2511 2503 2554 2558 si
2588 2500 2893 2573 accipiatur
2926 2502 3144 2574 negatio
3185 2505 3288 2557 ista
3311 2544 3325 2566 ,
3363 2514 3417 2557 ut
3453 2514 3562 2557 tra-

1968 2594 2102 2650 ditio
2130 2604 2234 2659 est,
2262 2594 2643 2660 determinate,
2674 2595 2825 2664 quasi
2857 2593 3090 2661 diceres,
3120 2593 3312 2649 Nullus
3344 2612 3408 2649 ex
3432 2611 3562 2655 ,διπη-

1968 2686 2073 2740 ctis
2110 2686 2251 2741 hanc
2279 2685 2432 2747 dicit,
2485 2686 2631 2741 illius
2677 2686 2978 2740 secundum
3029 2686 3403 2741 adversariqu
3454 2702 3559 2741 ne-

1967 2777 2208 2832 cessario
2239 2778 2527 2832 allirmatio
2561 2778 2689 2840 erit,
2737 2793 2848 2832 non
2891 2776 3260 2848 sophistarum
3313 2778 3565 2846 captiuu-

1968 2870 2129 2935 culis,
2165 2871 2297 2938 sed,
2337 2878 2398 2924 ut
2445 2871 2704 2925 traditum
2756 2881 2871 2936 est,
2921 2870 3300 2939 comprobata.
3350 2868 3561 2935 Quodsi

1968 2964 2426 3030 illud,dictionem
2451 2963 2593 3018 hanc
2624 2964 2832 3019 scilicet
2856 2978 2966 3017 non
2992 2962 3122 3028 dici,
3153 2961 3403 3032 arripiet,
3429 2960 3565 3016 Stul-

1970 3058 2141 3112 titiam
2179 3057 2283 3111 sibi
2331 3057 2551 3126 colliget
2607 3072 2669 3110 ac
2714 3056 3050 3126 imperitiam
3102 3055 3418 3111 divinorqu
3463 3052 3565 3107 Pa-

276 3149 444 3203 trum,
478 3141 573 3210 qui
640 3141 747 3197 ista
805 3142 1095 3214 perspicue
1130 3143 1440 3203 attribuunt
1510 3146 1945 3203 detrectantibus
1984 3159 2222 3204 mentem
2252 3150 2528 3220 applicare
2574 3149 2622 3201 vi
2667 3161 2718 3204 et
2766 3146 3057 3203 sententia;
3108 3147 3419 3211 dictorum,
3466 3146 3567 3201 sed

278 3244 488 3290 tantum
519 3235 877 3291 dictionibus.

348 3329 440 3400 ιη’.
478 3330 670 3397 Ὅμως
698 3330 938 3399 ἐχόμενα
969 3331 1079 3384 τῶν
1106 3306 1488 3401 ἐληλεγμένων
1533 3332 1700 3404 φησίν
1719 3349 1733 3366 ο
1777 3334 1869 3391 ιΕί

2049 3334 2137 3388 18.
2175 3332 2542 3387 Nihilominus
2593 3331 3001 3402 subscquentcr
3053 3330 3309 3386 refutatis
3343 3346 3371 3385 a
3407 3331 3571 3388 nobis

273 3423 332 3477 δέ
354 3441 437 3486 τις
463 3424 623 3491 λέγει,
646 3426 720 3494 μὴ
756 3421 979 3478 εἶναιτὸ
999 3425 1101 3478 οὐκ
1131 3425 1495 3496 ἀστράπτειν,
1526 3427 1588 3491 ἐξ
1616 3427 1866 3498 ἀνάγκης

275 3520 459 3573 δίδωσι
494 3520 594 3588 τὴν
624 3520 959 3586 κατάφασιν.
988 3537 1007 3570 ι
1037 3519 1270 3588 Δὸκησιν
1294 3519 1418 3583 δοὺς
1455 3521 1601 3590 ἐρεῖν
1655 3538 1708 3575 τι
1736 3522 1868 3592 περὶ

275 3607 381 3677 τῆς
426 3611 815 3677 καταφάσεως,
853 3608 919 3661 ὲκ
970 3608 1381 3689 συναισθήσεως
1422 3604 1554 3674 οἷον,
1613 3608 1646 3678 ἢ
1692 3610 1868 3673 ἄλλως

280 3718 421 3764 πως,
486 3705 739 3770 φαίνεται
785 3705 885 3775 τὴν
920 3704 1309 3775 ἐκπορεύεται
1352 3705 1554 3775 μᾶλλον
1592 3706 1870 3773 ἀπόφασιν

278 3795 362 3848 ἔτι
393 3799 659 3864 συστῆσαι
694 3797 1040 3867 βουλόμενος.
1083 3799 1314 3866 Ἐπάγει
1352 3797 1461 3869 γάρ
1485 3815 1499 3829 ο
1538 3817 1557 3850 ι
1596 3800 1659 3852 Ei
1690 3800 1748 3853 δὲ
1770 3799 1868 3853 καὶ

277 3887 441 3942 τοῦτο
473 3889 697 3959 ζητοῦσι
732 3889 974 3961 δειχθείη
1023 3893 1172 3961 παρά
1201 3893 1266 3962 τῇ
1292 3892 1413 3961 θείᾳ
1444 3892 1658 3963 Γραφῇ,
1680 3892 1733 3945 τί
1757 3892 1873 3945 ’ἐτε-

283 3996 376 4049 ρον
424 3982 611 4042 αὐτοῖς
647 3980 1034 4045 ὑπολείπεταις
1076 4000 1095 4032 ι
1157 3982 1253 4035 καὶ
1309 3982 1613 4054 παρευθὺς,
1680 4003 1699 4035 ι
1741 4001 1872 4037 σκε-

283 4075 448 4126 πτέον
480 4074 535 4126 δὲ
558 4072 724 4127 οὕτω.
750 4093 769 4126 ι
809 4075 918 4126 Καὶ
944 4073 1180 4145 καθεξῆς
1208 4073 1280 4128 τὰ
1314 4076 1450 4145 πρὶς
1488 4075 1750 4129 σύστασιν
1775 4076 1871 4131 τοῦ

285 4160 701 4229 σπουδάσματος
726 4161 871 4215 οὕτω
896 4163 1200 4232 συντίθησι·
1235 4181 1254 4215 ι
1287 4165 1482 4235 Πατὴρ
1505 4166 1532 4217 ὁ
1556 4165 1753 4236 Πατὴρ
1787 4166 1875 4236 μό-

283 4270 394 4319 νος,
432 4254 529 4306 καὶ
568 4253 695 4307 οὔτε
721 4255 849 4319 Υἱὸς
874 4254 998 4310 οὔτε
1017 4257 1267 4325 Πνεῦμα.
1302 4258 1430 4322 Υἱὸς
1448 4261 1475 4312 ό
1494 4258 1620 4321 Υἱὸς
1646 4260 1870 4329 ὁμοίως,

285 4348 382 4400 καὶ
408 4344 531 4401 οὔτε
559 4349 745 4418 Πατὴρ
779 4350 807 4401 ὁ
835 4349 1015 4415 αὐτὸς,
1047 4348 1170 4404 οὔτε
1189 4350 1432 4421 Πνεῦμα.
1469 4351 1694 4422 Πνεῦμα
1718 4351 1875 4420 ἅγιον

286 4440 345 4492 τὸ
380 4440 624 4510 Πνεῦμα,
658 4442 752 4494 καὶ
779 4440 902 4494 οὔτε
945 4444 1137 4514 Πατὴρ
1164 4444 1225 4496 τὸ
1255 4444 1411 4510 αὐτὸ,
1438 4442 1563 4499 οὔτε
1620 4445 1768 4507 Υἱός.
1812 4447 1873 4500 '0

291 4537 391 4605 μὲν
425 4533 520 4587 οὖν
552 4534 742 4606 Πατήρ
765 4537 902 4591 καθὸ
931 4539 1096 4609 γεννᾷ
1119 4538 1267 4603 Υίὸν,
1303 4537 1634 4609 ὀνομάζεται
1661 4539 1872 4611 Πατὴρ,

287 4625 424 4678 καθὸ
455 4625 514 4678 δὲ
542 4626 832 4697 ὲκπορεύει
851 4627 1096 4698 Πνεῦμα,
1125 4629 1309 4682 οὐκέτι
1343 4630 1558 4698 Πατὴρ,
1587 4629 1724 4684 ἀλλά
1752 4647 1878 4702 προ-

1969 3424 2213 3480 aduectit
2255 3441 2269 3477 :
2330 3444 2347 3478 ι
2388 3425 2595 3491 Quodsi
2632 3424 2756 3494 quis
2791 3423 2947 3489 dicit,
2974 3440 3081 3478 non
3115 3439 3236 3479 esse
3283 3424 3414 3478 illud
3451 3439 3565 3479 non

1970 3518 2268 3588 fulgurare,
2302 3518 2614 3572 necessario
2637 3517 2893 3571 concedit
2917 3515 3391 3572 amrmationem.)
3427 3515 3567 3574 Cum

1969 3611 2247 3665 videretur
2295 3610 2502 3678 aliquid
2552 3611 2751 3665 afferre
2782 3608 2850 3665 de
2885 3609 3271 3672 afﬁrmatione.
3301 3617 3565 3681 tanquam

1972 3701 2074 3757 sibi
2115 3702 2372 3757 conscius
2408 3702 2608 3772 factus,
2634 3703 2723 3757 vel
2753 3703 2855 3755 alia
2891 3701 3104 3755 ratione
3134 3702 3351 3756 videtur
3380 3704 3567 3773 potius

1971 3796 2119 3851 illius
2156 3794 2393 3863 procedit
2420 3797 2768 3866 negationem
2799 3794 2979 3849 adhuc
3008 3795 3398 3861 constabilire,
3431 3798 3558 3849 sub-

1974 3888 2142 3942 nectit
2181 3870 2499 3956 siquidemi
2544 3906 2563 3939 ι
2599 3887 2806 3953 Quodsi
2860 3886 3008 3956 quod
3052 3899 3331 3957 quaerunt,
3381 3895 3570 3942 osten-

1974 3980 2133 4035 detur
2161 3979 2214 4033 in
2248 3980 2429 4035 div‘ua
2464 3980 2766 4050 Scriptura,
2795 3980 2926 4049 quid
2960 3979 3095 4051 ipsis
3143 3980 3412 4050 reliquum
3449 3978 3572 4035 foe-

1977 4072 2084 4127 rit?
2121 4091 2140 4123 ι
2175 4072 2508 4142 Statimque,
2551 4091 2569 4124 ι
2608 4072 2714 4127 hoc
2748 4072 2911 4127 modo
2940 4087 3074 4127 vero
3107 4073 3517 4128 consideretur.
3546 4093 3566 4125 ›

1962 4163 2045 4218 ,Et
2074 4165 2423 4234 postmodum
2473 4176 2704 4219 conatus
2742 4178 2873 4219 suos
2918 4165 2987 4218 ad
3029 4165 3369 4234 propositum
3401 4165 3571 4220 stabi-

1977 4256 2220 4311 liendum
2248 4256 2320 4310 ita
2355 4256 2618 4325 proponit
2655 4269 2669 4306 :
2709 4273 2729 4308 ι
2763 4254 2923 4309 Pater
2959 4255 3125 4309 Pater
3154 4256 3326 4319 solus,
3360 4265 3417 4310 et
3457 4271 3571 4310 uou

1977 4348 2147 4404 Filius
2175 4364 2353 4418 neque
2389 4346 2626 4417 Spiritus
2662 4357 2906 4403 sanctus.
2937 4347 3109 4403 Filius
3151 4345 3324 4402 Filius
3365 4348 3570 4402 simili-

1991 4448 2095 4503 ter,
2129 4451 2184 4494 et
2217 4454 2329 4494 non
2362 4439 2545 4503 Pater,
2574 4453 2753 4508 neque
2786 4438 3045 4509 Spiritus.
3088 4438 3328 4510 Spiritus
3352 4448 3574 4495 sanctus

1982 4530 2244 4601 Spiritus,
2279 4540 2334 4585 et
2369 4545 2480 4585 non
2513 4541 2598 4584 est
2620 4530 2783 4585 Pater
2815 4530 2955 4601 ipse,
2988 4544 3167 4600 neque
3190 4529 3385 4586 Filius.
3410 4532 3575 4585 Pater

1981 4623 2148 4695 igitur
2178 4634 2287 4692 qna
2313 4631 2539 4693 generat
2561 4619 2759 4677 Filium
2789 4621 2973 4688 Pater,
3001 4640 3108 4694 qua
3143 4639 3276 4677 vero
3303 4622 3576 4694 Spiritum

288 4718 477 4780 σολεὺς
524 4719 873 4787 ὀνομάζεται.
906 4721 1094 4774 Ἔστιν
1123 4720 1215 4775 οὖν
1244 4724 1272 4776 ὁ
1316 4724 1506 4794 Πατὴρ
1540 4724 1638 4776 καὶ
1683 4724 1869 4796 Πατὴρ

1982 4716 2279 4789 proca-dere
2313 4718 2477 4780 facit,
2514 4732 2624 4772 non
2656 4718 2892 4787 amplius
2932 4718 3116 4785 Pater,
3147 4717 3245 4773 sed
3277 4717 3577 4788 productor

285 4812 382 4863 καὶ
411 4809 732 4881 προΰολεύς.
776 4812 889 4866 Ἑνὶ
938 4813 993 4866 δὲ
1023 4813 1252 4882 ὀνόματι
1307 4815 1626 4885 συναπτικῷ
1674 4817 1881 4871 τούτων

288 4902 620 4970 ὀνομάζεται
651 4904 826 4976 πηγὴ,
864 4905 918 4958 εἴ
944 4922 1007 4975 γε
1053 4907 1249 4970 πιστὸς
1295 4908 1323 4960 ὁ
1379 4908 1554 4978 μέγας
1603 4910 1882 4974 Διονύσιος

290 4996 437 5049 οὕτω
457 4998 633 5065 λέγων
658 5015 673 5031 ·
704 4998 831 5052 Ὅτι
860 5000 960 5068 μέν
982 5001 1098 5053 ἐστι
1135 5000 1288 5071 πηγὴ
1322 5001 1580 5071 οεότητος
1609 5004 1638 5055 ὁ
1664 5002 1879 5075 Πατὴρ,

288 5092 317 5143 ὁ
345 5092 402 5143 δὲ
440 5091 561 5155 re;
589 5094 683 5145 καὶ
719 5093 780 5147 τὸ
812 5093 1037 5164 Πνεῦμα
1079 5095 1179 5165 τῆς
1215 5094 1468 5162 θεογόνου
1525 5095 1801 5166 θεότητος,
1831 5099 1881 5151 εἰ

289 5183 437 5236 οὕτω
467 5182 573 5255 χρὴ
596 5184 785 5252 φάναι,
811 5184 1034 5255 βλαστοὶ
1068 5185 1236 5255 θεόφυ
1247 5205 1345 5248 τοι,
1369 5190 1468 5243 καὶ
1488 5182 1600 5242 οἷον
1623 5189 1760 5260 ἄνθη
1788 5192 1884 5245 καὶ

293 5275 593 5345 ὑπερούσια
618 5276 799 5345 φῶτα,
823 5278 958 5350 πρὸς
981 5279 1089 5333 τῶν
1117 5280 1282 5350 ἱερῶν
1308 5280 1506 5350 λογίων
1536 5283 1885 5354 παρειλήφα-

298 5384 422 5435 μεν,
457 5369 568 5421 Καὶ
597 5370 653 5422 ὲν
676 5369 880 5434 ἄλλοις.
922 5372 1077 5441 Μόνη
1104 5372 1257 5445 πηγὴ
1280 5375 1379 5444 τῆς
1410 5374 1739 5444 ὑπερουσίου
1767 5376 1887 5430 θεό-

295 5478 466 5529 τητος
497 5462 685 5535 Πατὴρ
706 5503 722 5527 ,
749 5465 849 5518 οὐκ
882 5465 1032 5528 ὄντος
1059 5465 1190 5519 Υἱοῦ
1228 5466 1323 5519 τοῦ
1368 5468 1606 5538 Πατρδς,
1629 5467 1755 5521 οὐδὲ
1788 5468 1883 5522 τοῦ
1912 5504 1919 5510 -

296 5559 429 5613 Υξοῦ
454 5563 692 5631 Πατρός.
729 5563 789 5617 Ei
827 5562 921 5617 οὖν
947 5566 1099 5636 πηγὴ
1139 5568 1240 5636 τῆς
1265 5566 1519 5637 θεότητος
1547 5568 1576 5620 ὁ
1612 5566 1884 5637 Πατὴρ,ή

295 5653 490 5724 θεότης
525 5654 581 5706 δὲ
606 5655 705 5719 τὰς
757 5657 1089 5722 ὑποστάσεις
1121 5660 1235 5712 ἑνοῖ
1274 5660 1603 5731 ἀσυγχύτως
1629 5701 1645 5730 ,
1682 5660 1886 5713 ταυτόν

295 5749 417 5800 ἐστι
460 5749 612 5819 πηγὴ
645 5748 921 5820 θεότητος,
959 5751 1149 5822 ὥσπερ
1180 5753 1228 5804 ει
1285 5751 1526 5822 ἐλέγετο,
1565 5753 1718 5822 πηγὴ
1751 5749 1883 5804 Υἰοῦ

295 5844 392 5893 καὶ
418 5841 752 5913 Πνεῦματος,
790 5845 886 5898 καὶ
912 5848 1110 5899 ταυτὸν
1137 5845 1297 5899 πάλιν
1324 5845 1408 5911 τὸ,
1450 5846 1600 5917 πηγὴ
1639 5844 1768 5899 Υίοῦ
1793 5847 1887 5899 καὶ

300 5932 641 6002 Ιινεύματος,
678 5934 870 6008 ὥσπερ
920 5938 973 5991 ετ
1011 5919 1106 5999 ’τις
1142 5937 1312 6008 λέγει,
1364 5938 1556 6009 Πατὴρ
1610 5938 1743 5992 Υίοῦ
1789 5940 1888 5995 καὶ

301 6028 603 6100 προϐολεὺς
662 6030 1000 6102 Πνεύματος.
1087 6031 1239 6104 Ἐρεῖ
1280 6032 1337 6087 δέ
1384 6049 1492 6099 τις,
1523 6031 1587 6086 Ei
1624 6034 1655 6104 ή
1695 6032 1886 6102 θεότης

1984 4814 2306 4884 appellatur.
2351 4810 2449 4867 Est
2474 4812 2644 4881 igitur
2695 4811 2857 4865 Pater
2887 4820 2943 4866 et
2973 4810 3132 4866 Pater
3164 4823 3220 4867 et
3248 4813 3572 4883 productor,

1958 4923 2095 4975 Iuno
2124 4922 2253 4962 vero
2282 4905 2544 4972 nomine,
2574 4905 2717 4976 quod
2759 4905 2876 4961 haec
2900 4905 3011 4961 duo
3044 4905 3289 4977 colligat,
3334 4905 3480 4970 fons.
3528 4907 3576 4959 si

1985 4998 2092 5053 fide
2119 4998 2316 5067 dignus
2346 5005 2432 5051 est
2462 5012 2693 5067 magnus
2739 4997 3027 5069 Dionysius
3059 4998 3130 5053 ita
3167 5001 3529 5068 pronuntians
3556 5017 3572 5055 :

1986 5091 2083 5146 Est
2131 5090 2353 5160 quidem
2403 5090 2528 5145 fons
2559 5089 2872 5145 Divinitatis
2904 5088 3088 5155 Pater,
3136 5088 3306 5145 Filius
3359 5107 3490 5146 vero
3519 5101 3575 5145 et

1988 5182 2226 5255 Spiritus
2272 5183 2517 5255 deigena:
2559 5183 2807 5247 Deitatis,
2854 5184 2899 5239 si
2944 5185 3019 5240 ita
3056 5185 3424 5254 eloquendum
3468 5197 3572 5249 est,

1986 5278 2192 5333 surculi
2222 5292 2253 5332 a
2290 5277 2400 5332 Deo
2441 5277 2691 5347 plantati,
2728 5284 2785 5332 et
2812 5277 2980 5332 veluti
3015 5276 3198 5341 flores,
3231 5286 3289 5330 et
3320 5261 3579 5345 superes-

1988 5371 2238 5426 sentialia
2296 5370 2505 5425 Iumina
2550 5385 2579 5425 a
2620 5370 2795 5426 sacris
2844 5370 3080 5441 eloquiis
3131 5371 3464 5441 accepimus.
3513 5373 3579 5427 Et

1987 5467 2097 5521 alio
2126 5481 2342 5535 quoque
2376 5466 2538 5522 loco:
2573 5464 2737 5521 Solus
2766 5464 2891 5519 fons
2935 5464 3416 5535 superessentialis
3453 5464 3577 5520 Dei-

1990 5560 2115 5612 tatis
2152 5558 2330 5623 Pater,
2364 5573 2487 5611 cum
2518 5572 2631 5611 non
2659 5557 2731 5611 sit
2764 5555 2939 5610 Filius
2979 5557 3163 5621 Pater,
3207 5568 3387 5627 neque
3416 5554 3578 5610 Pater

1989 5652 2175 5707 Filius.
2219 5653 2276 5706 Si
2293 5666 2434 5723 ,ergo
2462 5650 2586 5705 fons
2616 5648 2842 5704 Deitatis
2878 5650 3057 5711 Pater,
3095 5649 3279 5705 Deitas
3310 5665 3444 5705 vero
3477 5648 3575 5719 hy-

1993 5757 2241 5818 postases
2281 5748 2401 5801 unit
2437 5744 2750 5807 inconfuse,
2790 5746 2896 5799 erit
2922 5743 3044 5800 fons
3071 5744 3392 5807 divinitatis,
3425 5758 3579 5813 atque

1987 5857 2052 5896 ac
2085 5841 2129 5895 si
2160 5841 2385 5903 dixeris.
2413 5838 2557 5895 Fons
2581 5838 2698 5893 Filii
2730 5847 2786 5894 et
2811 5838 3085 5909 Spiritus:
3117 5847 3172 5892 et
3195 5852 3408 5898 rursus,
3432 5835 3580 5890 Fons

1990 5934 2109 5989 Filii
2141 5944 2196 5989 et
2227 5934 2493 6003 Spiritus,
2518 5946 2675 6004 reque
2702 5946 2767 5987 ac
2814 5933 2858 5986 si
2904 5933 3132 5997 dixeris,
3183 5931 3344 5986 Pater
3372 5928 3493 5984 Filii
3525 5939 3582 5982 ct

1991 6031 2289 6099 productor
2312 6026 2571 6098 Spiritus.
2611 6028 2826 6085 Diceret
2860 6029 3133 6095 quispiam
3164 6027 3428 6083 iteitatem
3478 6025 3581 6096 hy-
