3972 6574
291 499 427 565 1369

1278 493 1580 555 CONTRA
1619 483 2055 551 MANUELEM
2091 473 2580 557 CBETENSEM.

3425 454 3565 522 1370

286 618 735 690 διαναστήσονται
780 617 947 686 φάναι
977 614 1229 685 λελέχθαι
1264 614 1359 667 τοῦ
1388 610 1520 665 Υἱοῦ
1553 608 1686 680 πρὸς
1709 603 1873 675 ἀφαί·
1899 627 1912 662 Α

2015 596 2473 655 dexcludendnm
2496 592 2733 652 Filium;
2767 586 2843 641 uti
2883 583 2975 654 qui
3013 578 3212 649 saepius
3268 572 3569 637 multisque

2263 688 2274 690 ⁸
2871 684 2881 690 -
2984 677 2995 687 ·
3080 683 3091 690 ι
3123 689 3130 690 κ
3170 687 3186 690 -
3210 687 3225 690 -
3278 663 3569 690 n--—--..:.I..

292 728 462 784 ρεσιν,
511 663 587 773 ῶς
629 711 662 779 ἠ
725 663 1046 779 ἐλεγχθεῖσα
1103 663 1874 776 ξιᾷἆρτρὶέῷέ⁷τοξιοὲρᾴφεα

2015 691 2153 747 nodis
2188 688 2463 744 refutatus
2496 695 2582 741 est
2617 693 2825 743 tomus,
2850 677 3135 733 dominatu
3166 687 3231 725 ac
3278 663 3575 737 tyrannide

2785 776 2817 784 ..
2844 775 2857 784 .
2897 775 2910 784 .
3150 783 3153 784 ν
3193 781 3245 784 __
3280 757 3573 784 ,ΑΛ-,ΜΛ

291 803 514 874 φάσκει,
543 802 576 872 ἠ
619 801 713 855 καὶ
760 798 1051 871 δυναστείᾳ
1075 800 1138 871 τῇ
1172 799 1307 867 πρὸς
1337 797 1436 868 τὴν
1480 794 1743 862 ἀλήθειαν
1773 807 1874 844 πε-

294 896 623 969 ριεπομένη,
667 895 789 949 τίνα
821 896 1023 964 ἑαυτῆς
1046 894 1262 947 ὄλισθον
1301 893 1401 946 οὐκ
1444 891 1778 956 ἐπάξουσινς
1817 884 1876 938 Ὀ

293 966 403 1045 τῶν
435 966 694 1061 ἀρρήτων
734 988 1021 1059 ὑφηγητὴς
1066 986 1161 1041 καὶ
1192 986 1302 1040 τῶν
1335 985 1583 1039 ἀθεάτων
1635 981 1878 1045 ἐπόπτης
1908 966 1917 975 ⁸

299 1082 469 1153 μόνην
497 1081 679 1151 πηγὴν
717 1080 909 1151 εἴρηκε
936 1080 1027 1134 τὸν
1058 1080 1276 1148 Πατέρα
1299 1094 1314 1108 ο
1337 1080 1432 1130 καὶ
1459 1078 1508 1131 εἰ
1542 1075 1678 1147 πρὸς
1700 1071 1885 1127 τοιαύ-

298 1194 420 1247 την,
456 1176 523 1247 ἢν
575 1169 722 1230 οὗτοι
771 1174 1217 1245 διισχυρίζονται,
1259 1172 1500 1227 διάνοιαν
1541 1170 1731 1238 ἔφησε,
1765 1165 1884 1230 πῶς

299 1272 350 1324 οἱ
401 1269 661 1340 ῥηθέντες
711 1266 1022 1338 τηλικοῦτοι
1067 1265 1352 1335 φωστῆρες
1398 1263 1497 1331 τῆς
1554 1258 1884 1328 Ἐκκλησίας

302 1360 485 1433 πηγὴν
516 1362 611 1414 καὶ
632 1361 724 1413 τὸν
752 1360 883 1412 Υίὸν
908 1358 1000 1412 τοῦ
1034 1357 1350 1427 Πνεύματος
1395 1354 1783 1425 ἐδογμάτισαν,
1807 1348 1886 1419 τῷ

302 1452 542 1521 τοσόύτῳ
591 1451 893 1525 διαρρήδην
923 1450 1276 1514 ἀπεναντίας,
1320 1438 1382 1501 οὗ
1411 1447 1540 1508 τοὺς
1596 1446 1774 1507 ἱεροὺς
1802 1441 1890 1495 λό-

304 1561 433 1612 γους
465 1544 562 1596 καὶ¹
606 1544 674 1596 τὰ
707 1542 1120 1613 συγγράμματα
1153 1539 1359 1593 τούτων
1402 1538 1468 1591 ἐκ
1515 1535 1889 1606 παραδόσεως,

305 1637 402 1688 καὶ
427 1634 535 1686 τῶν
558 1633 760 1702 ὁμοίων
787 1632 1047 1704 Πατέρων
1072 1633 1104 1702 ἡ
1135 1630 1229 1684 τοῦ
1254 1629 1388 1685 Θεοῦ
1426 1627 1724 1697 Ἐκκλησία
1750 1624 1893 1694 μετὰ

304 1729 377 1781 τὰ
410 1727 744 1781 ἁποστολικὰ
771 1724 889 1779 θεῖα
914 1724 1248 1796 κηρύγματα
1277 1723 1372 1777 καὶ
1399 1722 1708 1791 διδάγματα
1737 1718 1896 1772 κατέ-

306 1838 391 1893 χει
438 1822 533 1875 καὶ
580 1818 922 1884 ἐνσεϐίζεται
948 1835 963 1853 ο
1004 1824 1099 1872 καὶ
1130 1820 1190 1871 οὐ
1248 1817 1408 1887 μόνον
1443 1815 1567 1878 τοὺς
1614 1812 1893 1874 τοιούτους

309 1916 444 1986 πρὸς
469 1916 561 1969 τὸν
586 1913 843 1969 τοσοῦτον
891 1913 1186 1985 πολεμίους
1219 1911 1600 1982 ἐμφαίνουσιν,
1633 1905 1768 1962 ἀλλὰ
1798 1904 1894 1958 καὶ

307 2009 443 2079 πρὸς
487 2009 715 2072 ἑαυτοὺς
761 2006 1042 2077 ἐμφανῶς.
1087 2006 1175 2059 Ἐν
1222 2005 1333 2075 γὰρ
1373 2002 1611 2073 δευτέρῳ
1643 2000 1895 2069 τμήματι

311 2103 494 2174 βίϐλου
528 2103 628 2171 τῆς
673 2100 1134 2170 ἐκκλησιαστικῆς
1176 2097 1440 2167 Ἱστορίας
1483 2098 1512 2149 6
1551 2093 1896 2164 Θεοδώρητος

307 2193 407 2261 τὴν
425 2192 560 2262 πρὸς
584 2192 708 2254 τοὺς
746 2191 989 2260 Ἀφρους
1022 2189 1114 2242 τοῦ
1140 2188 1237 2259 τῆς
1268 2186 1568 2250 ἀθανασίας
1601 2184 1896 2253 ἐπωνύμου

310 2284 571 2355 περὶτῆς
619 2286 680 2336 ἐν
715 2284 1001 2353 Ἀριμήνῳ
1046 2282 1268 2335 συνόδου
1306 2276 1745 2349 καταστρωννύει
1775 2278 1898 2330 ἐπι-

312 2377 529 2447 στολὴν,
571 2378 628 2429 ἐν
653 2369 686 2449 ἦ
714 2374 888 2428 ταῦτα
924 2372 1355 2442 διαλαμϐάνεται
1375 2386 1391 2404 ο
1431 2388 1450 2421 ι
1482 2370 1579 2432 Τίς
1601 2368 1658 2422 δὲ
1686 2367 1899 2430 τούτοις

314 2471 591 2526 συνελθεῖν
616 2468 864 2539 ἐθελήσει
898 2466 1206 2538 ἀνθρώποις
1241 2463 1378 2535 μηδὲ
1405 2463 1474 2517 τὰ
1520 2461 1732 2517 ἑαυτῶν
1760 2461 1900 2514 ἀπο·

312 2565 667 2635 δεχομένοις;
714 2563 779 2615 Οί
823 2561 934 2633 γὰρ
971 2562 1030 2613 ἐν
1078 2562 1199 2622 ταῖς
1241 2557 1451 2612 ἑαυτῶν
1479 2556 1610 2610 δέκα
1660 2570 1764 2619 που
1805 2552 1902 2607 καὶ

314 2660 503 2724 πλέον,
533 2657 676 2712 καθὰ
716 2656 1076 2725 προείπομεν,
1106 2651 1346 2715 συνόδοις
1370 2651 1562 2705 ἄλλοτε
1596 2650 1732 2705 ἄλλα
1759 2646 1903 2719 γρά-

317 2769 533 2823 φοντες,
566 2750 714 2822 δῆλοί
762 2750 906 2803 εἰσιν
948 2748 1186 2818 ἑκάστης
1221 2746 1377 2801 αὐτοὶ
1420 2747 1716 2814 κατήγοροι
1748 2741 1904 2810 γενύ-

321 2863 498 2919 μενοι.
524 2847 803 2915 Πάσχουσι
829 2844 886 2898 δέ
908 2845 1068 2897 τοῦτο
1093 2844 1231 2914 ὅπερ
1258 2840 1356 2894 καὶ
1392 2841 1441 2893 οἱ
1465 2840 1584 2892 τότε
1620 2837 1729 2891 τῶν
1765 2836 1904 2890 Ἰου-

319 2944 486 2997 δαίων
534 2940 888 2994 πεπόνθασιν.
941 2938 1031 2999 Ὠς
1082 2939 1188 3007 γὰρ
1224 2937 1425 2989 ἐκεῖνοι
1479 2929 1907 2999 καταλείψαντες

317 3038 419 3109 τὴν
452 3036 622 3107 μόνην
658 3034 842 3104 πηγὴν
872 3031 965 3085 τοῦ
992 3030 1197 3096 ζῶντος
1225 3028 1439 3091 ὓδατος,
1475 3026 1742 3096 Ὤρυξαν
1766 3025 1908 3079 ἐαυ-

318 3130 448 3197 τοῑς
477 3128 769 3192 λάκκους,
801 3124 858 3180 ot
887 3127 959 3178 οὐ
983 3122 1359 3190 δυνήσονται
1397 3120 1578 3188 ὕδωρ
1599 3116 1865 3186 συσχεῖν
1890 3132 1909 3147 σ

320 3225 635 3294 γέγραπται
666 3223 726 3275 δὲ
776 3221 930 3290 παρὰ
976 3218 1058 3288 τῷ
1109 3217 1364 3288 προφήτῃ
1418 3214 1695 3285 Ἱερεμίαο
1734 3210 1910 3274 οὕτως

1977 788 2231 847 suffultus
2260 784 2526 846 insinuat,
2559 794 2722 851 quem
2755 775 2860 831 sibi
2897 775 3107 842 lapsum
3142 781 3251 821 non
3280 757 3573 817 inferunt?

1977 883 2251 951 lnterpres
2283 892 2466 933 rerum
2499 870 2882 930 inetl‘abilium,
2916 876 2970 922 et
3021 857 3413 918 immortalium
3465 851 3567 904 in-

1980 958 2199 1044 spector
2228 971 2401 1027 solum
2436 969 2642 1022 fontem
2678 964 2894 1017 Patrem
2925 954 3290 1024 nuncupavit,
3325 957 3382 1003 et
3426 945 3469 999 si
3509 942 3563 995 in

1983 1036 2148 1138 quam
2181 1065 2281 1134 ipsi
2313 1062 2654 1119 contendunt
2705 1055 3036 1112 sententiam
3084 1050 3244 1110 dixit,
3286 1036 3568 1115 quomodo

1981 1131 2093 1230 jam
2136 1131 2362 1226 all—egata
2418 1160 2579 1207 tantae
2630 1147 2986 1204 auctoritatis
3047 1139 3306 1197 Ecclesiae,
3363 1131 3571 1187 lumina

1987 1229 2194 1309 fontem
2221 1250 2387 1304 etiam
2420 1246 2658 1315 Spiritus
2690 1242 2891 1298 Filium
2924 1238 3310 1291 decreverunt,
3351 1240 3383 1279 a
3422 1229 3579 1276 tanto

1987 1346 2108 1401 viro
2137 1343 2314 1413 palam
2375 1337 2677 1399 discordes,
2731 1334 2892 1401 cujus
2946 1341 3137 1385 sacros
3181 1330 3466 1378 sermones
3522 1318 3577 1363 et

1990 1432 2448 1495 Commentarios,
2476 1446 2543 1484 ex
2576 1425 2897 1483 eorumdem
2932 1418 3246 1479 traditione,
3275 1420 3330 1464 οι
3353 1408 3576 1461 Patrum

1991 1527 2255 1584 similium
2300 1522 2393 1577 Dei
2443 1520 2710 1583 Ecclesia,
2758 1526 2883 1589 post
2935 1508 3236 1582 apostolica
3283 1500 3581 1563 divinaque

1993 1619 2182 1682 etiata,
2204 1626 2261 1672 et
2292 1615 2736 1687 praedicationem
2768 1617 2940 1669 tenet,
2982 1613 3035 1659 et
3066 1601 3224 1661 colit,
3272 1606 3450 1663 neque
3485 1602 3583 1643 so-

1996 1714 2108 1768 lum
2146 1710 2274 1764 huic
2298 1718 2405 1762 tam
2439 1720 2634 1775 magno
2674 1717 2795 1757 sese
2841 1695 3122 1755 adversari
3178 1688 3579 1745 demonstrant,

1996 1807 2091 1862 sed
2121 1814 2175 1858 et
2207 1772 2562 1868 sibimetipsis
2594 1792 2927 1867 perspicue?
2960 1791 3210 1855 Namque
3245 1782 3299 1835 in
3339 1772 3585 1832 secundo

2001 1909 2150 1954 tomo
2200 1890 2592 1949 Ecclesiasticw
2621 1887 2902 1947 Historiae,
2934 1880 3317 1936 Theodoretus
3357 1870 3593 1924 imnzor-v

1925 1956 1968 2012 Β
2000 1988 2226 2046 talitatis
2247 1983 2592 2056 cognominis
2635 1979 2704 2034 ad
2747 1977 2909 2033 Afros
2951 1975 3136 2030 datam
3187 1964 3476 2035 epistolam
3518 1958 3595 2056 de

1997 2078 2335 2138 Ariminensi
2385 2074 2598 2146 synodo
2625 2071 2841 2141 refert,
2895 2069 2951 2123 in
3006 2080 3110 2134 qua
3163 2058 3359 2115 similia
3410 2050 3589 2108 conti—

2000 2183 2205 2231 nentur
2245 2192 2259 2231 :
2295 2190 2313 2224 ι
2350 2168 2485 2236 Quis
2514 2181 2682 2237 porro
2709 2177 2900 2220 eorum
2948 2154 3235 2213 sententiae
3263 2149 3395 2204 velit
3427 2159 3589 2199 acce-

2001 2271 2153 2332 dere,
2181 2266 2274 2338 qui
2307 2235 2384 2320 neﬁ
2406 2235 2766 2332 sua—quidem
2794 2256 3042 2312 instituta
3092 2248 3194 2318 ipsi
3246 2235 3589 2338 approbari-tif

2004 2363 2134 2419 Nam
2169 2328 2287 2431 qui,
2316 2358 2395 2412 uti
2424 2328 2593 2425 supra
2626 2352 2892 2414 diximus,
2937 2343 3179 2415 amplius
3217 2338 3409 2394 decem
3465 2328 3591 2386 lidei

2004 2453 2295 2517 formulas,
2347 2449 2454 2503 alio
2506 2458 2748 2514 namque
2795 2450 3043 2508 tempore
3083 2432 3243 2488 aliam
3289 2442 3354 2481 ac
3391 2436 3591 2479 novam

2006 2560 2226 2618 semper
2256 2540 2686 2612 componebant,
2727 2537 2782 2589 in
2816 2532 2936 2588 suis
2971 2525 3219 2586 conciliis
3246 2516 3599 2586 conscripse-

2005 2614 2155 2704 runt,
2185 2645 2376 2708 aperte
2408 2634 2794 2688 demonstrant
2843 2625 3055 2695 seipsos
3107 2614 3319 2685 singula
3360 2625 3459 2665 sua
3509 2622 3598 2660 re-

2008 2699 2353 2805 prehendere
2403 2724 2681 2781 concilyia:
2748 2719 3007 2785 idemque
3073 2710 3197 2765 istis
3257 2703 3403 2776 quod
3446 2699 3593 2805 ⁸υιὶιιι

2008 2790 2212 2879 :Iudazis
2240 2815 2610 2892 proditoribus
2639 2810 2859 2867 accidit.
2894 2805 2965 2862 Ut
2993 2802 3141 2857 enim
3178 2800 3253 2854 illi
3286 2796 3405 2892 solo
3445 2790 3600 2846 fonte

2010 2932 2164 2987 aqua:
2214 2889 2448 2968 viventis
2496 2908 2712 2969 relicto,
2777 2902 2855 2957 uti
2916 2896 3107 2957 scribit
3158 2889 3425 2948 Jeremias
3472 2899 3599 2950 pro-

2011 3012 2196 3081 pheta.
2236 3004 2411 3059 Lacus
2448 3000 2547 3057 sibi
2590 3000 2857 3069 foderunt,
2886 2994 2977 3064 qui
3008 3005 3110 3044 non
3143 2991 3358 3055 possunt
3407 2989 3611 3047 aquam

2014 3104 2283 3159 continere
2312 3103 2392 3155 ’νε
2425 3099 2502 3153 ita
2533 3096 2625 3151 isti
2666 3085 2848 3164 pugna
2882 3097 3073 3143 contra
3111 3076 3368 3155 generale
3408 3072 3600 3128 conci-

2013 3199 2147 3254 lium
2182 3202 2438 3262 suscepta
2489 3188 2594 3245 sibi
2628 3187 2796 3241 multa
2834 3180 3247 3239 constituerunt
3292 3164 3546 3223 concilia.
3579 3179 3600 3213 ι

333 3258 726 3294 ιειιιυιηνυηνε
782 3258 930 3290 ἰν-ιι*
986 3258 1057 3288 νγ
1116 3258 1364 3288 ’Ψντϊιι
1438 3258 1657 3285 --τ-ι--τ
1740 3258 1908 3274 "mw

322 3312 470 3373 οὗτοι
534 3314 832 3387 μαχόμενοι
879 3312 1017 3381 πρὸς
1073 3309 1173 3382 τὴν
1223 3308 1610 3378 οίκουμενικὴν
1666 3304 1908 3366 σύνοδον,

2015 3292 2095 3348 En
2122 3300 2177 3345 et
2207 3287 2476 3343 adversus
2500 3282 2742 3351 seipsum
2776 3287 3010 3346 magnus
3039 3270 3128 3327 hic
3165 3270 3437 3337 pugnator
3469 3258 3610 3311 irre«

2254 3380 2266 3387 ⁸
2292 3380 2347 3387 ’“’
2475 3376 2487 3387 ⁹
2588 3374 2601 3387 ‘
2753 3369 2795 3387 Α
2826 3377 2954 3387 ηιμ-
3024 3376 3176 3387 -ι---ινι
3224 3356 3359 3387 -ιῖ-ν-ιι
3391 3351 3605 3387 Dan-mn

323 3409 540 3480 ὤρυξαν
586 3406 801 3467 ἐαυτοίς
841 3404 1096 3464 συνόδους
1141 3400 1365 3462 πολλάς.
1403 3417 1425 3452 ι
1475 3399 1605 3453 Ἰδοὺ
1637 3397 1734 3451 καὶ
1775 3397 1916 3467 πρὸς

325 3503 519 3557 ἑαυτὸν
543 3503 571 3554 6
608 3502 783 3569 μέγας
817 3497 1068 3567 μαχητὴς
1101 3494 1532 3555 ἀκατάλλακτος,
1566 3493 1619 3544 εἴ
1645 3506 1711 3559 γε
1746 3490 1916 3561 μόνην

324 3594 513 3666 πηγὴν
549 3592 643 3646 τοῦ
673 3592 877 3657 ζῶντος
904 3588 1095 3652 ὓδατος
1127 3588 1220 3641 τδν
1260 3586 1480 3657 Πατέρα
1526 3583 1784 3645 καλέσας,
1822 3582 1917 3636 καὶ

325 3687 501 3751 ούδεὶς
521 3688 551 3740 6
573 3685 952 3758 ἀμφιϐάλλων,
979 3683 1054 3755 μὴ
1073 3684 1132 3735 τὸ
1153 3683 1260 3748 ζῶν
1283 3681 1428 3753 ὕδωρ
1449 3676 1589 3733 εἶναι
1610 3680 1671 3732 τὸ
1691 3679 1919 3747 Πνεῦμα

327 3784 390 3837 τὸ
424 3782 579 3844 ἅγιον
608 3783 666 3834 ἐν
715 3773 798 3842 οἷς
826 3776 1195 3848 προεθέμεθα,
1238 3774 1423 3845 πηγὴν
1465 3772 1631 3826 αύτοῦ
1672 3773 1763 3826 τὸν
1790 3773 1918 3825 Υἱὸν

329 3873 737 3946 προεσάφησεν.
794 3871 954 3924 Ἀλλὰ
993 3870 1207 3932 τούτοις
1244 3868 1295 3922 οἳ
1324 3867 1498 3921 ταῦτα
1543 3866 1918 3943 παρεισάγου-

333 3942 443 4031 σιν,
469 3942 927 4033 οἷςφθέγγονται,
961 3960 1123 4030 ζῆλον
1151 3960 1407 4031 ἀληθινὸν
1428 3961 1455 4012 6
1487 3958 1687 4030 ζηλῶν,
1711 3942 1917 4009 εἵσεται

334 4057 631 4130 πολεμίους
661 4055 869 4110 ἑαυτῶν
904 4056 998 4108 καὶ
1045 4053 1156 4107 τῶν
1187 4053 1348 4106 θείων
1377 4049 1775 4122 μυσταγωγῶν,
1816 4048 1921 4101 οὐκ

335 4154 536 4215 αὐτοὺς
561 4150 761 4221 ἥκιστα
803 4148 927 4209 τοὺς
964 4143 1364 4213 θεοφωτίστους
1391 4143 1488 4196 καὶ
1514 4139 1763 4211 ζηλωτὰς
1790 4139 1920 4209 ὁμου

336 4246 536 4306 πνόους
584 4243 684 4314 τῆς
730 4241 990 4305 πίστεως,
1036 4238 1085 4293 οἳ
1128 4237 1225 4291 τοῦ
1284 4235 1622 4306 Εὐαγγελίου
1677 4234 1923 4305 κήρυκες

336 4340 490 4400 ὄντες
540 4336 638 4392 καὶ
695 4334 933 4405 μαθηταὶ
972 4332 1068 4386 καὶ
1119 4329 1452 4394 διδάσκαλοι,
1503 4326 1627 4383 καθ’
1664 4327 1724 4381 ὃν
1766 4327 1924 4395 λόγον

339 4432 491 4485 ἴσασι
524 4427 754 4499 βοῶντες
787 4425 954 4479 αὐτοῦ
996 4426 1061 4478 ἐκ
1088 4422 1386 4493 προσώπου
1412 4420 1503 4474 τοῦ
1544 4420 1753 4490 Κυρίου
1784 4419 1924 4488 πρὸς

338 4525 432 4578 τὸν
458 4523 587 4578 ῐδιον
629 4519 848 4587 Πατέρα
873 4534 887 4549 ·
919 4536 938 4569 ι
975 4515 1125 4587 Αὕτη
1161 4516 1310 4569 ἐστὶν
1358 4515 1390 4584 ἡ
1426 4513 1646 4575 αίώνιος
1675 4511 1810 4581 ζωὴ,
1837 4512 1926 4565 ἴνα

340 4613 652 4685 γινώσκωσι
683 4629 741 4665 σε
772 4611 884 4676 τὸν,
917 4611 1076 4681 μόνον
1107 4606 1359 4677 ἀληθινὸν
1386 4606 1542 4668 Θεὸν,
1576 4623 1595 4657 ι
1648 4604 1707 4657 τὸ
1729 4604 1928 4673 μόνον

338 4696 595 4778 οὐδαμῶς
617 4704 969 4777 ἀφαιρεῖσθαι
996 4703 1095 4773 τὴν
1122 4701 1384 4770 ἀληθινὴν
1406 4698 1636 4769 θεότητα
1659 4696 1749 4750 τὸν
1772 4698 1922 4761 Υίὸν,

341 4802 481 4857 ἀλλὰ
524 4801 624 4869 τὴν
656 4797 890 4869 ἀρχικὴν
920 4795 1016 4848 καὶ⁵
1065 4792 1289 4865 πρώτην
1320 4790 1524 4851 αἰτίαν,
1563 4790 1632 4859 ἣν
1677 4790 1705 4842 6
1736 4788 1927 4858 Πατὴρ

344 4893 491 4955 ίὸίως
514 4887 871 4959 ἐκληρώσατο
902 4888 1277 4956 παριστάνειν,
1302 4881 1446 4936 κατὰ
1473 4880 1564 4946 τὸν
1586 4881 1752 4934 αὐτὸν
1783 4879 1930 4949 οἴδα-τ

344 5002 431 5037 σιν
461 4983 571 5053 ἄρα
604 4981 784 5051 λόγον,
824 4978 1008 5033 καὶτὸ
1066 4975 1234 5047 μόνην
1264 4974 1447 5044 πηγὴν
1488 4972 1581 5025 τοῦ
1614 4970 1932 5039 Πνεύματος

344 5076 439 5128 τὸν
472 5073 691 5144 Πατέρα
736 5067 1130 5138 θεολογεῖσθαι,
1164 5066 1285 5137 οὐχὶ
1317 5065 1412 5117 καὶ
1454 5063 1545 5115 τὸν
1576 5063 1705 5115 Υίὺν
1744 5061 1805 5114 τὸ
1829 5079 1938 5130 πη-

346 5170 449 5239 γὴν
473 5162 738 5220 εἶναι’τοῦ
771 5161 1089 5231 Ηνεύματος
1130 5156 1506 5229 ἀφαιρεῖσθαι.
1536 5157 1662 5209 Ὅτι
1690 5154 1823 5227 μηδὲ
1856 5154 1937 5217 τὸ,

352 5281 372 5313 ι
412 5261 544 5330 Περὶ
565 5257 667 5326 τῆς
698 5257 915 5328 ἡμέρας
939 5253 1175 5322 ἐκείνης,
1204 5251 1237 5322 ἢ
1264 5251 1364 5319 τῆς
1394 5248 1544 5319 ὧρας
1579 5248 1754 5312 οὐδεὶς
1775 5245 1939 5314 οἶδεν,

349 5353 470 5408 οὐδὲ
495 5352 544 5406 οἱ
579 5351 804 5421 ἄγγελοι
827 5348 936 5401 τῶν
956 5345 1224 5417 οὐρανῶν,
1251 5347 1299 5397 εί
1333 5342 1408 5413 μὴ
1435 5342 1462 5394 ὁ
1490 5340 1679 5411 Πατὴρ
1722 5340 1935 5416 μόνοςμ

351 5446 527 5508 ἄλλως
551 5445 584 5514 ἢ
615 5444 787 5505 οὓτως
813 5439 1052 5496 νοεῖσθαι
1086 5433 1650 5509 μεμυσταγώγηνται.
1674 5434 1745 5486 Ἢ
1773 5434 1835 5486 οὐ
1866 5433 1942 5501 μὴ

354 5536 530 5602 τοῦτο,
564 5536 647 5600 τίς
676 5537 756 5599 εἰς
795 5532 1053 5588 τοσοῦτον
1094 5529 1420 5601 ἐληλακέναι
1463 5526 1671 5596 τόλμης
1701 5527 1943 5593 φανήσει

355 5648 467 5694 ται,
520 5632 746 5699 ἄγνοιαν
794 5625 1091 5695 διαγνῶναι
1138 5622 1233 5677 τοῦ
1285 5623 1392 5694 πρὸ
1442 5620 1537 5672 τοῦ
1587 5618 1838 5687 γενέσθαι
1875 5616 1946 5669 τὰ

360 5722 519 5778 πάντ’
570 5722 806 5789 εἰδότος;
838 5721 960 5774 Ἔτι
1012 5735 1068 5787 γε
1107 5704 1215 5789 μὴν
1256 5714 1355 5786 τῆς
1394 5714 1741 5781 αύτοσοφίας,
1770 5710 1944 5777 Λόγου

359 5833 420 5869 τε
458 5815 552 5870 τοῦ
594 5814 962 5871 ἐνυποστάτου
1021 5811 1279 5882 στέρησιν
1330 5808 1514 5877 λόγου,
1554 5806 1689 5857 ἐι)εοῦ
1730 5804 1827 5873 τῆς
1857 5803 1948 5855 δυο

437 6002 482 6033 ”
516 5998 719 6056 Jcrcm.
750 6016 808 6069 ll,
850 6000 931 6054 15.
1013 6000 1055 6030 ³ο
1083 5995 1242 6053 Joan.
1274 6011 1403 6062 xvu,
1435 5996 1487 6047 '5.

2018 3380 2400 3443 conciliabilis,
2444 3376 2490 3431 si
2523 3374 2701 3430 solum
2752 3369 2960 3424 fontem
3023 3376 3177 3432 aqua:
3224 3356 3359 3409 vivae
3391 3351 3605 3405 Patrem

2018 3485 2371 3542 nuncupatis,
2405 3476 2461 3523 et
2490 3468 2667 3535 {nemo
2716 3464 2879 3532 plane
2909 3454 3148 3515 hmsitat,
3178 3460 3377 3518 aquam
3428 3442 3609 3496 vivam

2018 3583 2141 3623 esse
2184 3563 2447 3634 Spiritum
2505 3565 2777 3617 sanctum,
2806 3553 2858 3606 in
2888 3551 3001 3621 jam
3056 3562 3084 3601 a
3121 3542 3282 3599 nobis
3320 3534 3610 3609 appositis,

2019 3628 2238 3716 fontem-
2269 3655 2419 3711 illius
2448 3651 2652 3708 Filium
2698 3640 3095 3702 manifestavit.
3130 3636 3238 3692 Sed
3267 3635 3367 3689 bos
3406 3630 3501 3701 qui
3533 3628 3614 3683 εἰη

2022 3753 2173 3808 milia
2200 3748 2383 3804 verbis
2417 3744 2606 3800 eﬂ‘usis
2639 3741 2943 3800 insinuant.
2994 3733 3093 3805 qui
3129 3730 3250 3785 zelo
3300 3740 3430 3781 vero
3452 3736 3615 3791 ,con-

2022 3847 2240 3910 citatur,
2273 3836 2655 3906 sibimetipsis,
2703 3844 2760 3890 et
2791 3829 2997 3886 divinis
3042 3820 3378 3894 mystagogis
3419 3816 3618 3910 adver:

2022 3940 2155 4002 sari,
2184 3952 2297 3991 non
2326 3949 2461 3989 vero
2484 3947 2513 3986 a
2549 3932 2660 3985 Deo
2698 3925 3063 3986 illuminatos,
3110 3928 3164 3973 et
3213 3915 3481 3969 zelatoros
3521 3905 3621 3977 qui

2023 4033 2216 4090 eadem
2243 4029 2298 4083 in
2329 4027 2433 4082 [ide
2468 4023 2812 4094 conspirant,
2845 4022 3162 4088 cognoscet,
3190 4010 3233 4064 si
3262 4021 3388 4062 cum
3442 4003 3621 4055 Evan—

2024 4125 2151 4194 gelii
2181 4135 2461 4208 prgecones
2494 4093 2625 4179 sint,
2660 4124 2716 4168 et
2742 4108 3026 4180 discipuli,
3054 4117 3109 4160 et
3150 4097 3421 4172 magistri,
3451 4093 3621 4147 modo

2655 4207 2660 4208 ,
3278 4194 3313 4208 ,κ
3552 4186 3612 4208 μ,

2025 4233 2136 4291 quo
2184 4186 2367 4271 sciunt
2405 4207 2831 4281 pronuntiantes
2879 4218 2946 4258 ex
2998 4213 3229 4269 persona
3278 4186 3493 4246 Domini
3547 4186 3615 4239 ad

2026 4308 2310 4383 pr0prium
2334 4305 2586 4360 Patrem:
2623 4319 2642 4351 ‹
2685 4298 2807 4352 Ιίτεο
2833 4303 2916 4350 est
2949 4294 3058 4347 vita
3105 4298 3309 4343 aeterna
3336 4293 3396 4337 nt
3422 4294 3623 4348 cogno-

2028 4412 2184 4460 scant
2225 4409 2276 4455 te
2312 4412 2501 4453 verum
2532 4393 2705 4450 solum
2738 4391 2914 4444 Deum
2957 4386 3024 4446 ”.
3076 4381 3210 4438 illud
3247 4379 3420 4434 solum
3470 4373 3631 4427 nullo

2027 4494 2192 4551 modo
2223 4505 2348 4545 vera
2395 4488 2598 4544 deitate
2647 4483 2846 4536 Filium
2895 4477 3151 4548 spoliare,
3181 4471 3274 4527 sed
3305 4465 3627 4539 primariam

2029 4599 2085 4644 et
2124 4588 2355 4657 primam
2376 4594 2619 4640 causam,
2637 4591 2800 4647 quam
2821 4574 2983 4629 Pater
3006 4567 3224 4640 proprie
3247 4561 3476 4619 sortitus
3518 4557 3629 4617 est,

1960 4660 2004 4714 θ
2031 4683 2433 4741 demonstrare,
2464 4670 2765 4728 secundum
2797 4665 3047 4741 eamdem
3075 4660 3345 4715 rationem
3401 4660 3633 4712 norunt,

2032 4783 2243 4829 etcum
2277 4769 2427 4825 solus
2456 4766 2581 4821 fons
2631 4761 2872 4832 Spiritus
2933 4756 3095 4811 Pater
3134 4750 3475 4809 enuntiatur,
3513 4759 3631 4799 non

2039 4867 2154 4922 tolli
2188 4864 2322 4937 quin
2371 4870 2426 4919 ct
2480 4859 2654 4914 Filius
2682 4856 2804 4911 fons
2858 4851 3102 4923 Spiritus
3132 4848 3223 4912 sit,
3261 4843 3409 4916 quod
3447 4855 3626 4908 neque

2043 4962 2175 5019 illud
2206 4978 2220 5015 :
2254 4979 2272 5013 ι
2308 4958 2384 5014 De
2408 4956 2498 5013 die
2523 4953 2614 5007 illa
2643 4960 2697 5005 et
2731 4951 2865 5004 hora
2895 4959 3061 5002 nemo
3094 4941 3265 5001 novit,
3306 4948 3486 5005 neque
3528 4947 3633 4984 an-

2046 5055 2173 5127 geli,
2202 5051 2295 5122 qui
2328 5049 2383 5103 in
2443 5046 2584 5103 ccelo
2635 5049 2788 5106 sunt,
2824 5038 2934 5131 Pisi
2982 5037 3147 5091 Pater
3167 5032 3318 5088 solus
3352 5030 3421 5090 ³¹,
3460 5044 3477 5075 ι
3526 5023 3633 5077 alio

2049 5121 2414 5213 modoiquatn
2449 5140 2555 5194 isto
2607 5121 3024 5204 intelligendum
3073 5138 3196 5183 esse
3251 5121 3428 5179 edocti
3477 5125 3629 5172 sunt.

2049 5238 2207 5307 Quod
2236 5238 2281 5293 si
2304 5236 2357 5292 id
2385 5248 2495 5290 non
2532 5232 2720 5297 fuerit,
2753 5228 2876 5301 quis
2900 5227 2955 5285 in
2993 5231 3205 5278 tantum
3238 5215 3480 5272 audacia:
3511 5229 3637 5281 pro-

2050 5332 2307 5397 cesserit,
2339 5339 2401 5385 ut
2443 5336 2627 5381 notam
2677 5321 3002 5396 ignorantia:
3055 5315 3133 5370 illi
3163 5312 3254 5384 qui
3284 5321 3412 5365 ante
3470 5321 3639 5377 quam

2053 5431 2268 5490 tierent,
2310 5423 2495 5480 omnia
2526 5419 2711 5483 novit,
2751 5424 2805 5470 et
2852 5421 3115 5484 prteterea
3178 5404 3282 5476 ipsi
3328 5400 3637 5471 sapientiae,

2054 5520 2349 5589 Verbaque
2380 5532 2478 5586 per
2524 5530 2585 5569 se
2616 5505 2937 5566 subsistcnti
2972 5501 3201 5583 rationis
3247 5495 3636 5568 privationem,

2056 5587 2299 5671 facultati
2339 5605 2735 5678 omnipotentis
2789 5600 2882 5656 Dei
2938 5595 3396 5653 imbecillitatem,
3446 5597 3501 5642 et
3537 5587 3641 5656 ipai

2060 5707 2194 5763 Vita:
2225 5707 2350 5761 vitae
2379 5699 2761 5770 indigentiam,
2790 5692 2939 5764 quod
2967 5690 3167 5745 similia
3199 5690 3267 5741 de
3301 5683 3484 5753 seipso
3530 5680 3637 5733 Do-

2057 5802 2240 5856 minus
2269 5804 2476 5855 asscrat
2500 5804 2704 5858 motus,
2725 5792 3007 5865 appingat,
3038 5799 3160 5839 cum
3186 5781 3273 5837 ille
3298 5776 3645 5835 itadeﬁnial;

1569 5992 1607 6024 ³⁵
1652 5991 2020 6055 iritliiil.1\.\'\'l,
2051 5987 2142 6042 '56.
