3972 6640
326 538 463 604 1373

1314 541 1617 603 CONTRA
1665 536 2108 600 MANUELEM
2147 532 2629 599 CRETENSEM.

2770 578 2787 613 κ
3460 528 3597 593 ιιτι
3688 578 3699 587 .

324 656 360 724 ἡ
383 653 577 723 μόνος
608 651 893 723 θεωρεῖται
923 651 1098 724 φωνὴ,
1126 650 1370 724 δηλονότι
1402 655 1513 707 τῶν
1536 654 1639 725 τῆς
1681 653 1908 722 κτιστῆς

2019 650 2081 706 ad
2116 650 2547 707 discernendum
2577 645 2808 713 assumi,
2836 662 2899 703 ea
2921 656 3120 718 nempe
3140 656 3263 717 quae
3294 657 3487 702 creata.
3506 663 3597 703 es-

324 747 516 810 οὐσίας
563 745 675 801 τῶν
715 745 1003 817 προπχῶς
1048 746 1167 817 ἤτοι
1209 746 1635 818 διειλημμένων,
1670 746 1764 801 καὶ
1797 746 1907 800 τῶν

323 841 614 909 ἐγγυτάτω
655 839 825 893 τῶνδε
857 840 1237 911 σημειοφόρων
1266 842 1491 913 ἑτέρων.
1525 841 1648 895 Ἔτι
1673 859 1732 895 τε
1769 841 1909 910 πρὸς

324 936 617 1006 ἀφαίρεσιν
647 935 743 990 καὶ
768 935 1052 1006 ἀναίρεσιν
1085 937 1194 1005 τῶν
1226 938 1323 1005 τῆς
1358 937 1691 1009 ὑπερουσίου
1720 936 1910 1007 θεότη-

324 1047 415 1103 τος
458 1028 805 1099 άπωσμὲνων
859 1030 956 1084 καὶ
997 1030 1462 1100 ἀπεσχοινιμὲνων
1515 1031 1907 1094 παντάπασιν,

324 1123 470 1176 καθά
505 1122 836 1192 πάριστησιν
866 1127 893 1177 6
917 1123 1233 1191 ὲπιστήθιος
1257 1124 1688 1192 Εὐαγγελιστής.
1720 1124 1908 1177 Εἰπὼν

325 1214 437 1286 γὰρ
469 1216 535 1266 ἐκ
566 1214 858 1284 προσώπου
886 1214 980 1267 τοῦ
1025 1214 1379 1282 θεανθρώπου
1426 1215 1602 1283 Λόγου
1650 1216 1787 1285 πρὸς
1815 1214 1910 1269 τὸν

328 1303 458 1358 ἴδιον
490 1304 790 1373 γεννήτορα
816 1304 875 1358 ἐν
907 1304 1083 1374 οἰκείᾳ
1118 1307 1411 1377 συγγραφῇ
1441 1308 1507 1376 τῇ
1533 1305 1631 1359 τοῦ
1663 1305 1911 1375 Εὐαγγε-

325 1396 474 1449 λὶου·
517 1415 536 1447 ι
560 1395 707 1465 Αὕτη
740 1397 888 1449 ἐστὶν
918 1400 951 1466 ἡ
985 1396 1203 1461 αἰώνιος
1232 1398 1367 1470 ζωὴ,
1397 1399 1485 1453 ἴνα
1513 1398 1822 1465 γινώσκωσι
1848 1400 1908 1452 σὲ

324 1488 419 1541 τὸν
462 1487 621 1558 μόνον
653 1487 907 1557 ἀληθινὸν
951 1489 1103 1549 Θεὸν,
1139 1509 1161 1541 ι
1189 1492 1247 1542 ὲν
1279 1491 1358 1558 τῷ
1384 1490 1527 1543 τέλει
1557 1493 1658 1561 τῆς
1686 1491 1910 1545 καθολι-

325 1577 429 1646 κῆς
451 1577 618 1630 αὐτοῦ
651 1578 875 1648 πρώτης
912 1575 1232 1650 Ἐπιστολῆς
1257 1580 1400 1634 οὕτω
1424 1582 1679 1645 διέξεισιν
1701 1597 1715 1611 ·
1756 1600 1775 1633 ι
1813 1580 1908 1634 υτ.

324 1668 496 1737 δαμεν
545 1670 629 1723 ὅτι
678 1671 707 1724 6
736 1670 864 1734 Υίδς
892 1668 989 1724 τοῦ
1037 1670 1173 1725 θεοῦ
1216 1673 1365 1743 ἥκει,
1392 1675 1487 1728 καὶ
1525 1673 1725 1726 ἔδωκεν
1775 1674 1910 1743 ἡμῖν

324 1761 590 1825 διάνοιαν,
645 1761 733 1817 ῐνα
769 1762 1133 1833 γινώσκωμεν
1174 1765 1265 1819 τὸν
1312 1765 1446 1818 Θεὸν
1492 1765 1584 1819 τὸν
1631 1764 1909 1835 ἀληθινὸν,

325 1854 423 1909 καί
466 1856 638 1925 ἐσμεν
672 1857 730 1909 ὲν
759 1856 836 1926 τῷ
874 1856 1119 1928 ἀληθινῷ
1150 1860 1206 1910 ὲν
1231 1858 1312 1929 τῷ
1350 1857 1465 1927 Υἱῷ
1509 1858 1697 1912 αὑτοῦ.
1734 1852 1909 1921 Οὗτός
1944 1855 1956 1872 ⁸

2012 745 2189 799 sentia
2227 750 2507 807 constant,
2567 750 2696 798 sunt
2745 739 3107 795 nihilominus
3149 739 3431 809 contigua,
3476 740 3595 795 sive

2011 835 2437 907 comprehensa,
2457 846 2514 891 et
2536 835 2646 891 alia
2667 833 2946 906 signiferis
2966 835 3119 889 hisce
3138 848 3300 904 quam
3323 834 3594 902 proxima,

2010 946 2115 986 nec
2141 945 2253 985 non
2305 930 2373 984 ad
2419 940 2643 1000 prorsus
2692 929 2991 983 tollendum
3045 927 3597 996 submovendumque

2011 1036 2075 1077 ea
2111 1020 2295 1075 omnia
2323 1035 2446 1091 qtue
2478 1035 2508 1073 a
2537 1019 2991 1089 superessentiali
3030 1018 3233 1074 deitate
3274 1035 3438 1089 quam
3475 1019 3593 1074 dis-

2005 1112 2350 1185 junctissima
2375 1123 2525 1179 sunt,
2560 1123 2617 1168 et
2646 1114 2807 1183 plane
2844 1112 3059 1178 dissita,
3090 1120 3148 1167 ut
3187 1113 3279 1182 qui
3321 1114 3374 1166 in
3404 1122 3599 1182 pectus

2014 1206 2228 1262 Domini
2262 1206 2513 1262 recubuit
2536 1206 2870 1277 evangelista
2897 1201 3312 1259 commonstrat.
3347 1202 3598 1273 Namque

2011 1312 2135 1355 cum
2170 1300 2455 1354 recitasset
2484 1316 2549 1355 ex
2596 1314 2829 1368 persona
2888 1297 2981 1351 Dei
3016 1304 3073 1352 et
3130 1297 3374 1352 hominis
3431 1298 3595 1354 Verbi

2011 1393 2077 1447 ad
2108 1393 2391 1464 proprium
2424 1380 2756 1463 genitorem,
2782 1391 2837 1445 in
2866 1391 2950 1446 sui
2980 1389 3263 1461 Evangelii
3309 1400 3594 1445 commen-

2013 1485 2156 1539 tario
2180 1499 2200 1540 :
2230 1501 2247 1534 ι
2281 1482 2403 1537 Haec
2430 1491 2513 1538 est
2548 1482 2658 1537 vita
2684 1491 2912 1547 (eterna,
2947 1491 3008 1536 ut
3054 1490 3396 1551 cognoscant
3425 1489 3477 1534 te
3508 1496 3597 1535 so-

2011 1578 2123 1633 lum
2158 1577 2325 1631 Deum
2357 1592 2570 1641 verum,
2611 1593 2630 1627 ι
2670 1576 2723 1629 in
2758 1574 2867 1630 line
2915 1590 3027 1630 suae
3091 1573 3282 1644 prima!
3310 1573 3596 1628 catholicae

2011 1671 2271 1742 Epistolas
2296 1670 2375 1726 sic
2405 1670 2637 1738 scribité:
2677 1688 2697 1721 ι
2725 1669 2941 1725 Scimus
2980 1668 3125 1738 quod
3159 1666 3329 1723 Filius
3377 1666 3469 1722 Dei
3498 1682 3595 1722 ve-

2010 1765 2116 1828 nit,
2141 1772 2197 1818 et
2218 1762 2367 1818 dedit
2399 1763 2558 1817 nobis
2597 1776 2844 1826 sensum,
2878 1771 2936 1816 ut
2974 1775 3374 1831 cognoscamus
3425 1758 3593 1813 Deum

2012 1871 2227 1920 verum,
2259 1864 2313 1910 et
2361 1854 2534 1910 simus
2580 1854 2635 1909 in
2663 1869 2796 1909 vero
2828 1853 2965 1908 Filio
2995 1855 3133 1923 ejus.
3166 1850 3266 1907 Hic
3295 1859 3382 1906 est
3427 1864 3594 1906 verus

324 1949 525 2023 ὲστινό
554 1948 808 2018 ἀληθινὸς
833 1949 988 2014 Θεὸς,
1013 1953 1109 2006 καὶ
1132 1949 1245 2020 ζωὴ
1288 1952 1323 2021 ή
1353 1951 1592 2015 αίώνιος.
1628 1971 1646 2003 ι
1693 1952 1780 2015 Ὠς
1814 1945 1909 2004 οὖν

2019 1952 2158 2008 Deus
2208 1962 2263 2006 et
2298 1951 2407 2005 vita
2436 1960 2639 2005 aeterna
2673 1949 2773 2005 ³³.»
2806 1948 2894 2004 Uti
2920 1949 3084 2018 igitur
3108 1946 3184 2004 ibi
3214 1964 3337 2003 cum
3361 1947 3596 2003 articulo

326 2039 444 2091 ἐκεῖ
492 2038 814 2109 συνάρθρως
862 2039 1118 2111 ἀληθινὸς
1167 2044 1353 2105 Θεδςό
1401 2043 1590 2113 Πατὴρ
1628 2041 1767 2112 μετά
1810 2040 1907 2095 τοῦ

324 2130 533 2196 μόνος,
570 2128 746 2193 οὕτως
780 2129 1012 2185 ἐνταῦθα
1056 2131 1379 2203 συνάρθρως
1431 2130 1686 2201 ἀληθινὸς
1719 2131 1850 2195 Θεὸς
1876 2131 1908 2185 6

323 2217 453 2282 Υἱὸς
489 2219 628 2288 μετὰ
658 2218 753 2272 τοῦ
787 2213 968 2286 οὗτος
1002 2221 1124 2274 κατ’
1154 2221 1382 2292 ὲξοχήνο
1413 2221 1490 2285 ὡς
1529 2224 1646 2275 ἐκεῖ
1668 2221 1711 2275 δ’
1750 2216 1908 2286 αὖθις

326 2310 361 2380 ἡ
394 2308 611 2374 αἰώνιος
636 2309 749 2383 ζωὴ
776 2311 1116 2384 συνάρθρως,
1140 2313 1315 2377 οὕτως
1334 2313 1567 2368 ἐνταῦθα
1589 2313 1907 2385 συνάρθρως

325 2400 466 2470 αῦτη
495 2402 794 2487 αύτολεξεί.
832 2403 1063 2458 Ἔπειτα
1090 2405 1452 2476 συνημμένως
1482 2405 1677 2475 ἐπάγει
1701 2422 1718 2438 ·
1755 2424 1775 2459 ι
1803 2407 1906 2460 Te-

325 2494 481 2561 κνία,’
509 2494 807 2563 φυλάττετε
831 2497 1058 2561 ἑαυτοὺς
1087 2497 1195 2550 ἀπὸ
1223 2497 1334 2551 τῶν
1360 2496 1618 2563 εἰδώλων,
1661 2515 1681 2550 ι
1716 2514 1907 2569 μονον-

321 2588 444 2657 ουχὶ
478 2588 704 2656 φάσκων
743 2590 838 2642 καὶ
869 2588 1395 2662 διαμαρτυρόμενος.
1439 2590 1739 2645 Φυλάττετε
1773 2592 1907 2643 ὲαυ-

321 2680 448 2742 τοὺς
474 2679 571 2732 τοῦ
603 2679 922 2748 λογίσασθαί
947 2698 998 2734 τι
1034 2684 1166 2753 περὶ
1190 2682 1416 2748 τούτων,
1445 2675 1523 2738 ὧν
1552 2684 1603 2737 οἱ
1642 2684 1741 2753 τῆς
1768 2683 1905 2737 πλά-

322 2788 421 2840 νης
447 2771 770 2841 ψευδόμενοι
821 2772 1171 2841 φθέγγονται.
1218 2775 1277 2828 '0
1322 2775 1419 2830 τοῦ
1464 2774 1724 2845 ἀληθινοῦ
1770 2774 1909 2828 Θεοῦ

326 2862 475 2927 Υίδς,
505 2864 533 2916 6
557 2864 810 2934 ἀληθινὸς
838 2864 971 2929 Θεὸς
995 2867 1024 2920 6
1053 2867 1292 2938 Χριστός
1333 2869 1506 2921 ἐστιν.
1538 2860 1699 2922 Οὗτοι
1736 2867 1905 2939 ψεύδη

324 2958 454 3019 εἰσὶ,
491 2956 582 3009 καὶ⁹
609 2955 980 3027 ψευδωνύμως
1031 2957 1147 3012 θεοὶ
1183 2958 1563 3029 ὀνομάζονται.
1603 2962 1701 3015 Ἐκ
1728 2960 1909 3015 τοίνυν

322 3050 432 3102 τῶν
482 3052 540 3103 ἐν
595 3038 957 3119 Εὑαγγελίοις
1002 3054 1099 3105 καὶ
1133 3052 1480 3117 Ἐπιστολαῖς
1530 3053 1907 3109 ἀποπολικῶν

324 3140 743 3210 θεοπαραδότων
773 3141 991 3210 λογίων,
1023 3144 1119 3197 καὶ
1147 3142 1258 3197 τῶν
1287 3143 1346 3210 ἐξ
1378 3126 1559 3200 αὐτῶν
1586 3145 1907 3216 ύφηγητῶν,

324 3236 425 3288 καὶ
460 3233 802 3288 διδασκάλων
844 3237 943 3306 τῆς
981 3234 1269 3300 εὐσεϐείας
1307 3237 1582 3292 δείκνυται
1626 3238 1905 3309 καθαρῶς,

2018 2045 2163 2100 Deus
2186 2059 2370 2108 verus,
2406 2042 2594 2099 addito
2616 2041 2781 2106 solus,
2809 2040 2971 2096 Pater
2990 2049 3095 2103 est,
3133 2042 3214 2096 sic
3243 2057 3460 2113 quoque
3488 2043 3596 2098 hoc

2014 2137 2215 2194 inloco
2240 2152 2366 2191 cum
2406 2134 2638 2203 articulo
2688 2133 2832 2188 Deus
2882 2149 3052 2189 verus
3088 2131 3287 2199 Filius,
3329 2148 3455 2188 cum
3495 2133 3593 2187 ad-

2014 2227 2225 2284 ditione
2256 2228 2341 2281 Iu'c
2372 2236 2596 2297 propter
2627 2224 3052 2292 excellentiam;
3086 2239 3391 2293 rursusque
3417 2224 3493 2278 uti
3519 2223 3592 2279 ibi

2014 2336 2140 2375 cum
2172 2318 2405 2375 articulo
2447 2319 2557 2373 vita
2586 2326 2812 2382 aeterna,
2866 2316 2937 2371 ita
2964 2314 3056 2369 hic
3088 2328 3306 2385 quoque
3340 2329 3466 2370 cum
3501 2330 3593 2369 ar-

2015 2412 2184 2484 ticulo
2214 2412 2331 2467 haec
2374 2412 2569 2468 eadem
2614 2410 2804 2465 iisdem
2862 2408 3156 2478 ipsissimis
3206 2406 3428 2470 verbis;
3478 2418 3595 2461 tum

2015 2505 2355 2576 coniunctim
2391 2505 2592 2561 infert:
2626 2523 2644 2557 ι
2695 2505 2894 2570 Filioli,
2935 2504 3335 2577 custodite’vos
3359 2520 3389 2559 a
3417 2505 3593 2559 simu-

2014 2598 2177 2654 lacris
2209 2596 2276 2665 “,
2313 2615 2333 2649 ι
2365 2605 2574 2653 tantum
2605 2612 2714 2653 non
2744 2598 2935 2652 dicens
2957 2596 3371 2666 obtestansque,
3396 2595 3595 2659 Custo-

2014 2692 2126 2747 ilite
2149 2706 2271 2758 vos,
2309 2702 2367 2747 et
2402 2700 2613 2754 cavete,
2645 2704 2717 2745 ne
2747 2689 2879 2760 quid
2915 2690 2982 2744 de
3016 2688 3121 2745 illis
3153 2688 3500 2759 concipiatis,
3525 2688 3596 2743 de

2013 2785 2213 2856 quibus
2267 2783 2445 2839 errori
2469 2783 2734 2852 (addicti,
2772 2792 2829 2837 et
2870 2783 3162 2837 mendacio
3208 2781 3461 2836 fallentes
3515 2781 3597 2836 lo-

2014 2886 2277 2947 quuntur.
2310 2877 2433 2932 Veri
2463 2877 2556 2931 Dei
2587 2875 2782 2938 Filius,
2811 2888 2971 2930 verus
3007 2875 3150 2930 Deus
3184 2874 3439 2930 Christus
3472 2882 3594 2937 est;

2014 2970 2070 3025 hi
2096 2970 2213 3025 falsi
2237 2976 2387 3034 sunt,
2416 2967 2661 3039 falsoque
2684 2968 2787 3024 sibi
2810 2969 3038 3023 deorum
3066 2980 3266 3021 nomen
3292 2966 3595 3021 vindicant.

2014 3060 2094 3115 Ex
2122 3059 2432 3130 Evangeliis
2453 3060 2620 3130 igitur
2664 3067 2721 3113 et
2772 3058 3034 3128 Epistolis
3080 3058 3398 3129 apostolicis
3449 3072 3598 3112 com-

2014 3155 2304 3224 prehensis
2334 3168 2363 3206 a
2395 3151 2507 3207 Deo
2547 3152 2763 3207 traditis
2795 3153 3051 3220 eloquiis,
3098 3160 3155 3207 et
3189 3167 3380 3207 eorum
3427 3167 3600 3221 expo-

2015 3245 2277 3301 sitoribus
2327 3253 2383 3300 et
2436 3244 2661 3315 pietatis
2712 3245 2989 3316 magistris
3037 3244 3202 3316 plane
3261 3244 3596 3311 ostenditur,

322 3327 475 3388 ὅπως
504 3329 537 3397 ἠ
576 3331 768 3395 μόνος
798 3328 950 3399 φωνὴ
993 3327 1378 3400 λαμϐανομένη
1435 3330 1774 3401 καθέστηκεν
1816 3333 1910 3386 ἐπὶ

2019 3334 2183 3391 dictio
2210 3335 2354 3390 solus
2387 3335 2463 3389 uti
2501 3335 2706 3390 debeat
2750 3335 2954 3391 assumi
2984 3336 3052 3389 de
3094 3335 3464 3390 monarcliicis
3498 3334 3598 3405 by-

324 3420 439 3474 τῶν
479 3421 826 3492 μοναρχικῶν
869 3421 1241 3488 ὑποστάσεων,
1290 3422 1386 3476 καί
1413 3439 1583 3478 τινων
1621 3423 1767 3478 κατά
1791 3424 1910 3479 διαι-

326 3512 524 3584 στολὴν
570 3514 665 3568 καὶ
694 3513 984 3584 διαίρεσιν,
1018 3514 1113 3568 καὶ
1143 3516 1226 3569 ὃτι
1275 3516 1427 3586 πηγὴ
1455 3516 1553 3569 τοῦ
1594 3517 1914 3586 Πνεύματος

323 3610 355 3661 6
388 3607 599 3677 Πατὴρ,
649 3610 745 3660 καί⁸
773 3607 928 3678 πηγὴ
973 3609 1096 3670 ταῖς
1140 3609 1333 3672 αὑταῖς
1362 3609 1660 3682 διαρρήδην
1709 3612 1913 3680 φωναῖς

327 3701 423 3755 τοῦ
455 3701 773 3772 Πνεύματος
797 3703 825 3754 6
851 3700 1004 3765 Υίός.
1031 3702 1141 3756 Καὶ
1168 3703 1237 3755 τὰ
1269 3702 1367 3773 μὲν
1389 3703 1455 3756 ἐκ
1477 3703 1682 3758 τούτων
1710 3705 1912 3759 τοιάδε.

405 3799 514 3848 καθ.
547 3792 655 3847 Τοῦ
704 3794 761 3847 δὲ
790 3793 856 3847 δι’
887 3792 947 3848 ὃν
994 3794 1043 3848 oi
1081 3793 1230 3863 λόγοι
1263 3797 1455 3864 σαφεῖς
1483 3795 1874 3866 ἀναγορεύσεις
1895 3811 1914 3828 ο

335 3907 356 3941 ι
379 3888 440 3941 '0
458 3888 647 3959 Πατὴρ
664 3885 847 3949 καθὼς
861 3887 1026 3957 γεννᾷ
1044 3886 1195 3951 Υίὸν,
1215 3886 1544 3956 ὀνομάζεται
1565 3886 1915 3959 Πατὴρ,καθ’

326 3977 357 4033 ὃ
378 3979 436 4032 δὲ
455 3977 744 4050 ἑκπορεύει
758 3977 1003 4050 Πνεῦμα,
1022 3979 1205 4035 οὐκέτι
1221 3980 1435 4050 Πατὴρ,
1453 3979 1589 4033 ἀλλά
1613 3978 1915 4050 προδολεὺς

327 4071 676 4144 ὀνομάζεται.
712 4074 903 4128 ΙἘστιν
934 4070 1028 4129 οὖν
1052 4076 1079 4129 6
1103 4074 1293 4145 Πατὴρ
1332 4076 1426 4128 καὶ
1444 4074 1634 4145 Πατὴρ
1661 4074 1758 4128 καὶ
1783 4090 1919 4144 προ-

332 4164 547 4229 ϐολεύς.
589 4165 703 4219 Ἑνὶ
750 4166 808 4219 δὲ
857 4165 1083 4231 ὀνόματι
1122 4165 1444 4238 συναπτικῷ
1484 4166 1692 4220 τούτων
1718 4166 1919 4238 ὀνομά-

331 4260 487 4324 ζεται
512 4260 682 4331 πηγή.
712 4277 731 4312 ι
758 4261 867 4314 Καὶ
888 4260 1029 4329 μετά
1040 4276 1165 4314 τινα
1182 4258 1484 4313 συστατικά
1499 4258 1666 4313 τῶνδε
1690 4274 1704 4289 ·
1732 4276 1751 4310 ι
1771 4258 1920 4312 Ταυ-

329 4354 426 4408 τόν
479 4354 596 4407 ἐστι
646 4353 796 4424 πηγὴ
842 4353 1119 4424 θεότητος,
1165 4351 1359 4424 ὥσπερ
1413 4355 1462 4406 εί
1516 4352 1733 4416 ἐλέγετο
1767 4351 1919 4424 πηγὴ

331 4447 467 4501 Υἱοῦ
523 4449 619 4500 καὶ
670 4446 1009 4517 Πνεύματος.
1067 4446 1179 4501 Καὶ
1226 4445 1397 4500 ταυτὸ
1440 4445 1603 4499 πάλιν
1651 4445 1733 4513 τὸ,
1766 4445 1921 4516 πηγὴ

331 4539 467 4594 Υἱοῦ
500 4542 593 4593 καὶ
616 4537 1163 4609 Πνεύματος,ὧσπερ
1184 4537 1238 4590 εί
1259 4553 1344 4600 τις
1374 4536 1543 4605 λέγει,
1572 4536 1760 4608 Πατὴρ
1794 4537 1831 4590 Υ
1836 4535 1919 4591 ίοῦ

333 4636 429 4689 καὶ
463 4632 765 4705 προδολεὺς
791 4630 1130 4699 Πνεύματος.
1165 4650 1185 4683 ι
1207 4631 1395 4685 Ταῦτα
1416 4632 1512 4684 καὶ
1541 4630 1709 4684 λοιπά
1738 4630 1919 4684 τοῖσδε

2014 3424 2351 3499 postasibus.
2383 3436 2437 3482 et
2473 3444 2541 3482 ex
2582 3428 2649 3483 iis
2692 3443 2828 3497 quas
2884 3428 3185 3491 discernat,
3245 3442 3308 3482 ac
3342 3436 3597 3496 separet;

2014 3529 2071 3574 et
2098 3519 2303 3574 fontem
2338 3518 2577 3589 Spiritus
2608 3518 2824 3573 Patrem
2853 3520 3007 3589 (esse,
3053 3528 3110 3574 et
3150 3518 3357 3574 fontem
3403 3518 3599 3572 iisdem

2016 3611 2153 3681 ipsis
2176 3611 2510 3667 dictionibus
2541 3621 2733 3682 aperte
2767 3608 2965 3667 Filium
3019 3611 3261 3683 Spiritus
3306 3611 3596 3666 insinuari.

2015 3703 2083 3758 Et
2119 3704 2234 3759 haec
2261 3704 2483 3775 quidem
2507 3704 2663 3760 hisce
2693 3705 3049 3775 colliguntur.

2084 3797 2176 3852 21.
2208 3798 2279 3851 At
2303 3797 2468 3867 hujus
2501 3797 2569 3853 de
2610 3812 2721 3867 quo
2768 3799 2929 3853 nobis
2959 3813 3143 3852 sermo
3171 3806 3256 3852 est
3277 3839 3291 3861 ,
3348 3811 3603 3867 pronun-

2016 3888 2146 3944 tiata
2169 3887 2468 3943 indubitata
2499 3906 2513 3943 :
2547 3909 2566 3941 ι
2603 3885 2764 3944 Pater
2796 3905 2901 3959 qua
2926 3898 3149 3961 generat
3192 3889 3410 3952 Filium,
3442 3887 3604 3943 Pater

2019 3992 2388 4051 nuncupatur,
2452 3998 2560 4054 qua
2608 3998 2741 4038 vero
2780 3982 3042 4051 Spiritum
3104 3983 3399 4053 procedere
3452 3982 3604 4044 facit,

2016 4091 2129 4131 non
2161 4074 2401 4146 amplius
2444 4076 2628 4143 Pater,
2662 4073 2757 4132 sed
2793 4078 3090 4146 productor
3143 4075 3467 4147 appellatur.
3512 4074 3609 4130 Est

2017 4169 2184 4240 igitur
2212 4168 2372 4223 Pater
2408 4177 2465 4223 et
2506 4166 2670 4223 Pater
2696 4178 2751 4223 et
2804 4170 3119 4239 productor,
3169 4183 3280 4223 uno
3328 4182 3456 4224 vero
3503 4182 3606 4221 no-

2020 4248 2169 4317 mine
2200 4260 2345 4331 quod
2384 4261 2501 4315 lucc
2534 4260 2660 4336 duo‘
2675 4261 2932 4331 colligat.l
2957 4260 3262 4331 appellatur
3297 4260 3440 4316 i’ons.
3485 4278 3505 4312 ›
3540 4259 3625 4313 Et‘

2020 4361 2143 4423 post
2171 4352 2466 4406 nonnullas
2518 4351 2713 4405 horum
2752 4353 3106 4422 probatidnes
3143 4352 3393 4407 additas:
3431 4370 3450 4403 ι
3490 4350 3608 4404 Erit

2020 4444 2144 4501 fons
2182 4444 2506 4511 divinitatis,
2552 4462 2705 4516 atque
2752 4462 2816 4501 ac
2858 4448 2903 4500 si
2939 4444 3144 4501 dixeris
3204 4445 3326 4500 fons
3381 4444 3505 4500 Filii
3553 4454 3629 4499 et.

2024 4539 2285 4610 Spiritus.
2320 4548 2375 4594 et
2404 4554 2596 4596 rursus
2627 4539 2752 4595 fons
2796 4539 2916 4594 Filii
2944 4544 2999 4594 et
3040 4538 3300 4609 Spiritus,
3349 4554 3502 4608 aeque
3543 4551 3609 4591 ac

2023 4632 2069 4687 si
2106 4632 2309 4686 dixeris
2338 4629 2498 4686 Pater
2536 4631 2656 4686 Filii
2694 4638 2750 4685 et
2780 4633 3076 4701 productor
3108 4622 3376 4699 Spiritus.
3417 4649 3436 4683 ι
3479 4626 3607 4682 liam

333 4726 696 4797 παραπλήσια
746 4724 961 4795 τρανῶς
1010 4724 1422 4793 ἀνωμολόγησε,
1469 4724 1564 4778 καὶ
1606 4722 1701 4776 τοῦ
1732 4724 1913 4795 πηγὴν

2019 4724 2236 4794 aliaque
2276 4722 2362 4778 his
2394 4738 2504 4778 non
2536 4723 2809 4779 absimilia
2834 4723 3142 4779 clarissime
3166 4722 3347 4777 fassus
3380 4731 3484 4787 est,
3518 4721 3617 4775 ille

332 4817 473 4873 εἷναι
501 4817 711 4871 καὶτὸν
744 4816 874 4870 Υίδν
914 4816 1121 4887 μηδένα
1155 4816 1422 4888 μηδαμῶς
1460 4814 1688 4887 θέμενος
1734 4815 1913 4884 λόγον,

258 4960 261 4963 ,
334 4916 399 4967 ὲκ
420 4912 519 4981 τῆς
545 4909 759 4964 τοιᾶσδε
782 4909 925 4963 κατά
944 4909 1183 4962 διάνοιαν
1205 4909 1550 4979 βεόαιώσεως
1574 4907 1677 4980 τῆς
1706 4907 1912 4980 πηγῆς,

334 5008 429 5059 καὶ
460 5004 556 5057 τοῦ
594 5005 772 5074 μόνως
803 5002 976 5073 αὐτὴν
1008 5001 1084 5073 τῷ
1109 5003 1285 5073 “arpi.
1326 5002 1672 5074 θεωρεῖσθαι,
1703 5018 1917 5073 συμπε-

336 5097 512 5170 ραίνει
539 5096 623 5159 τὸ,
644 5097 818 5159 Μόνος
849 5094 1152 5165 προσολεὺς
1173 5097 1202 5149 6
1232 5094 1438 5166 Πατὴρ,
1459 5098 1555 5149 καὶ
1571 5096 1656 5162 τδ,
1695 5096 1791 5149 Ἐκ
1823 5094 1921 5165 μό-

334 5210 426 5245 νου
475 5190 570 5244 τοῦ
596 5190 806 5261 Πατρδς
833 5190 1212 5261 ἐκπορεύεται.
1239 5189 1335 5252 Τίς
1363 5186 1457 5244 οὖν
1479 5187 1739 5260 ἀλήθειαν
1761 5188 1919 5253 εἰδὼς

340 5283 544 5350 σέδειν,
570 5281 631 5348 ἐξ
658 5276 734 5339 ὧν
755 5277 912 5347 οὗτος
940 5281 1264 5353 ἀνομολογεῖ
1289 5284 1419 5353 περὶ
1443 5282 1546 5351 τῆς
1572 5282 1792 5353 λήψεως
1816 5281 1917 5351 τῆς

339 5379 523 5450 πηγῆς
585 5376 1078 5448 ἀποδεδειγμένως,
1136 5377 1196 5444 ἐξ
1244 5370 1321 5430 ὧν
1359 5393 1417 5429 τε
1458 5376 1492 5446 ἡ
1546 5374 1669 5429 θεία
1722 5375 1916 5447 Γραφὴ

336 5471 543 5541 ταύτην
573 5470 649 5533 ὡς
673 5468 752 5542 τῷ
782 5468 958 5542 Πατρὶ
989 5471 1084 5524 καὶ
1121 5467 1199 5541 τῷ
1224 5468 1338 5539 Υίῷ
1369 5470 1654 5540 προσεῖναι
1683 5470 1921 5539 μεγαλοο

339 5563 534 5631 φὼνως
557 5563 923 5633 μαρτύρεται,
945 5562 1066 5632 ούχὶ
1099 5560 1243 5632 μέγα
1272 5561 1457 5633 βοήσει
1488 5561 1632 5615 κατά
1661 5561 1723 5614 τὸ
1746 5563 1924 5632 πάντη

338 5654 628 5726 πρόδηλον,
659 5654 695 5710 ἃ
724 5655 974 5725 συνάγων
1008 5656 1142 5726 φησι
1162 5655 1551 5725 καταφατικῶς
1577 5654 1673 5708 τοῦ
1711 5652 1925 5724 [ἰατρὸς

338 5744 497 5812 εἶναι,
526 5746 698 5801 ταῦτα
724 5751 822 5801 καὶ
859 5747 955 5802 τοῦ
984 5746 1116 5802 Υἱοῦ
1152 5747 1275 5802 κατ’
1306 5748 1470 5803 αὐτὸν
1499 5748 1590 5801 ἐπὶ
1626 5746 1719 5801 τοῦ
1755 5747 1926 5800 Πνεύ-

343 5857 514 5912 ματος
539 5841 663 5896 κατ’
694 5839 942 5909 ἀνάγκην
989 5841 1277 5913 ὑπάρχειν,
1308 5841 1369 5894 τὸ
1404 5838 1621 5912 βέϐαιον
1646 5839 1793 5912 ἔχειν
1824 5839 1919 5894 καὶ

406 6004 459 6063 ὐ
491 6028 509 6083 l
537 6027 697 6084 Joan
732 6044 785 6090 ν.
814 6030 886 6083 ευ
989 6028 1031 6060 ιο
1058 6029 1188 6083 una.
1226 6029 1316 6085 ει.

2023 4832 2177 4881 vero,
2223 4815 2418 4871 Filium
2469 4830 2688 4887 quoque
2744 4816 2951 4870 fontem
2989 4831 3136 4880 esse,
3194 4830 3318 4870 cum
3381 4822 3627 4886 prorsus.

2024 4927 2134 4966 non
2164 4910 2505 4975 attendisset,
2553 4924 2619 4964 ex
2674 4909 2774 4964 hac
2821 4907 2991 4963 fontis
3039 4906 3342 4962 secundum
3392 4916 3633 4962 seuten~

2030 5004 2156 5058 tiam
2183 5002 2619 5065 confirmatione,
2651 5012 2708 5057 et
2730 5017 2798 5057 ex
2829 5017 2895 5056 eo
2923 5000 3069 5072 quod
3130 5000 3223 5056 ille
3267 4998 3631 5055 solummodm

2026 5097 2093 5153 de
2124 5096 2285 5152 Patre
2323 5078 2680 5167 intelligatur,
2706 5094 2989 5151 concludit
3017 5095 3193 5150 solum
3224 5093 3627 5162 produc-torem

2025 5206 2149 5247 esse
2179 5190 2416 5254 Patrem,
2441 5198 2501 5246 et
2524 5205 2590 5246 ex
2613 5189 2731 5245 solo
2762 5187 2923 5245 Patre
2962 5190 3283 5259 procedere.
3327 5187 3461 5254 Quis
3511 5187 3629 5257 igio

2028 5275 2137 5351 tur,
2169 5281 2471 5339 dummodo
2500 5283 2755 5353 pietatem
2781 5283 2945 5344 colat,
2980 5297 3047 5336 ex
3077 5280 3283 5351 quibus
3325 5278 3444 5350 ipse
3475 5279 3617 5334 fate-

2027 5386 2117 5432 tur
2145 5377 2220 5433 de
2245 5375 2556 5447 signiﬁcatu
2612 5374 2781 5431 fontis
2816 5374 2929 5446 iam
2998 5373 3413 5438 demonstratis,
3463 5380 3519 5428 et
3552 5389 3629 5427 ιιι-

2037 5469 2241 5540 quibus
2269 5467 2453 5524 divina
2481 5467 2787 5539 Scriptura,
2826 5481 2948 5537 qua:
2970 5466 3119 5521 hunc
3159 5466 3235 5522 uti
3277 5464 3426 5520 Patri
3460 5466 3534 5519 ita
3564 5471 3635 5517 et-

2037 5561 2174 5618 Filio
2204 5562 2383 5617 inesse
2432 5560 2640 5632 ingenti
2690 5574 2823 5615 voce
2884 5567 3137 5623 testatur,
3196 5570 3303 5610 non
3362 5571 3631 5625 magnum

2034 5653 2289 5710 clamabit
2320 5651 2625 5707 clarissime
2673 5665 2797 5720 quae
2855 5649 2971 5720 ipse
3025 5647 3235 5719 colligit
3281 5646 3646 5714 aﬂirmatque‘

2031 5746 2211 5801 Patris
2239 5746 2459 5817 propria
2481 5759 2622 5810 esse,
2660 5742 2851 5799 eadem
2877 5752 2931 5798 et
2964 5741 3103 5797 Filio
3127 5739 3430 5796 secundum
3461 5754 3622 5793 eumn

2030 5844 2151 5895 dem
2185 5847 2438 5911 respectu
2474 5837 2712 5908 Spiritus
2759 5837 3079 5894 necessario
3100 5834 3307 5902 inesse,
3369 5834 3506 5889 adeo
3559 5843 3641 5888 uti
