3972 6636
356 409 492 477 ιτιγι

1345 415 1646 478 CONTRA
1690 413 2124 475 MANUELEM
2166 413 2648 474 CBETENSEM.

3479 407 3618 471 1378

350 524 791 596 θεολογούμενον,
829 527 968 583 κατὰ
1002 530 1098 592 τὰς
1131 531 1210 594 εἰς
1240 529 1370 584 αὐτὸ
1405 531 1562 584 τοῦτο
1589 531 1921 602 λαμϐανομέ·

2041 527 2106 582 ad
2141 528 2244 582 hoc
2275 527 2452 597 ipsum
2497 533 2852 582 assumuntur
2885 523 3195 594 perspicue.
3239 521 3629 578 Verumtamen

349 633 444 679 νας
466 619 705 686 σαφῶς·
733 619 794 672 τὸ
820 619 876 673 δέ
924 638 986 686 γε
1029 623 1454 690 προϐλητικὸν,
1513 624 1547 694 ἢ
1607 623 1669 676 τὸ
1719 624 1934 692 προϐο-

345 709 514 773 λεὺς,
545 708 578 777 ἢ
620 709 680 762 τδ
701 710 1172 778 προϐάλλεσθαι,
1196 714 1228 783 ἢ
1257 714 1310 767 τὶ
1333 715 1443 766 τῶν
1471 715 1634 786 ἑτέρᾳ
1675 704 1933 784 μετακλί-

349 816 431 852 cst
463 799 621 853 τοῦτο
643 801 944 872 δηλούντων
998 805 1249 876 οὐδαμῶς
1302 808 1664 877 ὁπουδήποτε.
1723 807 1934 861 Λύτίκα

345 891 528 943 τοίνυν
577 895 610 963 ἠ
674 893 784 946 τῶν
839 895 1106 964 θεολόγων
1152 897 1390 968 ἀκρότης
1436 898 1736 970 Γρηγόριος
1767 899 1930 971 ἐντῷ

346 977 488 1048 λόγῳ
521 981 598 1052 τῷ
633 985 712 1045 εἰς
751 983 842 1038 τὸν
880 987 1192 1041 κατάπλουν
1225 987 1336 1040 τῶν
1383 989 1694 1056 Αἰγυπτίων
1723 990 1887 1058 φησιν
1913 1009 1927 1024 ·

353 1091 369 1120 ι
405 1071 586 1124 Πάντα
611 1075 710 1127 ὅσα
737 1074 850 1146 ἔχει
886 1077 914 1132 6
945 1077 1130 1154 Πατῂρ
1171 1079 1264 1133 τοῦ
1299 1080 1429 1133 Υίοῦ
1461 1084 1578 1135 ἐστι
1630 1083 1772 1152 πλὴν
1833 1085 1932 1152 τῆς

345 1164 695 1234 ἀγεννησίας.
729 1168 915 1222 Πάντα
949 1169 1006 1223 δὲ
1046 1171 1145 1224 ὅσα
1195 1171 1290 1226 τοῦ
1325 1171 1456 1226 Υῑοῦ
1489 1175 1582 1227 καὶ
1610 1173 1703 1226 τοῦ
1759 1175 1926 1228 Πνεῦ-

350 1272 518 1324 ματος
553 1257 692 1328 πλὴν
719 1260 817 1323 τῆς
850 1261 1120 1329 υίὸτητος,
1165 1264 1258 1315 καὶ
1305 1263 1410 1316 τῶν
1439 1265 1536 1317 ὅσα
1579 1265 1706 1335 περὶ
1764 1263 1928 1318 αὐτοῦ

235 1371 250 1432 ’ἢ
348 1350 675 1416 σωματικῶς
707 1349 926 1419 λέγεται
962 1354 1050 1408 διὰ
1089 1357 1181 1408 τὸν
1210 1357 1341 1426 ἐμὸν
1373 1357 1658 1428 ἄνθρωπον
1695 1361 1789 1411 καὶ
1831 1357 1929 1428 τὴν

345 1441 484 1512 ἐμὴν
518 1444 810 1514 σωτηρίαν.
845 1463 862 1495 ι
920 1445 978 1498 ὐ
1037 1448 1197 1522 αὐτὸς
1241 1451 1300 1502 ὲν
1343 1450 1421 1520 τῷ
1476 1453 1554 1522 εἰς
1583 1451 1808 1521 Ἥρωνα
1837 1451 1929 1505 τὸν

344 1534 672 1604 φιλόσοφον·
733 1555 750 1588 ι
791 1534 956 1592 Ἰὃιον
1007 1539 1064 1592 δὲ
1103 1515 1336 1612 ’Πατρδς
1387 1515 1548 1612 μὲνὴ
1605 1515 1924 1615 ἀγεννησία,

345 1625 476 1678 Υίοῦ
499 1627 554 1679 δὲ
585 1629 616 1697 ή
647 1629 920 1700 γέννησις,
956 1631 1268 1700 Πνεύματος
1301 1633 1358 1688 δὲ
1403 1637 1436 1704 ἠ
1469 1635 1766 1706 ἔκπεμψις.
1807 1657 1826 1689 ι
1869 1637 1928 1690 ὐ

342 1719 504 1781 αὐτὸς
523 1721 582 1772 ὲν
608 1721 682 1790 τῷ
715 1725 840 1792 περὶ
897 1724 994 1792 τῆς
1038 1727 1096 1778 ἐν
1125 1725 1244 1788 ταῖς
1286 1727 1588 1793 διαλέξεσιν
1635 1731 1921 1796 εὐταξίας·

349 1833 366 1863 ι
403 1813 622 1885 Πνεῦμα
676 1816 739 1868 ἐκ
795 1817 932 1870 Θεοῦ
973 1817 1071 1890 τὴν
1129 1819 1362 1892 ὕπαρξιν
1391 1825 1532 1894 ἔχον,
1565 1826 1926 1896 παραχωροῦν

284 1963 296 1980 κ
343 1905 520 1976 lla-cpi.
574 1908 673 1978 μὲν
710 1911 1064 1982 ἀγεννησίας,
1097 1913 1208 1984 Υίῷ
1253 1915 1311 1968 δὲ
1336 1919 1640 1985 γεννήσεως
1681 1935 1696 1950 ·
1757 1925 1824 1972 τὰ
1881 1919 1928 1973 δ’

342 1998 480 2050 ἄλλα
532 2002 627 2053 acati.
667 2003 913 2071 συμφυὲς
969 2005 1064 2058 καὶ
1097 2005 1408 2078 σύνθρονον,
1459 2011 1553 2062 καὶ
1587 2009 1861 2080 ὁμόδοξον.
1904 2031 1922 2064 ι

355 2089 414 2143 '0
451 2093 614 2156 αὐτὸς
653 2096 710 2146 ἐν
741 2094 818 2164 τῷ
840 2111 967 2166 περι
991 2097 1084 2150 τοῦ
1107 2097 1420 2167 Πνεύματος
1443 2100 1586 2170 λόγῳ
1617 2119 1632 2134 ο
1665 2121 1684 2154 ι
1727 2102 1792 2156 Τί
1823 2104 1930 2174 γὰρ

343 2185 404 2234 ού
429 2178 655 2238 δύναται
683 2185 792 2238 τῶν
825 2187 1078 2255 μεγάλων
1107 2207 1123 2255 ;
1149 2190 1213 2243 Τί
1258 2192 1314 2244 δὲ
1337 2193 1398 2245 ού
1460 2195 1928 2264 προσαγορεύεται

342 2269 417 2328 ὧν
444 2275 596 2340 Θεὸς,
640 2276 780 2348 πλὴν
803 2281 1132 2350 ἀγεννησίας
1160 2285 1254 2337 καὶ
1275 2287 1617 2356 γεννήσεωςς
1643 2287 1790 2340 Ἔδει
1820 2290 1929 2358 γὰρ

343 2368 442 2432 τὰς
469 2370 735 2442 ἰδιότητας
765 2375 946 2442 μεῖναι
977 2377 1152 2447 Harp).
1183 2379 1277 2430 καὶ
1309 2379 1441 2444 Υίῴ,
1489 2379 1575 2432 ἵνα
1605 2379 1679 2450 μὴ
1799 2381 1928 2450 σύγ.

341 2480 496 2534 χυσις
521 2467 669 2538 παρὰ
691 2467 930 2540 θεότητι.
970 2469 1031 2524 Ὀ
1058 2469 1436 2542 χαριτώνυμος
1463 2475 1558 2526 καὶ
1588 2474 1795 2544 πλήρης
1829 2493 1928 2545 χα-

345 2557 508 2626 ρίτων
541 2561 569 2612 6
589 2561 951 2630 Δαμασκηνὸς
976 2563 1036 2616 ἐν
1059 2561 1138 2633 τῷ
1162 2564 1334 2634 ὀγδόῳ
1364 2565 1470 2617 τῶν
1495 2564 1820 2632 θεολογικὼν
1839 2559 1929 2621 κε-

342 2648 584 2716 φαλαίων
614 2653 742 2722 περὶ
771 2653 870 2716 τῆς
905 2654 1070 2721 ἁγίας
1119 2655 1348 2726 Τριάδος
1376 2657 1540 2726 φησιν
1573 2673 1588 2688 ’
1654 2677 1676 2710 ι
1702 2658 1829 2722 Υἱὸς
1870 2659 1925 2712 δὲ

343 2744 441 2796 καὶ
479 2747 770 2816 χαραλτὴρ
800 2749 898 2814 τῆς
922 2748 1193 2818 πατρικῆς
1222 2749 1574 2812 ὑποστάσεως
1609 2750 1696 2804 διὰ
1748 2751 1810 2805 τὸ
1839 2754 1928 2804 τὲ-

341 2837 506 2898 λείον,
544 2841 639 2892 καὶ
661 2841 1046 2906 ἐνυπὸστατον,
1079 2843 1170 2894 καὶ
1221 2844 1358 2895 κατὰ
1405 2832 1597 2896 παντί
1631 2844 1816 2914 ὅμοιον
1846 2845 1924 2916 τῷ

341 2933 517 3002 ﬂat-pi.
554 2929 693 2986 εἶναι
725 2934 864 3005 πλὴν
893 2935 991 3002 τῆς
1022 2935 1368 3005 ἀγεννησίας.
1403 2953 1422 2986 ι
1488 2937 1598 2990 Καὶ
1645 2936 1817 2992 πάλιν⁸
1865 2940 1923 2993 ἐν

337 3025 416 3094 τῷ
445 3025 591 3094 αὐτῷ
615 3028 892 3096 κεφαλαίῳ
924 3039 941 3057 ⁶
977 3044 997 3077 ι
1037 3027 1138 3079 Διὰ
1181 3029 1274 3081 τὴν
1315 3027 1530 3096 Πατέρα
1563 3027 1674 3098 ἔχει
1725 3031 1754 3082 ὁ
1798 3031 1921 3094 Υἱὸς

338 3117 432 3170 καὶ
471 3119 534 3170 τδ
562 3119 786 3188 Πνεῦμα
819 3121 994 3174 πάντα
1038 3118 1075 3173 ἃ
1127 3120 1265 3189 ἔχει,
1320 3121 1564 3176 τουτέστι
1588 3121 1676 3175 δ.ἀ
1708 3123 1768 3176 τὸ
1831 3124 1923 3179 τὸν

341 3211 562 3282 Πατέρα
599 3212 744 3283 ἐχειν
773 3213 932 3276 αὐτὰ,
962 3213 1100 3298 πλὴν
1125 3216 1222 3282 τῆς
1253 3215 1600 3284 ἁγεννησίας,
1647 3216 1748 3286 τῆς
1798 3233 1921 3286 γεν-
1947 3244 1990 3300 C

337 3305 574 3376 νήσεως,
608 3307 699 3360 καὶ
728 3307 826 3376 τῆς
845 3291 1246 3376 ἂκπορεύσεως.
1300 3307 1388 3358 Ἐν
1433 3307 1660 3372 ταύταις
1679 3311 1788 3380 γὰρ
1821 3311 1920 3380 μου

341 3413 462 3459 ναις
491 3397 611 3458 ταῖς
635 3397 1028 3459 ύποστατικαίς
1070 3399 1297 3467 ἰδιότησι
1349 3398 1696 3468 διαφέρουσιν
1759 3401 1921 3473 ἀλλή-

252 3531 260 3537 .
340 3487 524 3540 λωναί
547 3489 702 3555 ἆγιαι
717 3491 864 3556 τρεῖς
899 3489 1250 3555 ὑποστάσεις,
1268 3489 1368 3542 οὐκ
1387 3491 1656 3560 οὐσίᾳ,τῷ
1673 3490 1730 3544 δὲ
1751 3509 1924 3563 χαρασ

339 3578 680 3648 κτηριστικῷ
707 3581 807 3647 τῆς
845 3580 979 3642 ιδίας
1008 3580 1355 3644 ὑποστάσεως
1406 3583 1726 3653 ἀδιαιρέτως
1782 3584 1920 3640 διαι-

339 3669 624 3740 ρούμεναι.
658 3689 678 3724 ι
715 3670 776 3725 '0
799 3670 1081 3736 Θεσπέσιος
1113 3673 1374 3744 Κύριλλος
1407 3676 1464 3728 ἐν
1515 3693 1620 3728 τινι
1676 3677 1785 3729 τῶν
1833 3695 1926 3730 κε-

339 3765 586 3832 φαλαίων
607 3765 717 3820 τῶν
757 3767 1061 3837 Θησαυρῶν
1093 3782 1108 3798 ⁸
1163 3785 1180 3819 ι
1221 3767 1430 3839 Ὠσπερ
1452 3769 1634 3822 δίδωσι
1667 3770 1728 3822 τὸ
1755 3771 1922 3839 φυτὸν

338 3857 419 3927 τῷ
443 3857 503 3921 ἐξ
527 3857 694 3912 αὐτοῦ
716 3858 1038 3928 προελθόντι
1065 3859 1262 3931 καρπῷ
1285 3859 1383 3930 τὴν
1415 3861 1562 3928 αὐτῷ
1585 3864 1722 3916 κατὰ
1761 3864 1922 3934 φύσιν

339 3947 650 4018 προσοῦσαν
687 3948 950 4018 ποιότητα
979 3951 1188 4018 φορεῖν,
1214 3948 1385 4012 οὕτως
1415 3953 1444 4003 ὁ
1476 3951 1601 4015 Υἱὸς
1639 3952 1924 4022 εἰληφέναι

338 4040 490 4108 παρὰ
525 4038 740 4108 Πατρὸς
763 4038 832 4092 τὰ
876 4037 1026 4108 αὐτῷ
1055 4040 1324 4108 προσόντα
1348 4035 1570 4107 νοεῖται,
1612 4043 1794 4098 πάντα
1845 4045 1922 4098 ὢν

332 4134 436 4186 ὃσα
461 4134 554 4186 καὶ
576 4136 605 4186 6
641 4131 848 4204 Πατὴρ,
891 4131 1014 4202 δίχα
1045 4135 1210 4194 μόνα-υ
1240 4131 1333 4186 τοῦ
1365 4129 1504 4186 εἶναι
1541 4135 1751 4206 Πατήρ.
1781 4155 1800 4188 ι
1863 4139 1922 4190 Ὀ

335 4225 497 4288 αὐτὸς
534 4226 591 4276 ὲν
621 4222 699 4294 τῷ
753 4223 988 4295 δευτέρῳ
1011 4241 1118 4276 των
1153 4224 1286 4296 πρὸς
1331 4225 1589 4296 Ἑρμείαν
1617 4241 1632 4256 ο
1681 4245 1700 4278 ι
1728 4228 1924 4282 Συναῖ-

334 4317 448 4370 διον
477 4315 806 4384 πιστεύομεν
840 4315 930 4368 τὸν
964 4315 1092 4367 Υίδν
1115 4315 1193 4386 τῷ
1229 4317 1405 4385 Πατρὶ
1451 4318 1544 4370 καὶ
1589 4320 1697 4373 πᾶν
1744 4321 1920 4374 ὁτιοῦν

340 4410 628 4477 ἱσόμετρον
663 4407 877 4476 ἔχοντα,
905 4406 1028 4476 δίχα
1056 4407 1223 4476 μόνον
1260 4409 1351 4461 τοῦ
1377 4413 1580 4465 τεκεῖν.
1642 4414 1920 4484 Προσήκει

335 4501 446 4569 γὰρ
475 4500 541 4552 ἂν
570 4499 728 4552 τοῦτο
760 4501 906 4570 μόνῳ
940 4499 1016 4570 τῷ
1045 4499 1164 4570 Θεῷ
1191 4502 1284 4554 καὶ
1311 4501 1507 4574 Πατρί.
1543 4521 1563 4554 ι
1619 4506 1730 4558 Καὶ
1757 4506 1920 4559 πάλιν

334 4595 394 4644 ἐν
423 4590 501 4661 τῷ
555 4593 684 4662 περὶ
727 4593 955 4662 Τριάδος
1014 4593 1160 4664 λόγῳ
1194 4610 1207 4624 ο

335 4686 479 4738 κατὰ
513 4685 693 4738 πάντα
715 4685 814 4754 ῐσῳ
851 4684 930 4754 τῷ
971 4685 1148 4754 [Ιατρὶ
1180 4688 1266 4738 καὶ
1297 4687 1467 4756 ὁμοίῳ
1495 4689 1663 4758 χωρὶς
1692 4690 1787 4758 τῆς
1813 4705 1917 4742 πα-

333 4780 618 4848 τρότητος.
646 4795 666 4828 ι
693 4778 800 4830 Καὶ
817 4774 884 4830 αὖ
909 4778 966 4830 ὲν
985 4775 1188 4840 ἄλλοιςο
1219 4796 1237 4829 ι
1273 4779 1441 4830 Μενεί
1468 4779 1524 4832 δὲ
1547 4781 1573 4830 6
1604 4779 1728 4842 Υἱὸς
1747 4782 1914 4852 μηδε-

337 4873 425 4934 νὸς
465 4871 940 4941 ἀποστερούμενος
961 4870 1070 4923 τῶν
1107 4869 1336 4922 ἐνόντων
1359 4872 1437 4940 τῷ
1469 4873 1662 4942 Πατρὶ,
1698 4873 1801 4927 κᾶν
1837 4879 1913 4946 μὴ

333 4959 540 5017 νοεῖται
573 4965 784 5034 Πατήρ.
825 4980 845 5013 ι
911 4963 1024 5014 Καὶ
1084 4963 1246 5015 πάλιν
1299 4967 1357 5015 ὲν
1405 4964 1650 5034 ἑτέροις·
1711 4983 1731 5017 ι
1769 4967 1914 5020 Πάν-

333 5075 442 5111 των
501 5057 612 5108 τῶν
668 5053 912 5122 φυσικῶν
969 5051 1189 5120 ἀγαθῶν
1241 5053 1334 5105 τοῦ
1394 5055 1606 5124 Πατρὸς
1659 5065 1914 5121 κοινωνός

331 5157 482 5206 ἐστιν
507 5151 535 5203 6
567 5151 689 5213 Υἱὸς
725 5149 854 5202 ἄνευ
882 5147 1009 5200 τοῦτ
1037 5147 1223 5216 Πατὴρ
1244 5141 1405 5199 εἶναι.
1437 5166 1457 5198 ι
1504 5148 1613 5200 Καὶ
1677 5148 1912 5219 ἀλλαχοῦ

331 5246 496 5296 πάλιν
529 5255 544 5272 ο
577 5259 595 5291 ι
621 5240 753 5292 Θεὸν
785 5237 1035 5306 ἀληθινὸν
1071 5238 1135 5290 ἐκ
1161 5235 1296 5288 θεοῦ
1347 5235 1624 5306 ἀληθινοῦ,
1671 5240 1772 5290 οὐκ
1833 5239 1914 5301 είς

333 5334 548 5388 ὀθνείαν
574 5332 816 5386 τινὰκαὶ
873 5327 1104 5400 ἔκφυλον
1157 5332 1508 5398 ἐκπεφυκότα
1560 5330 1742 5399 φύσιν,
1793 5332 1912 5387 ἀλλ’

331 5427 459 5480 ὄντα
512 5426 670 5480 τοῦτο
726 5425 1021 5490 οὐσιωδὼς,
1075 5424 1211 5494 ὅπερ
1261 5423 1327 5476 ἂν
1354 5419 1493 5476 εἶναι
1561 5427 1732 5478 νοοῖτο
1764 5429 1912 5481 καὶὸ

333 5519 525 5592 Πατὴρ
553 5518 676 5590 δίχα.
707 5519 871 5586 μόνου
893 5515 987 5568 τοῦ
1027 5510 1168 5568 εἶναι
1198 5516 1408 5586 Πατήρ.
1446 5533 1465 5566 ι
1519 5513 1786 5587 Χρήσεων
1812 5519 1910 5588 μὲν

337 5609 426 5669 οὖν
447 5615 554 5666 τῶν
583 5611 909 5678 θεολογικῶν
930 5609 1374 5678 διασαφουμένων
1398 5607 1542 5660 οὕτω
1567 5611 1663 5670 τας
1704 5609 1908 5680 ἰδιότηο

331 5725 432 5772 τας
459 5707 568 5760 τῶν
597 5705 768 5777 τριῶν
797 5701 1150 5758 ὑποστάσεων
1172 5704 1269 5770 τῆς
1309 5703 1582 5773 θεότητος,
1614 5704 1708 5756 καὶ
1766 5707 1909 5774 ἅπερ

334 5803 539 5856 ἔνεστιν
563 5800 670 5872 ἰδίᾳ.
695 5801 772 5871 τῷ
802 5799 976 5870 Πατρὶ
988 5799 1263 5867 διαφορῶν
1283 5796 1391 5850 τῶν
1405 5798 1592 5866 μόνῳ,
1623 5800 1716 5852 καὶ
1739 5797 1904 5869 δίχα,

335 5895 431 5948 καὶ
481 5893 668 5963 πλὴν,
730 5893 824 5947 καὶ
876 5892 1077 5946 λοιπῶν
1129 5890 1616 5961 διεδκρινουμένων
1668 5889 1902 5962 εἰλικρι-

2037 621 2359 690 producendi
2405 617 2737 690 facultatem,
2779 618 2896 673 sive
2939 617 3242 688 productar,
3279 614 3396 668 sive
3432 615 3634 683 produ-

2037 729 2172 774 cere,
2207 713 2321 768 sive
2365 713 2632 782 quidquid
2661 711 2805 766 aliud
2839 710 2931 774 sit,
2963 709 3110 780 quod
3139 707 3244 762 alia
3273 705 3510 762 ﬂexione
3545 709 3632 761 in-

2037 807 2270 868 dicatur,
2315 806 2464 860 nullo
2492 821 2719 876 prorsus
2749 805 2930 860 modo.
2974 804 3116 859 Ante
3147 801 3284 857 alios
3313 816 3444 872 ergo
3481 801 3637 856 theo-

2038 898 2284 967 logorqu
2333 909 2519 958 vertex
2567 896 2884 968 Gregorius,
2935 897 3189 952 oratione
3232 899 3286 951 in
3338 897 3631 951 adventum

2034 988 2443 1064 Aigyptiorum,
2476 991 2554 1044 ait
2581 1007 2596 1042 :
2637 1010 2656 1042 ι
2693 990 3050 1060 Quaecunque
3080 989 3241 1044 Pater
3287 988 3472 1052 habet,
3505 987 3628 1042 Filii

2035 1093 2184 1146 sunt,
2210 1099 2374 1136 unam
2397 1088 2441 1138 si
2463 1083 2704 1154 excipias
2727 1083 3110 1155 ingenituratn.
3135 1081 3484 1152 Quaecunque
3509 1081 3632 1138 Filii

1981 1159 1984 1162 ’
2033 1183 2186 1238 ευυι,
2219 1174 2310 1228 illa
2350 1175 2540 1229 eadem
2576 1182 2632 1228 et
2658 1173 2920 1242 Spiritus,
2953 1188 3118 1228 unam
3155 1173 3200 1227 si
3233 1172 3472 1243 excipias
3499 1174 3632 1228 lilia-

2035 1266 2264 1332 tionem,
2322 1276 2378 1322 et
2423 1282 2766 1337 quacunque
2809 1267 2915 1322 alia
2961 1268 3030 1322 de
3065 1283 3133 1322 eo
3180 1256 3406 1338 propter
3445 1283 3629 1322 meum

2035 1359 2333 1425 hominem,
2359 1371 2412 1413 et
2434 1375 2610 1414 meam
2637 1359 2866 1414 salutem
2890 1372 3232 1414 asseruntur.
3265 1379 3284 1412 ι
3313 1360 3481 1425 idem,
3505 1377 3634 1413 ora-

2035 1447 2187 1502 tione
2217 1449 2268 1504 in
2301 1449 2572 1503 Heronem
2595 1447 2990 1518 Philosophum
3023 1467 3038 1503 :
3081 1468 3098 1500 ι
3136 1447 3428 1518 Pr0prium
3462 1463 3630 1519 porro

2033 1537 2213 1594 Patris
2245 1551 2330 1594 est
2371 1540 2697 1611 ingenitum,
2745 1539 2872 1595 Filii
2943 1555 3072 1595 vero
3115 1542 3420 1610 generatio,
3457 1541 3628 1610 Spiri-

2032 1640 2121 1686 tus
2160 1633 2404 1688 emissio.
2454 1651 2472 1685 ι
2527 1633 2696 1697 Idem,
2748 1634 2996 1688 oratione
3041 1633 3108 1688 de
3157 1633 3532 1688 moderatione
3572 1633 3627 1686 in

2030 1724 2499 1794 disputationibus
2543 1728 2811 1782 servanda
2844 1744 2858 1781 :
2893 1747 2911 1780 ι
2951 1725 3192 1798 Spiritus
3230 1744 3295 1782 ex
3326 1728 3439 1782 Deo
3484 1727 3629 1780 exsi-

2029 1819 2285 1873 stentiain
2315 1820 2544 1884 habens,
2567 1821 2878 1874 concedens
2901 1821 3047 1875 Patri
3073 1821 3462 1892 ingenituram,
3491 1819 3627 1874 Elin

2031 1911 2458 1979 generationem,
2510 1913 2676 1967 rebus
2717 1930 2850 1968 vero
2894 1912 2946 1966 in
2978 1913 3099 1968 aliis
3148 1922 3205 1968 et
3247 1913 3492 1982 ejusdem
3529 1927 3629 1966 na-

2013 2009 2247 2058 turae‘et
2271 2006 2518 2074 ejusdem
2543 2005 2829 2067 sessionis,
2862 2013 2918 2059 et
2944 2005 3188 2075 ejusdem
3214 2004 3493 2078 honoris.»
3530 2003 3626 2058 llic

2030 2093 2064 2161 i;
2091 2109 2168 2156 se,
2201 2098 2449 2151 oratione
2481 2099 2548 2152 de
2581 2095 2787 2168 Spiritu
2834 2115 2848 2151 :
2897 2115 2914 2148 ι
2973 2095 3115 2162 Quid
3155 2097 3301 2154 enim
3347 2113 3411 2150 ex
3460 2099 3627 2151 rebus

2032 2186 2344 2255 ingentibus
2374 2203 2484 2241 non
2525 2188 2745 2256 potest?
2777 2187 3062 2252 Quodnam
3117 2203 3244 2242 vero
3291 2203 3493 2242 nomen
3528 2187 3627 2242 Dei

2029 2281 2134 2334 silit
2171 2295 2284 2334 non
2333 2279 2592 2346 vindicat,
2624 2297 2790 2334 unam
2826 2281 2872 2335 si
2909 2281 3148 2350 excipias
3175 2282 3542 2354 ingenituram
3570 2293 3627 2338 et

2029 2373 2479 2442 generationem?
2505 2371 2902 2444 Relinquenda
2929 2375 3198 2443 siquidem
3220 2387 3373 2430 erant
3401 2375 3544 2432 Patri
3570 2386 3625 2430 et

2029 2463 2168 2520 Filio
2200 2468 2582 2536 proprietates,
2633 2484 2703 2522 ne
2737 2468 2992 2522 confusio
3036 2477 3360 2522 nasceretur
3392 2468 3445 2522 in
3493 2467 3621 2523 Dei-

2030 2566 2159 2612 tate.
2218 2576 2236 2610 ι
2295 2556 2585 2616 Gratiosus
2635 2560 2860 2614 nomine
2919 2559 3332 2630 gratiarutnque
3383 2564 3623 2615 relertus

2028 2648 2419 2716 Damasceuus,
2468 2662 2664 2707 octavo
2715 2651 3022 2723 tlieologico
3065 2651 3269 2721 capite,
3317 2652 3386 2706 de
3431 2665 3619 2708 sancta

2026 2742 2224 2798 Triade
2259 2744 2479 2814 inquit:
2513 2765 2530 2796 ι
2582 2743 2756 2800 Filius
2793 2761 2922 2800 vero
2952 2754 3007 2798 et
3046 2744 3332 2799 character
3381 2756 3621 2815 paternae

2027 2823 2336 2905 liypostasis
2368 2847 2592 2906 propter
2619 2837 2925 2907 perfertutn
2971 2837 3389 2906 subsistensque
3431 2837 3486 2891 in
3533 2854 3616 2899 se.

2022 2940 2077 2982 et
2103 2929 2248 2998 quod
2284 2929 2336 2983 in
2378 2929 2636 2984 omnibus
2683 2929 2878 2986 similis
2923 2928 3068 2984 Patri
3111 2939 3195 2983 est
3233 2945 3338 2984 una
3386 2941 3616 2999 excepta

2024 3019 2356 3088 ingenitura.
2397 3039 2417 3072 ι
2466 3022 2787 3090 Rursusque
2831 3019 3022 3075 eodem
3055 3019 3276 3088 capite:
3317 3038 3336 3072 ι
3381 3018 3485 3075 Per
3512 3020 3617 3076 Pa-

2018 3121 2164 3168 .tretn
2219 3115 2385 3169 habet
2440 3113 2612 3168 Filius
2664 3124 2718 3168 et
2757 3113 3000 3183 Spiritus
3045 3127 3386 3182 qua'cnnque
3431 3113 3615 3178 habet.

2025 3205 2128 3260 hoc
2162 3217 2268 3269 est,
2300 3207 2446 3276 quod
2480 3207 2640 3260 Pater
2668 3207 2758 3260 illa
2789 3206 2973 3272 habet,
3003 3215 3200 3274 praeter
3229 3206 3616 3276 ingenituram,

2023 3306 2078 3351 et
2100 3300 2532 3366 generationem,
2557 3308 2610 3352 et
2639 3298 3046 3368 proccssionem
3076 3298 3169 3364 ;.in
3198 3299 3282 3354 liis
3312 3302 3460 3354 enim
3482 3301 3616 3356 solis

2025 3387 2379 3458 bypostaticis
2439 3388 2869 3458 preprietatibus
2930 3390 3074 3443 inter
3133 3403 3192 3442 se
3254 3398 3459 3444 sancta:
3504 3401 3616 3446 tres

2024 3481 2346 3551 hypostases
2398 3481 2700 3543 diﬁc-runt,
2751 3497 2862 3534 non
2911 3481 3175 3544 essentia,
3227 3481 3324 3535 sed
3377 3498 3614 3554 propriae

2024 3573 2331 3643 lsypustasis
2374 3583 2501 3627 nota
2528 3571 2758 3627 indivise
2786 3571 2994 3626 divisae.
3032 3588 3052 3622 ι
3091 3568 3327 3627 Sanctus
3356 3571 3610 3643 Cyrillus,

2026 3664 2080 3716 in
2134 3678 2242 3718 uno
2299 3663 2705 3718 Thesaurowm
2759 3665 2939 3732 capite
2985 3680 2999 3717 :
3064 3683 3082 3714 ι
3135 3661 3610 3728 Quemadmodum

2024 3759 2206 3826 planta
2235 3757 2439 3813 fructui
2470 3774 2534 3812 ex
2558 3773 2616 3812 se
2643 3757 2988 3827 provenienti
3015 3757 3121 3812 sibi
3142 3757 3388 3812 innatam
3413 3772 3611 3816 natura

2023 3851 2344 3922 qualitatem
2373 3850 2725 3906 deferendam
2773 3849 3017 3912 exhibet,
3066 3849 3142 3903 ita
3185 3848 3360 3905 Filius
3405 3851 3614 3910 intelli-

2023 3947 2198 4018 gitur,
2235 3963 2358 4017 quae
2405 3946 2517 4001 sibi
2565 3946 2860 4007 inhaarent,
2902 3945 3201 4015 accepisse,
3245 3963 3370 4001 cum
3424 3950 3610 4012 omnia

2023 4042 2114 4104 sit,
2151 4055 2492 4111 quacunque
2523 4040 2702 4103 Pater,
2751 4039 2958 4109 absque
3003 4055 3070 4094 eo
3101 4041 3218 4096 solo
3260 4041 3406 4110 quod
3447 4041 3621 4097 Patri“

2022 4151 2134 4191 non
2179 4145 2282 4190 est.
2325 4153 2346 4187 ι
2375 4135 2540 4198 Idem,
2584 4134 2924 4188 secund‘o.ad
2957 4131 3274 4190 llermiam:
3306 4153 3325 4186 ι
3373 4136 3648 4210 (ὶοαειετη

2023 4244 2152 4281 num
2175 4227 2450 4282 credimus
2481 4225 2677 4279 Filium
2707 4223 2877 4290 Patri,
2908 4227 3200 4296 omniaque
3227 4227 3425 4296 aequali
3461 4243 3610 4282 men-

2021 4332 2150 4372 sura
2181 4317 2486 4386 possidere,
2523 4316 2730 4385 absque
2763 4332 2828 4371 eo
2874 4317 2991 4370 solo
3023 4317 3166 4386 quod
3199 4332 3310 4372 non
3355 4329 3602 4388 generat.

1980 4427 1988 4446 ο
2020 4409 2081 4463 Id
2113 4408 2384 4478 siquidem
2411 4407 2511 4462 soli
2549 4407 2657 4461 Deo
2690 4417 2743 4461 et
2779 4407 2922 4460 Patri
2957 4407 3234 4477 proprium
3267 4418 3370 4463 est.
3412 4427 3432 4462 ι
3465 4413 3608 4464 itur-

2021 4516 2249 4571 susque,
2302 4500 2550 4555 oratione
2593 4499 2662 4554 de
2695 4498 2896 4554 Triade
2926 4517 2940 4554 :
2969 4519 2988 4550 ι
3026 4499 3085 4553 In
3137 4498 3279 4555 Filio
3317 4501 3606 4571 unigenito

1265 4613 1283 4646 ι
1334 4595 1422 4647 Ἐν
1471 4595 1587 4666 Υίῷ
1636 4602 1916 4666 μονογενεῖ

2023 4593 2077 4646 in
2126 4590 2386 4646 omnibus
2421 4589 2617 4660 aequali
2657 4597 2713 4644 et
2756 4589 2921 4644 simili
2951 4606 3054 4644 una
3097 4601 3322 4660 excepta
3362 4595 3607 4663 paterni-

2017 4694 2148 4740 tate.
2181 4703 2201 4734 ι
2235 4684 2302 4737 Et
2329 4686 2381 4738 in
2407 4685 2561 4738 aliis:
2593 4703 2611 4734 ι
2640 4683 2879 4737 Manebit
2905 4691 3034 4738 Vero
3059 4683 3230 4739 Filius
3253 4701 3317 4740 ex
3343 4687 3452 4742 illis
3483 4705 3606 4758 qua:

2014 4775 2162 4832 Patri
2197 4777 2409 4842 insunt,
2443 4777 2592 4830 nullo
2621 4775 2911 4844 spoliatus,
2975 4775 3081 4830 etsi
3119 4790 3228 4829 non
3265 4776 3608 4847 intelligatur

2013 4851 2195 4924 Pater.
2237 4889 2254 4921 ι
2287 4870 2356 4925 Ει
2397 4885 2588 4923 rursus
2631 4869 2684 4921 in
2716 4867 2836 4923 aliis
2869 4883 2884 4922 :
2926 4889 2944 4920 ι
2970 4867 3224 4937 Omnium
3272 4873 3602 4929 naturalium

2015 4966 2283 5020 bonorum
2313 4961 2489 5018 Patris
2519 4962 2798 5035 particeps
2825 4973 2908 5018 est
2943 4961 3134 5018 Filius.
3171 4964 3306 5019 Illud
3337 4968 3514 5021 solum
3555 4968 3602 5020 si

2012 5057 2224 5121 demas,
2248 5057 2461 5111 Patrem
2483 5071 2626 5110 esse.
2661 5075 2679 5109 ι
2709 5055 2774 5109 Et
2799 5055 2927 5110 alibi
2958 5057 3088 5110 item
3119 5075 3134 5112 :
3166 5075 3188 5110 ι
3215 5057 3384 5112 Deum
3412 5075 3600 5114 verum

2015 5151 2084 5204 de
2113 5151 2225 5206 Deo
2270 5165 2420 5215 vero,
2455 5165 2564 5202 non
2598 5150 2652 5202 in
2687 5151 2931 5219 spuriam
2960 5152 3196 5220 aliquam
3227 5158 3282 5205 et
3316 5161 3601 5206 externam

2014 5255 2268 5297 naturam
2319 5243 2670 5308 productum,
2714 5242 2810 5296 sed
2855 5245 3212 5298 exsistentem
3247 5242 3300 5296 id
3330 5243 3475 5298 idem
3506 5259 3598 5300 es-

2014 5335 2338 5394 Seutialiter,
2385 5333 2530 5402 quod
2565 5333 2886 5403 intelligitur
2915 5348 3035 5388 esse
3065 5341 3120 5387 et
3165 5333 3346 5399 Pater,
3391 5335 3602 5404 absque

2012 5441 2079 5482 eo
2129 5428 2245 5480 solo
2291 5425 2439 5494 quod
2485 5425 2646 5481 Pater
2697 5441 2809 5479 non
2857 5435 2962 5480 est.
2999 5445 3019 5477 ι
3064 5426 3199 5480 Cum
3250 5429 3435 5498 itaque
3483 5429 3598 5486 haec

2014 5519 2321 5588 theologica
2347 5517 2657 5572 testimonia
2685 5519 2786 5572 hac
2808 5520 3022 5573 ratione
3057 5519 3218 5573 trium
3243 5520 3473 5576 Deitatis
3502 5523 3601 5594 hy-

2009 5620 2305 5682 postaseon
2329 5611 2688 5682 proprietates
2711 5611 3011 5678 declarent,
3037 5622 3226 5682 etquaa
3250 5614 3601 5684 peculiariter

2009 5703 2158 5760 Patri
2185 5705 2396 5766 insunt,
2429 5703 2789 5770 dilierentias,
2821 5703 2928 5760 illis
2947 5704 3068 5770 ιοιί,
3104 5695 3318 5776 printer,
3359 5715 3596 5777 excepto,

2012 5808 2066 5854 et
2099 5797 2220 5854 aliis
2249 5795 2595 5866 apertissime
2625 5795 2907 5864 deliniant,
2944 5797 3170 5852 minime
3209 5797 3326 5854 ﬁeri
3359 5809 3595 5870 poterat,

2009 5905 2122 5946 non
2168 5889 2398 5945 indicari
2449 5888 2506 5944 in
2551 5888 2826 5961 aliquibus
2868 5889 3063 5946 saltem
3121 5906 3152 5944 a
3197 5890 3397 5948 divinis
3440 5893 3594 5950 hisce
