  <div class='ocr_page' id='page_1' title='image "/cluster/home/n/w/nwhite01/storage/ocr_20150623/141/hvd.32044019208313/697.png"; bbox 0 0 4020 6574; ppageno 0'>
   <div class='ocr_carea' id='block_1_1' title="bbox 480 364 626 432">
    <p class='ocr_par' dir='ltr' id='par_1_1' title="bbox 480 364 626 432">
     <span class='ocr_line' id='line_1_1' title="bbox 480 364 626 432; baseline 0.007 -1"><span class='ocrx_word' id='word_1_1' title='bbox 480 364 626 432; x_wconf 83' lang='grc'>1379</span> 
     </span>
    </p>
   </div>
   <div class='ocr_carea' id='block_1_2' title="bbox 1709 372 2544 442">
    <p class='ocr_par' dir='ltr' id='par_1_2' title="bbox 1709 372 2544 442">
     <span class='ocr_line' id='line_1_2' title="bbox 1709 372 2544 442; baseline 0.005 -6"><span class='ocrx_word' id='word_1_2' title='bbox 1709 372 2041 438; x_wconf 81' lang='lat' dir='ltr'><strong>GEORGII</strong></span> <span class='ocrx_word' id='word_1_3' title='bbox 2081 376 2544 442; x_wconf 72' lang='lat' dir='ltr'><strong>METOCHI&#39;LE</strong></span> 
     </span>
    </p>
   </div>
   <div class='ocr_carea' id='block_1_3' title="bbox 3056 0 3495 115">
    <p class='ocr_par' dir='ltr' id='par_1_3' title="bbox 3056 0 3495 115">
     <span class='ocr_line' id='line_1_3' title="bbox 3056 0 3495 115; baseline 0.005 -114"><span class='ocrx_word' id='word_1_4' title='bbox 3099 8 3397 115; x_wconf 31' lang='lat' dir='ltr'><strong>KV“:</strong></span> <span class='ocrx_word' id='word_1_5' title='bbox 3466 19 3495 47; x_wconf 32' lang='grc' dir='ltr'><em>ί</em></span> 
     </span>
    </p>
   </div>
   <div class='ocr_carea' id='block_1_4' title="bbox 3178 108 3429 175">
    <p class='ocr_par' dir='ltr' id='par_1_4' title="bbox 3178 108 3429 175">
     <span class='ocr_line' id='line_1_4' title="bbox 3178 108 3429 175; baseline 0.024 -6"><span class='ocrx_word' id='word_1_6' title='bbox 3178 108 3291 175; x_wconf 35' lang='grc' dir='ltr'><strong>Χ,</strong></span> <span class='ocrx_word' id='word_1_7' title='bbox 3340 108 3429 175; x_wconf 69' lang='lat'><strong>7-</strong></span> 
     </span>
    </p>
   </div>
   <div class='ocr_carea' id='block_1_5' title="bbox 3625 385 3759 449">
    <p class='ocr_par' dir='ltr' id='par_1_5' title="bbox 3625 385 3759 449">
     <span class='ocr_line' id='line_1_5' title="bbox 3625 385 3759 449; baseline -0.007 0"><span class='ocrx_word' id='word_1_8' title='bbox 3625 385 3759 449; x_wconf 75' lang='lat'><strong>1380</strong></span> 
     </span>
    </p>
   </div>
   <div class='ocr_carea' id='block_1_6' title="bbox 469 452 2038 573">
    <p class='ocr_par' dir='ltr' id='par_1_6' title="bbox 469 452 2038 561">
     <span class='ocr_line' id='line_1_6' title="bbox 469 452 2038 561; baseline 0.006 -24"><span class='ocrx_word' id='word_1_9' title='bbox 469 482 818 555; x_wconf 85' lang='lat' dir='ltr'><strong>mystagogis,</strong></span> <span class='ocrx_word' id='word_1_10' title='bbox 855 484 901 540; x_wconf 91' lang='lat' dir='ltr'><strong>si</strong></span> <span class='ocrx_word' id='word_1_11' title='bbox 934 483 1244 557; x_wconf 85' lang='lat' dir='ltr'><strong>preprietas</strong></span> <span class='ocrx_word' id='word_1_12' title='bbox 1272 452 1469 552; x_wconf 65' lang='lat' dir='ltr'><strong>Patris,</strong></span> <span class='ocrx_word' id='word_1_13' title='bbox 1499 488 1664 546; x_wconf 86' lang='lat' dir='ltr'><strong>etiam</strong></span> <span class='ocrx_word' id='word_1_14' title='bbox 1689 489 1823 547; x_wconf 90' lang='lat' dir='ltr'><strong>illud</strong></span> <span class='ocrx_word' id='word_1_15' title='bbox 1862 494 2038 561; x_wconf 25' lang='lat' dir='ltr'><strong>produt</strong></span> 
     </span>
    </p>
   </div>
   <div class='ocr_carea' id='block_1_7' title="bbox 2141 452 3757 573">
    <p class='ocr_par' dir='ltr' id='par_1_7' title="bbox 2166 491 3757 573">
     <span class='ocr_line' id='line_1_7' title="bbox 2166 491 3757 573; baseline 0.006 -24"><span class='ocrx_word' id='word_1_16' title='bbox 2166 496 2294 561; x_wconf 86' lang='grc' dir='ltr'><strong>νῶς,</strong></span> <span class='ocrx_word' id='word_1_17' title='bbox 2327 496 2429 551; x_wconf 73' lang='grc' dir='ltr'><strong>οὐκ</strong></span> <span class='ocrx_word' id='word_1_18' title='bbox 2456 491 2525 569; x_wconf 81' lang='grc' dir='ltr'><strong>ἧν</strong></span> <span class='ocrx_word' id='word_1_19' title='bbox 2555 498 2938 571; x_wconf 77' lang='grc' dir='ltr'><strong>ὁπωσδήποτε,</strong></span> <span class='ocrx_word' id='word_1_20' title='bbox 2963 499 3039 573; x_wconf 76' lang='grc' dir='ltr'><strong>μὴ</strong></span> <span class='ocrx_word' id='word_1_21' title='bbox 3064 500 3478 573; x_wconf 71' lang='grc' dir='ltr'><strong>ὲνσημανθῆναί</strong></span> <span class='ocrx_word' id='word_1_22' title='bbox 3497 520 3603 558; x_wconf 81' lang='grc' dir='ltr'><strong>που</strong></span> <span class='ocrx_word' id='word_1_23' title='bbox 3630 505 3757 559; x_wconf 80' lang='grc' dir='ltr'><strong>τάσ-</strong></span> 
     </span>
    </p>
   </div>
   <div class='ocr_carea' id='block_1_8' title="bbox 468 578 1496 652">
    <p class='ocr_par' dir='ltr' id='par_1_8' title="bbox 468 578 1496 652">
     <span class='ocr_line' id='line_1_8' title="bbox 468 578 1496 652; baseline 0.006 -21"><span class='ocrx_word' id='word_1_24' title='bbox 468 593 585 631; x_wconf 78' lang='lat' dir='ltr'><strong>cere</strong></span> <span class='ocrx_word' id='word_1_25' title='bbox 614 578 692 633; x_wconf 98' lang='lat' dir='ltr'><strong>uti</strong></span> <span class='ocrx_word' id='word_1_26' title='bbox 717 586 770 633; x_wconf 91' lang='lat' dir='ltr'><strong>et</strong></span> <span class='ocrx_word' id='word_1_27' title='bbox 797 595 1049 649; x_wconf 78' lang='lat' dir='ltr'><strong>generare</strong></span> <span class='ocrx_word' id='word_1_28' title='bbox 1075 581 1496 652; x_wconf 86' lang='lat' dir='ltr'><strong>agnoscebatur.</strong></span> 
     </span>
    </p>
   </div>
   <div class='ocr_carea' id='block_1_9' title="bbox 535 856 2053 932">
    <p class='ocr_par' dir='ltr' id='par_1_9' title="bbox 535 856 2053 932">
     <span class='ocr_line' id='line_1_9' title="bbox 535 856 2053 932; baseline 0.003 -20"><span class='ocrx_word' id='word_1_29' title='bbox 535 856 628 913; x_wconf 65' lang='grc' dir='ltr'><strong>ΞΩ.</strong></span> <span class='ocrx_word' id='word_1_30' title='bbox 673 856 853 924; x_wconf 90' lang='lat' dir='ltr'><strong>Quare</strong></span> <span class='ocrx_word' id='word_1_31' title='bbox 894 872 1021 913; x_wconf 89' lang='lat' dir='ltr'><strong>cum</strong></span> <span class='ocrx_word' id='word_1_32' title='bbox 1070 857 1314 930; x_wconf 82' lang='lat' dir='ltr'><strong>undique</strong></span> <span class='ocrx_word' id='word_1_33' title='bbox 1357 872 1479 929; x_wconf 63' lang='lat' dir='ltr'><strong>qua</strong></span> <span class='ocrx_word' id='word_1_34' title='bbox 1529 860 1648 930; x_wconf 87' lang='lat' dir='ltr'><strong>ipse</strong></span> <span class='ocrx_word' id='word_1_35' title='bbox 1695 859 2053 932; x_wconf 81' lang='lat' dir='ltr'><strong>diviniloquis</strong></span> 
     </span>
    </p>
   </div>
   <div class='ocr_carea' id='block_1_10' title="bbox 467 949 2053 1023">
    <p class='ocr_par' dir='ltr' id='par_1_10' title="bbox 467 949 2053 1023">
     <span class='ocr_line' id='line_1_10' title="bbox 467 949 2053 1023; baseline 0.004 -20"><span class='ocrx_word' id='word_1_36' title='bbox 467 949 716 1006; x_wconf 84' lang='lat' dir='ltr'><strong>Patribns</strong></span> <span class='ocrx_word' id='word_1_37' title='bbox 743 950 1088 1007; x_wconf 87' lang='lat' dir='ltr'><strong>adversantia</strong></span> <span class='ocrx_word' id='word_1_38' title='bbox 1122 952 1388 1023; x_wconf 84' lang='lat' dir='ltr'><strong>loquitur,</strong></span> <span class='ocrx_word' id='word_1_39' title='bbox 1420 953 1653 1011; x_wconf 86' lang='lat' dir='ltr'><strong>refutata</strong></span> <span class='ocrx_word' id='word_1_40' title='bbox 1687 956 1817 1021; x_wconf 90' lang='lat' dir='ltr'><strong>sint,</strong></span> <span class='ocrx_word' id='word_1_41' title='bbox 1845 955 1916 1010; x_wconf 87' lang='lat' dir='ltr'><strong>ab</strong></span> <span class='ocrx_word' id='word_1_42' title='bbox 1960 971 2053 1010; x_wconf 89' lang='lat' dir='ltr'><strong>eo-</strong></span> 
     </span>
    </p>
   </div>
   <div class='ocr_carea' id='block_1_11' title="bbox 464 1040 2053 1112">
    <p class='ocr_par' dir='ltr' id='par_1_11' title="bbox 464 1040 2053 1112">
     <span class='ocr_line' id='line_1_11' title="bbox 464 1040 2053 1112; baseline 0.002 -17"><span class='ocrx_word' id='word_1_43' title='bbox 464 1043 589 1096; x_wconf 86' lang='lat' dir='ltr'><strong>dem</strong></span> <span class='ocrx_word' id='word_1_44' title='bbox 622 1040 1022 1109; x_wconf 88' lang='lat' dir='ltr'><strong>subsequenter</strong></span> <span class='ocrx_word' id='word_1_45' title='bbox 1056 1042 1288 1112; x_wconf 81' lang='lat' dir='ltr'><strong>digesta,</strong></span> <span class='ocrx_word' id='word_1_46' title='bbox 1327 1043 1407 1097; x_wconf 85' lang='lat' dir='ltr'><strong>uti</strong></span> <span class='ocrx_word' id='word_1_47' title='bbox 1428 1043 1695 1098; x_wconf 87' lang='lat' dir='ltr'><strong>declarari</strong></span> <span class='ocrx_word' id='word_1_48' title='bbox 1713 1044 1972 1110; x_wconf 86' lang='lat' dir='ltr'><strong>debeant,</strong></span> <span class='ocrx_word' id='word_1_49' title='bbox 1994 1052 2053 1098; x_wconf 86' lang='lat' dir='ltr'><strong>et</strong></span> 
     </span>
    </p>
   </div>
   <div class='ocr_carea' id='block_1_12' title="bbox 464 1132 2051 1205">
    <p class='ocr_par' dir='ltr' id='par_1_12' title="bbox 464 1132 2051 1205">
     <span class='ocr_line' id='line_1_12' title="bbox 464 1132 2051 1205; baseline 0.001 -17"><span class='ocrx_word' id='word_1_50' title='bbox 464 1150 530 1188; x_wconf 74' lang='lat' dir='ltr'><strong>ex</strong></span> <span class='ocrx_word' id='word_1_51' title='bbox 567 1133 767 1188; x_wconf 88' lang='lat' dir='ltr'><strong>tradita</strong></span> <span class='ocrx_word' id='word_1_52' title='bbox 794 1149 823 1186; x_wconf 88' lang='lat' dir='ltr'><strong>a</strong></span> <span class='ocrx_word' id='word_1_53' title='bbox 849 1133 964 1189; x_wconf 84' lang='lat' dir='ltr'><strong>Deo</strong></span> <span class='ocrx_word' id='word_1_54' title='bbox 996 1132 1276 1203; x_wconf 81' lang='lat' dir='ltr'><strong>Scriptura</strong></span> <span class='ocrx_word' id='word_1_55' title='bbox 1315 1135 1743 1190; x_wconf 86' lang='lat' dir='ltr'><strong>manifestantur</strong></span> <span class='ocrx_word' id='word_1_56' title='bbox 1763 1150 1863 1205; x_wconf 91' lang='lat' dir='ltr'><strong>pro</strong></span> <span class='ocrx_word' id='word_1_57' title='bbox 1896 1149 2051 1190; x_wconf 88' lang='lat' dir='ltr'><strong>more</strong></span> 
     </span>
    </p>
   </div>
   <div class='ocr_carea' id='block_1_13' title="bbox 464 1226 2052 1297">
    <p class='ocr_par' dir='ltr' id='par_1_13' title="bbox 464 1226 2052 1297">
     <span class='ocr_line' id='line_1_13' title="bbox 464 1226 2052 1297; baseline 0.001 -18"><span class='ocrx_word' id='word_1_58' title='bbox 464 1238 653 1280; x_wconf 86' lang='lat' dir='ltr'><strong>nostro</strong></span> <span class='ocrx_word' id='word_1_59' title='bbox 691 1226 941 1280; x_wconf 88' lang='lat' dir='ltr'><strong>volentes</strong></span> <span class='ocrx_word' id='word_1_60' title='bbox 978 1228 1239 1297; x_wconf 77' lang='lat' dir='ltr'><strong>perfecte,</strong></span> <span class='ocrx_word' id='word_1_61' title='bbox 1264 1235 1462 1297; x_wconf 73' lang='lat' dir='ltr'><strong>praeter</strong></span> <span class='ocrx_word' id='word_1_62' title='bbox 1484 1228 1801 1283; x_wconf 80' lang='lat' dir='ltr'><strong>earumdem</strong></span> <span class='ocrx_word' id='word_1_63' title='bbox 1821 1242 2052 1283; x_wconf 77' lang='lat' dir='ltr'><strong>examen</strong></span> 
     </span>
    </p>
   </div>
   <div class='ocr_carea' id='block_1_14' title="bbox 461 1318 2051 1390">
    <p class='ocr_par' dir='ltr' id='par_1_14' title="bbox 461 1318 2051 1390">
     <span class='ocr_line' id='line_1_14' title="bbox 461 1318 2051 1390; baseline 0 -17"><span class='ocrx_word' id='word_1_64' title='bbox 461 1318 552 1373; x_wconf 92' lang='lat' dir='ltr'><strong>illa</strong></span> <span class='ocrx_word' id='word_1_65' title='bbox 599 1319 790 1373; x_wconf 86' lang='lat' dir='ltr'><strong>eadem</strong></span> <span class='ocrx_word' id='word_1_66' title='bbox 837 1318 1119 1389; x_wconf 85' lang='lat' dir='ltr'><strong>quasijam</strong></span> <span class='ocrx_word' id='word_1_67' title='bbox 1166 1320 1414 1388; x_wconf 85' lang='lat' dir='ltr'><strong>apposita</strong></span> <span class='ocrx_word' id='word_1_68' title='bbox 1453 1319 1584 1382; x_wconf 90' lang='lat' dir='ltr'><strong>sint,</strong></span> <span class='ocrx_word' id='word_1_69' title='bbox 1618 1334 1742 1374; x_wconf 89' lang='lat' dir='ltr'><strong>cum</strong></span> <span class='ocrx_word' id='word_1_70' title='bbox 1774 1320 2051 1390; x_wconf 83' lang='lat' dir='ltr'><strong>prioribus</strong></span> 
     </span>
    </p>
   </div>
   <div class='ocr_carea' id='block_1_15' title="bbox 459 1400 2054 1483">
    <p class='ocr_par' dir='ltr' id='par_1_15' title="bbox 459 1400 2054 1483">
     <span class='ocr_line' id='line_1_15' title="bbox 459 1400 2054 1483; baseline -0.001 -16"><span class='ocrx_word' id='word_1_71' title='bbox 459 1400 841 1475; x_wconf 67' lang='lat' dir='ltr'><strong>committere,</strong></span> <span class='ocrx_word' id='word_1_72' title='bbox 873 1428 975 1467; x_wconf 91' lang='lat' dir='ltr'><strong>nec</strong></span> <span class='ocrx_word' id='word_1_73' title='bbox 1007 1413 1291 1483; x_wconf 86' lang='lat' dir='ltr'><strong>quidpiam</strong></span> <span class='ocrx_word' id='word_1_74' title='bbox 1327 1414 1468 1467; x_wconf 89' lang='lat' dir='ltr'><strong>ultra</strong></span> <span class='ocrx_word' id='word_1_75' title='bbox 1497 1413 1701 1468; x_wconf 80' lang='lat' dir='ltr'><strong>addere</strong></span> <span class='ocrx_word' id='word_1_76' title='bbox 1725 1427 1893 1483; x_wconf 87' lang='lat' dir='ltr'><strong>quam</strong></span> <span class='ocrx_word' id='word_1_77' title='bbox 1929 1427 2054 1482; x_wconf 68' lang='lat' dir='ltr'><strong>qua:</strong></span> 
     </span>
    </p>
   </div>
   <div class='ocr_carea' id='block_1_16' title="bbox 460 1502 2050 1573">
    <p class='ocr_par' dir='ltr' id='par_1_16' title="bbox 460 1502 2050 1573">
     <span class='ocr_line' id='line_1_16' title="bbox 460 1502 2050 1573; baseline -0.001 -15"><span class='ocrx_word' id='word_1_78' title='bbox 460 1504 514 1558; x_wconf 94' lang='lat' dir='ltr'><strong>in</strong></span> <span class='ocrx_word' id='word_1_79' title='bbox 549 1503 935 1572; x_wconf 77' lang='lat' dir='ltr'><strong>frequentibus</strong></span> <span class='ocrx_word' id='word_1_80' title='bbox 965 1502 1253 1572; x_wconf 87' lang='lat' dir='ltr'><strong>colloquiis</strong></span> <span class='ocrx_word' id='word_1_81' title='bbox 1302 1505 1448 1558; x_wconf 90' lang='lat' dir='ltr'><strong>dicta</strong></span> <span class='ocrx_word' id='word_1_82' title='bbox 1484 1503 1873 1573; x_wconf 87' lang='lat' dir='ltr'><strong>disputataque</strong></span> <span class='ocrx_word' id='word_1_83' title='bbox 1897 1511 2050 1565; x_wconf 90' lang='lat' dir='ltr'><strong>sunt,</strong></span> 
     </span>
    </p>
   </div>
   <div class='ocr_carea' id='block_1_17' title="bbox 460 1593 2053 1666">
    <p class='ocr_par' dir='ltr' id='par_1_17' title="bbox 460 1593 2053 1666">
     <span class='ocr_line' id='line_1_17' title="bbox 460 1593 2053 1666; baseline -0.001 -17"><span class='ocrx_word' id='word_1_84' title='bbox 460 1595 741 1664; x_wconf 67' lang='lat' dir='ltr'><strong>praeterire</strong></span> <span class='ocrx_word' id='word_1_85' title='bbox 766 1595 1076 1656; x_wconf 86' lang='lat' dir='ltr'><strong>statuimus.</strong></span> <span class='ocrx_word' id='word_1_86' title='bbox 1102 1610 1171 1649; x_wconf 91' lang='lat' dir='ltr'><strong>eo</strong></span> <span class='ocrx_word' id='word_1_87' title='bbox 1199 1593 1356 1664; x_wconf 87' lang='lat' dir='ltr'><strong>plane</strong></span> <span class='ocrx_word' id='word_1_88' title='bbox 1384 1594 1612 1649; x_wconf 87' lang='lat' dir='ltr'><strong>minime</strong></span> <span class='ocrx_word' id='word_1_89' title='bbox 1641 1595 1888 1666; x_wconf 84' lang='lat' dir='ltr'><strong>neglecto</strong></span> <span class='ocrx_word' id='word_1_90' title='bbox 1905 1594 2053 1663; x_wconf 91' lang='lat' dir='ltr'><strong>quod</strong></span> 
     </span>
    </p>
   </div>
   <div class='ocr_carea' id='block_1_18' title="bbox 458 1688 2055 1758">
    <p class='ocr_par' dir='ltr' id='par_1_18' title="bbox 458 1688 2055 1758">
     <span class='ocr_line' id='line_1_18' title="bbox 458 1688 2055 1758; baseline -0.001 -17"><span class='ocrx_word' id='word_1_91' title='bbox 458 1688 545 1753; x_wconf 75' lang='lat' dir='ltr'><strong>ille</strong></span> <span class='ocrx_word' id='word_1_92' title='bbox 581 1690 632 1741; x_wconf 91' lang='lat' dir='ltr'><strong>in</strong></span> <span class='ocrx_word' id='word_1_93' title='bbox 657 1688 972 1757; x_wconf 79' lang='lat' dir='ltr'><strong>exemplum</strong></span> <span class='ocrx_word' id='word_1_94' title='bbox 1001 1689 1253 1751; x_wconf 85' lang='lat' dir='ltr'><strong>assumit,</strong></span> <span class='ocrx_word' id='word_1_95' title='bbox 1277 1688 1418 1741; x_wconf 77' lang='lat' dir='ltr'><strong>solus</strong></span> <span class='ocrx_word' id='word_1_96' title='bbox 1450 1688 1502 1741; x_wconf 90' lang='lat' dir='ltr'><strong>in</strong></span> <span class='ocrx_word' id='word_1_97' title='bbox 1536 1688 1694 1742; x_wconf 82' lang='lat' dir='ltr'><strong>Patre</strong></span> <span class='ocrx_word' id='word_1_98' title='bbox 1725 1689 2055 1758; x_wconf 88' lang='lat' dir='ltr'><strong>productore</strong></span> 
     </span>
    </p>
   </div>
   <div class='ocr_carea' id='block_1_19' title="bbox 458 1780 2051 1852">
    <p class='ocr_par' dir='ltr' id='par_1_19' title="bbox 458 1780 2051 1852">
     <span class='ocr_line' id='line_1_19' title="bbox 458 1780 2051 1852; baseline -0.001 -17"><span class='ocrx_word' id='word_1_99' title='bbox 458 1784 841 1851; x_wconf 71' lang='lat' dir='ltr'><strong>CIJmpl‘tlbllllS,</strong></span> <span class='ocrx_word' id='word_1_100' title='bbox 873 1790 925 1836; x_wconf 86' lang='lat' dir='ltr'><strong>et</strong></span> <span class='ocrx_word' id='word_1_101' title='bbox 953 1782 1069 1836; x_wconf 72' lang='lat' dir='ltr'><strong>haec</strong></span> <span class='ocrx_word' id='word_1_102' title='bbox 1096 1781 1413 1845; x_wconf 83' lang='lat' dir='ltr'><strong>manifesto,</strong></span> <span class='ocrx_word' id='word_1_103' title='bbox 1437 1781 1639 1850; x_wconf 87' lang='lat' dir='ltr'><strong>quibus</strong></span> <span class='ocrx_word' id='word_1_104' title='bbox 1663 1780 1889 1852; x_wconf 78' lang='lat' dir='ltr'><strong>colligit,</strong></span> <span class='ocrx_word' id='word_1_105' title='bbox 1924 1794 2051 1849; x_wconf 86' lang='lat' dir='ltr'><strong>pro-</strong></span> 
     </span>
    </p>
   </div>
   <div class='ocr_carea' id='block_1_20' title="bbox 2153 588 3750 669">
    <p class='ocr_par' dir='ltr' id='par_1_20' title="bbox 2153 588 3750 669">
     <span class='ocr_line' id='line_1_20' title="bbox 2153 588 3750 669; baseline 0.006 -27"><span class='ocrx_word' id='word_1_106' title='bbox 2153 589 2210 642; x_wconf 81' lang='grc' dir='ltr'><strong>δε</strong></span> <span class='ocrx_word' id='word_1_107' title='bbox 2237 591 2353 653; x_wconf 78' lang='grc' dir='ltr'><strong>τοῖς</strong></span> <span class='ocrx_word' id='word_1_108' title='bbox 2385 588 2551 655; x_wconf 79' lang='grc' dir='ltr'>θείοις</span> <span class='ocrx_word' id='word_1_109' title='bbox 2580 595 2991 661; x_wconf 74' lang='grc' dir='ltr'><strong>μυπαγωγοίς,</strong></span> <span class='ocrx_word' id='word_1_110' title='bbox 3016 594 3074 647; x_wconf 82' lang='grc' dir='ltr'><strong>ετ</strong></span> <span class='ocrx_word' id='word_1_111' title='bbox 3101 593 3156 647; x_wconf 83' lang='grc' dir='ltr'><strong>τί</strong></span> <span class='ocrx_word' id='word_1_112' title='bbox 3188 610 3297 667; x_wconf 84' lang='grc' dir='ltr'><strong>περ</strong></span> <span class='ocrx_word' id='word_1_113' title='bbox 3320 594 3525 665; x_wconf 72' lang='grc' dir='ltr'><strong>ἰδιότης</strong></span> <span class='ocrx_word' id='word_1_114' title='bbox 3552 597 3750 669; x_wconf 75' lang='grc' dir='ltr'><strong>Πατρὶ.</strong></span> 
     </span>
    </p>
   </div>
   <div class='ocr_carea' id='block_1_21' title="bbox 2155 682 3753 758">
    <p class='ocr_par' dir='ltr' id='par_1_21' title="bbox 2155 682 3753 758">
     <span class='ocr_line' id='line_1_21' title="bbox 2155 682 3753 758; baseline 0.007 -25"><span class='ocrx_word' id='word_1_115' title='bbox 2155 682 2251 733; x_wconf 80' lang='grc' dir='ltr'><strong>καὶ</strong></span> <span class='ocrx_word' id='word_1_116' title='bbox 2300 682 2363 735; x_wconf 77' lang='grc' dir='ltr'><strong>τὸ</strong></span> <span class='ocrx_word' id='word_1_117' title='bbox 2420 685 2827 753; x_wconf 74' lang='grc' dir='ltr'><strong>προϐλητικὸν</strong></span> <span class='ocrx_word' id='word_1_118' title='bbox 2879 686 2956 750; x_wconf 86' lang='grc' dir='ltr'><strong>ὡς</strong></span> <span class='ocrx_word' id='word_1_119' title='bbox 3030 686 3091 741; x_wconf 85' lang='grc' dir='ltr'><strong>τὸ</strong></span> <span class='ocrx_word' id='word_1_120' title='bbox 3148 689 3509 757; x_wconf 73' lang='grc' dir='ltr'><strong>γεννητικὸν</strong></span> <span class='ocrx_word' id='word_1_121' title='bbox 3560 689 3753 758; x_wconf 77' lang='grc' dir='ltr'><strong>ἐγινώ-</strong></span> 
     </span>
    </p>
   </div>
   <div class='ocr_carea' id='block_1_22' title="bbox 2156 789 2340 830">
    <p class='ocr_par' dir='ltr' id='par_1_22' title="bbox 2156 789 2340 830">
     <span class='ocr_line' id='line_1_22' title="bbox 2156 789 2340 830; baseline 0.011 -2"><span class='ocrx_word' id='word_1_122' title='bbox 2156 789 2340 830; x_wconf 78' lang='grc' dir='ltr'><strong>σκετο.</strong></span> 
     </span>
    </p>
   </div>
   <div class='ocr_carea' id='block_1_23' title="bbox 2228 866 3752 949">
    <p class='ocr_par' dir='ltr' id='par_1_23' title="bbox 2228 866 3752 949">
     <span class='ocr_line' id='line_1_23' title="bbox 2228 866 3752 949; baseline 0.006 -29"><span class='ocrx_word' id='word_1_123' title='bbox 2228 866 2336 937; x_wconf 66' lang='grc' dir='ltr'><strong>κβθ.</strong></span> <span class='ocrx_word' id='word_1_124' title='bbox 2364 867 2580 925; x_wconf 84' lang='grc' dir='ltr'><strong>Οὐκοῦν</strong></span> <span class='ocrx_word' id='word_1_125' title='bbox 2636 869 2749 925; x_wconf 87' lang='grc' dir='ltr'><strong>τῶν</strong></span> <span class='ocrx_word' id='word_1_126' title='bbox 2796 871 2894 926; x_wconf 89' lang='grc' dir='ltr'><strong>τοῦ</strong></span> <span class='ocrx_word' id='word_1_127' title='bbox 2958 872 3291 937; x_wconf 78' lang='grc' dir='ltr'><strong>άπεναντίας</strong></span> <span class='ocrx_word' id='word_1_128' title='bbox 3335 875 3458 938; x_wconf 77' lang='grc' dir='ltr'><strong>τοῖς</strong></span> <span class='ocrx_word' id='word_1_129' title='bbox 3499 874 3752 949; x_wconf 74' lang='grc' dir='ltr'><strong>θεόφροσι</strong></span> 
     </span>
    </p>
   </div>
   <div class='ocr_carea' id='block_1_24' title="bbox 2156 959 3753 1038">
    <p class='ocr_par' dir='ltr' id='par_1_24' title="bbox 2156 959 3753 1038">
     <span class='ocr_line' id='line_1_24' title="bbox 2156 959 3753 1038; baseline 0.007 -26"><span class='ocrx_word' id='word_1_130' title='bbox 2156 959 2530 1032; x_wconf 74' lang='grc' dir='ltr'><strong>φθεγγομένου</strong></span> <span class='ocrx_word' id='word_1_131' title='bbox 2609 966 2952 1037; x_wconf 76' lang='grc' dir='ltr'><strong>πανταχόθεν</strong></span> <span class='ocrx_word' id='word_1_132' title='bbox 3016 965 3435 1038; x_wconf 65' lang='grc' dir='ltr'><strong>ἐληλεγμένων,</strong></span> <span class='ocrx_word' id='word_1_133' title='bbox 3495 967 3565 1021; x_wconf 79' lang='grc' dir='ltr'><strong>τὰ</strong></span> <span class='ocrx_word' id='word_1_134' title='bbox 3628 968 3753 1038; x_wconf 71' lang='grc' dir='ltr'><strong>ἑξῆς</strong></span> 
     </span>
    </p>
   </div>
   <div class='ocr_carea' id='block_1_25' title="bbox 2153 1051 3751 1129">
    <p class='ocr_par' dir='ltr' id='par_1_25' title="bbox 2153 1051 3751 1129">
     <span class='ocr_line' id='line_1_25' title="bbox 2153 1051 3751 1129; baseline 0.003 -24"><span class='ocrx_word' id='word_1_135' title='bbox 2153 1051 2345 1109; x_wconf 81' lang='grc' dir='ltr'><strong>τούτου</strong></span> <span class='ocrx_word' id='word_1_136' title='bbox 2373 1053 2485 1107; x_wconf 84' lang='grc' dir='ltr'><strong>τῶν</strong></span> <span class='ocrx_word' id='word_1_137' title='bbox 2507 1057 3032 1128; x_wconf 82' lang='grc' dir='ltr'><strong>καταστρωθέντων,</strong></span> <span class='ocrx_word' id='word_1_138' title='bbox 3089 1059 3185 1112; x_wconf 79' lang='grc' dir='ltr'><strong>καὶ</strong></span> <span class='ocrx_word' id='word_1_139' title='bbox 3249 1060 3561 1129; x_wconf 80' lang='grc' dir='ltr'><strong>φανέρωσιν</strong></span> <span class='ocrx_word' id='word_1_140' title='bbox 3605 1060 3751 1124; x_wconf 74' lang='grc' dir='ltr'><strong>ὅπως</strong></span> 
     </span>
    </p>
   </div>
   <div class='ocr_carea' id='block_1_26' title="bbox 2156 1144 3748 1225">
    <p class='ocr_par' dir='ltr' id='par_1_26' title="bbox 2156 1144 3748 1225">
     <span class='ocr_line' id='line_1_26' title="bbox 2156 1144 3748 1225; baseline 0.007 -27"><span class='ocrx_word' id='word_1_141' title='bbox 2156 1144 2350 1218; x_wconf 66' lang='grc' dir='ltr'><strong>ἔχοντα</strong></span> <span class='ocrx_word' id='word_1_142' title='bbox 2384 1150 2699 1221; x_wconf 80' lang='grc' dir='ltr'><strong>καθορᾶται</strong></span> <span class='ocrx_word' id='word_1_143' title='bbox 2740 1152 2878 1225; x_wconf 78' lang='grc' dir='ltr'><strong>πρὸς</strong></span> <span class='ocrx_word' id='word_1_144' title='bbox 2909 1151 2980 1205; x_wconf 82' lang='grc' dir='ltr'><strong>τὰ</strong></span> <span class='ocrx_word' id='word_1_145' title='bbox 3032 1153 3132 1224; x_wconf 77' lang='grc' dir='ltr'><strong>τῆς</strong></span> <span class='ocrx_word' id='word_1_146' title='bbox 3194 1152 3474 1208; x_wconf 77' lang='grc' dir='ltr'><strong>θεοσδότου</strong></span> <span class='ocrx_word' id='word_1_147' title='bbox 3529 1154 3748 1223; x_wconf 55' lang='grc' dir='ltr'><strong>Γραφῇ</strong></span> 
     </span>
    </p>
   </div>
   <div class='ocr_carea' id='block_1_27' title="bbox 2156 1240 3749 1312">
    <p class='ocr_par' dir='ltr' id='par_1_27' title="bbox 2156 1240 3749 1312">
     <span class='ocr_line' id='line_1_27' title="bbox 2156 1240 3749 1312; baseline 0.006 -21"><span class='ocrx_word' id='word_1_148' title='bbox 2156 1240 2477 1312; x_wconf 80' lang='grc' dir='ltr'><strong>εἰληφότων,</strong></span> <span class='ocrx_word' id='word_1_149' title='bbox 2532 1243 2677 1297; x_wconf 83' lang='grc' dir='ltr'><strong>κατὰ</strong></span> <span class='ocrx_word' id='word_1_150' title='bbox 2732 1244 2791 1297; x_wconf 81' lang='grc' dir='ltr'><strong>τὸ</strong></span> <span class='ocrx_word' id='word_1_151' title='bbox 2851 1244 3046 1309; x_wconf 80' lang='grc' dir='ltr'><strong>είωθδς</strong></span> <span class='ocrx_word' id='word_1_152' title='bbox 3117 1244 3370 1310; x_wconf 82' lang='grc' dir='ltr'><strong>θέλοντες</strong></span> <span class='ocrx_word' id='word_1_153' title='bbox 3442 1245 3749 1308; x_wconf 81' lang='grc' dir='ltr'><strong>ἀνελλιπῶς</strong></span> 
     </span>
    </p>
   </div>
   <div class='ocr_carea' id='block_1_28' title="bbox 2157 1335 3750 1410">
    <p class='ocr_par' dir='ltr' id='par_1_28' title="bbox 2157 1335 3750 1410">
     <span class='ocr_line' id='line_1_28' title="bbox 2157 1335 3750 1410; baseline 0.003 -24"><span class='ocrx_word' id='word_1_154' title='bbox 2157 1335 2297 1403; x_wconf 80' lang='grc' dir='ltr'><strong>πρὸς</strong></span> <span class='ocrx_word' id='word_1_155' title='bbox 2353 1352 2413 1388; x_wconf 91' lang='grc' dir='ltr'><strong>το</strong></span> <span class='ocrx_word' id='word_1_156' title='bbox 2462 1335 2711 1404; x_wconf 66' lang='grc' dir='ltr'><strong>ἐξετάσαι</strong></span> <span class='ocrx_word' id='word_1_157' title='bbox 2776 1339 2890 1400; x_wconf 79' lang='grc' dir='ltr'><strong>τοῖς</strong></span> <span class='ocrx_word' id='word_1_158' title='bbox 2941 1340 3231 1410; x_wconf 67' lang='grc' dir='ltr'><strong>προτέροις</strong></span> <span class='ocrx_word' id='word_1_159' title='bbox 3292 1339 3626 1408; x_wconf 69' lang='grc' dir='ltr'><strong>ἐπισυνάψαι</strong></span> <span class='ocrx_word' id='word_1_160' title='bbox 3681 1341 3750 1392; x_wconf 73' lang='grc' dir='ltr'><strong>τὰ</strong></span> 
     </span>
    </p>
   </div>
   <div class='ocr_carea' id='block_1_29' title="bbox 2154 1426 3746 1509">
    <p class='ocr_par' dir='ltr' id='par_1_29' title="bbox 2154 1426 3746 1509">
     <span class='ocr_line' id='line_1_29' title="bbox 2154 1426 3746 1509; baseline 0.004 -30"><span class='ocrx_word' id='word_1_161' title='bbox 2154 1426 2298 1481; x_wconf 81' lang='grc' dir='ltr'><strong>αὐτὰ</strong></span> <span class='ocrx_word' id='word_1_162' title='bbox 2347 1427 2423 1490; x_wconf 83' lang='grc' dir='ltr'><strong>ὡς</strong></span> <span class='ocrx_word' id='word_1_163' title='bbox 2467 1428 2620 1492; x_wconf 75' lang='grc' dir='ltr'><strong>ὄντα,</strong></span> <span class='ocrx_word' id='word_1_164' title='bbox 2673 1428 2770 1482; x_wconf 80' lang='grc' dir='ltr'><strong>καὶ</strong></span> <span class='ocrx_word' id='word_1_165' title='bbox 2815 1429 2982 1509; x_wconf 60' lang='grc' dir='ltr'><strong>μηδξν</strong></span> <span class='ocrx_word' id='word_1_166' title='bbox 3010 1430 3171 1484; x_wconf 75' lang='grc' dir='ltr'><strong>πλέον</strong></span> <span class='ocrx_word' id='word_1_167' title='bbox 3203 1431 3238 1500; x_wconf 75' lang='grc' dir='ltr'><strong>ἢ</strong></span> <span class='ocrx_word' id='word_1_168' title='bbox 3283 1429 3320 1484; x_wconf 82' lang='grc' dir='ltr'>ἃ</span> <span class='ocrx_word' id='word_1_169' title='bbox 3353 1429 3598 1499; x_wconf 81' lang='grc' dir='ltr'><strong>πολλαχῆ</strong></span> <span class='ocrx_word' id='word_1_170' title='bbox 3655 1448 3746 1485; x_wconf 86' lang='grc' dir='ltr'><strong>συ-</strong></span> 
     </span>
    </p>
   </div>
   <div class='ocr_carea' id='block_1_30' title="bbox 2156 1521 3747 1596">
    <p class='ocr_par' dir='ltr' id='par_1_30' title="bbox 2156 1521 3747 1596">
     <span class='ocr_line' id='line_1_30' title="bbox 2156 1521 3747 1596; baseline 0.003 -24"><span class='ocrx_word' id='word_1_171' title='bbox 2156 1523 2309 1591; x_wconf 79' lang='grc' dir='ltr'><strong>χναῖς</strong></span> <span class='ocrx_word' id='word_1_172' title='bbox 2353 1521 2658 1586; x_wconf 84' lang='grc' dir='ltr'><strong>διαλαλιαῖς</strong></span> <span class='ocrx_word' id='word_1_173' title='bbox 2712 1523 2936 1595; x_wconf 71' lang='grc' dir='ltr'><strong>ἐρρέθη,</strong></span> <span class='ocrx_word' id='word_1_174' title='bbox 2982 1525 3079 1579; x_wconf 78' lang='grc' dir='ltr'><strong>καὶ</strong></span> <span class='ocrx_word' id='word_1_175' title='bbox 3119 1524 3402 1596; x_wconf 78' lang='grc' dir='ltr'><strong>διηλέχθη,</strong></span> <span class='ocrx_word' id='word_1_176' title='bbox 3448 1526 3747 1595; x_wconf 75' lang='grc' dir='ltr'><strong>διέγνωμεν</strong></span> 
     </span>
    </p>
   </div>
   <div class='ocr_carea' id='block_1_31' title="bbox 2158 1615 3750 1689">
    <p class='ocr_par' dir='ltr' id='par_1_31' title="bbox 2158 1615 3750 1689">
     <span class='ocr_line' id='line_1_31' title="bbox 2158 1615 3750 1689; baseline 0.004 -23"><span class='ocrx_word' id='word_1_177' title='bbox 2158 1615 2468 1684; x_wconf 73' lang='grc' dir='ltr'><strong>παρελθεῖν,</strong></span> <span class='ocrx_word' id='word_1_178' title='bbox 2490 1616 2649 1669; x_wconf 86' lang='grc' dir='ltr'><strong>τοῦτο</strong></span> <span class='ocrx_word' id='word_1_179' title='bbox 2663 1616 2737 1687; x_wconf 77' lang='grc' dir='ltr'><strong>μὴ</strong></span> <span class='ocrx_word' id='word_1_180' title='bbox 2763 1618 3085 1689; x_wconf 75' lang='grc' dir='ltr'><strong>παριδόντες</strong></span> <span class='ocrx_word' id='word_1_181' title='bbox 3113 1619 3143 1671; x_wconf 83' lang='grc' dir='ltr'><strong>ὅ</strong></span> <span class='ocrx_word' id='word_1_182' title='bbox 3164 1635 3328 1689; x_wconf 81' lang='grc' dir='ltr'><strong>φησι,</strong></span> <span class='ocrx_word' id='word_1_183' title='bbox 3359 1620 3750 1689; x_wconf 84' lang='grc' dir='ltr'><strong>Παραδειγμα-</strong></span> 
     </span>
    </p>
   </div>
   <div class='ocr_carea' id='block_1_32' title="bbox 2154 1705 3747 1781">
    <p class='ocr_par' dir='ltr' id='par_1_32' title="bbox 2154 1705 3747 1781">
     <span class='ocr_line' id='line_1_32' title="bbox 2154 1705 3747 1781; baseline 0.004 -23"><span class='ocrx_word' id='word_1_184' title='bbox 2154 1705 2343 1768; x_wconf 87' lang='grc' dir='ltr'><strong>τικῶς,</strong></span> <span class='ocrx_word' id='word_1_185' title='bbox 2370 1706 2432 1759; x_wconf 80' lang='grc' dir='ltr'><strong>τὸ</strong></span> <span class='ocrx_word' id='word_1_186' title='bbox 2455 1710 2650 1776; x_wconf 78' lang='grc' dir='ltr'><strong>μόνος</strong></span> <span class='ocrx_word' id='word_1_187' title='bbox 2675 1710 3106 1774; x_wconf 76' lang='grc' dir='ltr'><strong>κατασκευάζων</strong></span> <span class='ocrx_word' id='word_1_188' title='bbox 3138 1712 3233 1764; x_wconf 74' lang='grc' dir='ltr'><strong>ἐπὶ</strong></span> <span class='ocrx_word' id='word_1_189' title='bbox 3258 1710 3353 1764; x_wconf 85' lang='grc' dir='ltr'><strong>τοῦ</strong></span> <span class='ocrx_word' id='word_1_190' title='bbox 3386 1711 3689 1781; x_wconf 75' lang='grc' dir='ltr'><strong>προϐολεὺς</strong></span> <span class='ocrx_word' id='word_1_191' title='bbox 3717 1714 3747 1765; x_wconf 85' lang='grc' dir='ltr'><strong>δ</strong></span> 
     </span>
    </p>
   </div>
   <div class='ocr_carea' id='block_1_33' title="bbox 2158 1797 3744 1873">
    <p class='ocr_par' dir='ltr' id='par_1_33' title="bbox 2158 1797 3744 1873">
     <span class='ocr_line' id='line_1_33' title="bbox 2158 1797 3744 1873; baseline 0.004 -23"><span class='ocrx_word' id='word_1_192' title='bbox 2158 1797 2366 1869; x_wconf 80' lang='grc' dir='ltr'><strong>Πατὴρ,</strong></span> <span class='ocrx_word' id='word_1_193' title='bbox 2400 1801 2495 1854; x_wconf 80' lang='grc' dir='ltr'><strong>καὶ</strong></span> <span class='ocrx_word' id='word_1_194' title='bbox 2536 1800 2710 1855; x_wconf 86' lang='grc' dir='ltr'><strong>ταῦτα</strong></span> <span class='ocrx_word' id='word_1_195' title='bbox 2741 1803 3050 1873; x_wconf 82' lang='grc' dir='ltr'><strong>προδήλως,</strong></span> <span class='ocrx_word' id='word_1_196' title='bbox 3096 1802 3191 1872; x_wconf 81' lang='grc' dir='ltr'><strong>ἀφ’</strong></span> <span class='ocrx_word' id='word_1_197' title='bbox 3245 1797 3321 1857; x_wconf 83' lang='grc' dir='ltr'><strong>ὧν</strong></span> <span class='ocrx_word' id='word_1_198' title='bbox 3378 1802 3615 1872; x_wconf 79' lang='grc' dir='ltr'><strong>συνῆξιν</strong></span> <span class='ocrx_word' id='word_1_199' title='bbox 3663 1805 3744 1857; x_wconf 82' lang='grc' dir='ltr'><strong>ὅτι</strong></span> 
     </span>
    </p>
   </div>
   <div class='ocr_carea' id='block_1_34' title="bbox 456 1849 2038 1966">
    <p class='ocr_par' dir='ltr' id='par_1_34' title="bbox 456 1871 2038 1939">
     <span class='ocr_line' id='line_1_34' title="bbox 456 1871 2038 1939; baseline -0.002 -9"><span class='ocrx_word' id='word_1_200' title='bbox 456 1876 740 1931; x_wconf 84' lang='lat' dir='ltr'><strong>ductorem</strong></span> <span class='ocrx_word' id='word_1_201' title='bbox 771 1891 898 1929; x_wconf 85' lang='lat' dir='ltr'><strong>esse</strong></span> <span class='ocrx_word' id='word_1_202' title='bbox 940 1874 1181 1939; x_wconf 85' lang='lat' dir='ltr'><strong>Patrem,</strong></span> <span class='ocrx_word' id='word_1_203' title='bbox 1240 1875 1599 1939; x_wconf 85' lang='lat' dir='ltr'><strong>concludens,</strong></span> <span class='ocrx_word' id='word_1_204' title='bbox 1659 1874 1763 1927; x_wconf 87' lang='lat' dir='ltr'><strong>etsi</strong></span> <span class='ocrx_word' id='word_1_205' title='bbox 1808 1871 2038 1927; x_wconf 58' lang='lat' dir='ltr'><strong>inconsi</strong></span> 
     </span>
    </p>
   </div>
   <div class='ocr_carea' id='block_1_35' title="bbox 2141 1849 3745 1966">
    <p class='ocr_par' dir='ltr' id='par_1_35' title="bbox 2160 1849 3745 1966">
     <span class='ocr_line' id='line_1_35' title="bbox 2160 1849 3745 1966; baseline 0.003 -23"><span class='ocrx_word' id='word_1_206' title='bbox 2160 1849 2455 1960; x_wconf 61' lang='grc' dir='ltr'><strong>προέδλεὺς</strong></span> <span class='ocrx_word' id='word_1_207' title='bbox 2478 1892 2507 1944; x_wconf 85' lang='grc' dir='ltr'><strong>ὁ</strong></span> <span class='ocrx_word' id='word_1_208' title='bbox 2533 1893 2720 1965; x_wconf 77' lang='grc' dir='ltr'><strong>Πατὴρ</strong></span> <span class='ocrx_word' id='word_1_209' title='bbox 2745 1849 3203 1966; x_wconf 45' lang='grc' dir='ltr'><strong>σῦμπὲᾠζιάςὲἰ</strong></span> <span class='ocrx_word' id='word_1_210' title='bbox 3228 1896 3323 1949; x_wconf 79' lang='grc' dir='ltr'><strong>καὶ</strong></span> <span class='ocrx_word' id='word_1_211' title='bbox 3365 1895 3441 1966; x_wconf 79' lang='grc' dir='ltr'><strong>μὴ</strong></span> <span class='ocrx_word' id='word_1_212' title='bbox 3467 1849 3745 1948; x_wconf 43' lang='lat' dir='ltr'><strong>eruunt-</strong></span> 
     </span>
    </p>
   </div>
   <div class='ocr_carea' id='block_1_36' title="bbox 456 1965 2050 2036">
    <p class='ocr_par' dir='ltr' id='par_1_36' title="bbox 456 1965 2050 2036">
     <span class='ocr_line' id='line_1_36' title="bbox 456 1965 2050 2036; baseline -0.001 -15"><span class='ocrx_word' id='word_1_213' title='bbox 456 1969 663 2031; x_wconf 81' lang='lat' dir='ltr'><strong>clerate,</strong></span> <span class='ocrx_word' id='word_1_214' title='bbox 711 1966 1027 2021; x_wconf 87' lang='lat' dir='ltr'><strong>necessario</strong></span> <span class='ocrx_word' id='word_1_215' title='bbox 1052 1982 1295 2035; x_wconf 82' lang='lat' dir='ltr'><strong>prorsus,</strong></span> <span class='ocrx_word' id='word_1_216' title='bbox 1323 1968 1375 2021; x_wconf 90' lang='lat' dir='ltr'><strong>id</strong></span> <span class='ocrx_word' id='word_1_217' title='bbox 1408 1968 1587 2036; x_wconf 88' lang='lat' dir='ltr'><strong>ipsum</strong></span> <span class='ocrx_word' id='word_1_218' title='bbox 1610 1981 1828 2035; x_wconf 88' lang='lat' dir='ltr'><strong>quoque</strong></span> <span class='ocrx_word' id='word_1_219' title='bbox 1853 1965 2050 2020; x_wconf 85' lang='lat' dir='ltr'><strong>Filium</strong></span> 
     </span>
    </p>
   </div>
   <div class='ocr_carea' id='block_1_37' title="bbox 455 2059 2081 2129">
    <p class='ocr_par' dir='ltr' id='par_1_37' title="bbox 455 2059 2081 2129">
     <span class='ocr_line' id='line_1_37' title="bbox 455 2059 2081 2129; baseline -0.001 -16"><span class='ocrx_word' id='word_1_220' title='bbox 455 2073 595 2113; x_wconf 90' lang='lat' dir='ltr'><strong>esse.</strong></span> <span class='ocrx_word' id='word_1_221' title='bbox 629 2059 1000 2113; x_wconf 79' lang='lat' dir='ltr'><strong>Nihilominus</strong></span> <span class='ocrx_word' id='word_1_222' title='bbox 1034 2061 1421 2113; x_wconf 83' lang='lat' dir='ltr'><strong>demonstrans</strong></span> <span class='ocrx_word' id='word_1_223' title='bbox 1447 2060 1894 2129; x_wconf 81' lang='lat' dir='ltr'><strong>redarguensque</strong></span> <span class='ocrx_word' id='word_1_224' title='bbox 1939 2072 2050 2112; x_wconf 90' lang='lat' dir='ltr'><strong>non</strong></span> <span class='ocrx_word' id='word_1_225' title='bbox 2078 2076 2081 2077; x_wconf 60' lang='lat'><strong><em>&#39;</em></strong></span> 
     </span>
    </p>
   </div>
   <div class='ocr_carea' id='block_1_38' title="bbox 455 2151 2050 2210">
    <p class='ocr_par' dir='ltr' id='par_1_38' title="bbox 455 2151 2050 2210">
     <span class='ocr_line' id='line_1_38' title="bbox 455 2151 2050 2210; baseline 0 -6"><span class='ocrx_word' id='word_1_226' title='bbox 455 2151 867 2210; x_wconf 79' lang='lat' dir='ltr'><strong>assentientem.</strong></span> <span class='ocrx_word' id='word_1_227' title='bbox 918 2152 1153 2205; x_wconf 82' lang='lat' dir='ltr'><strong>similem</strong></span> <span class='ocrx_word' id='word_1_228' title='bbox 1225 2151 1332 2205; x_wconf 87' lang='lat' dir='ltr'><strong>illis</strong></span> <span class='ocrx_word' id='word_1_229' title='bbox 1402 2151 1843 2207; x_wconf 81' lang='lat' dir='ltr'><strong>comminiscitur</strong></span> <span class='ocrx_word' id='word_1_230' title='bbox 1899 2151 2050 2207; x_wconf 78' lang='lat' dir='ltr'><strong>exsi-</strong></span> 
     </span>
    </p>
   </div>
   <div class='ocr_carea' id='block_1_39' title="bbox 450 2244 2046 2313">
    <p class='ocr_par' dir='ltr' id='par_1_39' title="bbox 450 2244 2046 2313">
     <span class='ocr_line' id='line_1_39' title="bbox 450 2244 2046 2313; baseline 0.001 -15"><span class='ocrx_word' id='word_1_231' title='bbox 450 2256 600 2299; x_wconf 87' lang='lat' dir='ltr'><strong>stere</strong></span> <span class='ocrx_word' id='word_1_232' title='bbox 632 2261 648 2300; x_wconf 86' lang='lat'><strong>:</strong></span> <span class='ocrx_word' id='word_1_233' title='bbox 686 2262 705 2296; x_wconf 88' lang='grc' dir='ltr'><strong>ι</strong></span> <span class='ocrx_word' id='word_1_234' title='bbox 756 2244 1230 2310; x_wconf 84' lang='lat' dir='ltr'><strong>Quemadmodum</strong></span> <span class='ocrx_word' id='word_1_235' title='bbox 1273 2246 1316 2300; x_wconf 92' lang='lat' dir='ltr'><strong>si</strong></span> <span class='ocrx_word' id='word_1_236' title='bbox 1351 2245 1478 2313; x_wconf 88' lang='lat' dir='ltr'><strong>quis</strong></span> <span class='ocrx_word' id='word_1_237' title='bbox 1523 2244 1821 2309; x_wconf 74' lang='lat' dir='ltr'><strong>afﬁrmans,</strong></span> <span class='ocrx_word' id='word_1_238' title='bbox 1875 2244 2046 2299; x_wconf 88' lang='lat' dir='ltr'><strong>Deum</strong></span> 
     </span>
    </p>
   </div>
   <div class='ocr_carea' id='block_1_40' title="bbox 450 2337 2097 2408">
    <p class='ocr_par' dir='ltr' id='par_1_40' title="bbox 450 2337 2097 2408">
     <span class='ocr_line' id='line_1_40' title="bbox 450 2337 2097 2408; baseline 0.001 -15"><span class='ocrx_word' id='word_1_239' title='bbox 450 2354 573 2395; x_wconf 86' lang='lat' dir='ltr'><strong>esse</strong></span> <span class='ocrx_word' id='word_1_240' title='bbox 609 2348 819 2391; x_wconf 72' lang='lat' dir='ltr'><strong>natura:</strong></span> <span class='ocrx_word' id='word_1_241' title='bbox 855 2337 1110 2392; x_wconf 72' lang='lat' dir='ltr'><strong>humanae</strong></span> <span class='ocrx_word' id='word_1_242' title='bbox 1132 2339 1499 2400; x_wconf 68' lang='lat' dir='ltr'><strong>conditorzm,</strong></span> <span class='ocrx_word' id='word_1_243' title='bbox 1526 2337 1883 2408; x_wconf 87' lang='lat' dir='ltr'><strong>postmodum</strong></span> <span class='ocrx_word' id='word_1_244' title='bbox 1919 2353 2045 2393; x_wconf 89' lang='lat' dir='ltr'><strong>cum</strong></span> <span class='ocrx_word' id='word_1_245' title='bbox 2093 2389 2097 2395; x_wconf 87' lang='lat'>.</span> 
     </span>
    </p>
   </div>
   <div class='ocr_carea' id='block_1_41' title="bbox 453 2432 2040 2503">
    <p class='ocr_par' dir='ltr' id='par_1_41' title="bbox 453 2432 2040 2503">
     <span class='ocr_line' id='line_1_41' title="bbox 453 2432 2040 2503; baseline 0 -18"><span class='ocrx_word' id='word_1_246' title='bbox 453 2434 563 2487; x_wconf 81' lang='lat' dir='ltr'><strong>lleo</strong></span> <span class='ocrx_word' id='word_1_247' title='bbox 598 2433 819 2503; x_wconf 79' lang='lat' dir='ltr'><strong>angelos</strong></span> <span class='ocrx_word' id='word_1_248' title='bbox 846 2432 1015 2485; x_wconf 83' lang='lat' dir='ltr'><strong>etiam</strong></span> <span class='ocrx_word' id='word_1_249' title='bbox 1042 2432 1281 2485; x_wconf 89' lang='lat' dir='ltr'><strong>hominis</strong></span> <span class='ocrx_word' id='word_1_250' title='bbox 1298 2446 1419 2487; x_wconf 90' lang='lat' dir='ltr'><strong>esse</strong></span> <span class='ocrx_word' id='word_1_251' title='bbox 1442 2441 1724 2486; x_wconf 85' lang='lat' dir='ltr'><strong>creatores</strong></span> <span class='ocrx_word' id='word_1_252' title='bbox 1762 2439 2040 2495; x_wconf 89' lang='lat' dir='ltr'><strong>astruens,</strong></span> 
     </span>
    </p>
   </div>
   <div class='ocr_carea' id='block_1_42' title="bbox 449 2520 2044 2592">
    <p class='ocr_par' dir='ltr' id='par_1_42' title="bbox 449 2520 2044 2592">
     <span class='ocr_line' id='line_1_42' title="bbox 449 2520 2044 2592; baseline 0 -16"><span class='ocrx_word' id='word_1_253' title='bbox 449 2522 792 2577; x_wconf 62' lang='lat' dir='ltr'><strong>existimaret</strong></span> <span class='ocrx_word' id='word_1_254' title='bbox 815 2522 1145 2592; x_wconf 82' lang='lat' dir='ltr'><strong>sibimetipsi</strong></span> <span class='ocrx_word' id='word_1_255' title='bbox 1168 2536 1277 2576; x_wconf 88' lang='lat' dir='ltr'><strong>non</strong></span> <span class='ocrx_word' id='word_1_256' title='bbox 1299 2521 1702 2576; x_wconf 77' lang='lat' dir='ltr'><strong>contradicere.</strong></span> <span class='ocrx_word' id='word_1_257' title='bbox 1736 2540 1756 2571; x_wconf 75' lang='grc' dir='ltr'><strong>ι</strong></span> <span class='ocrx_word' id='word_1_258' title='bbox 1790 2520 1856 2574; x_wconf 85' lang='grc' dir='ltr'><strong>Ει</strong></span> <span class='ocrx_word' id='word_1_259' title='bbox 1880 2520 2044 2589; x_wconf 88' lang='lat' dir='ltr'><strong>plane</strong></span> 
     </span>
    </p>
   </div>
   <div class='ocr_carea' id='block_1_43' title="bbox 448 2612 2046 2684">
    <p class='ocr_par' dir='ltr' id='par_1_43' title="bbox 448 2612 2046 2684">
     <span class='ocr_line' id='line_1_43' title="bbox 448 2612 2046 2684; baseline -0.001 -17"><span class='ocrx_word' id='word_1_260' title='bbox 448 2614 695 2682; x_wconf 78' lang='lat' dir='ltr'><strong>exempla</strong></span> <span class='ocrx_word' id='word_1_261' title='bbox 729 2614 1044 2684; x_wconf 88' lang='lat' dir='ltr'><strong>ubicunque</strong></span> <span class='ocrx_word' id='word_1_262' title='bbox 1078 2624 1437 2684; x_wconf 82' lang='lat' dir='ltr'><strong>usurpantur,</strong></span> <span class='ocrx_word' id='word_1_263' title='bbox 1460 2621 1516 2668; x_wconf 90' lang='lat' dir='ltr'><strong>et</strong></span> <span class='ocrx_word' id='word_1_264' title='bbox 1551 2613 1825 2683; x_wconf 66' lang='lat' dir='ltr'><strong>praecipue</strong></span> <span class='ocrx_word' id='word_1_265' title='bbox 1869 2612 1928 2667; x_wconf 89' lang='lat' dir='ltr'><strong>in</strong></span> <span class='ocrx_word' id='word_1_266' title='bbox 1960 2612 2046 2667; x_wconf 89' lang='lat' dir='ltr'><strong>di-</strong></span> 
     </span>
    </p>
   </div>
   <div class='ocr_carea' id='block_1_44' title="bbox 450 2703 2041 2777">
    <p class='ocr_par' dir='ltr' id='par_1_44' title="bbox 450 2703 2041 2777">
     <span class='ocr_line' id='line_1_44' title="bbox 450 2703 2041 2777; baseline 0.001 -19"><span class='ocrx_word' id='word_1_267' title='bbox 450 2705 692 2761; x_wconf 85' lang='lat' dir='ltr'><strong>vinitatis</strong></span> <span class='ocrx_word' id='word_1_268' title='bbox 723 2708 963 2777; x_wconf 89' lang='lat' dir='ltr'><strong>negotio,</strong></span> <span class='ocrx_word' id='word_1_269' title='bbox 1010 2721 1122 2762; x_wconf 92' lang='lat' dir='ltr'><strong>non</strong></span> <span class='ocrx_word' id='word_1_270' title='bbox 1163 2706 1218 2760; x_wconf 92' lang='lat' dir='ltr'><strong>in</strong></span> <span class='ocrx_word' id='word_1_271' title='bbox 1253 2707 1513 2760; x_wconf 88' lang='lat' dir='ltr'><strong>omnibus</strong></span> <span class='ocrx_word' id='word_1_272' title='bbox 1550 2706 1619 2760; x_wconf 89' lang='lat' dir='ltr'><strong>ad</strong></span> <span class='ocrx_word' id='word_1_273' title='bbox 1654 2706 1801 2775; x_wconf 92' lang='lat' dir='ltr'><strong>quod</strong></span> <span class='ocrx_word' id='word_1_274' title='bbox 1844 2703 2041 2760; x_wconf 83' lang='lat' dir='ltr'><strong>confe-</strong></span> 
     </span>
    </p>
   </div>
   <div class='ocr_carea' id='block_1_45' title="bbox 449 2797 2043 2868">
    <p class='ocr_par' dir='ltr' id='par_1_45' title="bbox 449 2797 2043 2868">
     <span class='ocr_line' id='line_1_45' title="bbox 449 2797 2043 2868; baseline 0 -16"><span class='ocrx_word' id='word_1_275' title='bbox 449 2809 666 2863; x_wconf 83' lang='lat' dir='ltr'><strong>runtur,</strong></span> <span class='ocrx_word' id='word_1_276' title='bbox 695 2799 790 2853; x_wconf 83' lang='lat' dir='ltr'><strong>sed</strong></span> <span class='ocrx_word' id='word_1_277' title='bbox 817 2798 882 2852; x_wconf 88' lang='lat' dir='ltr'><strong>ad</strong></span> <span class='ocrx_word' id='word_1_278' title='bbox 910 2798 1140 2868; x_wconf 90' lang='lat' dir='ltr'><strong>aliquid,</strong></span> <span class='ocrx_word' id='word_1_279' title='bbox 1165 2806 1221 2852; x_wconf 87' lang='lat' dir='ltr'><strong>et</strong></span> <span class='ocrx_word' id='word_1_280' title='bbox 1249 2799 1554 2852; x_wconf 87' lang='lat' dir='ltr'><strong>secundum</strong></span> <span class='ocrx_word' id='word_1_281' title='bbox 1588 2807 1797 2868; x_wconf 87' lang='lat' dir='ltr'><strong>partem</strong></span> <span class='ocrx_word' id='word_1_282' title='bbox 1823 2797 2043 2852; x_wconf 86' lang='lat' dir='ltr'><strong>assimi-</strong></span> 
     </span>
    </p>
   </div>
   <div class='ocr_carea' id='block_1_46' title="bbox 446 2889 2040 2957">
    <p class='ocr_par' dir='ltr' id='par_1_46' title="bbox 446 2889 2040 2957">
     <span class='ocr_line' id='line_1_46' title="bbox 446 2889 2040 2957; baseline -0.001 -13"><span class='ocrx_word' id='word_1_283' title='bbox 446 2891 567 2957; x_wconf 89' lang='lat' dir='ltr'><strong>lari,</strong></span> <span class='ocrx_word' id='word_1_284' title='bbox 595 2906 785 2945; x_wconf 88' lang='lat' dir='ltr'><strong>verum</strong></span> <span class='ocrx_word' id='word_1_285' title='bbox 808 2900 891 2944; x_wconf 88' lang='lat' dir='ltr'><strong>est</strong></span> <span class='ocrx_word' id='word_1_286' title='bbox 919 2902 975 2946; x_wconf 88' lang='lat' dir='ltr'><strong>et</strong></span> <span class='ocrx_word' id='word_1_287' title='bbox 1011 2890 1268 2946; x_wconf 89' lang='lat' dir='ltr'><strong>omnibus</strong></span> <span class='ocrx_word' id='word_1_288' title='bbox 1314 2900 1530 2954; x_wconf 88' lang='lat' dir='ltr'><strong>notum,</strong></span> <span class='ocrx_word' id='word_1_289' title='bbox 1558 2889 1925 2945; x_wconf 84' lang='lat' dir='ltr'><strong>nihilominus</strong></span> <span class='ocrx_word' id='word_1_290' title='bbox 1957 2889 2040 2944; x_wconf 88' lang='lat' dir='ltr'><strong>rei</strong></span> 
     </span>
    </p>
   </div>
   <div class='ocr_carea' id='block_1_47' title="bbox 445 2981 2039 3055">
    <p class='ocr_par' dir='ltr' id='par_1_47' title="bbox 445 2981 2039 3055">
     <span class='ocr_line' id='line_1_47' title="bbox 445 2981 2039 3055; baseline 0 -18"><span class='ocrx_word' id='word_1_291' title='bbox 445 3000 606 3054; x_wconf 87' lang='lat' dir='ltr'><strong>quam</strong></span> <span class='ocrx_word' id='word_1_292' title='bbox 655 2988 768 3054; x_wconf 87' lang='lat' dir='ltr'><strong>ipsa</strong></span> <span class='ocrx_word' id='word_1_293' title='bbox 806 2982 1050 3054; x_wconf 80' lang='lat' dir='ltr'><strong>eﬂigiant</strong></span> <span class='ocrx_word' id='word_1_294' title='bbox 1094 2983 1377 3053; x_wconf 83' lang='lat' dir='ltr'><strong>aptissime</strong></span> <span class='ocrx_word' id='word_1_295' title='bbox 1421 2992 1751 3055; x_wconf 85' lang='lat' dir='ltr'><strong>congruunt,</strong></span> <span class='ocrx_word' id='word_1_296' title='bbox 1789 2992 1845 3038; x_wconf 91' lang='lat' dir='ltr'><strong>et</strong></span> <span class='ocrx_word' id='word_1_297' title='bbox 1887 2981 2039 3037; x_wconf 88' lang='lat' dir='ltr'><strong>nullo</strong></span> 
     </span>
    </p>
   </div>
   <div class='ocr_carea' id='block_1_48' title="bbox 445 3071 2035 3147">
    <p class='ocr_par' dir='ltr' id='par_1_48' title="bbox 445 3071 2035 3147">
     <span class='ocr_line' id='line_1_48' title="bbox 445 3071 2035 3147; baseline 0 -19"><span class='ocrx_word' id='word_1_298' title='bbox 445 3073 609 3128; x_wconf 89' lang='lat' dir='ltr'><strong>modo</strong></span> <span class='ocrx_word' id='word_1_299' title='bbox 651 3072 974 3142; x_wconf 88' lang='lat' dir='ltr'><strong>improprie.</strong></span> <span class='ocrx_word' id='word_1_300' title='bbox 1006 3071 1107 3127; x_wconf 87' lang='lat' dir='ltr'><strong>llic</strong></span> <span class='ocrx_word' id='word_1_301' title='bbox 1147 3088 1313 3147; x_wconf 72' lang='lat' dir='ltr'><strong>porro</strong></span> <span class='ocrx_word' id='word_1_302' title='bbox 1351 3087 1602 3143; x_wconf 59' lang='lat' dir='ltr'><strong>quaenam</strong></span> <span class='ocrx_word' id='word_1_303' title='bbox 1649 3074 2035 3130; x_wconf 72' lang='lat' dir='ltr'><strong>convenientia</strong></span> 
     </span>
    </p>
   </div>
   <div class='ocr_carea' id='block_1_49' title="bbox 2157 1983 3741 2059">
    <p class='ocr_par' dir='ltr' id='par_1_49' title="bbox 2157 1983 3741 2059">
     <span class='ocr_line' id='line_1_49' title="bbox 2157 1983 3741 2059; baseline 0.003 -24"><span class='ocrx_word' id='word_1_304' title='bbox 2157 1983 2347 2054; x_wconf 86' lang='grc' dir='ltr'><strong>σθήσει</strong></span> <span class='ocrx_word' id='word_1_305' title='bbox 2409 1985 2552 2039; x_wconf 81' lang='grc' dir='ltr'><strong>κατὰ</strong></span> <span class='ocrx_word' id='word_1_306' title='bbox 2606 1989 2790 2043; x_wconf 80' lang='grc' dir='ltr'><strong>πᾶσαν</strong></span> <span class='ocrx_word' id='word_1_307' title='bbox 2836 1989 3087 2059; x_wconf 83' lang='grc' dir='ltr'><strong>ἀνάγκην</strong></span> <span class='ocrx_word' id='word_1_308' title='bbox 3144 1985 3479 2042; x_wconf 70' lang='grc' dir='ltr'><strong>εἶναιτοῦτο</strong></span> <span class='ocrx_word' id='word_1_309' title='bbox 3530 1990 3627 2042; x_wconf 76' lang='grc' dir='ltr'><strong>καὶ</strong></span> <span class='ocrx_word' id='word_1_310' title='bbox 3652 1990 3741 2040; x_wconf 66' lang='grc' dir='ltr'><strong>τὸν</strong></span> 
     </span>
    </p>
   </div>
   <div class='ocr_carea' id='block_1_50' title="bbox 2155 2075 3738 2153">
    <p class='ocr_par' dir='ltr' id='par_1_50' title="bbox 2155 2075 3738 2153">
     <span class='ocr_line' id='line_1_50' title="bbox 2155 2075 3738 2153; baseline 0.004 -25"><span class='ocrx_word' id='word_1_311' title='bbox 2155 2075 2306 2130; x_wconf 83' lang='grc' dir='ltr'><strong>Υίόν.</strong></span> <span class='ocrx_word' id='word_1_312' title='bbox 2350 2077 2542 2148; x_wconf 82' lang='grc' dir='ltr'><strong>Ὅμως</strong></span> <span class='ocrx_word' id='word_1_313' title='bbox 2576 2080 3008 2146; x_wconf 76' lang='grc' dir='ltr'><strong>κατασκευάζων</strong></span> <span class='ocrx_word' id='word_1_314' title='bbox 3038 2082 3131 2135; x_wconf 67' lang='grc' dir='ltr'><strong>καὶ</strong></span> <span class='ocrx_word' id='word_1_315' title='bbox 3181 2082 3478 2152; x_wconf 77' lang='grc' dir='ltr'><strong>διελέγχων</strong></span> <span class='ocrx_word' id='word_1_316' title='bbox 3509 2083 3637 2146; x_wconf 79' lang='grc' dir='ltr'><strong>τοὺς</strong></span> <span class='ocrx_word' id='word_1_317' title='bbox 3667 2082 3738 2153; x_wconf 76' lang='grc' dir='ltr'><strong>μὴ</strong></span> 
     </span>
    </p>
   </div>
   <div class='ocr_carea' id='block_1_51' title="bbox 2150 2168 3741 2246">
    <p class='ocr_par' dir='ltr' id='par_1_51' title="bbox 2150 2168 3741 2246">
     <span class='ocr_line' id='line_1_51' title="bbox 2150 2168 3741 2246; baseline 0.004 -25"><span class='ocrx_word' id='word_1_318' title='bbox 2150 2168 2498 2239; x_wconf 79' lang='grc' dir='ltr'><strong>δεχομένους,</strong></span> <span class='ocrx_word' id='word_1_319' title='bbox 2553 2173 2741 2241; x_wconf 83' lang='grc' dir='ltr'><strong>ὅμοιον</strong></span> <span class='ocrx_word' id='word_1_320' title='bbox 2807 2173 2995 2238; x_wconf 82' lang='grc' dir='ltr'><strong>αὐτοῖς</strong></span> <span class='ocrx_word' id='word_1_321' title='bbox 3061 2175 3374 2246; x_wconf 83' lang='grc' dir='ltr'><strong>συντίθησιν</strong></span> <span class='ocrx_word' id='word_1_322' title='bbox 3426 2168 3741 2245; x_wconf 68' lang='grc' dir='ltr'><strong>ὑπάρχεινσ</strong></span> 
     </span>
    </p>
   </div>
   <div class='ocr_carea' id='block_1_52' title="bbox 2158 2262 3739 2335">
    <p class='ocr_par' dir='ltr' id='par_1_52' title="bbox 2158 2262 3739 2335">
     <span class='ocr_line' id='line_1_52' title="bbox 2158 2262 3739 2335; baseline 0.003 -21"><span class='ocrx_word' id='word_1_323' title='bbox 2158 2263 2399 2331; x_wconf 70' lang='grc' dir='ltr'><strong>«Ὠσπερ</strong></span> <span class='ocrx_word' id='word_1_324' title='bbox 2437 2262 2504 2316; x_wconf 86' lang='grc' dir='ltr'><strong>ἂν</strong></span> <span class='ocrx_word' id='word_1_325' title='bbox 2524 2264 2581 2317; x_wconf 78' lang='grc' dir='ltr'><strong>εἷ</strong></span> <span class='ocrx_word' id='word_1_326' title='bbox 2604 2281 2688 2328; x_wconf 86' lang='grc' dir='ltr'><strong>τις</strong></span> <span class='ocrx_word' id='word_1_327' title='bbox 2719 2266 2999 2335; x_wconf 80' lang='grc' dir='ltr'><strong>ὁμολογῶν</strong></span> <span class='ocrx_word' id='word_1_328' title='bbox 3028 2267 3128 2335; x_wconf 81' lang='grc' dir='ltr'><strong>μὲν</strong></span> <span class='ocrx_word' id='word_1_329' title='bbox 3154 2267 3246 2323; x_wconf 79' lang='grc' dir='ltr'><strong>τὸν</strong></span> <span class='ocrx_word' id='word_1_330' title='bbox 3294 2267 3429 2321; x_wconf 80' lang='grc' dir='ltr'><strong>Θεὸν</strong></span> <span class='ocrx_word' id='word_1_331' title='bbox 3458 2262 3601 2320; x_wconf 74' lang='grc' dir='ltr'><strong>εἶναι</strong></span> <span class='ocrx_word' id='word_1_332' title='bbox 3628 2267 3739 2319; x_wconf 73' lang='grc' dir='ltr'><strong>κτί-</strong></span> 
     </span>
    </p>
   </div>
   <div class='ocr_carea' id='block_1_53' title="bbox 2151 2354 3736 2429">
    <p class='ocr_par' dir='ltr' id='par_1_53' title="bbox 2151 2354 3736 2429">
     <span class='ocr_line' id='line_1_53' title="bbox 2151 2354 3736 2429; baseline 0.004 -24"><span class='ocrx_word' id='word_1_333' title='bbox 2151 2368 2284 2424; x_wconf 89' lang='grc' dir='ltr'><strong>στην</strong></span> <span class='ocrx_word' id='word_1_334' title='bbox 2312 2355 2408 2425; x_wconf 83' lang='grc' dir='ltr'><strong>τῆς</strong></span> <span class='ocrx_word' id='word_1_335' title='bbox 2429 2356 2647 2423; x_wconf 79' lang='grc' dir='ltr'><strong>φύσεως</strong></span> <span class='ocrx_word' id='word_1_336' title='bbox 2671 2357 2779 2410; x_wconf 85' lang='grc' dir='ltr'><strong>τῶν</strong></span> <span class='ocrx_word' id='word_1_337' title='bbox 2806 2358 3133 2429; x_wconf 79' lang='grc' dir='ltr'><strong>ἀνθρώπων,</strong></span> <span class='ocrx_word' id='word_1_338' title='bbox 3162 2354 3283 2413; x_wconf 73' lang='grc' dir='ltr'><strong>εἶτα</strong></span> <span class='ocrx_word' id='word_1_339' title='bbox 3315 2360 3456 2428; x_wconf 73' lang='grc' dir='ltr'><strong>μετὰ</strong></span> <span class='ocrx_word' id='word_1_340' title='bbox 3481 2357 3577 2412; x_wconf 77' lang='grc' dir='ltr'><strong>τοῦ</strong></span> <span class='ocrx_word' id='word_1_341' title='bbox 3605 2356 3736 2412; x_wconf 77' lang='grc' dir='ltr'><strong>Θεοῦ</strong></span> 
     </span>
    </p>
   </div>
   <div class='ocr_carea' id='block_1_54' title="bbox 2149 2446 3734 2521">
    <p class='ocr_par' dir='ltr' id='par_1_54' title="bbox 2149 2446 3734 2521">
     <span class='ocr_line' id='line_1_54' title="bbox 2149 2446 3734 2521; baseline 0.003 -23"><span class='ocrx_word' id='word_1_342' title='bbox 2149 2448 2244 2501; x_wconf 79' lang='grc' dir='ltr'><strong>καὶ</strong></span> <span class='ocrx_word' id='word_1_343' title='bbox 2272 2446 2399 2508; x_wconf 81' lang='grc' dir='ltr'><strong>τοὺς</strong></span> <span class='ocrx_word' id='word_1_344' title='bbox 2427 2446 2695 2516; x_wconf 74' lang='grc' dir='ltr'><strong>ἀγγέλους</strong></span> <span class='ocrx_word' id='word_1_345' title='bbox 2729 2449 3164 2521; x_wconf 76' lang='grc' dir='ltr'><strong>ἀποφαινόμενος</strong></span> <span class='ocrx_word' id='word_1_346' title='bbox 3193 2450 3349 2504; x_wconf 74' lang='grc' dir='ltr'><strong>τοῦδε</strong></span> <span class='ocrx_word' id='word_1_347' title='bbox 3380 2453 3613 2520; x_wconf 72' lang='grc' dir='ltr'><strong>ποιητάς</strong></span> <span class='ocrx_word' id='word_1_348' title='bbox 3644 2451 3734 2503; x_wconf 76' lang='grc' dir='ltr'><strong>τοῦ</strong></span> 
     </span>
    </p>
   </div>
   <div class='ocr_carea' id='block_1_55' title="bbox 2146 2535 3727 2610">
    <p class='ocr_par' dir='ltr' id='par_1_55' title="bbox 2146 2535 3727 2610">
     <span class='ocr_line' id='line_1_55' title="bbox 2146 2535 3727 2610; baseline 0.002 -22"><span class='ocrx_word' id='word_1_349' title='bbox 2146 2535 2471 2607; x_wconf 82' lang='grc' dir='ltr'><strong>ἀνθρώπου,</strong></span> <span class='ocrx_word' id='word_1_350' title='bbox 2527 2538 2692 2591; x_wconf 76' lang='grc' dir='ltr'><strong>οἷοιτο</strong></span> <span class='ocrx_word' id='word_1_351' title='bbox 2750 2537 2919 2608; x_wconf 84' lang='grc' dir='ltr'><strong>μηδὲν</strong></span> <span class='ocrx_word' id='word_1_352' title='bbox 2948 2540 3189 2593; x_wconf 70' lang='grc' dir='ltr'><strong>ἐναντίον</strong></span> <span class='ocrx_word' id='word_1_353' title='bbox 3247 2540 3431 2610; x_wconf 77' lang='grc' dir='ltr'><strong>ἑαυτῷ</strong></span> <span class='ocrx_word' id='word_1_354' title='bbox 3462 2540 3664 2609; x_wconf 83' lang='grc' dir='ltr'><strong>λέγειν.</strong></span> <span class='ocrx_word' id='word_1_355' title='bbox 3708 2559 3727 2591; x_wconf 73' lang='grc' dir='ltr'><strong>ι</strong></span> 
     </span>
    </p>
   </div>
   <div class='ocr_carea' id='block_1_56' title="bbox 2148 2629 3729 2703">
    <p class='ocr_par' dir='ltr' id='par_1_56' title="bbox 2148 2629 3729 2703">
     <span class='ocr_line' id='line_1_56' title="bbox 2148 2629 3729 2703; baseline 0.004 -22"><span class='ocrx_word' id='word_1_356' title='bbox 2148 2630 2270 2682; x_wconf 83' lang='grc' dir='ltr'><strong>Ὀτι</strong></span> <span class='ocrx_word' id='word_1_357' title='bbox 2309 2629 2408 2699; x_wconf 82' lang='grc' dir='ltr'><strong>μὲν</strong></span> <span class='ocrx_word' id='word_1_358' title='bbox 2442 2630 2590 2698; x_wconf 80' lang='grc' dir='ltr'><strong>λόγοι</strong></span> <span class='ocrx_word' id='word_1_359' title='bbox 2621 2632 3084 2701; x_wconf 78' lang='grc' dir='ltr'><strong>παραδειγμάτων</strong></span> <span class='ocrx_word' id='word_1_360' title='bbox 3114 2632 3432 2703; x_wconf 82' lang='grc' dir='ltr'><strong>ἁπανταχοῦ</strong></span> <span class='ocrx_word' id='word_1_361' title='bbox 3465 2634 3563 2686; x_wconf 79' lang='grc' dir='ltr'><strong>καὶ</strong></span> <span class='ocrx_word' id='word_1_362' title='bbox 3594 2633 3729 2703; x_wconf 58' lang='grc' dir='ltr'><strong>μᾶλα</strong></span> 
     </span>
    </p>
   </div>
   <div class='ocr_carea' id='block_1_57' title="bbox 2144 2722 3733 2796">
    <p class='ocr_par' dir='ltr' id='par_1_57' title="bbox 2144 2722 3733 2796">
     <span class='ocr_line' id='line_1_57' title="bbox 2144 2722 3733 2796; baseline 0.001 -19"><span class='ocrx_word' id='word_1_363' title='bbox 2144 2723 2236 2777; x_wconf 87' lang='grc' dir='ltr'><strong>λον</strong></span> <span class='ocrx_word' id='word_1_364' title='bbox 2259 2724 2350 2775; x_wconf 65' lang='grc' dir='ltr'><strong>ἐπὶ</strong></span> <span class='ocrx_word' id='word_1_365' title='bbox 2373 2723 2472 2794; x_wconf 79' lang='grc' dir='ltr'><strong>τῆς</strong></span> <span class='ocrx_word' id='word_1_366' title='bbox 2496 2722 2752 2794; x_wconf 79' lang='grc' dir='ltr'><strong>θεότητος</strong></span> <span class='ocrx_word' id='word_1_367' title='bbox 2780 2725 2883 2778; x_wconf 83' lang='grc' dir='ltr'><strong>οὐκ</strong></span> <span class='ocrx_word' id='word_1_368' title='bbox 2906 2725 3138 2778; x_wconf 82' lang='grc' dir='ltr'><strong>είσάπαν</strong></span> <span class='ocrx_word' id='word_1_369' title='bbox 3170 2725 3309 2796; x_wconf 87' lang='grc' dir='ltr'><strong>πρὸς</strong></span> <span class='ocrx_word' id='word_1_370' title='bbox 3336 2726 3366 2779; x_wconf 85' lang='grc' dir='ltr'><strong>ὃ</strong></span> <span class='ocrx_word' id='word_1_371' title='bbox 3406 2726 3733 2793; x_wconf 72' lang='grc' dir='ltr'><strong>παρατίθεν-›</strong></span> 
     </span>
    </p>
   </div>
   <div class='ocr_carea' id='block_1_58' title="bbox 2142 2815 3733 2888">
    <p class='ocr_par' dir='ltr' id='par_1_58' title="bbox 2142 2815 3733 2888">
     <span class='ocr_line' id='line_1_58' title="bbox 2142 2815 3733 2888; baseline 0.003 -20"><span class='ocrx_word' id='word_1_372' title='bbox 2142 2832 2257 2880; x_wconf 85' lang='grc' dir='ltr'><strong>ται,</strong></span> <span class='ocrx_word' id='word_1_373' title='bbox 2288 2815 2426 2885; x_wconf 83' lang='grc' dir='ltr'><strong>πρός</strong></span> <span class='ocrx_word' id='word_1_374' title='bbox 2450 2832 2503 2868; x_wconf 87' lang='grc' dir='ltr'><strong>τι</strong></span> <span class='ocrx_word' id='word_1_375' title='bbox 2545 2815 2604 2868; x_wconf 74' lang='grc' dir='ltr'><strong>δὲ</strong></span> <span class='ocrx_word' id='word_1_376' title='bbox 2636 2816 2732 2869; x_wconf 61' lang='grc' dir='ltr'><strong>καὶ⁵</strong></span> <span class='ocrx_word' id='word_1_377' title='bbox 2755 2816 2901 2870; x_wconf 85' lang='grc' dir='ltr'><strong>κατά</strong></span> <span class='ocrx_word' id='word_1_378' title='bbox 2936 2833 2989 2869; x_wconf 87' lang='grc' dir='ltr'><strong>τι</strong></span> <span class='ocrx_word' id='word_1_379' title='bbox 3018 2817 3297 2872; x_wconf 82' lang='grc' dir='ltr'><strong>δεικνύναι</strong></span> <span class='ocrx_word' id='word_1_380' title='bbox 3339 2819 3623 2888; x_wconf 78' lang='grc' dir='ltr'><strong>φαίνονται</strong></span> <span class='ocrx_word' id='word_1_381' title='bbox 3672 2819 3733 2872; x_wconf 75' lang='grc' dir='ltr'><strong>τὸ</strong></span> 
     </span>
    </p>
   </div>
   <div class='ocr_carea' id='block_1_59' title="bbox 2143 2901 3731 2983">
    <p class='ocr_par' dir='ltr' id='par_1_59' title="bbox 2143 2901 3731 2983">
     <span class='ocr_line' id='line_1_59' title="bbox 2143 2901 3731 2983; baseline 0.004 -23"><span class='ocrx_word' id='word_1_382' title='bbox 2143 2901 2547 2979; x_wconf 78' lang='grc' dir='ltr'><strong>συμφέρεσθαι,</strong></span> <span class='ocrx_word' id='word_1_383' title='bbox 2583 2908 2784 2977; x_wconf 81' lang='grc' dir='ltr'><strong>ἀληθές</strong></span> <span class='ocrx_word' id='word_1_384' title='bbox 2807 2912 2926 2963; x_wconf 69' lang='grc' dir='ltr'><strong>ἔστι</strong></span> <span class='ocrx_word' id='word_1_385' title='bbox 2948 2911 3045 2963; x_wconf 77' lang='grc' dir='ltr'><strong>καὶ</strong></span> <span class='ocrx_word' id='word_1_386' title='bbox 3083 2912 3327 2978; x_wconf 81' lang='grc' dir='ltr'><strong>γνωστὸν</strong></span> <span class='ocrx_word' id='word_1_387' title='bbox 3353 2911 3495 2983; x_wconf 80' lang='grc' dir='ltr'><strong>πλὴν</strong></span> <span class='ocrx_word' id='word_1_388' title='bbox 3530 2911 3731 2967; x_wconf 81' lang='grc' dir='ltr'><strong>καταλ·</strong></span> 
     </span>
    </p>
   </div>
   <div class='ocr_carea' id='block_1_60' title="bbox 2140 3002 3730 3077">
    <p class='ocr_par' dir='ltr' id='par_1_60' title="bbox 2140 3002 3730 3077">
     <span class='ocr_line' id='line_1_60' title="bbox 2140 3002 3730 3077; baseline 0.001 -22"><span class='ocrx_word' id='word_1_389' title='bbox 2140 3002 2317 3073; x_wconf 77' lang='grc' dir='ltr'><strong>λήλως</strong></span> <span class='ocrx_word' id='word_1_390' title='bbox 2355 3002 2433 3073; x_wconf 79' lang='grc' dir='ltr'><strong>τῷ</strong></span> <span class='ocrx_word' id='word_1_391' title='bbox 2464 3002 3094 3075; x_wconf 78' lang='grc' dir='ltr'><strong>παραδειγματιζομένῳ</strong></span> <span class='ocrx_word' id='word_1_392' title='bbox 3131 3006 3228 3059; x_wconf 80' lang='grc' dir='ltr'><strong>καὶ</strong></span> <span class='ocrx_word' id='word_1_393' title='bbox 3289 3004 3608 3077; x_wconf 78' lang='grc' dir='ltr'><strong>προσφυῶς,</strong></span> <span class='ocrx_word' id='word_1_394' title='bbox 3637 3006 3730 3057; x_wconf 75' lang='grc' dir='ltr'><strong>καὶ</strong></span> 
     </span>
    </p>
   </div>
   <div class='ocr_carea' id='block_1_61' title="bbox 2140 3092 3727 3166">
    <p class='ocr_par' dir='ltr' id='par_1_61' title="bbox 2140 3092 3727 3166">
     <span class='ocr_line' id='line_1_61' title="bbox 2140 3092 3727 3166; baseline 0.002 -19"><span class='ocrx_word' id='word_1_395' title='bbox 2140 3092 2424 3154; x_wconf 77' lang='grc' dir='ltr'><strong>ἅνοικείως</strong></span> <span class='ocrx_word' id='word_1_396' title='bbox 2436 3094 2545 3147; x_wconf 76' lang='grc' dir='ltr'><strong>οὐδ’</strong></span> <span class='ocrx_word' id='word_1_397' title='bbox 2561 3095 2831 3150; x_wconf 81' lang='grc' dir='ltr'><strong>ὁπωσοῦν.</strong></span> <span class='ocrx_word' id='word_1_398' title='bbox 2852 3094 3117 3150; x_wconf 84' lang='grc' dir='ltr'><strong>Ἐνταῦθα</strong></span> <span class='ocrx_word' id='word_1_399' title='bbox 3132 3095 3191 3149; x_wconf 81' lang='grc' dir='ltr'><strong>δὲ</strong></span> <span class='ocrx_word' id='word_1_400' title='bbox 3210 3098 3361 3149; x_wconf 80' lang='grc' dir='ltr'><strong>ποῖον</strong></span> <span class='ocrx_word' id='word_1_401' title='bbox 3380 3096 3442 3150; x_wconf 80' lang='grc' dir='ltr'><strong>τὸ</strong></span> <span class='ocrx_word' id='word_1_402' title='bbox 3453 3097 3727 3166; x_wconf 75' lang='grc' dir='ltr'><strong>προσφυὲς</strong></span> 
     </span>
    </p>
   </div>
   <div class='ocr_carea' id='block_1_62' title="bbox 444 3164 2038 3260">
    <p class='ocr_par' dir='ltr' id='par_1_62' title="bbox 444 3164 2034 3234">
     <span class='ocr_line' id='line_1_62' title="bbox 444 3164 2034 3234; baseline 0 -16"><span class='ocrx_word' id='word_1_403' title='bbox 444 3174 531 3218; x_wconf 77' lang='lat' dir='ltr'><strong>est</strong></span> <span class='ocrx_word' id='word_1_404' title='bbox 564 3164 937 3218; x_wconf 83' lang='lat' dir='ltr'><strong>similitudinis</strong></span> <span class='ocrx_word' id='word_1_405' title='bbox 965 3179 1090 3218; x_wconf 87' lang='lat' dir='ltr'><strong>cum</strong></span> <span class='ocrx_word' id='word_1_406' title='bbox 1128 3164 1198 3219; x_wconf 87' lang='lat' dir='ltr'><strong>iis</strong></span> <span class='ocrx_word' id='word_1_407' title='bbox 1227 3166 1318 3234; x_wconf 87' lang='lat' dir='ltr'><strong>qui</strong></span> <span class='ocrx_word' id='word_1_408' title='bbox 1346 3165 1733 3234; x_wconf 84' lang='lat' dir='ltr'><strong>productorem</strong></span> <span class='ocrx_word' id='word_1_409' title='bbox 1766 3180 1890 3221; x_wconf 87' lang='lat' dir='ltr'><strong>esse</strong></span> <span class='ocrx_word' id='word_1_410' title='bbox 1925 3164 2034 3219; x_wconf 84' lang='lat' dir='ltr'><strong>Pa-</strong></span> 
     </span>
    </p>
   </div>
   <div class='ocr_carea' id='block_1_63' title="bbox 2141 3164 3727 3260">
    <p class='ocr_par' dir='ltr' id='par_1_63' title="bbox 2141 3164 3727 3260">
     <span class='ocr_line' id='line_1_63' title="bbox 2141 3164 3727 3260; baseline 0.002 -22"><span class='ocrx_word' id='word_1_411' title='bbox 2141 3186 2241 3258; x_wconf 76' lang='grc' dir='ltr'><strong>τῆς</strong></span> <span class='ocrx_word' id='word_1_412' title='bbox 2274 3187 2647 3257; x_wconf 69' lang='grc' dir='ltr'><strong>ἐξομοιώσεως</strong></span> <span class='ocrx_word' id='word_1_413' title='bbox 2673 3188 2800 3250; x_wconf 81' lang='grc' dir='ltr'><strong>τοὺς</strong></span> <span class='ocrx_word' id='word_1_414' title='bbox 2851 3188 3153 3260; x_wconf 76' lang='grc' dir='ltr'><strong>προδολεὺς</strong></span> <span class='ocrx_word' id='word_1_415' title='bbox 3205 3164 3642 3259; x_wconf 77' lang='grc' dir='ltr'><strong>ἀναγορεύοντας</strong></span> <span class='ocrx_word' id='word_1_416' title='bbox 3698 3190 3727 3241; x_wconf 85' lang='grc' dir='ltr'><strong>δ</strong></span> 
     </span>
    </p>
   </div>
   <div class='ocr_carea' id='block_1_64' title="bbox 443 3257 2036 3330">
    <p class='ocr_par' dir='ltr' id='par_1_64' title="bbox 443 3257 2036 3330">
     <span class='ocr_line' id='line_1_64' title="bbox 443 3257 2036 3330; baseline 0.003 -19"><span class='ocrx_word' id='word_1_417' title='bbox 443 3269 583 3312; x_wconf 74' lang='lat' dir='ltr'><strong>trem</strong></span> <span class='ocrx_word' id='word_1_418' title='bbox 613 3266 951 3321; x_wconf 79' lang='lat' dir='ltr'><strong>asseverant,</strong></span> <span class='ocrx_word' id='word_1_419' title='bbox 978 3264 1033 3310; x_wconf 87' lang='lat' dir='ltr'><strong>et</strong></span> <span class='ocrx_word' id='word_1_420' title='bbox 1057 3257 1226 3311; x_wconf 76' lang='lat' dir='ltr'><strong>solum</strong></span> <span class='ocrx_word' id='word_1_421' title='bbox 1256 3272 1367 3313; x_wconf 93' lang='lat' dir='ltr'><strong>non</strong></span> <span class='ocrx_word' id='word_1_422' title='bbox 1388 3259 1684 3330; x_wconf 89' lang='lat' dir='ltr'><strong>accipiunt,</strong></span> <span class='ocrx_word' id='word_1_423' title='bbox 1707 3260 1852 3329; x_wconf 86' lang='lat' dir='ltr'><strong>quod</strong></span> <span class='ocrx_word' id='word_1_424' title='bbox 1874 3275 2036 3315; x_wconf 90' lang='lat' dir='ltr'><strong>nemo</strong></span> 
     </span>
    </p>
   </div>
   <div class='ocr_carea' id='block_1_65' title="bbox 442 3348 2035 3419">
    <p class='ocr_par' dir='ltr' id='par_1_65' title="bbox 442 3348 2035 3419">
     <span class='ocr_line' id='line_1_65' title="bbox 442 3348 2035 3419; baseline 0.003 -14"><span class='ocrx_word' id='word_1_425' title='bbox 442 3367 511 3405; x_wconf 77' lang='lat' dir='ltr'><strong>ex</strong></span> <span class='ocrx_word' id='word_1_426' title='bbox 568 3348 820 3404; x_wconf 84' lang='lat' dir='ltr'><strong>Patribus</strong></span> <span class='ocrx_word' id='word_1_427' title='bbox 858 3350 1279 3419; x_wconf 82' lang='lat' dir='ltr'><strong>pronuntiavit?</strong></span> <span class='ocrx_word' id='word_1_428' title='bbox 1327 3349 1444 3417; x_wconf 91' lang='lat' dir='ltr'><strong>Qua</strong></span> <span class='ocrx_word' id='word_1_429' title='bbox 1495 3352 1642 3406; x_wconf 87' lang='lat' dir='ltr'><strong>enim</strong></span> <span class='ocrx_word' id='word_1_430' title='bbox 1693 3353 1927 3419; x_wconf 89' lang='lat' dir='ltr'><strong>ratione,</strong></span> <span class='ocrx_word' id='word_1_431' title='bbox 1988 3353 2035 3409; x_wconf 91' lang='lat' dir='ltr'><strong>si</strong></span> 
     </span>
    </p>
   </div>
   <div class='ocr_carea' id='block_1_66' title="bbox 441 3441 2035 3512">
    <p class='ocr_par' dir='ltr' id='par_1_66' title="bbox 441 3441 2035 3512">
     <span class='ocr_line' id='line_1_66' title="bbox 441 3441 2035 3512; baseline 0.005 -19"><span class='ocrx_word' id='word_1_432' title='bbox 441 3442 735 3510; x_wconf 83' lang='lat' dir='ltr'><strong>productur</strong></span> <span class='ocrx_word' id='word_1_433' title='bbox 778 3452 861 3497; x_wconf 90' lang='lat' dir='ltr'><strong>est</strong></span> <span class='ocrx_word' id='word_1_434' title='bbox 905 3458 1003 3512; x_wconf 89' lang='lat' dir='ltr'><strong>per</strong></span> <span class='ocrx_word' id='word_1_435' title='bbox 1046 3441 1267 3509; x_wconf 78' lang='lat' dir='ltr'><strong>Filium,</strong></span> <span class='ocrx_word' id='word_1_436' title='bbox 1298 3445 1586 3500; x_wconf 90' lang='lat' dir='ltr'><strong>contendit</strong></span> <span class='ocrx_word' id='word_1_437' title='bbox 1626 3446 1827 3502; x_wconf 78' lang='lat' dir='ltr'><strong>similia</strong></span> <span class='ocrx_word' id='word_1_438' title='bbox 1854 3462 2035 3503; x_wconf 88' lang='lat' dir='ltr'><strong>enun-</strong></span> 
     </span>
    </p>
   </div>
   <div class='ocr_carea' id='block_1_67' title="bbox 444 3535 2037 3606">
    <p class='ocr_par' dir='ltr' id='par_1_67' title="bbox 444 3535 2037 3606">
     <span class='ocr_line' id='line_1_67' title="bbox 444 3535 2037 3606; baseline 0.004 -15"><span class='ocrx_word' id='word_1_439' title='bbox 444 3546 602 3600; x_wconf 74' lang='lat' dir='ltr'><strong>t:are,</strong></span> <span class='ocrx_word' id='word_1_440' title='bbox 627 3539 674 3591; x_wconf 89' lang='lat' dir='ltr'><strong>si</strong></span> <span class='ocrx_word' id='word_1_441' title='bbox 716 3537 840 3606; x_wconf 87' lang='lat' dir='ltr'><strong>quis</strong></span> <span class='ocrx_word' id='word_1_442' title='bbox 886 3535 1154 3591; x_wconf 81' lang='lat' dir='ltr'><strong>fateretur</strong></span> <span class='ocrx_word' id='word_1_443' title='bbox 1194 3536 1367 3592; x_wconf 90' lang='lat' dir='ltr'><strong>Deum</strong></span> <span class='ocrx_word' id='word_1_444' title='bbox 1410 3540 1751 3595; x_wconf 89' lang='lat' dir='ltr'><strong>conditorem</strong></span> <span class='ocrx_word' id='word_1_445' title='bbox 1786 3555 1909 3596; x_wconf 87' lang='lat' dir='ltr'><strong>esse</strong></span> <span class='ocrx_word' id='word_1_446' title='bbox 1936 3556 2037 3597; x_wconf 86' lang='lat' dir='ltr'><strong>na-</strong></span> 
     </span>
    </p>
   </div>
   <div class='ocr_carea' id='block_1_68' title="bbox 442 3631 2037 3706">
    <p class='ocr_par' dir='ltr' id='par_1_68' title="bbox 442 3631 2037 3706">
     <span class='ocr_line' id='line_1_68' title="bbox 442 3631 2037 3706; baseline 0.001 -20"><span class='ocrx_word' id='word_1_447' title='bbox 442 3643 577 3686; x_wconf 73' lang='lat' dir='ltr'><strong>tura:</strong></span> <span class='ocrx_word' id='word_1_448' title='bbox 611 3632 889 3694; x_wconf 62' lang='lat' dir='ltr'><strong>humanas,</strong></span> <span class='ocrx_word' id='word_1_449' title='bbox 918 3631 1262 3699; x_wconf 86' lang='lat' dir='ltr'><strong>postmodum</strong></span> <span class='ocrx_word' id='word_1_450' title='bbox 1301 3647 1425 3686; x_wconf 86' lang='lat' dir='ltr'><strong>eum</strong></span> <span class='ocrx_word' id='word_1_451' title='bbox 1461 3633 1572 3687; x_wconf 83' lang='lat' dir='ltr'><strong>Deo</strong></span> <span class='ocrx_word' id='word_1_452' title='bbox 1614 3635 1778 3688; x_wconf 88' lang='lat' dir='ltr'><strong>etiam</strong></span> <span class='ocrx_word' id='word_1_453' title='bbox 1812 3633 2037 3706; x_wconf 77' lang='lat' dir='ltr'><strong>angelos</strong></span> 
     </span>
    </p>
   </div>
   <div class='ocr_carea' id='block_1_69' title="bbox 434 3720 2036 3795">
    <p class='ocr_par' dir='ltr' id='par_1_69' title="bbox 434 3720 2036 3795">
     <span class='ocr_line' id='line_1_69' title="bbox 434 3720 2036 3795; baseline 0.001 -19"><span class='ocrx_word' id='word_1_454' title='bbox 434 3730 717 3776; x_wconf 67' lang='lat' dir='ltr'><strong>aratores</strong></span> <span class='ocrx_word' id='word_1_455' title='bbox 767 3721 1050 3795; x_wconf 86' lang='lat' dir='ltr'><strong>hominum</strong></span> <span class='ocrx_word' id='word_1_456' title='bbox 1091 3720 1422 3778; x_wconf 77' lang='lat' dir='ltr'><strong>afﬁrmaret?</strong></span> <span class='ocrx_word' id='word_1_457' title='bbox 1463 3723 1724 3790; x_wconf 69' lang='lat' dir='ltr'><strong>Quaenam</strong></span> <span class='ocrx_word' id='word_1_458' title='bbox 1762 3733 1847 3779; x_wconf 90' lang='lat' dir='ltr'><strong>est</strong></span> <span class='ocrx_word' id='word_1_459' title='bbox 1893 3723 2036 3781; x_wconf 85' lang='lat' dir='ltr'><strong>inter</strong></span> 
     </span>
    </p>
   </div>
   <div class='ocr_carea' id='block_1_70' title="bbox 434 3815 2031 3885">
    <p class='ocr_par' dir='ltr' id='par_1_70' title="bbox 434 3815 2031 3885">
     <span class='ocr_line' id='line_1_70' title="bbox 434 3815 2031 3885; baseline 0.002 -15"><span class='ocrx_word' id='word_1_460' title='bbox 434 3815 557 3870; x_wconf 56' lang='lat' dir='ltr'><strong>haec</strong></span> <span class='ocrx_word' id='word_1_461' title='bbox 585 3828 896 3883; x_wconf 72' lang='lat' dir='ltr'><strong>congruens</strong></span> <span class='ocrx_word' id='word_1_462' title='bbox 936 3815 1276 3870; x_wconf 75' lang='lat' dir='ltr'><strong>similitudo?</strong></span> <span class='ocrx_word' id='word_1_463' title='bbox 1316 3815 1452 3881; x_wconf 83' lang='lat' dir='ltr'><strong>sive,</strong></span> <span class='ocrx_word' id='word_1_464' title='bbox 1487 3824 1569 3871; x_wconf 19' lang='lat' dir='ltr'><strong>ut.</strong></span> <span class='ocrx_word' id='word_1_465' title='bbox 1604 3818 1790 3873; x_wconf 83' lang='lat' dir='ltr'><strong>verius</strong></span> <span class='ocrx_word' id='word_1_466' title='bbox 1819 3816 2031 3885; x_wconf 78' lang='lat' dir='ltr'><strong>dixero,</strong></span> 
     </span>
    </p>
   </div>
   <div class='ocr_carea' id='block_1_71' title="bbox 426 3902 2035 3979">
    <p class='ocr_par' dir='ltr' id='par_1_71' title="bbox 426 3902 2035 3979">
     <span class='ocr_line' id='line_1_71' title="bbox 426 3902 2035 3979; baseline 0.006 -24"><span class='ocrx_word' id='word_1_467' title='bbox 426 3909 562 3977; x_wconf 82' lang='lat' dir='ltr'><strong>.qnis</strong></span> <span class='ocrx_word' id='word_1_468' title='bbox 601 3923 663 3959; x_wconf 83' lang='lat' dir='ltr'><strong>ex</strong></span> <span class='ocrx_word' id='word_1_469' title='bbox 694 3906 901 3959; x_wconf 89' lang='lat' dir='ltr'><strong>sanctis</strong></span> <span class='ocrx_word' id='word_1_470' title='bbox 925 3922 955 3959; x_wconf 91' lang='lat' dir='ltr'><strong>a</strong></span> <span class='ocrx_word' id='word_1_471' title='bbox 985 3906 1097 3961; x_wconf 81' lang='lat' dir='ltr'><strong>lleo</strong></span> <span class='ocrx_word' id='word_1_472' title='bbox 1123 3906 1350 3976; x_wconf 76' lang='lat' dir='ltr'><strong>gloriam</strong></span> <span class='ocrx_word' id='word_1_473' title='bbox 1382 3902 1698 3964; x_wconf 79' lang='lat' dir='ltr'><strong>consecutis</strong></span> <span class='ocrx_word' id='word_1_474' title='bbox 1724 3924 1825 3979; x_wconf 86' lang='lat' dir='ltr'><strong>pro</strong></span> <span class='ocrx_word' id='word_1_475' title='bbox 1857 3910 2035 3969; x_wconf 83' lang='lat' dir='ltr'><strong>nihilo</strong></span> 
     </span>
    </p>
   </div>
   <div class='ocr_carea' id='block_1_72' title="bbox 426 3999 2035 4070">
    <p class='ocr_par' dir='ltr' id='par_1_72' title="bbox 426 3999 2035 4070">
     <span class='ocr_line' id='line_1_72' title="bbox 426 3999 2035 4070; baseline 0.004 -18"><span class='ocrx_word' id='word_1_476' title='bbox 426 4017 549 4055; x_wconf 70' lang='lat' dir='ltr'><strong>,nou</strong></span> <span class='ocrx_word' id='word_1_477' title='bbox 596 3999 931 4055; x_wconf 81' lang='lat' dir='ltr'><strong>haberetur?</strong></span> <span class='ocrx_word' id='word_1_478' title='bbox 955 4000 1079 4070; x_wconf 89' lang='lat' dir='ltr'><strong>quis</strong></span> <span class='ocrx_word' id='word_1_479' title='bbox 1106 4015 1218 4054; x_wconf 87' lang='lat' dir='ltr'><strong>non</strong></span> <span class='ocrx_word' id='word_1_480' title='bbox 1247 4001 1515 4057; x_wconf 82' lang='lat' dir='ltr'><strong>conviciis</strong></span> <span class='ocrx_word' id='word_1_481' title='bbox 1542 4002 1947 4060; x_wconf 82' lang='lat' dir='ltr'><strong>lacesseretur?</strong></span> <span class='ocrx_word' id='word_1_482' title='bbox 1969 4005 2035 4066; x_wconf 72' lang='lat' dir='ltr'><strong>Et</strong></span> 
     </span>
    </p>
   </div>
   <div class='ocr_carea' id='block_1_73' title="bbox 418 4092 2035 4163">
    <p class='ocr_par' dir='ltr' id='par_1_73' title="bbox 418 4092 2035 4163">
     <span class='ocr_line' id='line_1_73' title="bbox 418 4092 2035 4163; baseline 0.004 -18"><span class='ocrx_word' id='word_1_483' title='bbox 418 4106 565 4148; x_wconf 79' lang='lat' dir='ltr'><strong>ante</strong></span> <span class='ocrx_word' id='word_1_484' title='bbox 589 4093 727 4146; x_wconf 88' lang='lat' dir='ltr'><strong>alios</strong></span> <span class='ocrx_word' id='word_1_485' title='bbox 757 4092 853 4162; x_wconf 86' lang='lat' dir='ltr'><strong>qui</strong></span> <span class='ocrx_word' id='word_1_486' title='bbox 882 4106 1080 4163; x_wconf 86' lang='lat' dir='ltr'><strong>magna</strong></span> <span class='ocrx_word' id='word_1_487' title='bbox 1100 4107 1233 4149; x_wconf 88' lang='lat' dir='ltr'><strong>voce</strong></span> <span class='ocrx_word' id='word_1_488' title='bbox 1260 4093 1428 4149; x_wconf 88' lang='lat' dir='ltr'><strong>edicit</strong></span> <span class='ocrx_word' id='word_1_489' title='bbox 1455 4110 1471 4153; x_wconf 83' lang='lat'><strong>:</strong></span> <span class='ocrx_word' id='word_1_490' title='bbox 1495 4112 1514 4146; x_wconf 82' lang='grc' dir='ltr'><strong>ι</strong></span> <span class='ocrx_word' id='word_1_491' title='bbox 1546 4096 1849 4153; x_wconf 84' lang='lat' dir='ltr'><strong>Productor</strong></span> <span class='ocrx_word' id='word_1_492' title='bbox 1874 4097 2035 4155; x_wconf 85' lang='lat' dir='ltr'><strong>Pater</strong></span> 
     </span>
    </p>
   </div>
   <div class='ocr_carea' id='block_1_74' title="bbox 422 4184 2033 4258">
    <p class='ocr_par' dir='ltr' id='par_1_74' title="bbox 422 4184 2033 4258">
     <span class='ocr_line' id='line_1_74' title="bbox 422 4184 2033 4258; baseline 0.002 -14"><span class='ocrx_word' id='word_1_493' title='bbox 422 4203 537 4258; x_wconf 78' lang='lat' dir='ltr'><strong>.pcr</strong></span> <span class='ocrx_word' id='word_1_494' title='bbox 568 4184 811 4240; x_wconf 70' lang='lat' dir='ltr'><strong>Verbum</strong></span> <span class='ocrx_word' id='word_1_495' title='bbox 856 4186 1155 4240; x_wconf 89' lang='lat' dir='ltr'><strong>revelantis</strong></span> <span class='ocrx_word' id='word_1_496' title='bbox 1189 4186 1470 4257; x_wconf 86' lang='lat' dir='ltr'><strong>Spiritus?</strong></span> <span class='ocrx_word' id='word_1_497' title='bbox 1504 4207 1524 4241; x_wconf 75' lang='grc' dir='ltr'><strong>ι</strong></span> <span class='ocrx_word' id='word_1_498' title='bbox 1571 4188 1927 4247; x_wconf 78' lang='lat' dir='ltr'><strong>Pestmodum</strong></span> <span class='ocrx_word' id='word_1_499' title='bbox 1975 4192 2033 4247; x_wconf 88' lang='lat' dir='ltr'><strong>in</strong></span> 
     </span>
    </p>
   </div>
   <div class='ocr_carea' id='block_1_75' title="bbox 424 4276 2033 4352">
    <p class='ocr_par' dir='ltr' id='par_1_75' title="bbox 424 4276 2033 4352">
     <span class='ocr_line' id='line_1_75' title="bbox 424 4276 2033 4352; baseline 0.004 -19"><span class='ocrx_word' id='word_1_500' title='bbox 424 4276 787 4348; x_wconf 76' lang='lat' dir='ltr'><strong>dogmatibus</strong></span> <span class='ocrx_word' id='word_1_501' title='bbox 808 4277 1127 4332; x_wconf 90' lang='lat' dir='ltr'><strong>asserendis</strong></span> <span class='ocrx_word' id='word_1_502' title='bbox 1151 4278 1493 4348; x_wconf 77' lang='lat' dir='ltr'><strong>conspicuus</strong></span> <span class='ocrx_word' id='word_1_503' title='bbox 1509 4279 1869 4352; x_wconf 85' lang='lat' dir='ltr'><strong>Epiphanius,</strong></span> <span class='ocrx_word' id='word_1_504' title='bbox 1906 4302 1925 4335; x_wconf 81' lang='grc' dir='ltr'><strong>ι</strong></span> <span class='ocrx_word' id='word_1_505' title='bbox 1963 4297 2033 4339; x_wconf 81' lang='lat' dir='ltr'><strong>ex</strong></span> 
     </span>
    </p>
   </div>
   <div class='ocr_carea' id='block_1_76' title="bbox 430 4368 2033 4443">
    <p class='ocr_par' dir='ltr' id='par_1_76' title="bbox 430 4368 2033 4443">
     <span class='ocr_line' id='line_1_76' title="bbox 430 4368 2033 4443; baseline 0.004 -16"><span class='ocrx_word' id='word_1_506' title='bbox 430 4368 627 4427; x_wconf 87' lang='lat' dir='ltr'><strong>eadem</strong></span> <span class='ocrx_word' id='word_1_507' title='bbox 651 4371 890 4427; x_wconf 84' lang='lat' dir='ltr'><strong>essentia</strong></span> <span class='ocrx_word' id='word_1_508' title='bbox 922 4369 1098 4426; x_wconf 86' lang='lat' dir='ltr'><strong>Patris</strong></span> <span class='ocrx_word' id='word_1_509' title='bbox 1124 4381 1182 4426; x_wconf 89' lang='lat' dir='ltr'><strong>et</strong></span> <span class='ocrx_word' id='word_1_510' title='bbox 1212 4372 1337 4427; x_wconf 85' lang='lat' dir='ltr'><strong>Filii</strong></span> <span class='ocrx_word' id='word_1_511' title='bbox 1362 4372 1674 4443; x_wconf 66' lang='lat' dir='ltr'><strong>Spiritum:</strong></span> <span class='ocrx_word' id='word_1_512' title='bbox 1713 4375 1940 4441; x_wconf 87' lang='lat' dir='ltr'><strong>docens,</strong></span> <span class='ocrx_word' id='word_1_513' title='bbox 1976 4385 2033 4433; x_wconf 93' lang='lat' dir='ltr'><strong>et</strong></span> 
     </span>
    </p>
   </div>
   <div class='ocr_carea' id='block_1_77' title="bbox 2140 3280 3726 3353">
    <p class='ocr_par' dir='ltr' id='par_1_77' title="bbox 2140 3280 3726 3353">
     <span class='ocr_line' id='line_1_77' title="bbox 2140 3280 3726 3353; baseline 0 -19"><span class='ocrx_word' id='word_1_514' title='bbox 2140 3280 2355 3352; x_wconf 76' lang='grc' dir='ltr'><strong>Πατὴρ,</strong></span> <span class='ocrx_word' id='word_1_515' title='bbox 2387 3282 2482 3333; x_wconf 72' lang='grc' dir='ltr'><strong>καὶ</strong></span> <span class='ocrx_word' id='word_1_516' title='bbox 2507 3281 2582 3352; x_wconf 86' lang='grc' dir='ltr'><strong>μὴ</strong></span> <span class='ocrx_word' id='word_1_517' title='bbox 2622 3282 3024 3352; x_wconf 83' lang='grc' dir='ltr'><strong>προσιεμένους</strong></span> <span class='ocrx_word' id='word_1_518' title='bbox 3058 3283 3120 3335; x_wconf 78' lang='grc' dir='ltr'><strong>τὸ</strong></span> <span class='ocrx_word' id='word_1_519' title='bbox 3136 3283 3349 3351; x_wconf 75' lang='grc' dir='ltr'><strong>μόνος,</strong></span> <span class='ocrx_word' id='word_1_520' title='bbox 3374 3283 3513 3353; x_wconf 81' lang='grc' dir='ltr'><strong>ὅπερ</strong></span> <span class='ocrx_word' id='word_1_521' title='bbox 3555 3283 3726 3344; x_wconf 75' lang='grc' dir='ltr'><strong>οὐδεὶς</strong></span> 
     </span>
    </p>
   </div>
   <div class='ocr_carea' id='block_1_78' title="bbox 2137 3371 3725 3448">
    <p class='ocr_par' dir='ltr' id='par_1_78' title="bbox 2137 3371 3725 3448">
     <span class='ocr_line' id='line_1_78' title="bbox 2137 3371 3725 3448; baseline 0.002 -23"><span class='ocrx_word' id='word_1_522' title='bbox 2137 3371 2249 3425; x_wconf 79' lang='grc' dir='ltr'><strong>τῶν</strong></span> <span class='ocrx_word' id='word_1_523' title='bbox 2291 3373 2464 3441; x_wconf 82' lang='grc' dir='ltr'><strong>ἁγίων</strong></span> <span class='ocrx_word' id='word_1_524' title='bbox 2497 3374 2714 3446; x_wconf 76' lang='grc' dir='ltr'><strong>εἰρήκει</strong></span> <span class='ocrx_word' id='word_1_525' title='bbox 2741 3390 2757 3441; x_wconf 89' lang='lat'><strong>;</strong></span> <span class='ocrx_word' id='word_1_526' title='bbox 2783 3374 2906 3438; x_wconf 94' lang='grc' dir='ltr'><strong>Πῶς</strong></span> <span class='ocrx_word' id='word_1_527' title='bbox 2932 3375 3040 3445; x_wconf 85' lang='grc' dir='ltr'><strong>γὰρ</strong></span> <span class='ocrx_word' id='word_1_528' title='bbox 3079 3374 3132 3428; x_wconf 75' lang='grc' dir='ltr'><strong>εἰ</strong></span> <span class='ocrx_word' id='word_1_529' title='bbox 3150 3392 3214 3444; x_wconf 78' lang='grc' dir='ltr'><strong>γε</strong></span> <span class='ocrx_word' id='word_1_530' title='bbox 3249 3375 3317 3428; x_wconf 86' lang='grc' dir='ltr'><strong>δι’</strong></span> <span class='ocrx_word' id='word_1_531' title='bbox 3344 3375 3477 3430; x_wconf 83' lang='grc' dir='ltr'><strong>Υίοῦ</strong></span> <span class='ocrx_word' id='word_1_532' title='bbox 3527 3379 3725 3448; x_wconf 52' lang='lat'><strong>£9060-</strong></span> 
     </span>
    </p>
   </div>
   <div class='ocr_carea' id='block_1_79' title="bbox 2136 3463 3725 3539">
    <p class='ocr_par' dir='ltr' id='par_1_79' title="bbox 2136 3463 3725 3539">
     <span class='ocr_line' id='line_1_79' title="bbox 2136 3463 3725 3539; baseline 0.002 -20"><span class='ocrx_word' id='word_1_533' title='bbox 2136 3463 2262 3528; x_wconf 74' lang='grc' dir='ltr'><strong>λεὺς</strong></span> <span class='ocrx_word' id='word_1_534' title='bbox 2289 3464 2719 3537; x_wconf 78' lang='grc' dir='ltr'><strong>διισχυρίζεσθαι</strong></span> <span class='ocrx_word' id='word_1_535' title='bbox 2747 3466 3025 3538; x_wconf 86' lang='grc' dir='ltr'><strong>παρόμοια</strong></span> <span class='ocrx_word' id='word_1_536' title='bbox 3060 3470 3313 3539; x_wconf 77' lang='grc' dir='ltr'><strong>φάσκειν,</strong></span> <span class='ocrx_word' id='word_1_537' title='bbox 3353 3469 3411 3522; x_wconf 73' lang='lat' dir='ltr'><strong>at</strong></span> <span class='ocrx_word' id='word_1_538' title='bbox 3450 3486 3536 3533; x_wconf 83' lang='grc' dir='ltr'><strong>τις</strong></span> <span class='ocrx_word' id='word_1_539' title='bbox 3577 3468 3725 3537; x_wconf 80' lang='grc' dir='ltr'><strong>ὡμο-</strong></span> 
     </span>
    </p>
   </div>
   <div class='ocr_carea' id='block_1_80' title="bbox 2137 3558 3727 3635">
    <p class='ocr_par' dir='ltr' id='par_1_80' title="bbox 2137 3558 3727 3635">
     <span class='ocr_line' id='line_1_80' title="bbox 2137 3558 3727 3635; baseline 0.003 -23"><span class='ocrx_word' id='word_1_540' title='bbox 2137 3558 2285 3628; x_wconf 85' lang='grc' dir='ltr'><strong>λόγει</strong></span> <span class='ocrx_word' id='word_1_541' title='bbox 2311 3559 2537 3631; x_wconf 78' lang='grc' dir='ltr'><strong>κτίστην</strong></span> <span class='ocrx_word' id='word_1_542' title='bbox 2553 3561 2643 3614; x_wconf 76' lang='grc' dir='ltr'><strong>τὸν</strong></span> <span class='ocrx_word' id='word_1_543' title='bbox 2671 3560 2803 3615; x_wconf 79' lang='grc' dir='ltr'><strong>Θεὸν</strong></span> <span class='ocrx_word' id='word_1_544' title='bbox 2824 3559 2965 3616; x_wconf 80' lang='grc' dir='ltr'><strong>εἶναι</strong></span> <span class='ocrx_word' id='word_1_545' title='bbox 2995 3562 3095 3633; x_wconf 79' lang='grc' dir='ltr'><strong>τῆς</strong></span> <span class='ocrx_word' id='word_1_546' title='bbox 3128 3562 3344 3633; x_wconf 78' lang='grc' dir='ltr'><strong>φύσεως</strong></span> <span class='ocrx_word' id='word_1_547' title='bbox 3364 3562 3477 3617; x_wconf 85' lang='grc' dir='ltr'><strong>τῶν</strong></span> <span class='ocrx_word' id='word_1_548' title='bbox 3514 3563 3727 3635; x_wconf 78' lang='grc' dir='ltr'><strong>ἀνθρὼ-</strong></span> 
     </span>
    </p>
   </div>
   <div class='ocr_carea' id='block_1_81' title="bbox 2137 3649 3721 3730">
    <p class='ocr_par' dir='ltr' id='par_1_81' title="bbox 2137 3649 3721 3730">
     <span class='ocr_line' id='line_1_81' title="bbox 2137 3649 3721 3730; baseline 0.003 -23"><span class='ocrx_word' id='word_1_549' title='bbox 2137 3669 2281 3717; x_wconf 85' lang='grc' dir='ltr'><strong>πων,</strong></span> <span class='ocrx_word' id='word_1_550' title='bbox 2307 3649 2427 3708; x_wconf 82' lang='grc' dir='ltr'><strong>εῐτα</strong></span> <span class='ocrx_word' id='word_1_551' title='bbox 2461 3655 2601 3722; x_wconf 80' lang='grc' dir='ltr'><strong>μετὰ</strong></span> <span class='ocrx_word' id='word_1_552' title='bbox 2623 3653 2715 3708; x_wconf 87' lang='grc' dir='ltr'><strong>τοῦ</strong></span> <span class='ocrx_word' id='word_1_553' title='bbox 2740 3654 2876 3709; x_wconf 82' lang='grc' dir='ltr'><strong>Θεοῦ</strong></span> <span class='ocrx_word' id='word_1_554' title='bbox 2909 3657 3006 3710; x_wconf 79' lang='grc' dir='ltr'><strong>καὶ</strong></span> <span class='ocrx_word' id='word_1_555' title='bbox 3036 3657 3162 3721; x_wconf 75' lang='grc' dir='ltr'><strong>τοὺς</strong></span> <span class='ocrx_word' id='word_1_556' title='bbox 3187 3657 3459 3726; x_wconf 81' lang='grc' dir='ltr'><strong>ἀγγέλους</strong></span> <span class='ocrx_word' id='word_1_557' title='bbox 3493 3662 3721 3730; x_wconf 66' lang='grc' dir='ltr'><strong>ποιητὰς</strong></span> 
     </span>
    </p>
   </div>
   <div class='ocr_carea' id='block_1_82' title="bbox 2138 3744 3722 3821">
    <p class='ocr_par' dir='ltr' id='par_1_82' title="bbox 2138 3744 3722 3821">
     <span class='ocr_line' id='line_1_82' title="bbox 2138 3744 3722 3821; baseline 0.004 -23"><span class='ocrx_word' id='word_1_558' title='bbox 2138 3744 2320 3798; x_wconf 83' lang='grc' dir='ltr'><strong>αὐτῶν</strong></span> <span class='ocrx_word' id='word_1_559' title='bbox 2339 3746 2721 3815; x_wconf 81' lang='grc' dir='ltr'><strong>ἀποφαίνεται,</strong></span> <span class='ocrx_word' id='word_1_560' title='bbox 2745 3748 2876 3802; x_wconf 85' lang='grc' dir='ltr'><strong>ποία</strong></span> <span class='ocrx_word' id='word_1_561' title='bbox 2905 3764 2987 3814; x_wconf 87' lang='grc' dir='ltr'><strong>τις</strong></span> <span class='ocrx_word' id='word_1_562' title='bbox 3017 3750 3051 3819; x_wconf 77' lang='grc' dir='ltr'><strong>η</strong></span> <span class='ocrx_word' id='word_1_563' title='bbox 3082 3750 3220 3820; x_wconf 78' lang='grc' dir='ltr'><strong>πρὸς</strong></span> <span class='ocrx_word' id='word_1_564' title='bbox 3255 3750 3426 3805; x_wconf 83' lang='grc' dir='ltr'><strong>ταῦτα</strong></span> <span class='ocrx_word' id='word_1_565' title='bbox 3453 3753 3722 3821; x_wconf 78' lang='grc' dir='ltr'><strong>κατάλλη-</strong></span> 
     </span>
    </p>
   </div>
   <div class='ocr_carea' id='block_1_83' title="bbox 2136 3838 3722 3915">
    <p class='ocr_par' dir='ltr' id='par_1_83' title="bbox 2136 3838 3722 3915">
     <span class='ocr_line' id='line_1_83' title="bbox 2136 3838 3722 3915; baseline 0.004 -24"><span class='ocrx_word' id='word_1_566' title='bbox 2136 3838 2228 3900; x_wconf 86' lang='grc' dir='ltr'><strong>λος</strong></span> <span class='ocrx_word' id='word_1_567' title='bbox 2257 3839 2477 3892; x_wconf 76' lang='grc' dir='ltr'><strong>εἰκασία</strong></span> <span class='ocrx_word' id='word_1_568' title='bbox 2502 3856 2516 3906; x_wconf 88' lang='grc'>;</span> <span class='ocrx_word' id='word_1_569' title='bbox 2603 3840 2835 3911; x_wconf 78' lang='grc' dir='ltr'><strong>τάληθὲς</strong></span> <span class='ocrx_word' id='word_1_570' title='bbox 2869 3842 3067 3912; x_wconf 81' lang='grc' dir='ltr'><strong>μᾶλλον</strong></span> <span class='ocrx_word' id='word_1_571' title='bbox 3094 3846 3292 3911; x_wconf 80' lang='grc' dir='ltr'><strong>εἰπεῖν,</strong></span> <span class='ocrx_word' id='word_1_572' title='bbox 3348 3847 3502 3908; x_wconf 84' lang='grc' dir='ltr'><strong>ποῖος</strong></span> <span class='ocrx_word' id='word_1_573' title='bbox 3538 3845 3722 3900; x_wconf 74' lang='grc' dir='ltr'><strong>ἐντεῦ-</strong></span> 
     </span>
    </p>
   </div>
   <div class='ocr_carea' id='block_1_84' title="bbox 2136 3932 3718 4013">
    <p class='ocr_par' dir='ltr' id='par_1_84' title="bbox 2136 3932 3718 4013">
     <span class='ocr_line' id='line_1_84' title="bbox 2136 3932 3718 4013; baseline 0.006 -27"><span class='ocrx_word' id='word_1_574' title='bbox 2136 3933 2230 3987; x_wconf 87' lang='grc' dir='ltr'><strong>θεν</strong></span> <span class='ocrx_word' id='word_1_575' title='bbox 2249 3932 2360 3986; x_wconf 85' lang='grc' dir='ltr'><strong>τῶν</strong></span> <span class='ocrx_word' id='word_1_576' title='bbox 2411 3932 2773 3999; x_wconf 78' lang='grc' dir='ltr'><strong>θεοδοξάστων</strong></span> <span class='ocrx_word' id='word_1_577' title='bbox 2827 3936 2929 3989; x_wconf 84' lang='grc' dir='ltr'><strong>οὐκ</strong></span> <span class='ocrx_word' id='word_1_578' title='bbox 2972 3935 3350 4002; x_wconf 80' lang='grc' dir='ltr'><strong>ὲξουθενοῦται</strong></span> <span class='ocrx_word' id='word_1_579' title='bbox 3406 3942 3718 4013; x_wconf 74' lang='grc' dir='ltr'><strong>Πατὲρωνς</strong></span> 
     </span>
    </p>
   </div>
   <div class='ocr_carea' id='block_1_85' title="bbox 2136 4026 3718 4107">
    <p class='ocr_par' dir='ltr' id='par_1_85' title="bbox 2136 4026 3718 4107">
     <span class='ocr_line' id='line_1_85' title="bbox 2136 4026 3718 4107; baseline 0.006 -27"><span class='ocrx_word' id='word_1_580' title='bbox 2136 4028 2290 4091; x_wconf 87' lang='grc' dir='ltr'><strong>ποῖος</strong></span> <span class='ocrx_word' id='word_1_581' title='bbox 2314 4026 2375 4080; x_wconf 81' lang='grc' dir='ltr'><strong>οὐ</strong></span> <span class='ocrx_word' id='word_1_582' title='bbox 2403 4026 2725 4099; x_wconf 79' lang='grc' dir='ltr'><strong>λοιδορεῖται</strong></span> <span class='ocrx_word' id='word_1_583' title='bbox 2754 4045 2770 4094; x_wconf 89' lang='lat'><strong>;</strong></span> <span class='ocrx_word' id='word_1_584' title='bbox 2809 4029 3037 4099; x_wconf 82' lang='grc' dir='ltr'><strong>Πρῶτον</strong></span> <span class='ocrx_word' id='word_1_585' title='bbox 3087 4031 3189 4099; x_wconf 78' lang='grc' dir='ltr'><strong>μὲν</strong></span> <span class='ocrx_word' id='word_1_586' title='bbox 3218 4033 3314 4087; x_wconf 77' lang='grc' dir='ltr'><strong>καὶ</strong></span> <span class='ocrx_word' id='word_1_587' title='bbox 3337 4034 3520 4097; x_wconf 78' lang='grc' dir='ltr'><strong>ἀὐτὸς</strong></span> <span class='ocrx_word' id='word_1_588' title='bbox 3547 4039 3577 4089; x_wconf 85' lang='grc' dir='ltr'>ὁ</span> <span class='ocrx_word' id='word_1_589' title='bbox 3620 4053 3718 4107; x_wconf 78' lang='grc' dir='ltr'><strong>με·</strong></span> 
     </span>
    </p>
   </div>
   <div class='ocr_carea' id='block_1_86' title="bbox 2133 4116 3719 4198">
    <p class='ocr_par' dir='ltr' id='par_1_86' title="bbox 2133 4116 3719 4198">
     <span class='ocr_line' id='line_1_86' title="bbox 2133 4116 3719 4198; baseline 0.006 -24"><span class='ocrx_word' id='word_1_590' title='bbox 2133 4119 2466 4191; x_wconf 82' lang='grc' dir='ltr'><strong>γαλοφὼνως</strong></span> <span class='ocrx_word' id='word_1_591' title='bbox 2500 4119 2766 4189; x_wconf 82' lang='grc' dir='ltr'><strong>θεολογῶν</strong></span> <span class='ocrx_word' id='word_1_592' title='bbox 2787 4137 2800 4151; x_wconf 89' lang='grc'>·</span> <span class='ocrx_word' id='word_1_593' title='bbox 2841 4141 2859 4174; x_wconf 79' lang='grc' dir='ltr'><strong>ι</strong></span> <span class='ocrx_word' id='word_1_594' title='bbox 2883 4116 3197 4192; x_wconf 74' lang='grc' dir='ltr'><strong>Προὸολεὺς</strong></span> <span class='ocrx_word' id='word_1_595' title='bbox 3225 4126 3254 4177; x_wconf 79' lang='grc' dir='ltr'><strong>ὁ</strong></span> <span class='ocrx_word' id='word_1_596' title='bbox 3286 4127 3473 4198; x_wconf 74' lang='grc' dir='ltr'><strong>Πατὴρ</strong></span> <span class='ocrx_word' id='word_1_597' title='bbox 3505 4128 3593 4182; x_wconf 79' lang='grc' dir='ltr'><strong>διὰ</strong></span> <span class='ocrx_word' id='word_1_598' title='bbox 3620 4132 3719 4183; x_wconf 80' lang='grc' dir='ltr'><strong>Δό-</strong></span> 
     </span>
    </p>
   </div>
   <div class='ocr_carea' id='block_1_87' title="bbox 2133 4213 3718 4294">
    <p class='ocr_par' dir='ltr' id='par_1_87' title="bbox 2133 4213 3718 4294">
     <span class='ocr_line' id='line_1_87' title="bbox 2133 4213 3718 4294; baseline 0.006 -27"><span class='ocrx_word' id='word_1_599' title='bbox 2133 4228 2230 4283; x_wconf 89' lang='grc' dir='ltr'><strong>γου</strong></span> <span class='ocrx_word' id='word_1_600' title='bbox 2245 4213 2340 4268; x_wconf 80' lang='grc' dir='ltr'><strong>τοῦ</strong></span> <span class='ocrx_word' id='word_1_601' title='bbox 2361 4214 2755 4285; x_wconf 83' lang='grc' dir='ltr'><strong>ὲκφαντορικοῦ</strong></span> <span class='ocrx_word' id='word_1_602' title='bbox 2786 4215 3123 4287; x_wconf 85' lang='grc' dir='ltr'><strong>Πνεύματος.</strong></span> <span class='ocrx_word' id='word_1_603' title='bbox 3166 4239 3186 4272; x_wconf 76' lang='grc' dir='ltr'><strong>ι</strong></span> <span class='ocrx_word' id='word_1_604' title='bbox 3222 4217 3355 4275; x_wconf 76' lang='grc' dir='ltr'><strong>Εἶτα</strong></span> <span class='ocrx_word' id='word_1_605' title='bbox 3376 4224 3490 4286; x_wconf 81' lang='grc' dir='ltr'><strong>τοῖς</strong></span> <span class='ocrx_word' id='word_1_606' title='bbox 3516 4223 3718 4294; x_wconf 79' lang='grc' dir='ltr'><strong>δόγμα-</strong></span> 
     </span>
    </p>
   </div>
   <div class='ocr_carea' id='block_1_88' title="bbox 2135 4306 3715 4389">
    <p class='ocr_par' dir='ltr' id='par_1_88' title="bbox 2135 4306 3715 4389">
     <span class='ocr_line' id='line_1_88' title="bbox 2135 4306 3715 4389; baseline 0.006 -29"><span class='ocrx_word' id='word_1_607' title='bbox 2135 4323 2220 4360; x_wconf 93' lang='grc' dir='ltr'><strong>σιν</strong></span> <span class='ocrx_word' id='word_1_608' title='bbox 2251 4308 2280 4360; x_wconf 85' lang='grc' dir='ltr'><strong>ό</strong></span> <span class='ocrx_word' id='word_1_609' title='bbox 2306 4306 2472 4371; x_wconf 80' lang='grc' dir='ltr'><strong>πολὺς</strong></span> <span class='ocrx_word' id='word_1_610' title='bbox 2513 4307 2851 4379; x_wconf 82' lang='grc' dir='ltr'><strong>Ἐπιφάνιος,</strong></span> <span class='ocrx_word' id='word_1_611' title='bbox 2885 4311 2951 4363; x_wconf 85' lang='grc' dir='ltr'><strong>ὲκ</strong></span> <span class='ocrx_word' id='word_1_612' title='bbox 2982 4311 3085 4381; x_wconf 76' lang='grc' dir='ltr'><strong>τῆς</strong></span> <span class='ocrx_word' id='word_1_613' title='bbox 3106 4313 3276 4385; x_wconf 82' lang='grc' dir='ltr'><strong>αὐτῆς</strong></span> <span class='ocrx_word' id='word_1_614' title='bbox 3295 4314 3485 4381; x_wconf 80' lang='grc' dir='ltr'><strong>οὐσίας</strong></span> <span class='ocrx_word' id='word_1_615' title='bbox 3509 4319 3715 4389; x_wconf 53' lang='grc' dir='ltr'><strong>Πατρός</strong></span> 
     </span>
    </p>
   </div>
   <div class='ocr_carea' id='block_1_89' title="bbox 2133 4398 3717 4481">
    <p class='ocr_par' dir='ltr' id='par_1_89' title="bbox 2133 4398 3717 4481">
     <span class='ocr_line' id='line_1_89' title="bbox 2133 4398 3717 4481; baseline 0.008 -28"><span class='ocrx_word' id='word_1_616' title='bbox 2133 4399 2227 4453; x_wconf 75' lang='grc' dir='ltr'><strong>καὶ</strong></span> <span class='ocrx_word' id='word_1_617' title='bbox 2256 4398 2387 4453; x_wconf 81' lang='grc' dir='ltr'><strong>Υιοῦ</strong></span> <span class='ocrx_word' id='word_1_618' title='bbox 2425 4400 2487 4453; x_wconf 74' lang='grc' dir='ltr'><strong>τὺ</strong></span> <span class='ocrx_word' id='word_1_619' title='bbox 2518 4400 2744 4471; x_wconf 79' lang='grc' dir='ltr'><strong>Πνεῦμα</strong></span> <span class='ocrx_word' id='word_1_620' title='bbox 2774 4402 3065 4470; x_wconf 84' lang='grc' dir='ltr'><strong>διδάσκων,</strong></span> <span class='ocrx_word' id='word_1_621' title='bbox 3089 4407 3186 4461; x_wconf 76' lang='grc' dir='ltr'><strong>καὶ</strong></span> <span class='ocrx_word' id='word_1_622' title='bbox 3217 4412 3570 4481; x_wconf 84' lang='grc' dir='ltr'><strong>κατασκευὴν</strong></span> <span class='ocrx_word' id='word_1_623' title='bbox 3601 4414 3717 4467; x_wconf 81' lang='grc' dir='ltr'><strong>τού-</strong></span> 
     </span>
    </p>
   </div>
   <div class='ocr_carea' id='block_1_90' title="bbox 422 4461 2038 4575">
    <p class='ocr_par' dir='ltr' id='par_1_90' title="bbox 422 4461 2030 4575">
     <span class='ocr_line' id='line_1_90' title="bbox 422 4461 2030 4534; baseline 0.003 -17"><span class='ocrx_word' id='word_1_624' title='bbox 422 4462 490 4517; x_wconf 71' lang='lat' dir='ltr'><strong>a&#39;n</strong></span> <span class='ocrx_word' id='word_1_625' title='bbox 524 4462 755 4531; x_wconf 86' lang='lat' dir='ltr'><strong>hujusce</strong></span> <span class='ocrx_word' id='word_1_626' title='bbox 788 4461 1168 4530; x_wconf 88' lang='lat' dir='ltr'><strong>probationem</strong></span> <span class='ocrx_word' id='word_1_627' title='bbox 1195 4476 1359 4517; x_wconf 91' lang='lat' dir='ltr'><strong>voces</strong></span> <span class='ocrx_word' id='word_1_628' title='bbox 1398 4470 1657 4533; x_wconf 88' lang='lat' dir='ltr'><strong>utrasque</strong></span> <span class='ocrx_word' id='word_1_629' title='bbox 1684 4466 2030 4534; x_wconf 86' lang='lat' dir='ltr'><strong>evaugelicas</strong></span> 
     </span>
     <span class='ocr_line' id='line_1_91' title="bbox 439 4554 1715 4575; baseline 0.001 1"><span class='ocrx_word' id='word_1_630' title='bbox 439 4570 729 4575; x_wconf 64' lang='lat'><strong>_-___-_-_</strong></span> <span class='ocrx_word' id='word_1_631' title='bbox 764 4572 776 4575; x_wconf 90' lang='lat'>_</span> <span class='ocrx_word' id='word_1_632' title='bbox 810 4554 910 4575; x_wconf 47' lang='grc' dir='ltr'><strong>,με</strong></span> <span class='ocrx_word' id='word_1_633' title='bbox 935 4571 953 4575; x_wconf 68' lang='grc'><em>,</em></span> <span class='ocrx_word' id='word_1_634' title='bbox 982 4554 1136 4575; x_wconf 65' lang='grc' dir='ltr'><strong>η,.,-</strong></span> <span class='ocrx_word' id='word_1_635' title='bbox 1430 4557 1454 4575; x_wconf 89' lang='grc'>.</span> <span class='ocrx_word' id='word_1_636' title='bbox 1533 4567 1571 4575; x_wconf 34' lang='grc' dir='ltr'><strong>μ.</strong></span> <span class='ocrx_word' id='word_1_637' title='bbox 1676 4558 1715 4575; x_wconf 66' lang='grc' dir='ltr'><strong><em>π</em></strong></span> 
     </span>
    </p>
   </div>
   <div class='ocr_carea' id='block_1_91' title="bbox 2141 4461 3712 4575">
    <p class='ocr_par' dir='ltr' id='par_1_91' title="bbox 2141 4461 3712 4575">
     <span class='ocr_line' id='line_1_92' title="bbox 2141 4461 3712 4575; baseline 0.013 -37"><span class='ocrx_word' id='word_1_638' title='bbox 2141 4502 2225 4539; x_wconf 83' lang='grc' dir='ltr'><strong>του</strong></span> <span class='ocrx_word' id='word_1_639' title='bbox 2264 4486 2449 4555; x_wconf 83' lang='grc' dir='ltr'><strong>φωνὰς</strong></span> <span class='ocrx_word' id='word_1_640' title='bbox 2470 4461 2834 4557; x_wconf 79' lang='grc' dir='ltr'><strong>εὐαγγελικὰς</strong></span> <span class='ocrx_word' id='word_1_641' title='bbox 2863 4461 3132 4565; x_wconf 72' lang='grc' dir='ltr'><strong>ἑκατέρας</strong></span> <span class='ocrx_word' id='word_1_642' title='bbox 3159 4461 3712 4575; x_wconf 37' lang='grc' dir='ltr'><strong>τιθείς(</strong></span> 
     </span>
    </p>
   </div>
   <div class='ocr_carea' id='block_1_92' title="bbox 426 4554 2038 4658">
    <p class='ocr_par' dir='ltr' id='par_1_92' title="bbox 426 4554 2022 4627">
     <span class='ocr_line' id='line_1_93' title="bbox 426 4554 2022 4627; baseline 0.004 -17"><span class='ocrx_word' id='word_1_643' title='bbox 426 4570 731 4610; x_wconf 79' lang='lat' dir='ltr'><strong>asserens:</strong></span> <span class='ocrx_word' id='word_1_644' title='bbox 757 4572 777 4606; x_wconf 78' lang='grc' dir='ltr'><strong>ι</strong></span> <span class='ocrx_word' id='word_1_645' title='bbox 809 4554 962 4622; x_wconf 88' lang='lat' dir='ltr'><strong>Quia</strong></span> <span class='ocrx_word' id='word_1_646' title='bbox 979 4554 1142 4611; x_wconf 87' lang='lat' dir='ltr'><strong>Patre</strong></span> <span class='ocrx_word' id='word_1_647' title='bbox 1166 4555 1454 4627; x_wconf 81' lang='lat' dir='ltr'><strong>procedit?</strong></span> <span class='ocrx_word' id='word_1_648' title='bbox 1476 4578 1496 4611; x_wconf 72' lang='grc' dir='ltr'><strong>ι</strong></span> <span class='ocrx_word' id='word_1_649' title='bbox 1520 4567 1576 4613; x_wconf 90' lang='lat' dir='ltr'><strong>et</strong></span> <span class='ocrx_word' id='word_1_650' title='bbox 1598 4575 1613 4613; x_wconf 89' lang='lat'><strong>:</strong></span> <span class='ocrx_word' id='word_1_651' title='bbox 1642 4558 1750 4613; x_wconf 69' lang='lat' dir='ltr'><strong>«Ex</strong></span> <span class='ocrx_word' id='word_1_652' title='bbox 1779 4576 1903 4615; x_wconf 89' lang='lat' dir='ltr'><strong>meo</strong></span> <span class='ocrx_word' id='word_1_653' title='bbox 1928 4575 2022 4616; x_wconf 84' lang='lat' dir='ltr'><strong>ae-</strong></span> 
     </span>
    </p>
   </div>
   <div class='ocr_carea' id='block_1_93' title="bbox 2141 4554 3248 4658">
    <p class='ocr_par' dir='ltr' id='par_1_93' title="bbox 2141 4577 3248 4658">
     <span class='ocr_line' id='line_1_94' title="bbox 2141 4577 3248 4658; baseline 0.01 -28"><span class='ocrx_word' id='word_1_654' title='bbox 2141 4577 2224 4631; x_wconf 79' lang='grc' dir='ltr'><strong>τοῦ</strong></span> <span class='ocrx_word' id='word_1_655' title='bbox 2292 4578 2506 4651; x_wconf 81' lang='grc' dir='ltr'><strong>Πατρὸς</strong></span> <span class='ocrx_word' id='word_1_656' title='bbox 2569 4581 2948 4653; x_wconf 77' lang='grc' dir='ltr'><strong>ἐκπορεύεται,</strong></span> <span class='ocrx_word' id='word_1_657' title='bbox 2995 4604 3015 4638; x_wconf 82' lang='grc'><strong>›</strong></span> <span class='ocrx_word' id='word_1_658' title='bbox 3052 4589 3169 4658; x_wconf 71' lang='grc' dir='ltr'><strong>καὶ,</strong></span> <span class='ocrx_word' id='word_1_659' title='bbox 3224 4607 3248 4641; x_wconf 71' lang='grc' dir='ltr'><strong>ι</strong></span> 
     </span>
    </p>
   </div>
   <div class='ocr_carea' id='block_1_94' title="bbox 417 4648 2024 4718">
    <p class='ocr_par' dir='ltr' id='par_1_94' title="bbox 417 4648 2024 4718">
     <span class='ocr_line' id='line_1_95' title="bbox 417 4648 2024 4718; baseline 0.004 -15"><span class='ocrx_word' id='word_1_660' title='bbox 417 4648 619 4718; x_wconf 76' lang='lat' dir='ltr'><strong>cipiet,</strong></span> <span class='ocrx_word' id='word_1_661' title='bbox 650 4665 669 4700; x_wconf 73' lang='grc' dir='ltr'><strong>ι</strong></span> <span class='ocrx_word' id='word_1_662' title='bbox 709 4648 766 4703; x_wconf 90' lang='lat' dir='ltr'><strong>in</strong></span> <span class='ocrx_word' id='word_1_663' title='bbox 791 4648 1040 4704; x_wconf 85' lang='lat' dir='ltr'><strong>eamdem</strong></span> <span class='ocrx_word' id='word_1_664' title='bbox 1078 4664 1184 4704; x_wconf 89' lang='lat' dir='ltr'><strong>nec</strong></span> <span class='ocrx_word' id='word_1_665' title='bbox 1208 4649 1556 4706; x_wconf 76' lang='lat' dir='ltr'><strong>diﬂ‘erentem</strong></span> <span class='ocrx_word' id='word_1_666' title='bbox 1583 4654 1933 4717; x_wconf 85' lang='lat' dir='ltr'><strong>sententiam.</strong></span> <span class='ocrx_word' id='word_1_667' title='bbox 1968 4664 2024 4710; x_wconf 90' lang='lat' dir='ltr'><strong>et</strong></span> 
     </span>
    </p>
   </div>
   <div class='ocr_carea' id='block_1_95' title="bbox 424 4742 2021 4815">
    <p class='ocr_par' dir='ltr' id='par_1_95' title="bbox 424 4742 2021 4815">
     <span class='ocr_line' id='line_1_96' title="bbox 424 4742 2021 4815; baseline 0.006 -20"><span class='ocrx_word' id='word_1_668' title='bbox 424 4744 677 4813; x_wconf 80' lang='lat' dir='ltr'><strong>reliquus</strong></span> <span class='ocrx_word' id='word_1_669' title='bbox 709 4742 1171 4810; x_wconf 89' lang='lat' dir='ltr'><strong>diviniloquornm</strong></span> <span class='ocrx_word' id='word_1_670' title='bbox 1199 4752 1398 4808; x_wconf 63' lang='lat' dir='ltr'><strong>castus,</strong></span> <span class='ocrx_word' id='word_1_671' title='bbox 1429 4746 1524 4815; x_wconf 89' lang='lat' dir='ltr'><strong>qui</strong></span> <span class='ocrx_word' id='word_1_672' title='bbox 1552 4761 1661 4800; x_wconf 89' lang='lat' dir='ltr'><strong>una</strong></span> <span class='ocrx_word' id='word_1_673' title='bbox 1693 4762 1819 4802; x_wconf 90' lang='lat' dir='ltr'><strong>cum</strong></span> <span class='ocrx_word' id='word_1_674' title='bbox 1839 4761 1907 4803; x_wconf 86' lang='lat' dir='ltr'><strong>eo</strong></span> <span class='ocrx_word' id='word_1_675' title='bbox 1931 4745 2021 4804; x_wconf 86' lang='lat' dir='ltr'><strong>di-</strong></span> 
     </span>
    </p>
   </div>
   <div class='ocr_carea' id='block_1_96' title="bbox 431 4832 2020 4904">
    <p class='ocr_par' dir='ltr' id='par_1_96' title="bbox 431 4832 2020 4904">
     <span class='ocr_line' id='line_1_97' title="bbox 431 4832 2020 4904; baseline 0.005 -17"><span class='ocrx_word' id='word_1_676' title='bbox 431 4834 683 4889; x_wconf 68' lang='lat' dir='ltr'><strong>vinarum</strong></span> <span class='ocrx_word' id='word_1_677' title='bbox 702 4832 1471 4904; x_wconf 56' lang='lat' dir='ltr'><strong>Scripturarumpuctoritate.</strong></span> <span class='ocrx_word' id='word_1_678' title='bbox 1493 4857 1511 4891; x_wconf 77' lang='grc' dir='ltr'><strong>ι</strong></span> <span class='ocrx_word' id='word_1_679' title='bbox 1525 4852 1589 4893; x_wconf 82' lang='lat' dir='ltr'><strong>ex</strong></span> <span class='ocrx_word' id='word_1_680' title='bbox 1606 4840 1843 4895; x_wconf 81' lang='lat' dir='ltr'><strong>essentia</strong></span> <span class='ocrx_word' id='word_1_681' title='bbox 1863 4840 2020 4895; x_wconf 89' lang='lat' dir='ltr'><strong>illum</strong></span> 
     </span>
    </p>
   </div>
   <div class='ocr_carea' id='block_1_97' title="bbox 423 4927 2020 5004">
    <p class='ocr_par' dir='ltr' id='par_1_97' title="bbox 423 4927 2020 5004">
     <span class='ocr_line' id='line_1_98' title="bbox 423 4927 2020 5004; baseline 0.004 -21"><span class='ocrx_word' id='word_1_682' title='bbox 423 4929 607 4984; x_wconf 74' lang='lat' dir='ltr'><strong>Patris</strong></span> <span class='ocrx_word' id='word_1_683' title='bbox 645 4939 702 4984; x_wconf 91' lang='lat' dir='ltr'><strong>et</strong></span> <span class='ocrx_word' id='word_1_684' title='bbox 744 4927 891 4993; x_wconf 76' lang='lat' dir='ltr'><strong>Filii,</strong></span> <span class='ocrx_word' id='word_1_685' title='bbox 927 4947 946 4980; x_wconf 75' lang='grc' dir='ltr'><strong>ι</strong></span> <span class='ocrx_word' id='word_1_686' title='bbox 992 4930 1189 4986; x_wconf 73' lang='lat' dir='ltr'><strong>effusis</strong></span> <span class='ocrx_word' id='word_1_687' title='bbox 1229 4932 1578 4989; x_wconf 86' lang='lat' dir='ltr'><strong>sermonibus</strong></span> <span class='ocrx_word' id='word_1_688' title='bbox 1622 4934 2020 5004; x_wconf 74' lang='lat' dir='ltr'><strong>deprzedieant,</strong></span> 
     </span>
    </p>
   </div>
   <div class='ocr_carea' id='block_1_98' title="bbox 422 5020 2022 5096">
    <p class='ocr_par' dir='ltr' id='par_1_98' title="bbox 422 5020 2022 5096">
     <span class='ocr_line' id='line_1_99' title="bbox 422 5020 2022 5096; baseline 0.003 -20"><span class='ocrx_word' id='word_1_689' title='bbox 422 5033 485 5076; x_wconf 88' lang='lat' dir='ltr'><strong>et</strong></span> <span class='ocrx_word' id='word_1_690' title='bbox 515 5028 786 5095; x_wconf 83' lang='lat' dir='ltr'><strong>quotquot</strong></span> <span class='ocrx_word' id='word_1_691' title='bbox 823 5040 841 5073; x_wconf 82' lang='grc' dir='ltr'><strong>ι</strong></span> <span class='ocrx_word' id='word_1_692' title='bbox 872 5020 1195 5089; x_wconf 77' lang='lat' dir='ltr'><strong>eﬂunditur,</strong></span> <span class='ocrx_word' id='word_1_693' title='bbox 1231 5041 1255 5075; x_wconf 71' lang='grc' dir='ltr'><strong>ο</strong></span> <span class='ocrx_word' id='word_1_694' title='bbox 1293 5033 1350 5079; x_wconf 90' lang='lat' dir='ltr'><strong>et</strong></span> <span class='ocrx_word' id='word_1_695' title='bbox 1380 5041 1399 5077; x_wconf 83' lang='grc' dir='ltr'><strong>ι</strong></span> <span class='ocrx_word' id='word_1_696' title='bbox 1434 5026 1782 5096; x_wconf 87' lang='lat' dir='ltr'><strong>progreditur</strong></span> <span class='ocrx_word' id='word_1_697' title='bbox 1819 5043 1885 5081; x_wconf 80' lang='lat' dir='ltr'><strong>ex</strong></span> <span class='ocrx_word' id='word_1_698' title='bbox 1921 5025 2022 5081; x_wconf 87' lang='lat' dir='ltr'><strong>Pa-</strong></span> 
     </span>
    </p>
   </div>
   <div class='ocr_carea' id='block_1_99' title="bbox 426 5114 2020 5182">
    <p class='ocr_par' dir='ltr' id='par_1_99' title="bbox 426 5114 2020 5182">
     <span class='ocr_line' id='line_1_100' title="bbox 426 5114 2020 5182; baseline 0.004 -13"><span class='ocrx_word' id='word_1_699' title='bbox 426 5125 514 5171; x_wconf 84' lang='lat' dir='ltr'><strong>tre</strong></span> <span class='ocrx_word' id='word_1_700' title='bbox 544 5125 600 5168; x_wconf 89' lang='lat' dir='ltr'><strong>et</strong></span> <span class='ocrx_word' id='word_1_701' title='bbox 632 5114 770 5170; x_wconf 87' lang='lat' dir='ltr'><strong>Filio</strong></span> <span class='ocrx_word' id='word_1_702' title='bbox 800 5133 820 5167; x_wconf 74' lang='grc' dir='ltr'><strong>ι</strong></span> <span class='ocrx_word' id='word_1_703' title='bbox 856 5117 1167 5182; x_wconf 88' lang='lat' dir='ltr'><strong>enuntiant,</strong></span> <span class='ocrx_word' id='word_1_704' title='bbox 1204 5118 1248 5173; x_wconf 89' lang='lat' dir='ltr'><strong>si</strong></span> <span class='ocrx_word' id='word_1_705' title='bbox 1281 5119 1443 5174; x_wconf 90' lang='lat' dir='ltr'><strong>modo</strong></span> <span class='ocrx_word' id='word_1_706' title='bbox 1498 5135 1623 5175; x_wconf 85' lang='lat' dir='ltr'><strong>cum</strong></span> <span class='ocrx_word' id='word_1_707' title='bbox 1674 5120 2020 5176; x_wconf 89' lang='lat' dir='ltr'><strong>divinissimo</strong></span> 
     </span>
    </p>
   </div>
   <div class='ocr_carea' id='block_1_100' title="bbox 422 5208 2017 5279">
    <p class='ocr_par' dir='ltr' id='par_1_100' title="bbox 422 5208 2017 5279">
     <span class='ocr_line' id='line_1_101' title="bbox 422 5208 2017 5279; baseline 0.003 -16"><span class='ocrx_word' id='word_1_708' title='bbox 422 5208 633 5279; x_wconf 81' lang='lat' dir='ltr'><strong>Cyrillo</strong></span> <span class='ocrx_word' id='word_1_709' title='bbox 650 5209 1008 5276; x_wconf 84' lang='lat' dir='ltr'><strong>conveniunt,</strong></span> <span class='ocrx_word' id='word_1_710' title='bbox 1029 5224 1132 5265; x_wconf 89' lang='lat' dir='ltr'><strong>nec</strong></span> <span class='ocrx_word' id='word_1_711' title='bbox 1148 5209 1223 5265; x_wconf 91' lang='lat' dir='ltr'><strong>illi</strong></span> <span class='ocrx_word' id='word_1_712' title='bbox 1253 5211 1639 5277; x_wconf 87' lang='lat' dir='ltr'><strong>adversantur,</strong></span> <span class='ocrx_word' id='word_1_713' title='bbox 1657 5213 1942 5277; x_wconf 85' lang='lat' dir='ltr'><strong>clamanti,</strong></span> <span class='ocrx_word' id='word_1_714' title='bbox 1962 5215 2017 5267; x_wconf 90' lang='lat' dir='ltr'><strong>in</strong></span> 
     </span>
    </p>
   </div>
   <div class='ocr_carea' id='block_1_101' title="bbox 423 5300 2021 5373">
    <p class='ocr_par' dir='ltr' id='par_1_101' title="bbox 423 5300 2021 5373">
     <span class='ocr_line' id='line_1_102' title="bbox 423 5300 2021 5373; baseline 0.006 -20"><span class='ocrx_word' id='word_1_715' title='bbox 423 5300 725 5373; x_wconf 83' lang='lat' dir='ltr'><strong>evangeliis</strong></span> <span class='ocrx_word' id='word_1_716' title='bbox 760 5302 1109 5357; x_wconf 83' lang='lat' dir='ltr'><strong>Servatorem</strong></span> <span class='ocrx_word' id='word_1_717' title='bbox 1140 5302 1210 5359; x_wconf 88' lang='lat' dir='ltr'><strong>de</strong></span> <span class='ocrx_word' id='word_1_718' title='bbox 1231 5301 1438 5373; x_wconf 86' lang='lat' dir='ltr'><strong>Spiritu</strong></span> <span class='ocrx_word' id='word_1_719' title='bbox 1467 5301 1691 5372; x_wconf 73' lang='lat' dir='ltr'><strong>dixisse,</strong></span> <span class='ocrx_word' id='word_1_720' title='bbox 1723 5325 1743 5358; x_wconf 79' lang='grc' dir='ltr'><strong>ι</strong></span> <span class='ocrx_word' id='word_1_721' title='bbox 1779 5306 2021 5363; x_wconf 76' lang='grc' dir='ltr'><strong>θΠυιιάί-</strong></span> 
     </span>
    </p>
   </div>
   <div class='ocr_carea' id='block_1_102' title="bbox 424 5392 2018 5465">
    <p class='ocr_par' dir='ltr' id='par_1_102' title="bbox 424 5392 2018 5465">
     <span class='ocr_line' id='line_1_103' title="bbox 424 5392 2018 5465; baseline 0.004 -21"><span class='ocrx_word' id='word_1_722' title='bbox 424 5401 535 5454; x_wconf 88' lang='lat' dir='ltr'><strong>tur,</strong></span> <span class='ocrx_word' id='word_1_723' title='bbox 577 5410 595 5443; x_wconf 80' lang='grc' dir='ltr'><strong>ι</strong></span> <span class='ocrx_word' id='word_1_724' title='bbox 639 5400 695 5447; x_wconf 90' lang='lat' dir='ltr'><strong>et</strong></span> <span class='ocrx_word' id='word_1_725' title='bbox 734 5409 753 5444; x_wconf 83' lang='grc' dir='ltr'><strong>ι</strong></span> <span class='ocrx_word' id='word_1_726' title='bbox 792 5392 1162 5463; x_wconf 77' lang='lat' dir='ltr'><strong>progreditur,</strong></span> <span class='ocrx_word' id='word_1_727' title='bbox 1218 5410 1238 5445; x_wconf 75' lang='grc' dir='ltr'><strong>ι</strong></span> <span class='ocrx_word' id='word_1_728' title='bbox 1284 5406 1351 5447; x_wconf 87' lang='lat' dir='ltr'><strong>eo</strong></span> <span class='ocrx_word' id='word_1_729' title='bbox 1388 5393 1444 5446; x_wconf 92' lang='lat' dir='ltr'><strong>in</strong></span> <span class='ocrx_word' id='word_1_730' title='bbox 1483 5393 1601 5448; x_wconf 90' lang='lat' dir='ltr'><strong>loco</strong></span> <span class='ocrx_word' id='word_1_731' title='bbox 1631 5395 1724 5449; x_wconf 90' lang='lat' dir='ltr'><strong>ubi</strong></span> <span class='ocrx_word' id='word_1_732' title='bbox 1761 5412 1780 5446; x_wconf 81' lang='grc' dir='ltr'><strong>ι</strong></span> <span class='ocrx_word' id='word_1_733' title='bbox 1824 5411 2018 5465; x_wconf 83' lang='lat' dir='ltr'><strong>proce-</strong></span> 
     </span>
    </p>
   </div>
   <div class='ocr_carea' id='block_1_103' title="bbox 419 5484 2015 5555">
    <p class='ocr_par' dir='ltr' id='par_1_103' title="bbox 419 5484 2015 5555">
     <span class='ocr_line' id='line_1_104' title="bbox 419 5484 2015 5555; baseline 0.004 -18"><span class='ocrx_word' id='word_1_734' title='bbox 419 5484 525 5548; x_wconf 84' lang='lat' dir='ltr'><strong>dit,</strong></span> <span class='ocrx_word' id='word_1_735' title='bbox 569 5502 587 5535; x_wconf 73' lang='lat' dir='ltr'><strong>i</strong></span> <span class='ocrx_word' id='word_1_736' title='bbox 628 5486 1022 5555; x_wconf 84' lang='lat' dir='ltr'><strong>pronuntiavit,</strong></span> <span class='ocrx_word' id='word_1_737' title='bbox 1046 5501 1169 5541; x_wconf 92' lang='lat' dir='ltr'><strong>cum</strong></span> <span class='ocrx_word' id='word_1_738' title='bbox 1196 5484 1393 5540; x_wconf 87' lang='lat' dir='ltr'><strong>harum</strong></span> <span class='ocrx_word' id='word_1_739' title='bbox 1421 5486 1586 5541; x_wconf 88' lang='lat' dir='ltr'><strong>trium</strong></span> <span class='ocrx_word' id='word_1_740' title='bbox 1617 5502 1812 5542; x_wconf 87' lang='lat' dir='ltr'><strong>vocum</strong></span> <span class='ocrx_word' id='word_1_741' title='bbox 1845 5505 2015 5543; x_wconf 87' lang='lat' dir='ltr'><strong>unum</strong></span> 
     </span>
    </p>
   </div>
   <div class='ocr_carea' id='block_1_104' title="bbox 417 5578 2013 5651">
    <p class='ocr_par' dir='ltr' id='par_1_104' title="bbox 417 5578 2013 5651">
     <span class='ocr_line' id='line_1_105' title="bbox 417 5578 2013 5651; baseline 0.003 -20"><span class='ocrx_word' id='word_1_742' title='bbox 417 5578 785 5648; x_wconf 88' lang='lat' dir='ltr'><strong>eumdemque</strong></span> <span class='ocrx_word' id='word_1_743' title='bbox 814 5579 1206 5651; x_wconf 78' lang='lat' dir='ltr'><strong>significatum,</strong></span> <span class='ocrx_word' id='word_1_744' title='bbox 1239 5589 1297 5634; x_wconf 90' lang='lat' dir='ltr'><strong>et</strong></span> <span class='ocrx_word' id='word_1_745' title='bbox 1333 5580 1487 5634; x_wconf 90' lang='lat' dir='ltr'><strong>nullo</strong></span> <span class='ocrx_word' id='word_1_746' title='bbox 1522 5580 1685 5636; x_wconf 89' lang='lat' dir='ltr'><strong>modo</strong></span> <span class='ocrx_word' id='word_1_747' title='bbox 1712 5581 2013 5648; x_wconf 73' lang='lat' dir='ltr'><strong>diversum,</strong></span> 
     </span>
    </p>
   </div>
   <div class='ocr_carea' id='block_1_105' title="bbox 3294 4591 3707 4666">
    <p class='ocr_par' dir='ltr' id='par_1_105' title="bbox 3294 4591 3707 4666">
     <span class='ocr_line' id='line_1_106' title="bbox 3294 4591 3707 4666; baseline 0.015 -21"><span class='ocrx_word' id='word_1_748' title='bbox 3294 4591 3390 4647; x_wconf 84' lang='grc' dir='ltr'><strong>Ἐκ</strong></span> <span class='ocrx_word' id='word_1_749' title='bbox 3436 4595 3534 4649; x_wconf 86' lang='grc' dir='ltr'><strong>τοῦ</strong></span> <span class='ocrx_word' id='word_1_750' title='bbox 3581 4598 3707 4666; x_wconf 72' lang='grc' dir='ltr'><strong>ἐμοῦ</strong></span> 
     </span>
    </p>
   </div>
   <div class='ocr_carea' id='block_1_106' title="bbox 2126 4668 3705 4758">
    <p class='ocr_par' dir='ltr' id='par_1_106' title="bbox 2126 4668 3705 4758">
     <span class='ocr_line' id='line_1_107' title="bbox 2126 4668 3705 4758; baseline 0.012 -36"><span class='ocrx_word' id='word_1_751' title='bbox 2126 4668 2379 4742; x_wconf 75' lang='grc' dir='ltr'><strong>λήψεται,</strong></span> <span class='ocrx_word' id='word_1_752' title='bbox 2412 4689 2433 4724; x_wconf 78' lang='grc' dir='ltr'><strong>ι</strong></span> <span class='ocrx_word' id='word_1_753' title='bbox 2476 4673 2557 4737; x_wconf 73' lang='grc' dir='ltr'><strong>είς</strong></span> <span class='ocrx_word' id='word_1_754' title='bbox 2594 4673 2890 4748; x_wconf 83' lang='grc' dir='ltr'><strong>ἀδιάφορον</strong></span> <span class='ocrx_word' id='word_1_755' title='bbox 2945 4678 3184 4746; x_wconf 78' lang='grc' dir='ltr'><strong>διανοίας</strong></span> <span class='ocrx_word' id='word_1_756' title='bbox 3228 4686 3560 4758; x_wconf 86' lang='grc' dir='ltr'><strong>ταυτότητα,</strong></span> <span class='ocrx_word' id='word_1_757' title='bbox 3619 4690 3705 4742; x_wconf 68' lang='grc' dir='ltr'><strong>καὶ</strong></span> 
     </span>
    </p>
   </div>
   <div class='ocr_carea' id='block_1_107' title="bbox 2124 4761 3707 4852">
    <p class='ocr_par' dir='ltr' id='par_1_107' title="bbox 2124 4761 3707 4852">
     <span class='ocr_line' id='line_1_108' title="bbox 2124 4761 3707 4852; baseline 0.013 -36"><span class='ocrx_word' id='word_1_758' title='bbox 2124 4761 2307 4827; x_wconf 80' lang='grc' dir='ltr'><strong>λοιπὸς</strong></span> <span class='ocrx_word' id='word_1_759' title='bbox 2334 4764 2524 4835; x_wconf 83' lang='grc' dir='ltr'><strong>ὅμιλος</strong></span> <span class='ocrx_word' id='word_1_760' title='bbox 2558 4766 2858 4839; x_wconf 83' lang='grc' dir='ltr'><strong>θεηγόρων,</strong></span> <span class='ocrx_word' id='word_1_761' title='bbox 2906 4772 3024 4826; x_wconf 86' lang='grc' dir='ltr'><strong>ὅσοι</strong></span> <span class='ocrx_word' id='word_1_762' title='bbox 3079 4775 3197 4844; x_wconf 75' lang='grc' dir='ltr'><strong>μετ’</strong></span> <span class='ocrx_word' id='word_1_763' title='bbox 3242 4778 3411 4833; x_wconf 80' lang='grc' dir='ltr'><strong>αὐτοῦ</strong></span> <span class='ocrx_word' id='word_1_764' title='bbox 3468 4780 3707 4852; x_wconf 73' lang='grc' dir='ltr'><strong>Γραφιῖς</strong></span> 
     </span>
    </p>
   </div>
   <div class='ocr_carea' id='block_1_108' title="bbox 2125 4855 3703 4938">
    <p class='ocr_par' dir='ltr' id='par_1_108' title="bbox 2125 4855 3703 4938">
     <span class='ocr_line' id='line_1_109' title="bbox 2125 4855 3703 4938; baseline 0.013 -30"><span class='ocrx_word' id='word_1_765' title='bbox 2125 4855 2331 4919; x_wconf 71' lang='grc' dir='ltr'><strong>ἐνθέοις</strong></span> <span class='ocrx_word' id='word_1_766' title='bbox 2360 4875 2380 4907; x_wconf 80' lang='grc' dir='ltr'><strong>ι</strong></span> <span class='ocrx_word' id='word_1_767' title='bbox 2418 4859 2485 4911; x_wconf 68' lang='grc' dir='ltr'><strong>ἐκ</strong></span> <span class='ocrx_word' id='word_1_768' title='bbox 2510 4860 2612 4929; x_wconf 79' lang='grc' dir='ltr'><strong>τῆς</strong></span> <span class='ocrx_word' id='word_1_769' title='bbox 2641 4861 2828 4927; x_wconf 83' lang='grc' dir='ltr'><strong>οὐσίας</strong></span> <span class='ocrx_word' id='word_1_770' title='bbox 2861 4865 2994 4918; x_wconf 75' lang='grc' dir='ltr'><strong>αὐτὸ</strong></span> <span class='ocrx_word' id='word_1_771' title='bbox 3024 4869 3234 4938; x_wconf 82' lang='grc' dir='ltr'><strong>Ιιατρὺς</strong></span> <span class='ocrx_word' id='word_1_772' title='bbox 3260 4874 3356 4925; x_wconf 78' lang='grc' dir='ltr'><strong>καὶ</strong></span> <span class='ocrx_word' id='word_1_773' title='bbox 3387 4872 3519 4927; x_wconf 82' lang='grc' dir='ltr'><strong>Υίοῦ</strong></span> <span class='ocrx_word' id='word_1_774' title='bbox 3559 4895 3582 4927; x_wconf 85' lang='grc'><strong><em>‹</em></strong></span> <span class='ocrx_word' id='word_1_775' title='bbox 3615 4894 3703 4929; x_wconf 84' lang='grc' dir='ltr'><strong>πε-</strong></span> 
     </span>
    </p>
   </div>
   <div class='ocr_carea' id='block_1_109' title="bbox 2123 4948 3696 5039">
    <p class='ocr_par' dir='ltr' id='par_1_109' title="bbox 2123 4948 3696 5039">
     <span class='ocr_line' id='line_1_110' title="bbox 2123 4948 3696 5039; baseline 0.013 -39"><span class='ocrx_word' id='word_1_776' title='bbox 2123 4948 2521 5019; x_wconf 70' lang='grc' dir='ltr'><strong>πλστυσμινως</strong></span> <span class='ocrx_word' id='word_1_777' title='bbox 2544 4953 3001 5024; x_wconf 82' lang='grc' dir='ltr'><strong>ἁνακηρύττουσι,</strong></span> <span class='ocrx_word' id='word_1_778' title='bbox 3026 4962 3120 5013; x_wconf 74' lang='grc' dir='ltr'><strong>καὶ</strong></span> <span class='ocrx_word' id='word_1_779' title='bbox 3145 4962 3261 5015; x_wconf 80' lang='grc' dir='ltr'><strong>ὅσοι</strong></span> <span class='ocrx_word' id='word_1_780' title='bbox 3288 4982 3309 5016; x_wconf 77' lang='grc' dir='ltr'><strong>ι</strong></span> <span class='ocrx_word' id='word_1_781' title='bbox 3350 4971 3655 5039; x_wconf 76' lang='grc' dir='ltr'><strong>προχεῖται,</strong></span> <span class='ocrx_word' id='word_1_782' title='bbox 3677 4987 3696 5021; x_wconf 74' lang='grc' dir='ltr'><strong>ι</strong></span> 
     </span>
    </p>
   </div>
   <div class='ocr_carea' id='block_1_110' title="bbox 2123 5040 3696 5127">
    <p class='ocr_par' dir='ltr' id='par_1_110' title="bbox 2123 5040 3696 5127">
     <span class='ocr_line' id='line_1_111' title="bbox 2123 5040 3696 5127; baseline 0.013 -36"><span class='ocrx_word' id='word_1_783' title='bbox 2123 5040 2220 5092; x_wconf 81' lang='grc' dir='ltr'><strong>καὶ</strong></span> <span class='ocrx_word' id='word_1_784' title='bbox 2268 5058 2289 5090; x_wconf 74' lang='grc' dir='ltr'><strong><em>ο</em></strong></span> <span class='ocrx_word' id='word_1_785' title='bbox 2316 5040 2566 5113; x_wconf 89' lang='grc' dir='ltr'><strong>πρόεισιν</strong></span> <span class='ocrx_word' id='word_1_786' title='bbox 2596 5044 2661 5095; x_wconf 76' lang='grc' dir='ltr'><strong>ἐκ</strong></span> <span class='ocrx_word' id='word_1_787' title='bbox 2688 5045 2904 5116; x_wconf 79' lang='grc' dir='ltr'><strong>Πατρδς</strong></span> <span class='ocrx_word' id='word_1_788' title='bbox 2930 5051 3025 5101; x_wconf 75' lang='grc' dir='ltr'><strong>καὶ</strong></span> <span class='ocrx_word' id='word_1_789' title='bbox 3048 5050 3179 5105; x_wconf 86' lang='grc' dir='ltr'><strong>Υἰοῦ</strong></span> <span class='ocrx_word' id='word_1_790' title='bbox 3214 5072 3233 5105; x_wconf 74' lang='grc' dir='ltr'><strong>ι</strong></span> <span class='ocrx_word' id='word_1_791' title='bbox 3263 5054 3696 5127; x_wconf 73' lang='grc' dir='ltr'><strong>δογματίζουσιν,</strong></span> 
     </span>
    </p>
   </div>
   <div class='ocr_carea' id='block_1_111' title="bbox 2120 5130 3698 5221">
    <p class='ocr_par' dir='ltr' id='par_1_111' title="bbox 2120 5130 3698 5221">
     <span class='ocr_line' id='line_1_112' title="bbox 2120 5130 3698 5221; baseline 0.015 -38"><span class='ocrx_word' id='word_1_792' title='bbox 2120 5130 2237 5199; x_wconf 81' lang='grc' dir='ltr'><strong>εῐγε</strong></span> <span class='ocrx_word' id='word_1_793' title='bbox 2277 5131 2559 5202; x_wconf 80' lang='grc' dir='ltr'><strong>σύμφωνοι</strong></span> <span class='ocrx_word' id='word_1_794' title='bbox 2595 5134 2674 5206; x_wconf 83' lang='grc' dir='ltr'><strong>τῷ</strong></span> <span class='ocrx_word' id='word_1_795' title='bbox 2698 5136 2959 5209; x_wconf 83' lang='grc' dir='ltr'><strong>θειοτάτῳ</strong></span> <span class='ocrx_word' id='word_1_796' title='bbox 3003 5140 3258 5215; x_wconf 79' lang='grc' dir='ltr'><strong>Κυρίλλῳ</strong></span> <span class='ocrx_word' id='word_1_797' title='bbox 3304 5153 3399 5201; x_wconf 79' lang='grc' dir='ltr'><strong>καὶ</strong></span> <span class='ocrx_word' id='word_1_798' title='bbox 3435 5153 3513 5221; x_wconf 81' lang='grc' dir='ltr'><strong>μὴ</strong></span> <span class='ocrx_word' id='word_1_799' title='bbox 3560 5154 3698 5205; x_wconf 64' lang='lat' dir='ltr'><strong>dini-</strong></span> 
     </span>
    </p>
   </div>
   <div class='ocr_carea' id='block_1_112' title="bbox 2119 5221 3695 5309">
    <p class='ocr_par' dir='ltr' id='par_1_112' title="bbox 2119 5221 3695 5309">
     <span class='ocr_line' id='line_1_113' title="bbox 2119 5221 3695 5309; baseline 0.012 -35"><span class='ocrx_word' id='word_1_800' title='bbox 2119 5221 2283 5289; x_wconf 80' lang='grc' dir='ltr'><strong>δοξοι,</strong></span> <span class='ocrx_word' id='word_1_801' title='bbox 2326 5224 2386 5276; x_wconf 81' lang='grc' dir='ltr'><strong>ὲν</strong></span> <span class='ocrx_word' id='word_1_802' title='bbox 2414 5223 2770 5295; x_wconf 82' lang='grc' dir='ltr'><strong>Εὐαγγελίοις</strong></span> <span class='ocrx_word' id='word_1_803' title='bbox 2800 5232 2950 5299; x_wconf 80' lang='grc' dir='ltr'><strong>ἐρεῖν</strong></span> <span class='ocrx_word' id='word_1_804' title='bbox 2981 5235 3111 5304; x_wconf 79' lang='grc' dir='ltr'><strong>περὶ</strong></span> <span class='ocrx_word' id='word_1_805' title='bbox 3138 5237 3231 5289; x_wconf 83' lang='grc' dir='ltr'><strong>τοῦ</strong></span> <span class='ocrx_word' id='word_1_806' title='bbox 3265 5238 3579 5309; x_wconf 83' lang='grc' dir='ltr'><strong>Πνεύματος</strong></span> <span class='ocrx_word' id='word_1_807' title='bbox 3613 5243 3695 5295; x_wconf 79' lang='grc' dir='ltr'><strong>τὸν</strong></span> 
     </span>
    </p>
   </div>
   <div class='ocr_carea' id='block_1_113' title="bbox 2121 5313 3693 5408">
    <p class='ocr_par' dir='ltr' id='par_1_113' title="bbox 2121 5313 3693 5408">
     <span class='ocr_line' id='line_1_114' title="bbox 2121 5313 3693 5408; baseline 0.017 -44"><span class='ocrx_word' id='word_1_808' title='bbox 2121 5313 2342 5385; x_wconf 81' lang='grc' dir='ltr'><strong>Πατέρα</strong></span> <span class='ocrx_word' id='word_1_809' title='bbox 2362 5314 2581 5387; x_wconf 81' lang='grc' dir='ltr'><strong>βοῶντι,</strong></span> <span class='ocrx_word' id='word_1_810' title='bbox 2605 5336 2623 5369; x_wconf 83' lang='grc' dir='ltr'><strong>ι</strong></span> <span class='ocrx_word' id='word_1_811' title='bbox 2640 5324 2947 5392; x_wconf 65' lang='grc' dir='ltr'><strong>προχεῖται»</strong></span> <span class='ocrx_word' id='word_1_812' title='bbox 2977 5330 3072 5381; x_wconf 81' lang='grc' dir='ltr'><strong>καὶ</strong></span> <span class='ocrx_word' id='word_1_813' title='bbox 3099 5331 3433 5400; x_wconf 71' lang='grc' dir='ltr'><strong>(πρόεισιν.)</strong></span> <span class='ocrx_word' id='word_1_814' title='bbox 3457 5337 3693 5408; x_wconf 76' lang='grc' dir='ltr'><strong>ὅπουπερ</strong></span> 
     </span>
    </p>
   </div>
   <div class='ocr_carea' id='block_1_114' title="bbox 2117 5405 3691 5500">
    <p class='ocr_par' dir='ltr' id='par_1_114' title="bbox 2117 5405 3691 5500">
     <span class='ocr_line' id='line_1_115' title="bbox 2117 5405 3691 5500; baseline 0.018 -44"><span class='ocrx_word' id='word_1_815' title='bbox 2117 5405 2321 5477; x_wconf 74' lang='grc' dir='ltr'><strong>ἔφησεν</strong></span> <span class='ocrx_word' id='word_1_816' title='bbox 2364 5425 2384 5460; x_wconf 75' lang='grc' dir='ltr'><strong>ι</strong></span> <span class='ocrx_word' id='word_1_817' title='bbox 2430 5410 2817 5481; x_wconf 66' lang='grc' dir='ltr'><strong>ἐκπορεύεται,</strong></span> <span class='ocrx_word' id='word_1_818' title='bbox 2860 5433 2882 5467; x_wconf 72' lang='grc' dir='ltr'><strong>ι</strong></span> <span class='ocrx_word' id='word_1_819' title='bbox 2909 5417 3019 5473; x_wconf 89' lang='grc' dir='ltr'><strong>τῶν</strong></span> <span class='ocrx_word' id='word_1_820' title='bbox 3060 5422 3230 5493; x_wconf 83' lang='grc' dir='ltr'><strong>τριῶν</strong></span> <span class='ocrx_word' id='word_1_821' title='bbox 3259 5425 3363 5479; x_wconf 77' lang='grc' dir='ltr'><strong>ὅσα</strong></span> <span class='ocrx_word' id='word_1_822' title='bbox 3391 5428 3557 5482; x_wconf 84' lang='grc' dir='ltr'><strong>τῶνδε</strong></span> <span class='ocrx_word' id='word_1_823' title='bbox 3583 5405 3691 5500; x_wconf 52' lang='lat' dir='ltr'><strong>tam;</strong></span> 
     </span>
    </p>
   </div>
   <div class='ocr_carea' id='block_1_115' title="bbox 2115 5500 3693 5590">
    <p class='ocr_par' dir='ltr' id='par_1_115' title="bbox 2115 5500 3693 5590">
     <span class='ocr_line' id='line_1_116' title="bbox 2115 5500 3693 5590; baseline 0.018 -40"><span class='ocrx_word' id='word_1_824' title='bbox 2115 5500 2222 5552; x_wconf 85' lang='grc' dir='ltr'><strong>νῶν</strong></span> <span class='ocrx_word' id='word_1_825' title='bbox 2259 5500 2321 5553; x_wconf 77' lang='grc' dir='ltr'><strong>τὸ</strong></span> <span class='ocrx_word' id='word_1_826' title='bbox 2342 5503 2537 5556; x_wconf 81' lang='grc' dir='ltr'><strong>ταυτὸν</strong></span> <span class='ocrx_word' id='word_1_827' title='bbox 2565 5506 2727 5561; x_wconf 74' lang='grc' dir='ltr'><strong>εἰδότι</strong></span> <span class='ocrx_word' id='word_1_828' title='bbox 2763 5511 2853 5562; x_wconf 80' lang='grc' dir='ltr'><strong>καὶ</strong></span> <span class='ocrx_word' id='word_1_829' title='bbox 2874 5514 2954 5582; x_wconf 84' lang='grc' dir='ltr'><strong>μὴ</strong></span> <span class='ocrx_word' id='word_1_830' title='bbox 2979 5513 3261 5588; x_wconf 77' lang='grc' dir='ltr'><strong>διάφορον.</strong></span> <span class='ocrx_word' id='word_1_831' title='bbox 3327 5523 3434 5576; x_wconf 79' lang='grc' dir='ltr'><strong>Σὺν</strong></span> <span class='ocrx_word' id='word_1_832' title='bbox 3486 5529 3693 5590; x_wconf 78' lang='grc' dir='ltr'><strong>τούτοις</strong></span> 
     </span>
    </p>
   </div>
   <div class='ocr_carea' id='block_1_116' title="bbox 2115 5592 3690 5689">
    <p class='ocr_par' dir='ltr' id='par_1_116' title="bbox 2115 5592 3690 5689">
     <span class='ocr_line' id='line_1_117' title="bbox 2115 5592 3690 5689; baseline 0.021 -48"><span class='ocrx_word' id='word_1_833' title='bbox 2115 5592 2209 5689; x_wconf 75' lang='grc' dir='ltr'><strong>καὶ</strong></span> <span class='ocrx_word' id='word_1_834' title='bbox 2233 5593 2444 5663; x_wconf 79' lang='grc' dir='ltr'><strong>τρανῶς</strong></span> <span class='ocrx_word' id='word_1_835' title='bbox 2473 5597 2983 5673; x_wconf 74' lang='grc' dir='ltr'><strong>δάποιραινόμενος,</strong></span> <span class='ocrx_word' id='word_1_836' title='bbox 3028 5630 3049 5659; x_wconf 78' lang='grc' dir='ltr'><strong>ι</strong></span> <span class='ocrx_word' id='word_1_837' title='bbox 3082 5611 3218 5665; x_wconf 71' lang='grc' dir='ltr'><strong>Οὐδὲ</strong></span> <span class='ocrx_word' id='word_1_838' title='bbox 3257 5613 3367 5686; x_wconf 82' lang='grc' dir='ltr'><strong>γὰρ</strong></span> <span class='ocrx_word' id='word_1_839' title='bbox 3413 5622 3539 5689; x_wconf 78' lang='grc' dir='ltr'><strong>περὶ</strong></span> <span class='ocrx_word' id='word_1_840' title='bbox 3591 5622 3690 5672; x_wconf 80' lang='grc' dir='ltr'><strong>τῶν</strong></span> 
     </span>
    </p>
   </div>
   <div class='ocr_carea' id='block_1_117' title="bbox 419 5668 2038 5783">
    <p class='ocr_par' dir='ltr' id='par_1_117' title="bbox 419 5668 2011 5742">
     <span class='ocr_line' id='line_1_118' title="bbox 419 5668 2011 5742; baseline 0.005 -21"><span class='ocrx_word' id='word_1_841' title='bbox 419 5668 629 5739; x_wconf 90' lang='lat' dir='ltr'><strong>optime</strong></span> <span class='ocrx_word' id='word_1_842' title='bbox 661 5669 906 5725; x_wconf 88' lang='lat' dir='ltr'><strong>calleret.</strong></span> <span class='ocrx_word' id='word_1_843' title='bbox 934 5671 999 5725; x_wconf 85' lang='lat' dir='ltr'><strong>Et</strong></span> <span class='ocrx_word' id='word_1_844' title='bbox 1044 5681 1307 5742; x_wconf 69' lang='lat' dir='ltr'><strong>praeterea</strong></span> <span class='ocrx_word' id='word_1_845' title='bbox 1334 5672 1427 5740; x_wconf 87' lang='lat' dir='ltr'><strong>qui</strong></span> <span class='ocrx_word' id='word_1_846' title='bbox 1456 5672 1758 5729; x_wconf 82' lang='lat' dir='ltr'><strong>clarissime</strong></span> <span class='ocrx_word' id='word_1_847' title='bbox 1799 5675 2011 5740; x_wconf 81' lang='lat' dir='ltr'><strong>statuit,</strong></span> 
     </span>
    </p>
   </div>
   <div class='ocr_carea' id='block_1_118' title="bbox 2141 5668 3690 5783">
    <p class='ocr_par' dir='ltr' id='par_1_118' title="bbox 2141 5668 3690 5783">
     <span class='ocr_line' id='line_1_119' title="bbox 2141 5668 3690 5783; baseline 0.021 -46"><span class='ocrx_word' id='word_1_848' title='bbox 2141 5689 2395 5783; x_wconf 61' lang='grc' dir='ltr'><strong>ινομάτων</strong></span> <span class='ocrx_word' id='word_1_849' title='bbox 2416 5668 2900 5767; x_wconf 70' lang='grc' dir='ltr'><strong>ζυγομαχήσομεν,</strong></span> <span class='ocrx_word' id='word_1_850' title='bbox 2927 5701 3036 5765; x_wconf 72' lang='grc' dir='ltr'><strong>ἕως</strong></span> <span class='ocrx_word' id='word_1_851' title='bbox 3066 5703 3134 5757; x_wconf 85' lang='grc' dir='ltr'><strong>ἂν</strong></span> <span class='ocrx_word' id='word_1_852' title='bbox 3164 5706 3244 5770; x_wconf 81' lang='grc' dir='ltr'><strong>είς</strong></span> <span class='ocrx_word' id='word_1_853' title='bbox 3267 5668 3376 5780; x_wconf 40' lang='grc' dir='ltr'><strong>’τὴιν</strong></span> 
     </span>
    </p>
   </div>
   <div class='ocr_carea' id='block_1_119' title="bbox 425 5760 2012 5831">
    <p class='ocr_par' dir='ltr' id='par_1_119' title="bbox 425 5760 2012 5831">
     <span class='ocr_line' id='line_1_120' title="bbox 425 5760 2012 5831; baseline 0.009 -18"><span class='ocrx_word' id='word_1_854' title='bbox 425 5779 446 5813; x_wconf 75' lang='grc' dir='ltr'><strong>ι</strong></span> <span class='ocrx_word' id='word_1_855' title='bbox 478 5760 666 5831; x_wconf 80' lang='lat' dir='ltr'><strong>Neque</strong></span> <span class='ocrx_word' id='word_1_856' title='bbox 691 5764 837 5818; x_wconf 88' lang='lat' dir='ltr'><strong>enim</strong></span> <span class='ocrx_word' id='word_1_857' title='bbox 860 5765 1023 5820; x_wconf 88' lang='lat' dir='ltr'><strong>alicui</strong></span> <span class='ocrx_word' id='word_1_858' title='bbox 1051 5766 1119 5821; x_wconf 87' lang='lat' dir='ltr'><strong>de</strong></span> <span class='ocrx_word' id='word_1_859' title='bbox 1157 5766 1472 5822; x_wconf 87' lang='lat' dir='ltr'><strong>nominibus</strong></span> <span class='ocrx_word' id='word_1_860' title='bbox 1495 5767 1649 5825; x_wconf 88' lang='lat' dir='ltr'><strong>litem</strong></span> <span class='ocrx_word' id='word_1_861' title='bbox 1674 5769 2012 5827; x_wconf 82' lang='lat' dir='ltr'><strong>movebimus</strong></span> 
     </span>
    </p>
   </div>
   <div class='ocr_carea' id='block_1_120' title="bbox 415 5855 2038 5945">
    <p class='ocr_par' dir='ltr' id='par_1_120' title="bbox 415 5855 2001 5939">
     <span class='ocr_line' id='line_1_121' title="bbox 415 5855 2001 5939; baseline 0.007 -28"><span class='ocrx_word' id='word_1_862' title='bbox 415 5855 595 5912; x_wconf 87' lang='lat' dir='ltr'><strong>donec</strong></span> <span class='ocrx_word' id='word_1_863' title='bbox 647 5858 864 5929; x_wconf 75' lang='lat' dir='ltr'><strong>syllabae</strong></span> <span class='ocrx_word' id='word_1_864' title='bbox 915 5861 1166 5918; x_wconf 86' lang='lat' dir='ltr'><strong>eamdem</strong></span> <span class='ocrx_word' id='word_1_865' title='bbox 1200 5863 1532 5921; x_wconf 83' lang='lat' dir='ltr'><strong>sententiam</strong></span> <span class='ocrx_word' id='word_1_866' title='bbox 1586 5865 1937 5939; x_wconf 76' lang='lat' dir='ltr'><strong>exprimant;</strong></span> <span class='ocrx_word' id='word_1_867' title='bbox 1981 5888 2001 5922; x_wconf 76' lang='grc' dir='ltr'><strong>ι</strong></span> 
     </span>
    </p>
   </div>
   <div class='ocr_carea' id='block_1_121' title="bbox 2141 5855 2483 5945">
    <p class='ocr_par' dir='ltr' id='par_1_121' title="bbox 2144 5876 2483 5945">
     <span class='ocr_line' id='line_1_122' title="bbox 2144 5876 2483 5945; baseline 0.006 -16"><span class='ocrx_word' id='word_1_868' title='bbox 2144 5876 2446 5945; x_wconf 82' lang='grc' dir='ltr'><strong>ιαπρυσίως</strong></span> <span class='ocrx_word' id='word_1_869' title='bbox 2468 5894 2483 5910; x_wconf 76' lang='grc' dir='ltr'><strong>ο</strong></span> 
     </span>
    </p>
   </div>
   <div class='ocr_carea' id='block_1_122' title="bbox 2112 5782 3692 5874">
    <p class='ocr_par' dir='ltr' id='par_1_122' title="bbox 2112 5782 3692 5874">
     <span class='ocr_line' id='line_1_123' title="bbox 2112 5782 3692 5874; baseline 0.019 -44"><span class='ocrx_word' id='word_1_870' title='bbox 2112 5795 2260 5874; x_wconf 81' lang='grc' dir='ltr'><strong>νοιαν</strong></span> <span class='ocrx_word' id='word_1_871' title='bbox 2292 5782 2349 5835; x_wconf 80' lang='grc' dir='ltr'><strong>αι</strong></span> <span class='ocrx_word' id='word_1_872' title='bbox 2387 5784 2650 5843; x_wconf 69' lang='grc' dir='ltr'><strong>συλλαϐαὶ</strong></span> <span class='ocrx_word' id='word_1_873' title='bbox 2689 5789 2947 5861; x_wconf 78' lang='grc' dir='ltr'><strong>φέρωσιν.</strong></span> <span class='ocrx_word' id='word_1_874' title='bbox 2986 5812 3006 5847; x_wconf 72' lang='grc' dir='ltr'><strong>ι</strong></span> <span class='ocrx_word' id='word_1_875' title='bbox 3074 5796 3351 5866; x_wconf 76' lang='grc' dir='ltr'><strong>Ὡσαύτως</strong></span> <span class='ocrx_word' id='word_1_876' title='bbox 3403 5806 3430 5858; x_wconf 85' lang='grc' dir='ltr'><strong>ό</strong></span> <span class='ocrx_word' id='word_1_877' title='bbox 3473 5782 3692 5874; x_wconf 73' lang='grc' dir='ltr'><strong>φάσκων</strong></span> 
     </span>
    </p>
   </div>
   <div class='ocr_carea' id='block_1_123' title="bbox 2548 5880 3688 5971">
    <p class='ocr_par' dir='ltr' id='par_1_123' title="bbox 2548 5880 3688 5971">
     <span class='ocr_line' id='line_1_124' title="bbox 2548 5880 3688 5971; baseline 0.019 -38"><span class='ocrx_word' id='word_1_878' title='bbox 2548 5898 2567 5933; x_wconf 82' lang='grc' dir='ltr'><strong>ι</strong></span> <span class='ocrx_word' id='word_1_879' title='bbox 2610 5880 2683 5936; x_wconf 76' lang='grc' dir='ltr'>Τὸ</span> <span class='ocrx_word' id='word_1_880' title='bbox 2712 5884 2935 5957; x_wconf 85' lang='grc' dir='ltr'><strong>Πνεῦμα</strong></span> <span class='ocrx_word' id='word_1_881' title='bbox 2974 5889 3036 5943; x_wconf 79' lang='grc' dir='ltr'><strong>τὸ</strong></span> <span class='ocrx_word' id='word_1_882' title='bbox 3090 5892 3247 5961; x_wconf 71' lang='grc' dir='ltr'><strong>ἅγιον</strong></span> <span class='ocrx_word' id='word_1_883' title='bbox 3302 5896 3493 5971; x_wconf 81' lang='grc' dir='ltr'><strong>ὥσπερ</strong></span> <span class='ocrx_word' id='word_1_884' title='bbox 3535 5901 3688 5971; x_wconf 71' lang='grc' dir='ltr'><strong>φύσει</strong></span> 
     </span>
    </p>
   </div>
  </div>
