  <div class='ocr_page' id='page_1' title='image "/cluster/home/n/w/nwhite01/storage/ocr_20150623/141/hvd.32044019208313/698.png"; bbox 0 0 4020 6624; ppageno 0'>
   <div class='ocr_carea' id='block_1_1' title="bbox 364 405 494 473">
    <p class='ocr_par' dir='ltr' id='par_1_1' title="bbox 364 405 494 473">
     <span class='ocr_line' id='line_1_1' title="bbox 364 405 494 473; baseline -0.015 0"><span class='ocrx_word' id='word_1_1' title='bbox 364 405 494 473; x_wconf 71' lang='grc' dir='ltr'>1θ81</span> 
     </span>
    </p>
   </div>
   <div class='ocr_carea' id='block_1_2' title="bbox 1366 392 2668 469">
    <p class='ocr_par' dir='ltr' id='par_1_2' title="bbox 1366 392 2668 469">
     <span class='ocr_line' id='line_1_2' title="bbox 1366 392 2668 469; baseline -0.004 -4"><span class='ocrx_word' id='word_1_2' title='bbox 1366 402 1667 465; x_wconf 83' lang='lat' dir='ltr'><strong>CONTRA</strong></span> <span class='ocrx_word' id='word_1_3' title='bbox 1711 403 2147 469; x_wconf 74' lang='lat' dir='ltr'><strong>MANUELEM</strong></span> <span class='ocrx_word' id='word_1_4' title='bbox 2186 392 2668 463; x_wconf 76' lang='lat' dir='ltr'><strong>CRETENSEM.</strong></span> 
     </span>
    </p>
   </div>
   <div class='ocr_carea' id='block_1_3' title="bbox 3503 395 3642 460">
    <p class='ocr_par' dir='ltr' id='par_1_3' title="bbox 3503 395 3642 460">
     <span class='ocr_line' id='line_1_3' title="bbox 3503 395 3642 460; baseline -0.014 0"><span class='ocrx_word' id='word_1_5' title='bbox 3503 395 3642 460; x_wconf 63' lang='lat'><strong>1&#39;82</strong></span> 
     </span>
    </p>
   </div>
   <div class='ocr_carea' id='block_1_4' title="bbox 357 492 1950 589">
    <p class='ocr_par' dir='ltr' id='par_1_4' title="bbox 357 513 1950 589">
     <span class='ocr_line' id='line_1_4' title="bbox 357 513 1950 589; baseline -0.001 -16"><span class='ocrx_word' id='word_1_6' title='bbox 357 524 453 589; x_wconf 56' lang='grc' dir='ltr'><strong>καὶ</strong></span> <span class='ocrx_word' id='word_1_7' title='bbox 484 516 607 583; x_wconf 70' lang='grc' dir='ltr'>κατ’</span> <span class='ocrx_word' id='word_1_8' title='bbox 628 517 813 579; x_wconf 80' lang='grc' dir='ltr'>οὐσίαν</span> <span class='ocrx_word' id='word_1_9' title='bbox 840 516 958 575; x_wconf 75' lang='grc' dir='ltr'>ἐστὶ</span> <span class='ocrx_word' id='word_1_10' title='bbox 977 518 1068 573; x_wconf 85' lang='grc' dir='ltr'><strong>τοῦ</strong></span> <span class='ocrx_word' id='word_1_11' title='bbox 1096 514 1233 570; x_wconf 85' lang='grc' dir='ltr'>Θεοῦ</span> <span class='ocrx_word' id='word_1_12' title='bbox 1281 515 1376 571; x_wconf 75' lang='grc' dir='ltr'><strong>καὶ</strong></span> <span class='ocrx_word' id='word_1_13' title='bbox 1400 515 1633 587; x_wconf 77' lang='grc' dir='ltr'>Πατρδς,</span> <span class='ocrx_word' id='word_1_14' title='bbox 1687 513 1831 568; x_wconf 71' lang='grc' dir='ltr'>οὕτω</span> <span class='ocrx_word' id='word_1_15' title='bbox 1859 515 1950 571; x_wconf 65' lang='grc' dir='ltr'><strong>καὶ</strong></span> 
     </span>
    </p>
   </div>
   <div class='ocr_carea' id='block_1_5' title="bbox 2057 492 3644 589">
    <p class='ocr_par' dir='ltr' id='par_1_5' title="bbox 2060 492 3644 579">
     <span class='ocr_line' id='line_1_5' title="bbox 2060 492 3644 579; baseline -0.001 -16"><span class='ocrx_word' id='word_1_16' title='bbox 2060 526 2163 566; x_wconf 88' lang='lat' dir='ltr'><strong>nec</strong></span> <span class='ocrx_word' id='word_1_17' title='bbox 2189 492 2297 565; x_wconf 85' lang='lat' dir='ltr'><strong>alio</strong></span> <span class='ocrx_word' id='word_1_18' title='bbox 2335 509 2521 571; x_wconf 90' lang='lat' dir='ltr'><strong>modo,</strong></span> <span class='ocrx_word' id='word_1_19' title='bbox 2544 508 2639 578; x_wconf 87' lang='lat' dir='ltr'><strong>qui</strong></span> <span class='ocrx_word' id='word_1_20' title='bbox 2678 508 2855 579; x_wconf 83' lang='lat' dir='ltr'><strong>palam</strong></span> <span class='ocrx_word' id='word_1_21' title='bbox 2877 517 3171 578; x_wconf 83' lang='lat' dir='ltr'><strong>aperteque</strong></span> <span class='ocrx_word' id='word_1_22' title='bbox 3193 505 3380 570; x_wconf 79' lang='lat' dir='ltr'><strong>tradit,</strong></span> <span class='ocrx_word' id='word_1_23' title='bbox 3422 525 3441 560; x_wconf 78' lang='grc' dir='ltr'><strong>ι</strong></span> <span class='ocrx_word' id='word_1_24' title='bbox 3465 508 3644 577; x_wconf 81' lang='lat' dir='ltr'><strong>Spiri-</strong></span> 
     </span>
    </p>
   </div>
   <div class='ocr_carea' id='block_1_6' title="bbox 357 605 1943 678">
    <p class='ocr_par' dir='ltr' id='par_1_6' title="bbox 357 605 1943 678">
     <span class='ocr_line' id='line_1_6' title="bbox 357 605 1943 678; baseline -0.003 -12"><span class='ocrx_word' id='word_1_25' title='bbox 357 610 451 666; x_wconf 87' lang='grc' dir='ltr'><strong>τοῦ</strong></span> <span class='ocrx_word' id='word_1_26' title='bbox 486 608 620 663; x_wconf 79' lang='grc' dir='ltr'>Υίοῦ</span> <span class='ocrx_word' id='word_1_27' title='bbox 652 608 771 663; x_wconf 76' lang='grc' dir='ltr'>κατ’</span> <span class='ocrx_word' id='word_1_28' title='bbox 804 608 991 662; x_wconf 78' lang='grc' dir='ltr'>οὐσίαν</span> <span class='ocrx_word' id='word_1_29' title='bbox 1021 608 1190 677; x_wconf 71' lang='grc' dir='ltr'>ἐστὶν,</span> <span class='ocrx_word' id='word_1_30' title='bbox 1214 606 1289 670; x_wconf 83' lang='grc' dir='ltr'>ὡς</span> <span class='ocrx_word' id='word_1_31' title='bbox 1332 608 1396 662; x_wconf 79' lang='grc' dir='ltr'><strong>ὲκ</strong></span> <span class='ocrx_word' id='word_1_32' title='bbox 1453 605 1551 661; x_wconf 85' lang='grc' dir='ltr'><strong>τοῦ</strong></span> <span class='ocrx_word' id='word_1_33' title='bbox 1604 607 1819 678; x_wconf 78' lang='grc' dir='ltr'>Πατρδς</span> <span class='ocrx_word' id='word_1_34' title='bbox 1875 606 1943 662; x_wconf 83' lang='grc' dir='ltr'>δι’</span> 
     </span>
    </p>
   </div>
   <div class='ocr_carea' id='block_1_7' title="bbox 362 699 1946 774">
    <p class='ocr_par' dir='ltr' id='par_1_7' title="bbox 362 699 1946 774">
     <span class='ocr_line' id='line_1_7' title="bbox 362 699 1946 774; baseline -0.004 -17"><span class='ocrx_word' id='word_1_35' title='bbox 362 702 492 758; x_wconf 83' lang='grc' dir='ltr'>Υίοῦ</span> <span class='ocrx_word' id='word_1_36' title='bbox 515 702 875 773; x_wconf 73' lang='grc' dir='ltr'><strong>γεννηθέντος</strong></span> <span class='ocrx_word' id='word_1_37' title='bbox 905 701 1203 774; x_wconf 69' lang='grc' dir='ltr'>ἀφράστως</span> <span class='ocrx_word' id='word_1_38' title='bbox 1256 699 1715 770; x_wconf 72' lang='grc' dir='ltr'><strong>ἐκπορευόμενον.</strong></span> <span class='ocrx_word' id='word_1_39' title='bbox 1749 718 1766 757; x_wconf 72' lang='grc' dir='ltr'><strong>ι</strong></span> <span class='ocrx_word' id='word_1_40' title='bbox 1838 700 1946 755; x_wconf 65' lang='grc' dir='ltr'><strong>Καὶ</strong></span> 
     </span>
    </p>
   </div>
   <div class='ocr_carea' id='block_1_8' title="bbox 358 793 1946 867">
    <p class='ocr_par' dir='ltr' id='par_1_8' title="bbox 358 793 1946 867">
     <span class='ocr_line' id='line_1_8' title="bbox 358 793 1946 867; baseline -0.003 -17"><span class='ocrx_word' id='word_1_41' title='bbox 358 799 458 851; x_wconf 79' lang='grc' dir='ltr'>σὺν</span> <span class='ocrx_word' id='word_1_42' title='bbox 488 796 638 867; x_wconf 84' lang='grc' dir='ltr'><strong>αύτῷ</strong></span> <span class='ocrx_word' id='word_1_43' title='bbox 669 795 835 850; x_wconf 76' lang='grc' dir='ltr'>πάλιν</span> <span class='ocrx_word' id='word_1_44' title='bbox 859 796 920 850; x_wconf 79' lang='grc' dir='ltr'>τὸ</span> <span class='ocrx_word' id='word_1_45' title='bbox 950 794 1134 849; x_wconf 77' lang='grc' dir='ltr'>ὶοιπὸν</span> <span class='ocrx_word' id='word_1_46' title='bbox 1160 793 1416 865; x_wconf 79' lang='grc' dir='ltr'><strong>σύστημα</strong></span> <span class='ocrx_word' id='word_1_47' title='bbox 1438 795 1548 847; x_wconf 84' lang='grc' dir='ltr'><strong>τῶν</strong></span> <span class='ocrx_word' id='word_1_48' title='bbox 1575 794 1946 866; x_wconf 76' lang='grc' dir='ltr'><strong>θεοφορήτων,</strong></span> 
     </span>
    </p>
   </div>
   <div class='ocr_carea' id='block_1_9' title="bbox 355 885 1943 960">
    <p class='ocr_par' dir='ltr' id='par_1_9' title="bbox 355 885 1943 960">
     <span class='ocr_line' id='line_1_9' title="bbox 355 885 1943 960; baseline -0.003 -16"><span class='ocrx_word' id='word_1_49' title='bbox 355 890 471 944; x_wconf 78' lang='grc' dir='ltr'>ὅσοι</span> <span class='ocrx_word' id='word_1_50' title='bbox 514 890 686 960; x_wconf 85' lang='grc' dir='ltr'>μηδὲν</span> <span class='ocrx_word' id='word_1_51' title='bbox 709 888 986 959; x_wconf 76' lang='grc' dir='ltr'>διαφέρειν</span> <span class='ocrx_word' id='word_1_52' title='bbox 1008 888 1068 942; x_wconf 75' lang='grc' dir='ltr'>τὸ</span> <span class='ocrx_word' id='word_1_53' title='bbox 1100 906 1120 941; x_wconf 76' lang='grc' dir='ltr'><strong>ι</strong></span> <span class='ocrx_word' id='word_1_54' title='bbox 1157 885 1218 953; x_wconf 81' lang='grc' dir='ltr'>ἐξ</span> <span class='ocrx_word' id='word_1_55' title='bbox 1244 886 1373 945; x_wconf 82' lang='grc' dir='ltr'>Υἱοῦ</span> <span class='ocrx_word' id='word_1_56' title='bbox 1416 905 1432 939; x_wconf 78' lang='grc' dir='ltr'><strong>ι</strong></span> <span class='ocrx_word' id='word_1_57' title='bbox 1480 886 1560 956; x_wconf 79' lang='grc' dir='ltr'>τῷ</span> <span class='ocrx_word' id='word_1_58' title='bbox 1607 905 1626 939; x_wconf 73' lang='grc' dir='ltr'><strong>ι</strong></span> <span class='ocrx_word' id='word_1_59' title='bbox 1657 887 1725 942; x_wconf 83' lang='grc' dir='ltr'>δι’</span> <span class='ocrx_word' id='word_1_60' title='bbox 1759 886 1895 941; x_wconf 82' lang='grc' dir='ltr'>Υίοῦ</span> <span class='ocrx_word' id='word_1_61' title='bbox 1924 906 1943 940; x_wconf 76' lang='grc' dir='ltr'><strong>ι</strong></span> 
     </span>
    </p>
   </div>
   <div class='ocr_carea' id='block_1_10' title="bbox 357 979 1949 1053">
    <p class='ocr_par' dir='ltr' id='par_1_10' title="bbox 357 979 1949 1053">
     <span class='ocr_line' id='line_1_10' title="bbox 357 979 1949 1053; baseline -0.002 -18"><span class='ocrx_word' id='word_1_62' title='bbox 357 982 385 1035; x_wconf 80' lang='grc' dir='ltr'><strong>ὃ</strong></span> <span class='ocrx_word' id='word_1_63' title='bbox 410 983 710 1053; x_wconf 74' lang='grc' dir='ltr'>διαρρήδην</span> <span class='ocrx_word' id='word_1_64' title='bbox 739 980 1073 1049; x_wconf 86' lang='grc' dir='ltr'>θεολογοῦσι,</span> <span class='ocrx_word' id='word_1_65' title='bbox 1135 980 1325 1037; x_wconf 75' lang='grc' dir='ltr'>καὶτὸ</span> <span class='ocrx_word' id='word_1_66' title='bbox 1379 980 1788 1050; x_wconf 84' lang='grc' dir='ltr'>ταυτοδύναμον</span> <span class='ocrx_word' id='word_1_67' title='bbox 1852 979 1949 1050; x_wconf 84' lang='grc' dir='ltr'>τῆς</span> 
     </span>
    </p>
   </div>
   <div class='ocr_carea' id='block_1_11' title="bbox 359 1072 1951 1147">
    <p class='ocr_par' dir='ltr' id='par_1_11' title="bbox 359 1072 1951 1147">
     <span class='ocr_line' id='line_1_11' title="bbox 359 1072 1951 1147; baseline -0.001 -18"><span class='ocrx_word' id='word_1_68' title='bbox 359 1078 428 1129; x_wconf 76' lang='grc' dir='ltr'><strong><em>ἐκ</em></strong></span> <span class='ocrx_word' id='word_1_69' title='bbox 444 1072 544 1130; x_wconf 59' lang='grc' dir='ltr'>Βιαὶ</span> <span class='ocrx_word' id='word_1_70' title='bbox 568 1075 666 1130; x_wconf 81' lang='grc' dir='ltr'><strong>διὰ</strong></span> <span class='ocrx_word' id='word_1_71' title='bbox 696 1076 981 1147; x_wconf 79' lang='grc' dir='ltr'>διηυκρινη</span> <span class='ocrx_word' id='word_1_72' title='bbox 994 1075 1167 1145; x_wconf 89' lang='grc' dir='ltr'>μένως</span> <span class='ocrx_word' id='word_1_73' title='bbox 1191 1073 1570 1144; x_wconf 79' lang='grc' dir='ltr'><strong>παραδιδόασι.</strong></span> <span class='ocrx_word' id='word_1_74' title='bbox 1613 1072 1726 1129; x_wconf 71' lang='grc' dir='ltr'><strong>Καὶ</strong></span> <span class='ocrx_word' id='word_1_75' title='bbox 1754 1072 1951 1143; x_wconf 51' lang='lat' dir='ltr'><strong>K690i-</strong></span> 
     </span>
    </p>
   </div>
   <div class='ocr_carea' id='block_1_12' title="bbox 360 1164 1951 1235">
    <p class='ocr_par' dir='ltr' id='par_1_12' title="bbox 360 1164 1951 1235">
     <span class='ocr_line' id='line_1_12' title="bbox 360 1164 1951 1235; baseline -0.003 -14"><span class='ocrx_word' id='word_1_76' title='bbox 360 1166 449 1229; x_wconf 79' lang='grc' dir='ltr'><strong>λος</strong></span> <span class='ocrx_word' id='word_1_77' title='bbox 479 1166 635 1230; x_wconf 78' lang='grc' dir='ltr'>αὖθις</span> <span class='ocrx_word' id='word_1_78' title='bbox 665 1168 694 1220; x_wconf 85' lang='grc' dir='ltr'>ὁ</span> <span class='ocrx_word' id='word_1_79' title='bbox 730 1167 874 1230; x_wconf 83' lang='grc' dir='ltr'>θεῖος</span> <span class='ocrx_word' id='word_1_80' title='bbox 901 1165 1044 1219; x_wconf 80' lang='grc' dir='ltr'>οὓτω</span> <span class='ocrx_word' id='word_1_81' title='bbox 1065 1166 1343 1234; x_wconf 81' lang='grc' dir='ltr'>διασαφῶν</span> <span class='ocrx_word' id='word_1_82' title='bbox 1365 1166 1422 1218; x_wconf 82' lang='grc' dir='ltr'>ὲν</span> <span class='ocrx_word' id='word_1_83' title='bbox 1462 1167 1587 1227; x_wconf 87' lang='grc' dir='ltr'>τοῖς·</span> <span class='ocrx_word' id='word_1_84' title='bbox 1616 1164 1754 1235; x_wconf 80' lang='grc' dir='ltr'>πρὸς</span> <span class='ocrx_word' id='word_1_85' title='bbox 1807 1165 1951 1217; x_wconf 73' lang='grc' dir='ltr'>Παλο</span> 
     </span>
    </p>
   </div>
   <div class='ocr_carea' id='block_1_13' title="bbox 356 1258 1947 1333">
    <p class='ocr_par' dir='ltr' id='par_1_13' title="bbox 356 1258 1947 1333">
     <span class='ocr_line' id='line_1_13' title="bbox 356 1258 1947 1333; baseline -0.004 -18"><span class='ocrx_word' id='word_1_86' title='bbox 356 1261 538 1321; x_wconf 78' lang='grc' dir='ltr'>λάδιον</span> <span class='ocrx_word' id='word_1_87' title='bbox 570 1276 588 1295; x_wconf 87' lang='grc'><strong>·</strong></span> <span class='ocrx_word' id='word_1_88' title='bbox 620 1279 646 1322; x_wconf 77' lang='lat' dir='ltr'><strong>_t</strong></span> <span class='ocrx_word' id='word_1_89' title='bbox 688 1261 934 1333; x_wconf 83' lang='grc' dir='ltr'>Τρεπτδν</span> <span class='ocrx_word' id='word_1_90' title='bbox 957 1260 1017 1313; x_wconf 84' lang='grc' dir='ltr'><strong>οῦ</strong></span> <span class='ocrx_word' id='word_1_91' title='bbox 1043 1260 1124 1314; x_wconf 90' lang='grc' dir='ltr'><strong>τοί</strong></span> <span class='ocrx_word' id='word_1_92' title='bbox 1167 1277 1271 1313; x_wconf 88' lang='grc' dir='ltr'><strong>που</strong></span> <span class='ocrx_word' id='word_1_93' title='bbox 1311 1259 1373 1313; x_wconf 69' lang='grc' dir='ltr'>τὸ</span> <span class='ocrx_word' id='word_1_94' title='bbox 1407 1258 1635 1328; x_wconf 82' lang='grc' dir='ltr'>Πνεῦμά</span> <span class='ocrx_word' id='word_1_95' title='bbox 1678 1260 1847 1322; x_wconf 82' lang='grc' dir='ltr'>ἐστιν,</span> <span class='ocrx_word' id='word_1_96' title='bbox 1916 1259 1947 1329; x_wconf 83' lang='grc' dir='ltr'>ἢ</span> 
     </span>
    </p>
   </div>
   <div class='ocr_carea' id='block_1_14' title="bbox 282 1351 1951 1427">
    <p class='ocr_par' dir='ltr' id='par_1_14' title="bbox 282 1351 1951 1427">
     <span class='ocr_line' id='line_1_14' title="bbox 282 1351 1951 1427; baseline -0.002 -18"><span class='ocrx_word' id='word_1_97' title='bbox 282 1392 286 1398; x_wconf 67' lang='grc' dir='ltr'><strong>ς</strong></span> <span class='ocrx_word' id='word_1_98' title='bbox 358 1354 518 1427; x_wconf 51' lang='grc' dir='ltr'>εἴπερ</span> <span class='ocrx_word' id='word_1_99' title='bbox 567 1354 630 1408; x_wconf 85' lang='grc' dir='ltr'>τὸ</span> <span class='ocrx_word' id='word_1_100' title='bbox 676 1352 978 1422; x_wconf 75' lang='grc' dir='ltr'>τρέπεσθαι</span> <span class='ocrx_word' id='word_1_101' title='bbox 1035 1354 1204 1411; x_wconf 78' lang='grc' dir='ltr'>νοσεῖ,</span> <span class='ocrx_word' id='word_1_102' title='bbox 1251 1351 1341 1405; x_wconf 79' lang='grc' dir='ltr'><strong>ἐπ’</strong></span> <span class='ocrx_word' id='word_1_103' title='bbox 1384 1351 1821 1424; x_wconf 76' lang='grc' dir='ltr'>αύτὴνὸμῶμος</span> <span class='ocrx_word' id='word_1_104' title='bbox 1851 1352 1951 1418; x_wconf 83' lang='grc' dir='ltr'>τὴν</span> 
     </span>
    </p>
   </div>
   <div class='ocr_carea' id='block_1_15' title="bbox 249 1441 1951 1516">
    <p class='ocr_par' dir='ltr' id='par_1_15' title="bbox 249 1441 1951 1516">
     <span class='ocr_line' id='line_1_15' title="bbox 249 1441 1951 1516; baseline -0.001 -17"><span class='ocrx_word' id='word_1_105' title='bbox 249 1442 269 1452; x_wconf 74' lang='grc'><strong><em>”</em></strong></span> <span class='ocrx_word' id='word_1_106' title='bbox 358 1446 507 1500; x_wconf 82' lang='grc' dir='ltr'>θείαν</span> <span class='ocrx_word' id='word_1_107' title='bbox 528 1447 928 1516; x_wconf 81' lang='grc' dir='ltr'>ἀναδραμεῖται</span> <span class='ocrx_word' id='word_1_108' title='bbox 955 1446 1144 1515; x_wconf 89' lang='grc' dir='ltr'>φύσιν.</span> <span class='ocrx_word' id='word_1_109' title='bbox 1182 1444 1356 1516; x_wconf 77' lang='grc' dir='ltr'>Εἴπερ</span> <span class='ocrx_word' id='word_1_110' title='bbox 1396 1445 1514 1500; x_wconf 71' lang='grc' dir='ltr'>ἐστὶ</span> <span class='ocrx_word' id='word_1_111' title='bbox 1537 1442 1630 1497; x_wconf 90' lang='grc' dir='ltr'><strong>τοῦ</strong></span> <span class='ocrx_word' id='word_1_112' title='bbox 1666 1441 1805 1497; x_wconf 87' lang='grc' dir='ltr'>Θεοῦ</span> <span class='ocrx_word' id='word_1_113' title='bbox 1856 1444 1951 1497; x_wconf 72' lang='grc' dir='ltr'><strong>καὶ</strong></span> 
     </span>
    </p>
   </div>
   <div class='ocr_carea' id='block_1_16' title="bbox 361 1537 1950 1611">
    <p class='ocr_par' dir='ltr' id='par_1_16' title="bbox 361 1537 1950 1611">
     <span class='ocr_line' id='line_1_16' title="bbox 361 1537 1950 1611; baseline -0.004 -16"><span class='ocrx_word' id='word_1_114' title='bbox 361 1541 595 1611; x_wconf 80' lang='grc' dir='ltr'>Πατρὸς,</span> <span class='ocrx_word' id='word_1_115' title='bbox 619 1542 715 1594; x_wconf 74' lang='grc' dir='ltr'><strong>καὶ</strong></span> <span class='ocrx_word' id='word_1_116' title='bbox 753 1539 860 1611; x_wconf 81' lang='grc' dir='ltr'>μὴν</span> <span class='ocrx_word' id='word_1_117' title='bbox 886 1541 982 1596; x_wconf 70' lang='grc' dir='ltr'><strong>καὶ</strong></span> <span class='ocrx_word' id='word_1_118' title='bbox 1002 1539 1095 1592; x_wconf 92' lang='grc' dir='ltr'><strong>τοῦ</strong></span> <span class='ocrx_word' id='word_1_119' title='bbox 1130 1537 1281 1601; x_wconf 85' lang='grc' dir='ltr'>Υίοῦ,</span> <span class='ocrx_word' id='word_1_120' title='bbox 1311 1539 1372 1592; x_wconf 78' lang='grc' dir='ltr'><strong>τὸ</strong></span> <span class='ocrx_word' id='word_1_121' title='bbox 1425 1538 1680 1601; x_wconf 76' lang='grc' dir='ltr'><strong>οὐσιῶδες</strong></span> <span class='ocrx_word' id='word_1_122' title='bbox 1725 1538 1785 1603; x_wconf 73' lang='grc' dir='ltr'>ἐξ</span> <span class='ocrx_word' id='word_1_123' title='bbox 1844 1538 1950 1605; x_wconf 84' lang='grc' dir='ltr'><strong>ἀμ-</strong></span> 
     </span>
    </p>
   </div>
   <div class='ocr_carea' id='block_1_17' title="bbox 359 1630 1947 1706">
    <p class='ocr_par' dir='ltr' id='par_1_17' title="bbox 359 1630 1947 1706">
     <span class='ocr_line' id='line_1_17' title="bbox 359 1630 1947 1706; baseline -0.011 -19"><span class='ocrx_word' id='word_1_124' title='bbox 359 1637 501 1702; x_wconf 81' lang='grc' dir='ltr'>φοῖν,</span> <span class='ocrx_word' id='word_1_125' title='bbox 537 1633 708 1706; x_wconf 70' lang='grc' dir='ltr'>ἧγουν</span> <span class='ocrx_word' id='word_1_126' title='bbox 738 1635 800 1686; x_wconf 82' lang='grc' dir='ltr'><strong>ἐκ</strong></span> <span class='ocrx_word' id='word_1_127' title='bbox 831 1632 1043 1702; x_wconf 82' lang='grc' dir='ltr'>Πατρὸς</span> <span class='ocrx_word' id='word_1_128' title='bbox 1073 1632 1138 1685; x_wconf 87' lang='grc' dir='ltr'>δι’</span> <span class='ocrx_word' id='word_1_129' title='bbox 1177 1631 1305 1687; x_wconf 84' lang='grc' dir='ltr'>Υίοῦ</span> <span class='ocrx_word' id='word_1_130' title='bbox 1349 1632 1718 1703; x_wconf 85' lang='grc' dir='ltr'>προχεόμενον</span> <span class='ocrx_word' id='word_1_131' title='bbox 1777 1630 1947 1701; x_wconf 52' lang='grc' dir='ltr'>Πνεῖρ-</span> 
     </span>
    </p>
   </div>
   <div class='ocr_carea' id='block_1_18' title="bbox 362 1722 1952 1796">
    <p class='ocr_par' dir='ltr' id='par_1_18' title="bbox 362 1722 1952 1796">
     <span class='ocr_line' id='line_1_18' title="bbox 362 1722 1952 1796; baseline -0.002 -17"><span class='ocrx_word' id='word_1_132' title='bbox 362 1742 460 1796; x_wconf 86' lang='grc' dir='ltr'>μα.</span> <span class='ocrx_word' id='word_1_133' title='bbox 504 1743 523 1777; x_wconf 73' lang='grc' dir='ltr'><strong>ι</strong></span> <span class='ocrx_word' id='word_1_134' title='bbox 568 1725 626 1778; x_wconf 89' lang='grc' dir='ltr'>Ὀ</span> <span class='ocrx_word' id='word_1_135' title='bbox 648 1726 779 1793; x_wconf 81' lang='grc' dir='ltr'>γοῦν</span> <span class='ocrx_word' id='word_1_136' title='bbox 809 1723 985 1785; x_wconf 78' lang='grc' dir='ltr'>ταῦτα</span> <span class='ocrx_word' id='word_1_137' title='bbox 1041 1724 1310 1794; x_wconf 86' lang='grc' dir='ltr'>στέργων,</span> <span class='ocrx_word' id='word_1_138' title='bbox 1365 1722 1660 1779; x_wconf 83' lang='grc' dir='ltr'>κάντεῦθεν</span> <span class='ocrx_word' id='word_1_139' title='bbox 1703 1725 1817 1786; x_wconf 87' lang='grc' dir='ltr'>τοῖς</span> <span class='ocrx_word' id='word_1_140' title='bbox 1865 1723 1952 1777; x_wconf 83' lang='grc' dir='ltr'>λέ-</span> 
     </span>
    </p>
   </div>
   <div class='ocr_carea' id='block_1_19' title="bbox 359 1812 1951 1889">
    <p class='ocr_par' dir='ltr' id='par_1_19' title="bbox 359 1812 1951 1889">
     <span class='ocr_line' id='line_1_19' title="bbox 359 1812 1951 1889; baseline -0.001 -21"><span class='ocrx_word' id='word_1_141' title='bbox 359 1833 517 1886; x_wconf 86' lang='grc' dir='ltr'>γουσι</span> <span class='ocrx_word' id='word_1_142' title='bbox 553 1818 692 1887; x_wconf 81' lang='grc' dir='ltr'>μετὰ</span> <span class='ocrx_word' id='word_1_143' title='bbox 726 1815 863 1871; x_wconf 82' lang='grc' dir='ltr'>Θεοῦ</span> <span class='ocrx_word' id='word_1_144' title='bbox 906 1816 1137 1889; x_wconf 82' lang='grc' dir='ltr'>ποιητὰς</span> <span class='ocrx_word' id='word_1_145' title='bbox 1171 1815 1280 1869; x_wconf 80' lang='grc' dir='ltr'>τῶν</span> <span class='ocrx_word' id='word_1_146' title='bbox 1306 1815 1610 1884; x_wconf 74' lang='grc' dir='ltr'>ἀνθρώπων</span> <span class='ocrx_word' id='word_1_147' title='bbox 1656 1812 1795 1869; x_wconf 80' lang='grc' dir='ltr'>εἶναι</span> <span class='ocrx_word' id='word_1_148' title='bbox 1825 1816 1951 1881; x_wconf 80' lang='grc' dir='ltr'>τοὺς</span> 
     </span>
    </p>
   </div>
   <div class='ocr_carea' id='block_1_20' title="bbox 2053 598 3640 657">
    <p class='ocr_par' dir='ltr' id='par_1_20' title="bbox 2053 598 3640 657">
     <span class='ocr_line' id='line_1_20' title="bbox 2053 598 3640 657; baseline 0.001 -1"><span class='ocrx_word' id='word_1_149' title='bbox 2053 612 2141 657; x_wconf 90' lang='lat' dir='ltr'><strong>tus</strong></span> <span class='ocrx_word' id='word_1_150' title='bbox 2170 610 2393 657; x_wconf 88' lang='lat' dir='ltr'><strong>sanctus</strong></span> <span class='ocrx_word' id='word_1_151' title='bbox 2427 601 2501 655; x_wconf 92' lang='lat' dir='ltr'><strong>uti</strong></span> <span class='ocrx_word' id='word_1_152' title='bbox 2550 609 2746 655; x_wconf 84' lang='lat' dir='ltr'><strong>natura</strong></span> <span class='ocrx_word' id='word_1_153' title='bbox 2779 598 3077 655; x_wconf 89' lang='lat' dir='ltr'><strong>secundum</strong></span> <span class='ocrx_word' id='word_1_154' title='bbox 3108 601 3405 655; x_wconf 80' lang='lat' dir='ltr'><strong>essentiam</strong></span> <span class='ocrx_word' id='word_1_155' title='bbox 3428 615 3513 655; x_wconf 87' lang='grc' dir='ltr'><strong>εει</strong></span> <span class='ocrx_word' id='word_1_156' title='bbox 3543 601 3640 657; x_wconf 85' lang='lat' dir='ltr'><strong>Dei</strong></span> 
     </span>
    </p>
   </div>
   <div class='ocr_carea' id='block_1_21' title="bbox 2051 693 3639 760">
    <p class='ocr_par' dir='ltr' id='par_1_21' title="bbox 2051 693 3639 760">
     <span class='ocr_line' id='line_1_21' title="bbox 2051 693 3639 760; baseline -0.001 -10"><span class='ocrx_word' id='word_1_157' title='bbox 2051 704 2105 750; x_wconf 91' lang='lat' dir='ltr'><strong>et</strong></span> <span class='ocrx_word' id='word_1_158' title='bbox 2139 696 2336 760; x_wconf 89' lang='lat' dir='ltr'><strong>Patris,</strong></span> <span class='ocrx_word' id='word_1_159' title='bbox 2376 693 2450 749; x_wconf 86' lang='lat' dir='ltr'><strong>ita</strong></span> <span class='ocrx_word' id='word_1_160' title='bbox 2484 704 2540 749; x_wconf 89' lang='lat' dir='ltr'><strong>et</strong></span> <span class='ocrx_word' id='word_1_161' title='bbox 2569 693 2690 749; x_wconf 73' lang='lat' dir='ltr'><strong>Filii</strong></span> <span class='ocrx_word' id='word_1_162' title='bbox 2725 694 3030 749; x_wconf 89' lang='lat' dir='ltr'><strong>secundum</strong></span> <span class='ocrx_word' id='word_1_163' title='bbox 3061 693 3355 749; x_wconf 73' lang='lat' dir='ltr'><strong>essentiam</strong></span> <span class='ocrx_word' id='word_1_164' title='bbox 3380 703 3490 758; x_wconf 89' lang='lat' dir='ltr'><strong>est,</strong></span> <span class='ocrx_word' id='word_1_165' title='bbox 3517 704 3639 750; x_wconf 85' lang='lat' dir='ltr'><strong>tan-</strong></span> 
     </span>
    </p>
   </div>
   <div class='ocr_carea' id='block_1_22' title="bbox 2050 783 3639 857">
    <p class='ocr_par' dir='ltr' id='par_1_22' title="bbox 2050 783 3639 857">
     <span class='ocr_line' id='line_1_22' title="bbox 2050 783 3639 857; baseline -0.001 -16"><span class='ocrx_word' id='word_1_166' title='bbox 2050 802 2213 857; x_wconf 84' lang='lat' dir='ltr'><strong>quam</strong></span> <span class='ocrx_word' id='word_1_167' title='bbox 2251 786 2346 857; x_wconf 83' lang='lat' dir='ltr'><strong>qui</strong></span> <span class='ocrx_word' id='word_1_168' title='bbox 2368 801 2432 841; x_wconf 81' lang='lat' dir='ltr'><strong>ex</strong></span> <span class='ocrx_word' id='word_1_169' title='bbox 2460 787 2619 842; x_wconf 88' lang='lat' dir='ltr'><strong>Patre</strong></span> <span class='ocrx_word' id='word_1_170' title='bbox 2646 801 2743 856; x_wconf 89' lang='lat' dir='ltr'><strong>per</strong></span> <span class='ocrx_word' id='word_1_171' title='bbox 2774 784 2971 841; x_wconf 83' lang='lat' dir='ltr'><strong>Filium</strong></span> <span class='ocrx_word' id='word_1_172' title='bbox 3016 784 3258 856; x_wconf 77' lang='lat' dir='ltr'><strong>genitum</strong></span> <span class='ocrx_word' id='word_1_173' title='bbox 3291 783 3639 840; x_wconf 78' lang='lat' dir='ltr'><strong>ineﬂ&#39;abiliter</strong></span> 
     </span>
    </p>
   </div>
   <div class='ocr_carea' id='block_1_23' title="bbox 2050 878 3644 952">
    <p class='ocr_par' dir='ltr' id='par_1_23' title="bbox 2050 878 3644 952">
     <span class='ocr_line' id='line_1_23' title="bbox 2050 878 3644 952; baseline 0 -18"><span class='ocrx_word' id='word_1_174' title='bbox 2050 878 2317 952; x_wconf 74' lang='lat' dir='ltr'><strong>procedit.</strong></span> <span class='ocrx_word' id='word_1_175' title='bbox 2359 900 2379 933; x_wconf 72' lang='grc' dir='ltr'><strong>ι</strong></span> <span class='ocrx_word' id='word_1_176' title='bbox 2415 879 2739 947; x_wconf 77' lang='lat' dir='ltr'><strong>Rursusque</strong></span> <span class='ocrx_word' id='word_1_177' title='bbox 2759 894 2884 934; x_wconf 91' lang='lat' dir='ltr'><strong>cum</strong></span> <span class='ocrx_word' id='word_1_178' title='bbox 2916 881 3019 934; x_wconf 90' lang='lat' dir='ltr'><strong>hoc</strong></span> <span class='ocrx_word' id='word_1_179' title='bbox 3048 879 3240 934; x_wconf 84' lang='lat' dir='ltr'><strong>eodem</strong></span> <span class='ocrx_word' id='word_1_180' title='bbox 3268 879 3514 948; x_wconf 77' lang='lat' dir='ltr'><strong>reliquus</strong></span> <span class='ocrx_word' id='word_1_181' title='bbox 3556 879 3644 934; x_wconf 83' lang='lat' dir='ltr'><strong>di-</strong></span> 
     </span>
    </p>
   </div>
   <div class='ocr_carea' id='block_1_24' title="bbox 2053 973 3642 1044">
    <p class='ocr_par' dir='ltr' id='par_1_24' title="bbox 2053 973 3642 1044">
     <span class='ocr_line' id='line_1_24' title="bbox 2053 973 3642 1044; baseline -0.001 -16"><span class='ocrx_word' id='word_1_182' title='bbox 2053 974 2302 1028; x_wconf 87' lang='lat' dir='ltr'><strong>viuorum</strong></span> <span class='ocrx_word' id='word_1_183' title='bbox 2354 974 2576 1029; x_wconf 82' lang='lat' dir='ltr'><strong>Patrum</strong></span> <span class='ocrx_word' id='word_1_184' title='bbox 2631 984 2834 1039; x_wconf 65' lang='lat' dir='ltr'><strong>caatus,</strong></span> <span class='ocrx_word' id='word_1_185' title='bbox 2880 984 3147 1044; x_wconf 86' lang='lat' dir='ltr'><strong>quotquot</strong></span> <span class='ocrx_word' id='word_1_186' title='bbox 3175 973 3311 1027; x_wconf 90' lang='lat' dir='ltr'><strong>nihil</strong></span> <span class='ocrx_word' id='word_1_187' title='bbox 3374 975 3518 1027; x_wconf 84' lang='lat' dir='ltr'><strong>inter</strong></span> <span class='ocrx_word' id='word_1_188' title='bbox 3583 986 3642 1027; x_wconf 82' lang='lat' dir='ltr'><strong>se</strong></span> 
     </span>
    </p>
   </div>
   <div class='ocr_carea' id='block_1_25' title="bbox 2053 1065 3638 1137">
    <p class='ocr_par' dir='ltr' id='par_1_25' title="bbox 2053 1065 3638 1137">
     <span class='ocr_line' id='line_1_25' title="bbox 2053 1065 3638 1137; baseline -0.004 -14"><span class='ocrx_word' id='word_1_189' title='bbox 2053 1067 2273 1123; x_wconf 70' lang='lat' dir='ltr'><strong>diﬂerre</strong></span> <span class='ocrx_word' id='word_1_190' title='bbox 2297 1066 2380 1120; x_wconf 75' lang='lat' dir='ltr'><strong>illa</strong></span> <span class='ocrx_word' id='word_1_191' title='bbox 2422 1086 2439 1119; x_wconf 74' lang='grc' dir='ltr'><strong>ι</strong></span> <span class='ocrx_word' id='word_1_192' title='bbox 2486 1082 2557 1122; x_wconf 82' lang='lat' dir='ltr'><strong>ex</strong></span> <span class='ocrx_word' id='word_1_193' title='bbox 2591 1065 2753 1132; x_wconf 87' lang='lat' dir='ltr'><strong>Filio,</strong></span> <span class='ocrx_word' id='word_1_194' title='bbox 2791 1086 2809 1118; x_wconf 73' lang='grc' dir='ltr'><strong>ι</strong></span> <span class='ocrx_word' id='word_1_195' title='bbox 2842 1077 2898 1122; x_wconf 87' lang='grc' dir='ltr'><strong>ει</strong></span> <span class='ocrx_word' id='word_1_196' title='bbox 2937 1087 2954 1118; x_wconf 72' lang='grc' dir='ltr'><strong>ι</strong></span> <span class='ocrx_word' id='word_1_197' title='bbox 2995 1082 3094 1137; x_wconf 89' lang='lat' dir='ltr'><strong>per</strong></span> <span class='ocrx_word' id='word_1_198' title='bbox 3123 1067 3320 1121; x_wconf 85' lang='lat' dir='ltr'><strong>Filium</strong></span> <span class='ocrx_word' id='word_1_199' title='bbox 3356 1086 3373 1119; x_wconf 75' lang='grc' dir='ltr'><strong>ι</strong></span> <span class='ocrx_word' id='word_1_200' title='bbox 3413 1068 3638 1133; x_wconf 82' lang='lat' dir='ltr'><strong>docent,</strong></span> 
     </span>
    </p>
   </div>
   <div class='ocr_carea' id='block_1_26' title="bbox 2050 1157 3646 1230">
    <p class='ocr_par' dir='ltr' id='par_1_26' title="bbox 2050 1157 3646 1230">
     <span class='ocr_line' id='line_1_26' title="bbox 2050 1157 3646 1230; baseline 0 -15"><span class='ocrx_word' id='word_1_201' title='bbox 2050 1170 2106 1215; x_wconf 85' lang='lat' dir='ltr'><strong>et</strong></span> <span class='ocrx_word' id='word_1_202' title='bbox 2130 1157 2583 1230; x_wconf 63' lang='lat' dir='ltr'><strong>praepositionum</strong></span> <span class='ocrx_word' id='word_1_203' title='bbox 2621 1176 2685 1213; x_wconf 80' lang='lat' dir='ltr'><strong>ea:</strong></span> <span class='ocrx_word' id='word_1_204' title='bbox 2723 1170 2778 1214; x_wconf 91' lang='lat' dir='ltr'><strong>et</strong></span> <span class='ocrx_word' id='word_1_205' title='bbox 2811 1177 2905 1230; x_wconf 85' lang='lat' dir='ltr'><strong>per</strong></span> <span class='ocrx_word' id='word_1_206' title='bbox 2946 1162 3184 1230; x_wconf 65' lang='lat' dir='ltr'><strong>aequales</strong></span> <span class='ocrx_word' id='word_1_207' title='bbox 3213 1162 3356 1214; x_wconf 86' lang='lat' dir='ltr'><strong>vires</strong></span> <span class='ocrx_word' id='word_1_208' title='bbox 3396 1160 3531 1214; x_wconf 82' lang='lat' dir='ltr'><strong>satis</strong></span> <span class='ocrx_word' id='word_1_209' title='bbox 3560 1160 3646 1215; x_wconf 83' lang='lat' dir='ltr'><strong>di-</strong></span> 
     </span>
    </p>
   </div>
   <div class='ocr_carea' id='block_1_27' title="bbox 2054 1252 3631 1323">
    <p class='ocr_par' dir='ltr' id='par_1_27' title="bbox 2054 1252 3631 1323">
     <span class='ocr_line' id='line_1_27' title="bbox 2054 1252 3631 1323; baseline 0.001 -18"><span class='ocrx_word' id='word_1_210' title='bbox 2054 1252 2252 1306; x_wconf 84' lang='lat' dir='ltr'><strong>stincte</strong></span> <span class='ocrx_word' id='word_1_211' title='bbox 2299 1252 2540 1306; x_wconf 86' lang='lat' dir='ltr'><strong>tradunt.</strong></span> <span class='ocrx_word' id='word_1_212' title='bbox 2581 1252 2804 1306; x_wconf 82' lang='lat' dir='ltr'><strong>Necnon</strong></span> <span class='ocrx_word' id='word_1_213' title='bbox 2849 1252 3073 1307; x_wconf 85' lang='lat' dir='ltr'><strong>divinus</strong></span> <span class='ocrx_word' id='word_1_214' title='bbox 3139 1268 3330 1309; x_wconf 86' lang='lat' dir='ltr'><strong>rursus</strong></span> <span class='ocrx_word' id='word_1_215' title='bbox 3380 1252 3631 1323; x_wconf 18' lang='lat' dir='ltr'><strong>Cyrillus,</strong></span> 
     </span>
    </p>
   </div>
   <div class='ocr_carea' id='block_1_28' title="bbox 2052 1346 3645 1417">
    <p class='ocr_par' dir='ltr' id='par_1_28' title="bbox 2052 1346 3645 1417">
     <span class='ocr_line' id='line_1_28' title="bbox 2052 1346 3645 1417; baseline -0.003 -16"><span class='ocrx_word' id='word_1_216' title='bbox 2052 1349 2143 1417; x_wconf 88' lang='lat' dir='ltr'><strong>qui</strong></span> <span class='ocrx_word' id='word_1_217' title='bbox 2169 1347 2226 1401; x_wconf 90' lang='lat' dir='ltr'><strong>in</strong></span> <span class='ocrx_word' id='word_1_218' title='bbox 2250 1346 2469 1417; x_wconf 85' lang='lat' dir='ltr'><strong>scriptis</strong></span> <span class='ocrx_word' id='word_1_219' title='bbox 2493 1348 2558 1404; x_wconf 85' lang='lat' dir='ltr'><strong>ad</strong></span> <span class='ocrx_word' id='word_1_220' title='bbox 2587 1348 2888 1407; x_wconf 84' lang='lat' dir='ltr'><strong>Palladium</strong></span> <span class='ocrx_word' id='word_1_221' title='bbox 2912 1364 3025 1403; x_wconf 90' lang='lat' dir='ltr'><strong>rem</strong></span> <span class='ocrx_word' id='word_1_222' title='bbox 3051 1349 3125 1409; x_wconf 84' lang='lat' dir='ltr'><strong>ita</strong></span> <span class='ocrx_word' id='word_1_223' title='bbox 3149 1347 3403 1417; x_wconf 76' lang='lat' dir='ltr'><strong>explanat</strong></span> <span class='ocrx_word' id='word_1_224' title='bbox 3429 1365 3443 1401; x_wconf 79' lang='grc' dir='ltr'><strong>ι</strong></span> <span class='ocrx_word' id='word_1_225' title='bbox 3482 1364 3498 1396; x_wconf 78' lang='grc' dir='ltr'><strong>ι</strong></span> <span class='ocrx_word' id='word_1_226' title='bbox 3530 1346 3645 1399; x_wconf 82' lang='lat' dir='ltr'><strong>Mu-</strong></span> 
     </span>
    </p>
   </div>
   <div class='ocr_carea' id='block_1_29' title="bbox 2056 1439 3643 1513">
    <p class='ocr_par' dir='ltr' id='par_1_29' title="bbox 2056 1439 3643 1513">
     <span class='ocr_line' id='line_1_29' title="bbox 2056 1439 3643 1513; baseline 0 -20"><span class='ocrx_word' id='word_1_227' title='bbox 2056 1439 2237 1493; x_wconf 91' lang='lat' dir='ltr'><strong>tabilis</strong></span> <span class='ocrx_word' id='word_1_228' title='bbox 2288 1440 2441 1495; x_wconf 89' lang='lat' dir='ltr'><strong>nullo</strong></span> <span class='ocrx_word' id='word_1_229' title='bbox 2484 1441 2646 1505; x_wconf 87' lang='lat' dir='ltr'><strong>modo</strong></span> <span class='ocrx_word' id='word_1_230' title='bbox 2677 1441 2914 1513; x_wconf 73' lang='lat' dir='ltr'><strong>Spiritus</strong></span> <span class='ocrx_word' id='word_1_231' title='bbox 2952 1453 3075 1510; x_wconf 88' lang='lat' dir='ltr'><strong>est;</strong></span> <span class='ocrx_word' id='word_1_232' title='bbox 3111 1442 3306 1512; x_wconf 83' lang='lat' dir='ltr'><strong>quodsi</strong></span> <span class='ocrx_word' id='word_1_233' title='bbox 3348 1440 3643 1495; x_wconf 81' lang='lat' dir='ltr'><strong>mutationi</strong></span> 
     </span>
    </p>
   </div>
   <div class='ocr_carea' id='block_1_30' title="bbox 2054 1532 3645 1609">
    <p class='ocr_par' dir='ltr' id='par_1_30' title="bbox 2054 1532 3645 1609">
     <span class='ocr_line' id='line_1_30' title="bbox 2054 1532 3645 1609; baseline -0.002 -20"><span class='ocrx_word' id='word_1_234' title='bbox 2054 1532 2327 1589; x_wconf 78' lang='lat' dir='ltr'><strong>obnoxius</strong></span> <span class='ocrx_word' id='word_1_235' title='bbox 2385 1543 2489 1598; x_wconf 89' lang='lat' dir='ltr'><strong>est,</strong></span> <span class='ocrx_word' id='word_1_236' title='bbox 2545 1537 2611 1589; x_wconf 87' lang='lat' dir='ltr'><strong>ad</strong></span> <span class='ocrx_word' id='word_1_237' title='bbox 2658 1535 2831 1609; x_wconf 86' lang='lat' dir='ltr'><strong>ipsam</strong></span> <span class='ocrx_word' id='word_1_238' title='bbox 2891 1536 3134 1591; x_wconf 61' lang='lat' dir='ltr'><strong>dixinam</strong></span> <span class='ocrx_word' id='word_1_239' title='bbox 3194 1545 3444 1591; x_wconf 80' lang='lat' dir='ltr'><strong>naturam</strong></span> <span class='ocrx_word' id='word_1_240' title='bbox 3500 1532 3645 1587; x_wconf 77' lang='lat' dir='ltr'><strong>vitu-</strong></span> 
     </span>
    </p>
   </div>
   <div class='ocr_carea' id='block_1_31' title="bbox 2053 1625 3643 1707">
    <p class='ocr_par' dir='ltr' id='par_1_31' title="bbox 2053 1625 3643 1707">
     <span class='ocr_line' id='line_1_31' title="bbox 2053 1625 3643 1707; baseline 0 -28"><span class='ocrx_word' id='word_1_241' title='bbox 2053 1625 2265 1696; x_wconf 85' lang='lat' dir='ltr'><strong>peratio</strong></span> <span class='ocrx_word' id='word_1_242' title='bbox 2322 1636 2589 1681; x_wconf 78' lang='lat' dir='ltr'><strong>recurret.</strong></span> <span class='ocrx_word' id='word_1_243' title='bbox 2651 1627 2708 1682; x_wconf 88' lang='lat' dir='ltr'><strong>Si</strong></span> <span class='ocrx_word' id='word_1_244' title='bbox 2777 1636 2863 1687; x_wconf 90' lang='lat' dir='ltr'><strong>est</strong></span> <span class='ocrx_word' id='word_1_245' title='bbox 2905 1626 3001 1683; x_wconf 86' lang='lat' dir='ltr'><strong>Dei</strong></span> <span class='ocrx_word' id='word_1_246' title='bbox 3055 1637 3113 1682; x_wconf 87' lang='lat' dir='ltr'><strong>et</strong></span> <span class='ocrx_word' id='word_1_247' title='bbox 3156 1625 3335 1681; x_wconf 77' lang='lat' dir='ltr'><strong>Patris</strong></span> <span class='ocrx_word' id='word_1_248' title='bbox 3356 1635 3412 1680; x_wconf 90' lang='lat' dir='ltr'><strong>et</strong></span> <span class='ocrx_word' id='word_1_249' title='bbox 3445 1634 3643 1707; x_wconf 83' lang='lat' dir='ltr'><strong>praete-</strong></span> 
     </span>
    </p>
   </div>
   <div class='ocr_carea' id='block_1_32' title="bbox 2054 1717 3644 1790">
    <p class='ocr_par' dir='ltr' id='par_1_32' title="bbox 2054 1717 3644 1790">
     <span class='ocr_line' id='line_1_32' title="bbox 2054 1717 3644 1790; baseline 0 -19"><span class='ocrx_word' id='word_1_250' title='bbox 2054 1732 2148 1772; x_wconf 90' lang='lat' dir='ltr'><strong>rea</strong></span> <span class='ocrx_word' id='word_1_251' title='bbox 2171 1717 2312 1782; x_wconf 79' lang='lat' dir='ltr'><strong>Filii,</strong></span> <span class='ocrx_word' id='word_1_252' title='bbox 2348 1719 2651 1777; x_wconf 82' lang='lat' dir='ltr'><strong>essentialis</strong></span> <span class='ocrx_word' id='word_1_253' title='bbox 2674 1735 2738 1773; x_wconf 80' lang='lat' dir='ltr'><strong>ex</strong></span> <span class='ocrx_word' id='word_1_254' title='bbox 2771 1730 3003 1790; x_wconf 89' lang='lat' dir='ltr'><strong>utroque</strong></span> <span class='ocrx_word' id='word_1_255' title='bbox 3036 1735 3102 1775; x_wconf 82' lang='lat' dir='ltr'><strong>ex</strong></span> <span class='ocrx_word' id='word_1_256' title='bbox 3126 1721 3285 1775; x_wconf 85' lang='lat' dir='ltr'><strong>Patre</strong></span> <span class='ocrx_word' id='word_1_257' title='bbox 3314 1733 3514 1790; x_wconf 86' lang='lat' dir='ltr'><strong>nempe</strong></span> <span class='ocrx_word' id='word_1_258' title='bbox 3544 1732 3644 1788; x_wconf 85' lang='lat' dir='ltr'><strong>per</strong></span> 
     </span>
    </p>
   </div>
   <div class='ocr_carea' id='block_1_33' title="bbox 2054 1810 3643 1883">
    <p class='ocr_par' dir='ltr' id='par_1_33' title="bbox 2054 1810 3643 1883">
     <span class='ocr_line' id='line_1_33' title="bbox 2054 1810 3643 1883; baseline -0.001 -18"><span class='ocrx_word' id='word_1_259' title='bbox 2054 1810 2252 1865; x_wconf 80' lang='lat' dir='ltr'><strong>Filium</strong></span> <span class='ocrx_word' id='word_1_260' title='bbox 2278 1811 2484 1878; x_wconf 65' lang='lat' dir='ltr'><strong>ellusus</strong></span> <span class='ocrx_word' id='word_1_261' title='bbox 2513 1812 2775 1881; x_wconf 86' lang='lat' dir='ltr'><strong>Spiritus.</strong></span> <span class='ocrx_word' id='word_1_262' title='bbox 2808 1832 2826 1865; x_wconf 76' lang='grc' dir='ltr'><strong>ι</strong></span> <span class='ocrx_word' id='word_1_263' title='bbox 2859 1812 2963 1879; x_wconf 82' lang='lat' dir='ltr'><strong>Qui</strong></span> <span class='ocrx_word' id='word_1_264' title='bbox 3003 1814 3186 1883; x_wconf 85' lang='lat' dir='ltr'><strong>itaque</strong></span> <span class='ocrx_word' id='word_1_265' title='bbox 3217 1813 3331 1867; x_wconf 75' lang='lat' dir='ltr'><strong>haec</strong></span> <span class='ocrx_word' id='word_1_266' title='bbox 3353 1810 3643 1881; x_wconf 83' lang='lat' dir='ltr'><strong>amplecti-</strong></span> 
     </span>
    </p>
   </div>
   <div class='ocr_carea' id='block_1_34' title="bbox 359 1884 1950 1978">
    <p class='ocr_par' dir='ltr' id='par_1_34' title="bbox 359 1884 1950 1978">
     <span class='ocr_line' id='line_1_34' title="bbox 359 1884 1950 1978; baseline -0.003 -16"><span class='ocrx_word' id='word_1_267' title='bbox 359 1884 624 1976; x_wconf 62' lang='grc' dir='ltr'>ἀγγέλους</span> <span class='ocrx_word' id='word_1_268' title='bbox 656 1884 1095 1978; x_wconf 72' lang='grc' dir='ltr'>ἐξομοιούμενος,</span> <span class='ocrx_word' id='word_1_269' title='bbox 1152 1906 1266 1969; x_wconf 80' lang='grc' dir='ltr'>πῶς</span> <span class='ocrx_word' id='word_1_270' title='bbox 1303 1907 1399 1978; x_wconf 83' lang='grc' dir='ltr'>οὐχ</span> <span class='ocrx_word' id='word_1_271' title='bbox 1446 1907 1735 1976; x_wconf 83' lang='grc' dir='ltr'>αἱρήσεται</span> <span class='ocrx_word' id='word_1_272' title='bbox 1790 1921 1950 1958; x_wconf 86' lang='grc' dir='ltr'>συνυ-</span> 
     </span>
    </p>
   </div>
   <div class='ocr_carea' id='block_1_35' title="bbox 2057 1884 3638 1978">
    <p class='ocr_par' dir='ltr' id='par_1_35' title="bbox 2058 1904 3638 1974">
     <span class='ocr_line' id='line_1_35' title="bbox 2058 1904 3638 1974; baseline 0.001 -16"><span class='ocrx_word' id='word_1_273' title='bbox 2058 1913 2145 1958; x_wconf 91' lang='lat' dir='ltr'><strong>tur</strong></span> <span class='ocrx_word' id='word_1_274' title='bbox 2174 1904 2412 1974; x_wconf 88' lang='lat' dir='ltr'><strong>indeque</strong></span> <span class='ocrx_word' id='word_1_275' title='bbox 2449 1907 2823 1962; x_wconf 86' lang='lat' dir='ltr'><strong>asserentibus</strong></span> <span class='ocrx_word' id='word_1_276' title='bbox 2863 1923 2990 1962; x_wconf 88' lang='lat' dir='ltr'><strong>cum</strong></span> <span class='ocrx_word' id='word_1_277' title='bbox 3017 1907 3128 1962; x_wconf 93' lang='lat' dir='ltr'><strong>Deo</strong></span> <span class='ocrx_word' id='word_1_278' title='bbox 3163 1914 3440 1960; x_wconf 89' lang='lat' dir='ltr'><strong>creatores</strong></span> <span class='ocrx_word' id='word_1_279' title='bbox 3471 1905 3638 1959; x_wconf 76' lang='lat' dir='ltr'><strong>humi-</strong></span> 
     </span>
    </p>
   </div>
   <div class='ocr_carea' id='block_1_36' title="bbox 360 1995 1951 2071">
    <p class='ocr_par' dir='ltr' id='par_1_36' title="bbox 360 1995 1951 2071">
     <span class='ocr_line' id='line_1_36' title="bbox 360 1995 1951 2071; baseline -0.004 -16"><span class='ocrx_word' id='word_1_280' title='bbox 360 1999 643 2069; x_wconf 71' lang='grc' dir='ltr'>ὁρίζεσθαι</span> <span class='ocrx_word' id='word_1_281' title='bbox 677 2003 789 2063; x_wconf 80' lang='grc' dir='ltr'>τοῖς</span> <span class='ocrx_word' id='word_1_282' title='bbox 821 2000 1039 2071; x_wconf 77' lang='grc' dir='ltr'>καθαρὰ</span> <span class='ocrx_word' id='word_1_283' title='bbox 1069 1999 1248 2069; x_wconf 84' lang='grc' dir='ltr'>δοχεῖα</span> <span class='ocrx_word' id='word_1_284' title='bbox 1293 1997 1387 2051; x_wconf 87' lang='grc' dir='ltr'><strong>τοῦ</strong></span> <span class='ocrx_word' id='word_1_285' title='bbox 1444 1995 1761 2066; x_wconf 81' lang='grc' dir='ltr'>Πνεύματος</span> <span class='ocrx_word' id='word_1_286' title='bbox 1811 1995 1951 2048; x_wconf 83' lang='grc' dir='ltr'>εἶναι</span> 
     </span>
    </p>
   </div>
   <div class='ocr_carea' id='block_1_37' title="bbox 360 2088 1951 2161">
    <p class='ocr_par' dir='ltr' id='par_1_37' title="bbox 360 2088 1951 2161">
     <span class='ocr_line' id='line_1_37' title="bbox 360 2088 1951 2161; baseline -0.003 -17"><span class='ocrx_word' id='word_1_287' title='bbox 360 2091 545 2149; x_wconf 77' lang='grc' dir='ltr'>θεόθεν</span> <span class='ocrx_word' id='word_1_288' title='bbox 569 2090 955 2161; x_wconf 76' lang='grc' dir='ltr'>ἀποφανθείσι,</span> <span class='ocrx_word' id='word_1_289' title='bbox 980 2093 1075 2145; x_wconf 74' lang='grc' dir='ltr'><strong>καὶ</strong></span> <span class='ocrx_word' id='word_1_290' title='bbox 1106 2091 1267 2144; x_wconf 86' lang='grc' dir='ltr'>τοῦτο</span> <span class='ocrx_word' id='word_1_291' title='bbox 1304 2089 1574 2152; x_wconf 82' lang='grc' dir='ltr'>σύνοικον,</span> <span class='ocrx_word' id='word_1_292' title='bbox 1608 2089 1706 2143; x_wconf 77' lang='grc' dir='ltr'><strong>καὶ</strong></span> <span class='ocrx_word' id='word_1_293' title='bbox 1746 2088 1821 2140; x_wconf 86' lang='grc' dir='ltr'><strong>δι’·</strong></span> <span class='ocrx_word' id='word_1_294' title='bbox 1848 2088 1951 2141; x_wconf 53' lang='lat' dir='ltr'><strong>ac,</strong></span> 
     </span>
    </p>
   </div>
   <div class='ocr_carea' id='block_1_38' title="bbox 356 2178 1952 2259">
    <p class='ocr_par' dir='ltr' id='par_1_38' title="bbox 356 2178 1952 2259">
     <span class='ocr_line' id='line_1_38' title="bbox 356 2178 1952 2259; baseline -0.003 -20"><span class='ocrx_word' id='word_1_295' title='bbox 356 2184 466 2239; x_wconf 82' lang='grc' dir='ltr'><strong>τῶν</strong></span> <span class='ocrx_word' id='word_1_296' title='bbox 528 2186 901 2259; x_wconf 72' lang='grc' dir='ltr'>φθεγγόμενον</span> <span class='ocrx_word' id='word_1_297' title='bbox 955 2185 1211 2255; x_wconf 78' lang='grc' dir='ltr'>ἐχουσιν;</span> <span class='ocrx_word' id='word_1_298' title='bbox 1283 2182 1424 2241; x_wconf 83' lang='grc' dir='ltr'><strong>Ἀλλ’</strong></span> <span class='ocrx_word' id='word_1_299' title='bbox 1452 2184 1702 2254; x_wconf 83' lang='grc' dir='ltr'>εὐμενεῖς</span> <span class='ocrx_word' id='word_1_300' title='bbox 1737 2178 1849 2240; x_wconf 82' lang='grc' dir='ltr'>εἷεν</span> <span class='ocrx_word' id='word_1_301' title='bbox 1901 2184 1952 2237; x_wconf 81' lang='grc' dir='ltr'>οἱ</span> 
     </span>
    </p>
   </div>
   <div class='ocr_carea' id='block_1_39' title="bbox 358 2277 1282 2350">
    <p class='ocr_par' dir='ltr' id='par_1_39' title="bbox 358 2277 1282 2350">
     <span class='ocr_line' id='line_1_39' title="bbox 358 2277 1282 2350; baseline -0.003 -18"><span class='ocrx_word' id='word_1_302' title='bbox 358 2278 685 2349; x_wconf 83' lang='grc' dir='ltr'>θεομίμητοι</span> <span class='ocrx_word' id='word_1_303' title='bbox 712 2295 728 2311; x_wconf 90' lang='grc'><strong>·</strong></span> <span class='ocrx_word' id='word_1_304' title='bbox 750 2280 811 2334; x_wconf 84' lang='grc' dir='ltr'><strong>ού</strong></span> <span class='ocrx_word' id='word_1_305' title='bbox 847 2278 957 2349; x_wconf 81' lang='grc' dir='ltr'>γὰρ</span> <span class='ocrx_word' id='word_1_306' title='bbox 984 2277 1079 2344; x_wconf 78' lang='grc' dir='ltr'><strong>ἀφ’</strong></span> <span class='ocrx_word' id='word_1_307' title='bbox 1102 2278 1282 2350; x_wconf 72' lang='grc' dir='ltr'>ἡμῶν.</span> 
     </span>
    </p>
   </div>
   <div class='ocr_carea' id='block_1_40' title="bbox 2059 1998 3645 2068">
    <p class='ocr_par' dir='ltr' id='par_1_40' title="bbox 2059 1998 3645 2068">
     <span class='ocr_line' id='line_1_40' title="bbox 2059 1998 3645 2068; baseline 0.003 -20"><span class='ocrx_word' id='word_1_308' title='bbox 2059 2011 2190 2049; x_wconf 88' lang='lat' dir='ltr'><strong>num</strong></span> <span class='ocrx_word' id='word_1_309' title='bbox 2218 1998 2438 2067; x_wconf 76' lang='lat' dir='ltr'><strong>angelos</strong></span> <span class='ocrx_word' id='word_1_310' title='bbox 2459 2012 2582 2053; x_wconf 87' lang='lat' dir='ltr'><strong>esse</strong></span> <span class='ocrx_word' id='word_1_311' title='bbox 2614 2009 2914 2067; x_wconf 79' lang='lat' dir='ltr'><strong>comparat,</strong></span> <span class='ocrx_word' id='word_1_312' title='bbox 2939 2014 3045 2068; x_wconf 87' lang='lat' dir='ltr'><strong>qua</strong></span> <span class='ocrx_word' id='word_1_313' title='bbox 3082 1999 3297 2057; x_wconf 87' lang='lat' dir='ltr'><strong>ratione</strong></span> <span class='ocrx_word' id='word_1_314' title='bbox 3333 2013 3445 2052; x_wconf 88' lang='lat' dir='ltr'><strong>non</strong></span> <span class='ocrx_word' id='word_1_315' title='bbox 3478 1998 3645 2067; x_wconf 83' lang='lat' dir='ltr'><strong>eliget</strong></span> 
     </span>
    </p>
   </div>
   <div class='ocr_carea' id='block_1_41' title="bbox 2059 2088 3642 2163">
    <p class='ocr_par' dir='ltr' id='par_1_41' title="bbox 2059 2088 3642 2163">
     <span class='ocr_line' id='line_1_41' title="bbox 2059 2088 3642 2163; baseline 0.001 -20"><span class='ocrx_word' id='word_1_316' title='bbox 2059 2088 2223 2144; x_wconf 86' lang='lat' dir='ltr'><strong>simul</strong></span> <span class='ocrx_word' id='word_1_317' title='bbox 2260 2106 2368 2144; x_wconf 88' lang='lat' dir='ltr'><strong>una</strong></span> <span class='ocrx_word' id='word_1_318' title='bbox 2398 2105 2522 2145; x_wconf 90' lang='lat' dir='ltr'><strong>cum</strong></span> <span class='ocrx_word' id='word_1_319' title='bbox 2559 2091 2626 2146; x_wconf 87' lang='lat' dir='ltr'><strong>iis</strong></span> <span class='ocrx_word' id='word_1_320' title='bbox 2653 2091 2746 2162; x_wconf 88' lang='lat' dir='ltr'><strong>qui</strong></span> <span class='ocrx_word' id='word_1_321' title='bbox 2787 2107 2922 2163; x_wconf 85' lang='lat' dir='ltr'><strong>pura</strong></span> <span class='ocrx_word' id='word_1_322' title='bbox 2965 2091 3204 2160; x_wconf 83' lang='lat' dir='ltr'><strong>Spiritus</strong></span> <span class='ocrx_word' id='word_1_323' title='bbox 3236 2090 3580 2162; x_wconf 86' lang='lat' dir='ltr'><strong>receptacula</strong></span> <span class='ocrx_word' id='word_1_324' title='bbox 3612 2102 3642 2145; x_wconf 78' lang='lat' dir='ltr'><strong>‘a</strong></span> 
     </span>
    </p>
   </div>
   <div class='ocr_carea' id='block_1_42' title="bbox 2064 2181 3645 2251">
    <p class='ocr_par' dir='ltr' id='par_1_42' title="bbox 2064 2181 3645 2251">
     <span class='ocr_line' id='line_1_42' title="bbox 2064 2181 3645 2251; baseline 0.001 -15"><span class='ocrx_word' id='word_1_325' title='bbox 2064 2181 2177 2237; x_wconf 90' lang='lat' dir='ltr'><strong>Deo</strong></span> <span class='ocrx_word' id='word_1_326' title='bbox 2199 2182 2464 2238; x_wconf 85' lang='lat' dir='ltr'><strong>declarati</strong></span> <span class='ocrx_word' id='word_1_327' title='bbox 2499 2194 2651 2251; x_wconf 89' lang='lat' dir='ltr'><strong>sunt,</strong></span> <span class='ocrx_word' id='word_1_328' title='bbox 2698 2195 2753 2239; x_wconf 91' lang='lat' dir='ltr'><strong>et</strong></span> <span class='ocrx_word' id='word_1_329' title='bbox 2781 2185 2934 2238; x_wconf 88' lang='lat' dir='ltr'><strong>illum</strong></span> <span class='ocrx_word' id='word_1_330' title='bbox 2982 2184 3083 2240; x_wconf 85' lang='lat' dir='ltr'><strong>sibi</strong></span> <span class='ocrx_word' id='word_1_331' title='bbox 3128 2185 3557 2249; x_wconf 87' lang='lat' dir='ltr'><strong>cohabitantem,</strong></span> <span class='ocrx_word' id='word_1_332' title='bbox 3589 2193 3645 2238; x_wconf 88' lang='lat' dir='ltr'><strong>et</strong></span> 
     </span>
    </p>
   </div>
   <div class='ocr_carea' id='block_1_43' title="bbox 2049 2277 3639 2349">
    <p class='ocr_par' dir='ltr' id='par_1_43' title="bbox 2049 2277 3639 2349">
     <span class='ocr_line' id='line_1_43' title="bbox 2049 2277 3639 2349; baseline 0.001 -19"><span class='ocrx_word' id='word_1_333' title='bbox 2049 2290 2150 2349; x_wconf 91' lang='lat' dir='ltr'><strong>per</strong></span> <span class='ocrx_word' id='word_1_334' title='bbox 2171 2278 2383 2347; x_wconf 80' lang='lat' dir='ltr'><strong>seipsos</strong></span> <span class='ocrx_word' id='word_1_335' title='bbox 2418 2277 2569 2333; x_wconf 87' lang='lat' dir='ltr'><strong>illum</strong></span> <span class='ocrx_word' id='word_1_336' title='bbox 2597 2278 3015 2339; x_wconf 77' lang='lat' dir='ltr'><strong>denuntiantem</strong></span> <span class='ocrx_word' id='word_1_337' title='bbox 3044 2278 3348 2349; x_wconf 83' lang='lat' dir='ltr'><strong>possident,</strong></span> <span class='ocrx_word' id='word_1_338' title='bbox 3380 2277 3639 2348; x_wconf 84' lang='lat' dir='ltr'><strong>injuriatn</strong></span> 
     </span>
    </p>
   </div>
   <div class='ocr_carea' id='block_1_44' title="bbox 359 2373 3291 2451">
    <p class='ocr_par' dir='ltr' id='par_1_44' title="bbox 359 2373 3291 2451">
     <span class='ocr_line' id='line_1_44' title="bbox 359 2373 3291 2451; baseline -0.002 -18"><span class='ocrx_word' id='word_1_339' title='bbox 359 2377 625 2451; x_wconf 76' lang='lat' dir='ltr'><strong>perpeti?</strong></span> <span class='ocrx_word' id='word_1_340' title='bbox 674 2374 780 2430; x_wconf 87' lang='lat' dir='ltr'><strong>Sed</strong></span> <span class='ocrx_word' id='word_1_341' title='bbox 823 2374 1048 2445; x_wconf 80' lang='lat' dir='ltr'><strong>prapitii</strong></span> <span class='ocrx_word' id='word_1_342' title='bbox 1104 2375 1262 2431; x_wconf 87' lang='lat' dir='ltr'><strong>nobis</strong></span> <span class='ocrx_word' id='word_1_343' title='bbox 1309 2373 1419 2430; x_wconf 86' lang='lat' dir='ltr'><strong>sint</strong></span> <span class='ocrx_word' id='word_1_344' title='bbox 1470 2373 1563 2430; x_wconf 91' lang='lat' dir='ltr'><strong>Dei</strong></span> <span class='ocrx_word' id='word_1_345' title='bbox 1616 2373 1985 2442; x_wconf 85' lang='lat' dir='ltr'><strong>imitatores;</strong></span> <span class='ocrx_word' id='word_1_346' title='bbox 2029 2386 2209 2442; x_wconf 86' lang='lat' dir='ltr'><strong>neque</strong></span> <span class='ocrx_word' id='word_1_347' title='bbox 2237 2374 2385 2427; x_wconf 90' lang='lat' dir='ltr'><strong>enim</strong></span> <span class='ocrx_word' id='word_1_348' title='bbox 2421 2374 2635 2430; x_wconf 89' lang='lat' dir='ltr'><strong>auobis</strong></span> <span class='ocrx_word' id='word_1_349' title='bbox 2665 2374 2867 2437; x_wconf 84' lang='lat' dir='ltr'><strong>similia</strong></span> <span class='ocrx_word' id='word_1_350' title='bbox 2905 2376 3291 2445; x_wconf 79' lang='lat' dir='ltr'><strong>proferuntur.</strong></span> 
     </span>
    </p>
   </div>
   <div class='ocr_carea' id='block_1_45' title="bbox 432 2465 1936 2539">
    <p class='ocr_par' dir='ltr' id='par_1_45' title="bbox 432 2465 1936 2539">
     <span class='ocr_line' id='line_1_45' title="bbox 432 2465 1936 2539; baseline -0.001 -17"><span class='ocrx_word' id='word_1_351' title='bbox 432 2466 538 2535; x_wconf 82' lang='grc' dir='ltr'><strong>κγ’.</strong></span> <span class='ocrx_word' id='word_1_352' title='bbox 576 2467 722 2539; x_wconf 74' lang='grc' dir='ltr'>Πλὴν</span> <span class='ocrx_word' id='word_1_353' title='bbox 746 2468 773 2519; x_wconf 88' lang='grc' dir='ltr'>ὁ</span> <span class='ocrx_word' id='word_1_354' title='bbox 803 2468 901 2530; x_wconf 85' lang='grc' dir='ltr'>τὰς</span> <span class='ocrx_word' id='word_1_355' title='bbox 951 2467 1239 2536; x_wconf 82' lang='grc' dir='ltr'>ὁμοιώσεις</span> <span class='ocrx_word' id='word_1_356' title='bbox 1268 2465 1411 2521; x_wconf 77' lang='grc' dir='ltr'>οὓτω</span> <span class='ocrx_word' id='word_1_357' title='bbox 1454 2466 1936 2538; x_wconf 74' lang='grc' dir='ltr'>καλλιγραφήσας,</span> 
     </span>
    </p>
   </div>
   <div class='ocr_carea' id='block_1_46' title="bbox 361 2558 1942 2631">
    <p class='ocr_par' dir='ltr' id='par_1_46' title="bbox 361 2558 1942 2631">
     <span class='ocr_line' id='line_1_46' title="bbox 361 2558 1942 2631; baseline -0.001 -16"><span class='ocrx_word' id='word_1_358' title='bbox 361 2562 456 2615; x_wconf 70' lang='grc' dir='ltr'><strong>καὶ</strong></span> <span class='ocrx_word' id='word_1_359' title='bbox 483 2560 551 2616; x_wconf 83' lang='grc' dir='ltr'>τὰ</span> <span class='ocrx_word' id='word_1_360' title='bbox 587 2561 685 2630; x_wconf 78' lang='grc' dir='ltr'>τῆς</span> <span class='ocrx_word' id='word_1_361' title='bbox 716 2561 947 2622; x_wconf 81' lang='grc' dir='ltr'><strong>κτίσεως</strong></span> <span class='ocrx_word' id='word_1_362' title='bbox 976 2558 1118 2613; x_wconf 79' lang='grc' dir='ltr'>οὕτω</span> <span class='ocrx_word' id='word_1_363' title='bbox 1141 2559 1409 2629; x_wconf 75' lang='grc' dir='ltr'>παραθεὶς</span> <span class='ocrx_word' id='word_1_364' title='bbox 1438 2560 1557 2631; x_wconf 80' lang='grc' dir='ltr'>μετ’</span> <span class='ocrx_word' id='word_1_365' title='bbox 1592 2561 1764 2630; x_wconf 68' lang='grc' dir='ltr'>αὐτῆς</span> <span class='ocrx_word' id='word_1_366' title='bbox 1809 2579 1829 2613; x_wconf 79' lang='grc' dir='ltr'><strong>ι</strong></span> <span class='ocrx_word' id='word_1_367' title='bbox 1866 2561 1942 2615; x_wconf 80' lang='grc' dir='ltr'>εί-</span> 
     </span>
    </p>
   </div>
   <div class='ocr_carea' id='block_1_47' title="bbox 2123 2463 3633 2537">
    <p class='ocr_par' dir='ltr' id='par_1_47' title="bbox 2123 2463 3633 2537">
     <span class='ocr_line' id='line_1_47' title="bbox 2123 2463 3633 2537; baseline 0.005 -20"><span class='ocrx_word' id='word_1_368' title='bbox 2123 2463 2193 2519; x_wconf 74' lang='grc'><strong>25</strong></span> <span class='ocrx_word' id='word_1_369' title='bbox 2223 2464 2594 2525; x_wconf 85' lang='lat' dir='ltr'><strong>Nihilominus</strong></span> <span class='ocrx_word' id='word_1_370' title='bbox 2627 2469 2720 2537; x_wconf 92' lang='lat' dir='ltr'><strong>qui</strong></span> <span class='ocrx_word' id='word_1_371' title='bbox 2765 2468 3153 2523; x_wconf 85' lang='lat' dir='ltr'><strong>similitudines</strong></span> <span class='ocrx_word' id='word_1_372' title='bbox 3196 2467 3468 2524; x_wconf 84' lang='lat' dir='ltr'><strong>concinne</strong></span> <span class='ocrx_word' id='word_1_373' title='bbox 3495 2472 3633 2525; x_wconf 87' lang='lat' dir='ltr'><strong>scri-</strong></span> 
     </span>
    </p>
   </div>
   <div class='ocr_carea' id='block_1_48' title="bbox 2048 2561 3645 2641">
    <p class='ocr_par' dir='ltr' id='par_1_48' title="bbox 2048 2561 3645 2641">
     <span class='ocr_line' id='line_1_48' title="bbox 2048 2561 3645 2641; baseline 0.007 -27"><span class='ocrx_word' id='word_1_374' title='bbox 2048 2570 2142 2632; x_wconf 89' lang='lat' dir='ltr'><strong>pto</strong></span> <span class='ocrx_word' id='word_1_375' title='bbox 2176 2561 2359 2623; x_wconf 84' lang='lat' dir='ltr'><strong>tradit.</strong></span> <span class='ocrx_word' id='word_1_376' title='bbox 2390 2570 2445 2618; x_wconf 90' lang='lat' dir='ltr'><strong>et</strong></span> <span class='ocrx_word' id='word_1_377' title='bbox 2474 2577 2560 2623; x_wconf 86' lang='lat' dir='ltr'><strong>res</strong></span> <span class='ocrx_word' id='word_1_378' title='bbox 2589 2563 2884 2623; x_wconf 83' lang='lat' dir='ltr'><strong>creationis</strong></span> <span class='ocrx_word' id='word_1_379' title='bbox 2913 2563 2985 2617; x_wconf 90' lang='lat' dir='ltr'><strong>ita</strong></span> <span class='ocrx_word' id='word_1_380' title='bbox 3009 2565 3257 2634; x_wconf 81' lang='lat' dir='ltr'><strong>exponit,</strong></span> <span class='ocrx_word' id='word_1_381' title='bbox 3298 2585 3316 2618; x_wconf 78' lang='grc' dir='ltr'><strong>ι</strong></span> <span class='ocrx_word' id='word_1_382' title='bbox 3356 2561 3416 2623; x_wconf 93' lang='lat' dir='ltr'><strong>Si</strong></span> <span class='ocrx_word' id='word_1_383' title='bbox 3465 2570 3645 2641; x_wconf 70' lang='lat' dir='ltr'><strong>angeli</strong></span> 
     </span>
    </p>
   </div>
   <div class='ocr_carea' id='block_1_49' title="bbox 360 2650 1950 2734">
    <p class='ocr_par' dir='ltr' id='par_1_49' title="bbox 360 2650 1943 2723">
     <span class='ocr_line' id='line_1_49' title="bbox 360 2650 1943 2723; baseline -0.001 -16"><span class='ocrx_word' id='word_1_384' title='bbox 360 2670 469 2723; x_wconf 80' lang='grc' dir='ltr'><strong>περ</strong></span> <span class='ocrx_word' id='word_1_385' title='bbox 497 2653 720 2723; x_wconf 78' lang='grc' dir='ltr'>ἄγγελοί</span> <span class='ocrx_word' id='word_1_386' title='bbox 741 2670 801 2705; x_wconf 88' lang='grc' dir='ltr'><strong>τε</strong></span> <span class='ocrx_word' id='word_1_387' title='bbox 826 2653 922 2705; x_wconf 77' lang='grc' dir='ltr'><strong>καὶ</strong></span> <span class='ocrx_word' id='word_1_388' title='bbox 951 2650 1253 2722; x_wconf 79' lang='grc' dir='ltr'>ἄνθρωποι,</span> <span class='ocrx_word' id='word_1_389' title='bbox 1288 2669 1307 2703; x_wconf 71' lang='grc' dir='ltr'><strong>ι</strong></span> <span class='ocrx_word' id='word_1_390' title='bbox 1347 2650 1441 2706; x_wconf 76' lang='grc' dir='ltr'><strong>καὶ</strong></span> <span class='ocrx_word' id='word_1_391' title='bbox 1463 2651 1631 2721; x_wconf 81' lang='grc' dir='ltr'>μόνῳ</span> <span class='ocrx_word' id='word_1_392' title='bbox 1658 2652 1737 2722; x_wconf 86' lang='grc' dir='ltr'>τῷ</span> <span class='ocrx_word' id='word_1_393' title='bbox 1766 2652 1943 2722; x_wconf 78' lang='grc' dir='ltr'>Πατρὶ</span> 
     </span>
    </p>
   </div>
   <div class='ocr_carea' id='block_1_50' title="bbox 2057 2650 3640 2734">
    <p class='ocr_par' dir='ltr' id='par_1_50' title="bbox 2057 2654 3640 2734">
     <span class='ocr_line' id='line_1_50' title="bbox 2057 2654 3640 2734; baseline 0.004 -23"><span class='ocrx_word' id='word_1_394' title='bbox 2057 2670 2267 2726; x_wconf 73' lang='lat' dir='ltr'><strong>quoque</strong></span> <span class='ocrx_word' id='word_1_395' title='bbox 2301 2662 2356 2709; x_wconf 87' lang='lat' dir='ltr'><strong>et</strong></span> <span class='ocrx_word' id='word_1_396' title='bbox 2386 2654 2691 2720; x_wconf 64' lang='lat' dir='ltr'><strong>homines,»</strong></span> <span class='ocrx_word' id='word_1_397' title='bbox 2732 2664 2785 2711; x_wconf 89' lang='lat' dir='ltr'><strong>et</strong></span> <span class='ocrx_word' id='word_1_398' title='bbox 2817 2656 2917 2711; x_wconf 81' lang='lat' dir='ltr'><strong>soli</strong></span> <span class='ocrx_word' id='word_1_399' title='bbox 2961 2656 3108 2711; x_wconf 83' lang='lat' dir='ltr'><strong>Patri</strong></span> <span class='ocrx_word' id='word_1_400' title='bbox 3158 2657 3474 2717; x_wconf 83' lang='lat' dir='ltr'><strong>facultatem</strong></span> <span class='ocrx_word' id='word_1_401' title='bbox 3507 2678 3640 2734; x_wconf 87' lang='lat' dir='ltr'><strong>pro-</strong></span> 
     </span>
    </p>
   </div>
   <div class='ocr_carea' id='block_1_51' title="bbox 359 2743 1942 2818">
    <p class='ocr_par' dir='ltr' id='par_1_51' title="bbox 359 2743 1942 2818">
     <span class='ocr_line' id='line_1_51' title="bbox 359 2743 1942 2818; baseline -0.001 -18"><span class='ocrx_word' id='word_1_402' title='bbox 359 2746 724 2818; x_wconf 79' lang='grc' dir='ltr'>προὸλητικὸν</span> <span class='ocrx_word' id='word_1_403' title='bbox 746 2744 1011 2816; x_wconf 72' lang='grc' dir='ltr'>ἀφορίσας</span> <span class='ocrx_word' id='word_1_404' title='bbox 1035 2743 1248 2801; x_wconf 84' lang='grc' dir='ltr'>οἴκοθεν</span> <span class='ocrx_word' id='word_1_405' title='bbox 1271 2745 1350 2811; x_wconf 67' lang='grc' dir='ltr'><strong>είς</strong></span> <span class='ocrx_word' id='word_1_406' title='bbox 1378 2744 1593 2815; x_wconf 77' lang='grc' dir='ltr'>ἰδίωμα.</span> <span class='ocrx_word' id='word_1_407' title='bbox 1617 2745 1670 2797; x_wconf 90' lang='grc' dir='ltr'><strong>τί</strong></span> <span class='ocrx_word' id='word_1_408' title='bbox 1696 2746 1824 2814; x_wconf 65' lang='grc' dir='ltr'>περὶ</span> <span class='ocrx_word' id='word_1_409' title='bbox 1844 2745 1942 2816; x_wconf 84' lang='grc' dir='ltr'>τῆς</span> 
     </span>
    </p>
   </div>
   <div class='ocr_carea' id='block_1_52' title="bbox 358 2837 1945 2910">
    <p class='ocr_par' dir='ltr' id='par_1_52' title="bbox 358 2837 1945 2910">
     <span class='ocr_line' id='line_1_52' title="bbox 358 2837 1945 2910; baseline 0 -17"><span class='ocrx_word' id='word_1_410' title='bbox 358 2839 591 2903; x_wconf 78' lang='grc' dir='ltr'>κτίσεως</span> <span class='ocrx_word' id='word_1_411' title='bbox 621 2840 738 2909; x_wconf 83' lang='grc' dir='ltr'>ἐρεῖ</span> <span class='ocrx_word' id='word_1_412' title='bbox 767 2839 901 2910; x_wconf 86' lang='grc' dir='ltr'>πρὸς</span> <span class='ocrx_word' id='word_1_413' title='bbox 938 2837 975 2893; x_wconf 80' lang='grc' dir='ltr'><strong>ἆ</strong></span> <span class='ocrx_word' id='word_1_414' title='bbox 1014 2855 1181 2909; x_wconf 78' lang='grc' dir='ltr'>φησιν</span> <span class='ocrx_word' id='word_1_415' title='bbox 1216 2840 1242 2891; x_wconf 81' lang='grc' dir='ltr'>ὁ</span> <span class='ocrx_word' id='word_1_416' title='bbox 1292 2837 1629 2909; x_wconf 74' lang='grc' dir='ltr'>μεγαλόνους</span> <span class='ocrx_word' id='word_1_417' title='bbox 1660 2838 1945 2903; x_wconf 78' lang='grc' dir='ltr'>Βασίλειος</span> 
     </span>
    </p>
   </div>
   <div class='ocr_carea' id='block_1_53' title="bbox 358 2920 1950 3005">
    <p class='ocr_par' dir='ltr' id='par_1_53' title="bbox 358 2920 1950 3005">
     <span class='ocr_line' id='line_1_53' title="bbox 358 2920 1950 3005; baseline -0.003 -18"><span class='ocrx_word' id='word_1_418' title='bbox 358 2934 418 2987; x_wconf 69' lang='grc' dir='ltr'>ἐν</span> <span class='ocrx_word' id='word_1_419' title='bbox 443 2936 557 2997; x_wconf 89' lang='grc' dir='ltr'>τοῖς</span> <span class='ocrx_word' id='word_1_420' title='bbox 580 2934 716 3004; x_wconf 77' lang='grc' dir='ltr'>πρὸς</span> <span class='ocrx_word' id='word_1_421' title='bbox 740 2932 1095 3004; x_wconf 79' lang='grc' dir='ltr'>Ἀμφιλόχιον</span> <span class='ocrx_word' id='word_1_422' title='bbox 1125 2932 1269 2989; x_wconf 75' lang='grc' dir='ltr'>οὕτω</span> <span class='ocrx_word' id='word_1_423' title='bbox 1290 2920 1502 2999; x_wconf 73' lang='grc' dir='ltr'>διεξιὼν</span> <span class='ocrx_word' id='word_1_424' title='bbox 1526 2947 1542 2964; x_wconf 88' lang='grc'><strong>·</strong></span> <span class='ocrx_word' id='word_1_425' title='bbox 1565 2951 1584 2984; x_wconf 67' lang='grc' dir='ltr'><strong>ι</strong></span> <span class='ocrx_word' id='word_1_426' title='bbox 1616 2933 1722 2985; x_wconf 72' lang='grc' dir='ltr'><strong>Καὶ</strong></span> <span class='ocrx_word' id='word_1_427' title='bbox 1756 2931 1950 3005; x_wconf 70' lang='grc' dir='ltr'>μηδείς</span> 
     </span>
    </p>
   </div>
   <div class='ocr_carea' id='block_1_54' title="bbox 358 3021 1946 3097">
    <p class='ocr_par' dir='ltr' id='par_1_54' title="bbox 358 3021 1946 3097">
     <span class='ocr_line' id='line_1_54' title="bbox 358 3021 1946 3097; baseline -0.003 -18"><span class='ocrx_word' id='word_1_428' title='bbox 358 3024 557 3080; x_wconf 77' lang='grc' dir='ltr'>οἰέσθω</span> <span class='ocrx_word' id='word_1_429' title='bbox 589 3042 655 3094; x_wconf 88' lang='grc' dir='ltr'><strong>με</strong></span> <span class='ocrx_word' id='word_1_430' title='bbox 685 3027 837 3094; x_wconf 84' lang='grc' dir='ltr'>τρεῖς</span> <span class='ocrx_word' id='word_1_431' title='bbox 869 3021 1014 3079; x_wconf 76' lang='grc' dir='ltr'>εἶναι</span> <span class='ocrx_word' id='word_1_432' title='bbox 1041 3024 1227 3093; x_wconf 79' lang='grc' dir='ltr'>λέγειν</span> <span class='ocrx_word' id='word_1_433' title='bbox 1253 3025 1490 3097; x_wconf 81' lang='grc' dir='ltr'>ἀρχικὰς</span> <span class='ocrx_word' id='word_1_434' title='bbox 1526 3024 1877 3091; x_wconf 77' lang='grc' dir='ltr'>ὑποστάσεις,</span> <span class='ocrx_word' id='word_1_435' title='bbox 1914 3024 1946 3093; x_wconf 79' lang='grc' dir='ltr'>ἢ</span> 
     </span>
    </p>
   </div>
   <div class='ocr_carea' id='block_1_55' title="bbox 357 3117 1948 3189">
    <p class='ocr_par' dir='ltr' id='par_1_55' title="bbox 357 3117 1948 3189">
     <span class='ocr_line' id='line_1_55' title="bbox 357 3117 1948 3189; baseline -0.001 -17"><span class='ocrx_word' id='word_1_436' title='bbox 357 3119 525 3188; x_wconf 81' lang='grc' dir='ltr'>ἁτελῆ</span> <span class='ocrx_word' id='word_1_437' title='bbox 561 3118 791 3187; x_wconf 77' lang='grc' dir='ltr'>φάσκειν</span> <span class='ocrx_word' id='word_1_438' title='bbox 820 3118 915 3172; x_wconf 87' lang='grc' dir='ltr'><strong>τοῦ</strong></span> <span class='ocrx_word' id='word_1_439' title='bbox 957 3117 1089 3174; x_wconf 89' lang='grc' dir='ltr'>Υἱοῦ</span> <span class='ocrx_word' id='word_1_440' title='bbox 1138 3119 1238 3189; x_wconf 75' lang='grc' dir='ltr'>τὴν</span> <span class='ocrx_word' id='word_1_441' title='bbox 1268 3118 1575 3188; x_wconf 73' lang='grc' dir='ltr'>ἐνέργειαν.</span> <span class='ocrx_word' id='word_1_442' title='bbox 1633 3118 1803 3189; x_wconf 83' lang='grc' dir='ltr'>Ἀρχὴ</span> <span class='ocrx_word' id='word_1_443' title='bbox 1838 3118 1948 3189; x_wconf 80' lang='grc' dir='ltr'>γὰρ</span> 
     </span>
    </p>
   </div>
   <div class='ocr_carea' id='block_1_56' title="bbox 2049 2746 3638 2825">
    <p class='ocr_par' dir='ltr' id='par_1_56' title="bbox 2049 2746 3638 2825">
     <span class='ocr_line' id='line_1_56' title="bbox 2049 2746 3638 2825; baseline 0.003 -23"><span class='ocrx_word' id='word_1_444' title='bbox 2049 2747 2327 2802; x_wconf 70' lang='lat' dir='ltr'><strong>duc-tivam</strong></span> <span class='ocrx_word' id='word_1_445' title='bbox 2358 2747 2412 2803; x_wconf 89' lang='lat' dir='ltr'><strong>in</strong></span> <span class='ocrx_word' id='word_1_446' title='bbox 2446 2748 2841 2815; x_wconf 70' lang='lat' dir='ltr'><strong>proprietatem</strong></span> <span class='ocrx_word' id='word_1_447' title='bbox 2873 2762 2938 2800; x_wconf 80' lang='lat' dir='ltr'><strong>ex</strong></span> <span class='ocrx_word' id='word_1_448' title='bbox 2969 2746 3208 2817; x_wconf 85' lang='lat' dir='ltr'><strong>propriis</strong></span> <span class='ocrx_word' id='word_1_449' title='bbox 3253 2760 3472 2814; x_wconf 78' lang='lat' dir='ltr'><strong>astruit,</strong></span> <span class='ocrx_word' id='word_1_450' title='bbox 3504 2753 3638 2825; x_wconf 88' lang='lat' dir='ltr'><strong>quid</strong></span> 
     </span>
    </p>
   </div>
   <div class='ocr_carea' id='block_1_57' title="bbox 2051 2839 3642 2916">
    <p class='ocr_par' dir='ltr' id='par_1_57' title="bbox 2051 2839 3642 2916">
     <span class='ocr_line' id='line_1_57' title="bbox 2051 2839 3642 2916; baseline 0.004 -23"><span class='ocrx_word' id='word_1_451' title='bbox 2051 2839 2121 2899; x_wconf 88' lang='lat' dir='ltr'><strong>de</strong></span> <span class='ocrx_word' id='word_1_452' title='bbox 2150 2839 2432 2897; x_wconf 85' lang='lat' dir='ltr'><strong>creatione</strong></span> <span class='ocrx_word' id='word_1_453' title='bbox 2459 2839 2626 2903; x_wconf 87' lang='lat' dir='ltr'><strong>dicet,</strong></span> <span class='ocrx_word' id='word_1_454' title='bbox 2649 2839 2716 2893; x_wconf 92' lang='lat' dir='ltr'><strong>ad</strong></span> <span class='ocrx_word' id='word_1_455' title='bbox 2747 2854 2810 2893; x_wconf 88' lang='lat' dir='ltr'><strong>ea</strong></span> <span class='ocrx_word' id='word_1_456' title='bbox 2836 2855 2958 2911; x_wconf 74' lang='lat' dir='ltr'><strong>qua:</strong></span> <span class='ocrx_word' id='word_1_457' title='bbox 2982 2850 3128 2897; x_wconf 82' lang='lat' dir='ltr'><strong>recte</strong></span> <span class='ocrx_word' id='word_1_458' title='bbox 3156 2858 3388 2912; x_wconf 81' lang='lat' dir='ltr'><strong>magnus</strong></span> <span class='ocrx_word' id='word_1_459' title='bbox 3414 2859 3642 2916; x_wconf 80' lang='lat' dir='ltr'><strong>magna-</strong></span> 
     </span>
    </p>
   </div>
   <div class='ocr_carea' id='block_1_58' title="bbox 2053 2931 3647 3005">
    <p class='ocr_par' dir='ltr' id='par_1_58' title="bbox 2053 2931 3647 3005">
     <span class='ocr_line' id='line_1_58' title="bbox 2053 2931 3647 3005; baseline 0.006 -19"><span class='ocrx_word' id='word_1_460' title='bbox 2053 2947 2162 3002; x_wconf 91' lang='lat' dir='ltr'><strong>que</strong></span> <span class='ocrx_word' id='word_1_461' title='bbox 2193 2941 2378 2988; x_wconf 84' lang='lat' dir='ltr'><strong>mente</strong></span> <span class='ocrx_word' id='word_1_462' title='bbox 2412 2932 2673 3004; x_wconf 61' lang='lat' dir='ltr'><strong>praaditus</strong></span> <span class='ocrx_word' id='word_1_463' title='bbox 2725 2931 2956 2990; x_wconf 82' lang='lat' dir='ltr'><strong>Basilius</strong></span> <span class='ocrx_word' id='word_1_464' title='bbox 2989 2935 3058 2991; x_wconf 84' lang='lat' dir='ltr'><strong>ad</strong></span> <span class='ocrx_word' id='word_1_465' title='bbox 3097 2936 3541 3005; x_wconf 81' lang='lat' dir='ltr'><strong>Amphilochium</strong></span> <span class='ocrx_word' id='word_1_466' title='bbox 3573 2941 3647 2996; x_wconf 88' lang='lat' dir='ltr'><strong>ita</strong></span> 
     </span>
    </p>
   </div>
   <div class='ocr_carea' id='block_1_59' title="bbox 2053 3025 3646 3099">
    <p class='ocr_par' dir='ltr' id='par_1_59' title="bbox 2053 3025 3646 3099">
     <span class='ocr_line' id='line_1_59' title="bbox 2053 3025 3646 3099; baseline 0.006 -21"><span class='ocrx_word' id='word_1_467' title='bbox 2053 3039 2321 3083; x_wconf 83' lang='lat' dir='ltr'><strong>enarratis</strong></span> <span class='ocrx_word' id='word_1_468' title='bbox 2365 3025 2596 3082; x_wconf 86' lang='lat' dir='ltr'><strong>scribit?</strong></span> <span class='ocrx_word' id='word_1_469' title='bbox 2630 3045 2648 3077; x_wconf 77' lang='grc' dir='ltr'><strong>ι</strong></span> <span class='ocrx_word' id='word_1_470' title='bbox 2688 3025 2755 3080; x_wconf 87' lang='lat' dir='ltr'><strong>Et</strong></span> <span class='ocrx_word' id='word_1_471' title='bbox 2787 3042 2951 3083; x_wconf 86' lang='lat' dir='ltr'><strong>nemo</strong></span> <span class='ocrx_word' id='word_1_472' title='bbox 2998 3029 3256 3099; x_wconf 88' lang='lat' dir='ltr'><strong>opinetur</strong></span> <span class='ocrx_word' id='word_1_473' title='bbox 3287 3047 3375 3085; x_wconf 88' lang='lat' dir='ltr'><strong>me</strong></span> <span class='ocrx_word' id='word_1_474' title='bbox 3411 3046 3520 3087; x_wconf 84' lang='lat' dir='ltr'><strong>tres</strong></span> <span class='ocrx_word' id='word_1_475' title='bbox 3557 3048 3646 3088; x_wconf 78' lang='lat' dir='ltr'><strong>as-</strong></span> 
     </span>
    </p>
   </div>
   <div class='ocr_carea' id='block_1_60' title="bbox 2051 3117 3653 3205">
    <p class='ocr_par' dir='ltr' id='par_1_60' title="bbox 2051 3117 3653 3205">
     <span class='ocr_line' id='line_1_60' title="bbox 2051 3117 3653 3205; baseline 0.006 -32"><span class='ocrx_word' id='word_1_476' title='bbox 2051 3133 2239 3174; x_wconf 88' lang='lat' dir='ltr'><strong>serere</strong></span> <span class='ocrx_word' id='word_1_477' title='bbox 2297 3120 2634 3197; x_wconf 87' lang='lat' dir='ltr'><strong>principales</strong></span> <span class='ocrx_word' id='word_1_478' title='bbox 2715 3121 3059 3193; x_wconf 82' lang='lat' dir='ltr'><strong>hypostases,</strong></span> <span class='ocrx_word' id='word_1_479' title='bbox 3122 3124 3203 3178; x_wconf 85' lang='lat' dir='ltr'><strong>vel</strong></span> <span class='ocrx_word' id='word_1_480' title='bbox 3263 3117 3653 3205; x_wconf 26' lang='lat' dir='ltr'><strong>imperfeclam‘</strong></span> 
     </span>
    </p>
   </div>
   <div class='ocr_carea' id='block_1_61' title="bbox 358 3209 1950 3297">
    <p class='ocr_par' dir='ltr' id='par_1_61' title="bbox 358 3209 1950 3283">
     <span class='ocr_line' id='line_1_61' title="bbox 358 3209 1950 3283; baseline -0.003 -14"><span class='ocrx_word' id='word_1_481' title='bbox 358 3214 467 3269; x_wconf 76' lang='grc' dir='ltr'>τῶν</span> <span class='ocrx_word' id='word_1_482' title='bbox 496 3214 668 3269; x_wconf 76' lang='grc' dir='ltr'>ὄντων</span> <span class='ocrx_word' id='word_1_483' title='bbox 692 3212 815 3283; x_wconf 87' lang='grc' dir='ltr'>μία,</span> <span class='ocrx_word' id='word_1_484' title='bbox 838 3211 927 3265; x_wconf 77' lang='grc' dir='ltr'>διὰ</span> <span class='ocrx_word' id='word_1_485' title='bbox 948 3210 1080 3264; x_wconf 85' lang='grc' dir='ltr'>Υίοῦ</span> <span class='ocrx_word' id='word_1_486' title='bbox 1110 3209 1438 3282; x_wconf 75' lang='grc' dir='ltr'>ὲνεργοῦσα,</span> <span class='ocrx_word' id='word_1_487' title='bbox 1466 3212 1560 3264; x_wconf 77' lang='grc' dir='ltr'><strong>καὶ</strong></span> <span class='ocrx_word' id='word_1_488' title='bbox 1579 3210 1863 3264; x_wconf 79' lang='grc' dir='ltr'>τελειοῦσα</span> <span class='ocrx_word' id='word_1_489' title='bbox 1892 3213 1950 3265; x_wconf 80' lang='grc' dir='ltr'>ὲν</span> 
     </span>
    </p>
   </div>
   <div class='ocr_carea' id='block_1_62' title="bbox 2057 3209 3643 3297">
    <p class='ocr_par' dir='ltr' id='par_1_62' title="bbox 2057 3211 3643 3287">
     <span class='ocr_line' id='line_1_62' title="bbox 2057 3211 3643 3287; baseline 0.005 -22"><span class='ocrx_word' id='word_1_490' title='bbox 2057 3211 2326 3267; x_wconf 85' lang='lat' dir='ltr'><strong>allirmare</strong></span> <span class='ocrx_word' id='word_1_491' title='bbox 2348 3211 2474 3268; x_wconf 83' lang='lat' dir='ltr'><strong>Filii</strong></span> <span class='ocrx_word' id='word_1_492' title='bbox 2501 3213 2905 3283; x_wconf 86' lang='lat' dir='ltr'><strong>operationem:</strong></span> <span class='ocrx_word' id='word_1_493' title='bbox 2935 3216 3264 3287; x_wconf 87' lang='lat' dir='ltr'><strong>principium</strong></span> <span class='ocrx_word' id='word_1_494' title='bbox 3287 3218 3435 3272; x_wconf 88' lang='lat' dir='ltr'><strong>enim</strong></span> <span class='ocrx_word' id='word_1_495' title='bbox 3460 3232 3643 3279; x_wconf 82' lang='lat' dir='ltr'><strong>rerum</strong></span> 
     </span>
    </p>
   </div>
   <div class='ocr_carea' id='block_1_63' title="bbox 342 3301 1954 3375">
    <p class='ocr_par' dir='ltr' id='par_1_63' title="bbox 342 3301 1954 3375">
     <span class='ocr_line' id='line_1_63' title="bbox 342 3301 1954 3375; baseline -0.001 -16"><span class='ocrx_word' id='word_1_496' title='bbox 342 3301 659 3375; x_wconf 64' lang='grc' dir='ltr'>’Πνεῦματν</span> <span class='ocrx_word' id='word_1_497' title='bbox 688 3324 707 3360; x_wconf 73' lang='lat' dir='ltr'><strong>i</strong></span> <span class='ocrx_word' id='word_1_498' title='bbox 764 3304 861 3358; x_wconf 76' lang='grc' dir='ltr'><strong>καὶ</strong></span> <span class='ocrx_word' id='word_1_499' title='bbox 887 3304 1052 3358; x_wconf 78' lang='grc' dir='ltr'>πάλιν</span> <span class='ocrx_word' id='word_1_500' title='bbox 1085 3305 1144 3361; x_wconf 79' lang='grc' dir='ltr'>ὲν</span> <span class='ocrx_word' id='word_1_501' title='bbox 1174 3303 1253 3374; x_wconf 84' lang='grc' dir='ltr'>τῷ</span> <span class='ocrx_word' id='word_1_502' title='bbox 1280 3302 1709 3374; x_wconf 79' lang='grc' dir='ltr'>ὑπαγορευθέντι</span> <span class='ocrx_word' id='word_1_503' title='bbox 1740 3302 1833 3356; x_wconf 82' lang='grc' dir='ltr'><strong>ὑπ’</strong></span> <span class='ocrx_word' id='word_1_504' title='bbox 1855 3305 1954 3358; x_wconf 83' lang='grc' dir='ltr'><strong>αὐ-</strong></span> 
     </span>
    </p>
   </div>
   <div class='ocr_carea' id='block_1_64' title="bbox 356 3395 1951 3468">
    <p class='ocr_par' dir='ltr' id='par_1_64' title="bbox 356 3395 1951 3468">
     <span class='ocr_line' id='line_1_64' title="bbox 356 3395 1951 3468; baseline -0.001 -17"><span class='ocrx_word' id='word_1_505' title='bbox 356 3398 454 3452; x_wconf 78' lang='grc' dir='ltr'><strong>τοῦ</strong></span> <span class='ocrx_word' id='word_1_506' title='bbox 507 3397 831 3468; x_wconf 69' lang='grc' dir='ltr'>ἀντιγράφω</span> <span class='ocrx_word' id='word_1_507' title='bbox 868 3396 968 3467; x_wconf 83' lang='grc' dir='ltr'>τῆς</span> <span class='ocrx_word' id='word_1_508' title='bbox 1003 3395 1278 3459; x_wconf 74' lang='grc' dir='ltr'>πίστεως·</span> <span class='ocrx_word' id='word_1_509' title='bbox 1341 3413 1360 3448; x_wconf 79' lang='lat' dir='ltr'><strong>t</strong></span> <span class='ocrx_word' id='word_1_510' title='bbox 1397 3396 1534 3448; x_wconf 88' lang='grc' dir='ltr'>Ἕνα</span> <span class='ocrx_word' id='word_1_511' title='bbox 1583 3395 1694 3467; x_wconf 78' lang='grc' dir='ltr'>γὰρ</span> <span class='ocrx_word' id='word_1_512' title='bbox 1727 3396 1951 3465; x_wconf 71' lang='grc' dir='ltr'>οἴδαμεν</span> 
     </span>
    </p>
   </div>
   <div class='ocr_carea' id='block_1_65' title="bbox 358 3476 1952 3562">
    <p class='ocr_par' dir='ltr' id='par_1_65' title="bbox 358 3476 1952 3562">
     <span class='ocr_line' id='line_1_65' title="bbox 358 3476 1952 3562; baseline 0.001 -17"><span class='ocrx_word' id='word_1_513' title='bbox 358 3492 655 3562; x_wconf 72' lang='grc' dir='ltr'>ἀγέννητον</span> <span class='ocrx_word' id='word_1_514' title='bbox 693 3491 787 3543; x_wconf 76' lang='grc' dir='ltr'><strong>καὶ</strong></span> <span class='ocrx_word' id='word_1_515' title='bbox 829 3476 962 3561; x_wconf 84' lang='grc' dir='ltr'>μίαν</span> <span class='ocrx_word' id='word_1_516' title='bbox 1010 3487 1120 3541; x_wconf 85' lang='grc' dir='ltr'><strong>τῶν</strong></span> <span class='ocrx_word' id='word_1_517' title='bbox 1156 3487 1331 3541; x_wconf 77' lang='grc' dir='ltr'>ὄντων</span> <span class='ocrx_word' id='word_1_518' title='bbox 1375 3488 1557 3559; x_wconf 75' lang='grc' dir='ltr'>ἀρχὴν</span> <span class='ocrx_word' id='word_1_519' title='bbox 1606 3489 1697 3542; x_wconf 88' lang='grc' dir='ltr'>τὸν</span> <span class='ocrx_word' id='word_1_520' title='bbox 1732 3490 1952 3561; x_wconf 80' lang='grc' dir='ltr'>Πατέρα</span> 
     </span>
    </p>
   </div>
   <div class='ocr_carea' id='block_1_66' title="bbox 360 3564 1952 3655">
    <p class='ocr_par' dir='ltr' id='par_1_66' title="bbox 360 3564 1952 3655">
     <span class='ocr_line' id='line_1_66' title="bbox 360 3564 1952 3655; baseline -0.001 -16"><span class='ocrx_word' id='word_1_521' title='bbox 360 3586 456 3639; x_wconf 85' lang='grc' dir='ltr'><strong>τοῦ</strong></span> <span class='ocrx_word' id='word_1_522' title='bbox 515 3586 723 3655; x_wconf 83' lang='grc' dir='ltr'>Κυρίου</span> <span class='ocrx_word' id='word_1_523' title='bbox 777 3584 938 3653; x_wconf 74' lang='grc' dir='ltr'>ἡμῶν</span> <span class='ocrx_word' id='word_1_524' title='bbox 985 3564 1163 3653; x_wconf 73' lang='grc' dir='ltr'>’Ῐησοῦ</span> <span class='ocrx_word' id='word_1_525' title='bbox 1216 3581 1481 3653; x_wconf 75' lang='grc' dir='ltr'>Χριστοῦ,</span> <span class='ocrx_word' id='word_1_526' title='bbox 1515 3600 1535 3633; x_wconf 73' lang='grc' dir='ltr'><strong>ι</strong></span> <span class='ocrx_word' id='word_1_527' title='bbox 1590 3584 1845 3653; x_wconf 66' lang='grc' dir='ltr'>ἁθετήσει</span> <span class='ocrx_word' id='word_1_528' title='bbox 1883 3582 1952 3638; x_wconf 87' lang='grc' dir='ltr'>δι’</span> 
     </span>
    </p>
   </div>
   <div class='ocr_carea' id='block_1_67' title="bbox 365 3662 1951 3748">
    <p class='ocr_par' dir='ltr' id='par_1_67' title="bbox 365 3662 1951 3748">
     <span class='ocr_line' id='line_1_67' title="bbox 365 3662 1951 3748; baseline 0.001 -18"><span class='ocrx_word' id='word_1_529' title='bbox 365 3676 499 3731; x_wconf 83' lang='grc' dir='ltr'>Υἱοῦ</span> <span class='ocrx_word' id='word_1_530' title='bbox 530 3662 904 3748; x_wconf 73' lang='grc' dir='ltr'>δημιουργεῖν</span> <span class='ocrx_word' id='word_1_531' title='bbox 948 3674 1040 3729; x_wconf 80' lang='grc' dir='ltr'>τὸν</span> <span class='ocrx_word' id='word_1_532' title='bbox 1095 3675 1336 3745; x_wconf 84' lang='grc' dir='ltr'>Πατέρα,</span> <span class='ocrx_word' id='word_1_533' title='bbox 1393 3675 1488 3728; x_wconf 81' lang='grc' dir='ltr'><strong>καὶ</strong></span> <span class='ocrx_word' id='word_1_534' title='bbox 1533 3674 1595 3740; x_wconf 78' lang='grc' dir='ltr'>ἐξ</span> <span class='ocrx_word' id='word_1_535' title='bbox 1626 3674 1792 3730; x_wconf 81' lang='grc' dir='ltr'>αὐτοῦ</span> <span class='ocrx_word' id='word_1_536' title='bbox 1828 3694 1847 3727; x_wconf 76' lang='grc' dir='ltr'><strong>ι</strong></span> <span class='ocrx_word' id='word_1_537' title='bbox 1885 3677 1951 3731; x_wconf 82' lang='grc' dir='ltr'><strong>δι’</strong></span> 
     </span>
    </p>
   </div>
   <div class='ocr_carea' id='block_1_68' title="bbox 362 3769 1955 3840">
    <p class='ocr_par' dir='ltr' id='par_1_68' title="bbox 362 3769 1955 3840">
     <span class='ocr_line' id='line_1_68' title="bbox 362 3769 1955 3840; baseline -0.003 -13"><span class='ocrx_word' id='word_1_538' title='bbox 362 3771 493 3828; x_wconf 77' lang='grc' dir='ltr'>Υίοῦ</span> <span class='ocrx_word' id='word_1_539' title='bbox 510 3772 575 3825; x_wconf 75' lang='grc' dir='ltr'>τὰ</span> <span class='ocrx_word' id='word_1_540' title='bbox 606 3773 782 3827; x_wconf 84' lang='grc' dir='ltr'>πάντα</span> <span class='ocrx_word' id='word_1_541' title='bbox 809 3769 1093 3838; x_wconf 76' lang='grc' dir='ltr'>γενέσθαι»</span> <span class='ocrx_word' id='word_1_542' title='bbox 1125 3772 1265 3823; x_wconf 84' lang='grc' dir='ltr'><strong>κατὰ</strong></span> <span class='ocrx_word' id='word_1_543' title='bbox 1286 3769 1383 3840; x_wconf 82' lang='grc' dir='ltr'>τὴν</span> <span class='ocrx_word' id='word_1_544' title='bbox 1409 3769 1773 3839; x_wconf 73' lang='grc' dir='ltr'>εὐαγγελικὴν</span> <span class='ocrx_word' id='word_1_545' title='bbox 1796 3769 1955 3840; x_wconf 84' lang='grc' dir='ltr'>βρον-</span> 
     </span>
    </p>
   </div>
   <div class='ocr_carea' id='block_1_69' title="bbox 357 3860 1953 3937">
    <p class='ocr_par' dir='ltr' id='par_1_69' title="bbox 357 3860 1953 3937">
     <span class='ocr_line' id='line_1_69' title="bbox 357 3860 1953 3937; baseline -0.004 -16"><span class='ocrx_word' id='word_1_546' title='bbox 357 3866 600 3936; x_wconf 75' lang='grc' dir='ltr'>τόφωνον</span> <span class='ocrx_word' id='word_1_547' title='bbox 633 3860 1008 3937; x_wconf 80' lang='grc' dir='ltr'>ἁνακήρυξιν;</span> <span class='ocrx_word' id='word_1_548' title='bbox 1042 3862 1235 3932; x_wconf 80' lang='grc' dir='ltr'>ἐπειδὴ</span> <span class='ocrx_word' id='word_1_549' title='bbox 1269 3861 1344 3933; x_wconf 88' lang='grc' dir='ltr'>μὴ</span> <span class='ocrx_word' id='word_1_550' title='bbox 1372 3864 1518 3932; x_wconf 80' lang='grc' dir='ltr'>τρεῖς</span> <span class='ocrx_word' id='word_1_551' title='bbox 1553 3862 1792 3932; x_wconf 81' lang='grc' dir='ltr'>ἀρχικὰς</span> <span class='ocrx_word' id='word_1_552' title='bbox 1816 3863 1953 3915; x_wconf 83' lang='grc' dir='ltr'>ὑπο-</span> 
     </span>
    </p>
   </div>
   <div class='ocr_carea' id='block_1_70' title="bbox 358 3953 1951 4025">
    <p class='ocr_par' dir='ltr' id='par_1_70' title="bbox 358 3953 1951 4025">
     <span class='ocr_line' id='line_1_70' title="bbox 358 3953 1951 4025; baseline -0.004 -10"><span class='ocrx_word' id='word_1_553' title='bbox 358 3961 578 4021; x_wconf 82' lang='grc' dir='ltr'>στάσεις</span> <span class='ocrx_word' id='word_1_554' title='bbox 625 3953 766 4012; x_wconf 77' lang='grc' dir='ltr'>εἷναι</span> <span class='ocrx_word' id='word_1_555' title='bbox 827 3954 1090 4016; x_wconf 81' lang='grc' dir='ltr'>διδάσκει,</span> <span class='ocrx_word' id='word_1_556' title='bbox 1120 3956 1259 4010; x_wconf 78' lang='grc' dir='ltr'><strong>ἀλλὰ</strong></span> <span class='ocrx_word' id='word_1_557' title='bbox 1286 3956 1378 4009; x_wconf 79' lang='grc' dir='ltr'>τὸν</span> <span class='ocrx_word' id='word_1_558' title='bbox 1415 3956 1639 4024; x_wconf 78' lang='grc' dir='ltr'>Πατέρα</span> <span class='ocrx_word' id='word_1_559' title='bbox 1692 3956 1820 4025; x_wconf 87' lang='grc' dir='ltr'>μίαν</span> <span class='ocrx_word' id='word_1_560' title='bbox 1841 3956 1951 4010; x_wconf 83' lang='grc' dir='ltr'>τῶν</span> 
     </span>
    </p>
   </div>
   <div class='ocr_carea' id='block_1_71' title="bbox 355 4047 1950 4121">
    <p class='ocr_par' dir='ltr' id='par_1_71' title="bbox 355 4047 1950 4121">
     <span class='ocr_line' id='line_1_71' title="bbox 355 4047 1950 4121; baseline -0.001 -15"><span class='ocrx_word' id='word_1_561' title='bbox 355 4053 527 4106; x_wconf 71' lang='grc' dir='ltr'>ὄντων</span> <span class='ocrx_word' id='word_1_562' title='bbox 551 4052 724 4121; x_wconf 76' lang='grc' dir='ltr'>ἀρχήν</span> <span class='ocrx_word' id='word_1_563' title='bbox 745 4064 759 4079; x_wconf 78' lang='grc'><strong><em>⁸</em></strong></span> <span class='ocrx_word' id='word_1_564' title='bbox 793 4047 825 4120; x_wconf 78' lang='grc' dir='ltr'>ἢ</span> <span class='ocrx_word' id='word_1_565' title='bbox 852 4052 963 4111; x_wconf 79' lang='grc' dir='ltr'>τοῖς</span> <span class='ocrx_word' id='word_1_566' title='bbox 1002 4048 1243 4119; x_wconf 77' lang='grc' dir='ltr'>ἑκάτερα</span> <span class='ocrx_word' id='word_1_567' title='bbox 1281 4050 1594 4121; x_wconf 82' lang='grc' dir='ltr'>φρονοῦσιν,</span> <span class='ocrx_word' id='word_1_568' title='bbox 1626 4048 1701 4111; x_wconf 82' lang='grc' dir='ltr'><strong>ὡς</strong></span> <span class='ocrx_word' id='word_1_569' title='bbox 1732 4049 1950 4120; x_wconf 76' lang='grc' dir='ltr'>εἴρηται</span> 
     </span>
    </p>
   </div>
   <div class='ocr_carea' id='block_1_72' title="bbox 356 4126 1952 4215">
    <p class='ocr_par' dir='ltr' id='par_1_72' title="bbox 356 4126 1952 4215">
     <span class='ocr_line' id='line_1_72' title="bbox 356 4126 1952 4215; baseline -0.004 -14"><span class='ocrx_word' id='word_1_570' title='bbox 356 4146 435 4215; x_wconf 73' lang='grc' dir='ltr'>τῷ</span> <span class='ocrx_word' id='word_1_571' title='bbox 461 4144 708 4214; x_wconf 84' lang='grc' dir='ltr'>μεγάλῳ,</span> <span class='ocrx_word' id='word_1_572' title='bbox 735 4142 1025 4213; x_wconf 79' lang='grc' dir='ltr'>ποιητικὰς</span> <span class='ocrx_word' id='word_1_573' title='bbox 1047 4141 1316 4212; x_wconf 74' lang='grc' dir='ltr'>προσάψει</span> <span class='ocrx_word' id='word_1_574' title='bbox 1339 4126 1742 4213; x_wconf 78' lang='grc' dir='ltr'>παρομοιώσεις</span> <span class='ocrx_word' id='word_1_575' title='bbox 1769 4142 1952 4209; x_wconf 85' lang='grc' dir='ltr'>λέγειν</span> 
     </span>
    </p>
   </div>
   <div class='ocr_carea' id='block_1_73' title="bbox 365 4228 1953 4309">
    <p class='ocr_par' dir='ltr' id='par_1_73' title="bbox 365 4228 1953 4309">
     <span class='ocr_line' id='line_1_73' title="bbox 365 4228 1953 4309; baseline -0.006 -16"><span class='ocrx_word' id='word_1_576' title='bbox 365 4237 684 4306; x_wconf 72' lang='grc' dir='ltr'>ἀγγελικάς.</span> <span class='ocrx_word' id='word_1_577' title='bbox 708 4235 847 4293; x_wconf 81' lang='grc' dir='ltr'><strong>Ἀλλ’</strong></span> <span class='ocrx_word' id='word_1_578' title='bbox 878 4228 1058 4301; x_wconf 70' lang='grc' dir='ltr'>οὗτος,</span> <span class='ocrx_word' id='word_1_579' title='bbox 1087 4236 1121 4304; x_wconf 77' lang='grc' dir='ltr'><strong>ἡ</strong></span> <span class='ocrx_word' id='word_1_580' title='bbox 1156 4234 1474 4309; x_wconf 82' lang='grc' dir='ltr'>φερώνυμος</span> <span class='ocrx_word' id='word_1_581' title='bbox 1495 4235 1665 4297; x_wconf 75' lang='grc' dir='ltr'>ὄντως</span> <span class='ocrx_word' id='word_1_582' title='bbox 1699 4233 1808 4287; x_wconf 86' lang='grc' dir='ltr'><strong>τῶν</strong></span> <span class='ocrx_word' id='word_1_583' title='bbox 1830 4232 1953 4301; x_wconf 86' lang='grc' dir='ltr'>δογ-</span> 
     </span>
    </p>
   </div>
   <div class='ocr_carea' id='block_1_74' title="bbox 364 4326 1953 4409">
    <p class='ocr_par' dir='ltr' id='par_1_74' title="bbox 364 4326 1953 4409">
     <span class='ocr_line' id='line_1_74' title="bbox 364 4326 1953 4409; baseline -0.003 -26"><span class='ocrx_word' id='word_1_584' title='bbox 364 4332 551 4409; x_wconf 80' lang='grc' dir='ltr'>μάτων</span> <span class='ocrx_word' id='word_1_585' title='bbox 573 4328 671 4399; x_wconf 83' lang='grc' dir='ltr'>τῆς</span> <span class='ocrx_word' id='word_1_586' title='bbox 699 4326 1142 4399; x_wconf 78' lang='grc' dir='ltr'>ἀληθεία;,βάσις</span> <span class='ocrx_word' id='word_1_587' title='bbox 1168 4326 1265 4396; x_wconf 73' lang='grc' dir='ltr'>τὴν</span> <span class='ocrx_word' id='word_1_588' title='bbox 1284 4326 1569 4381; x_wconf 84' lang='grc' dir='ltr'>κακόνοιαν</span> <span class='ocrx_word' id='word_1_589' title='bbox 1591 4327 1699 4381; x_wconf 87' lang='grc' dir='ltr'>τῶν</span> <span class='ocrx_word' id='word_1_590' title='bbox 1726 4326 1953 4380; x_wconf 87' lang='grc' dir='ltr'>τοιαῦτα</span> 
     </span>
    </p>
   </div>
   <div class='ocr_carea' id='block_1_75' title="bbox 362 4418 1954 4491">
    <p class='ocr_par' dir='ltr' id='par_1_75' title="bbox 362 4418 1954 4491">
     <span class='ocr_line' id='line_1_75' title="bbox 362 4418 1954 4491; baseline -0.003 -16"><span class='ocrx_word' id='word_1_591' title='bbox 362 4420 815 4491; x_wconf 76' lang='grc' dir='ltr'>προσεπιτρίϐειν</span> <span class='ocrx_word' id='word_1_592' title='bbox 858 4418 1109 4475; x_wconf 78' lang='grc' dir='ltr'>ἐντεῦθεν</span> <span class='ocrx_word' id='word_1_593' title='bbox 1146 4419 1603 4489; x_wconf 83' lang='grc' dir='ltr'>προαιρουμένων</span> <span class='ocrx_word' id='word_1_594' title='bbox 1635 4419 1954 4490; x_wconf 78' lang='grc' dir='ltr'>ἁπορραπί-</span> 
     </span>
    </p>
   </div>
   <div class='ocr_carea' id='block_1_76' title="bbox 361 4510 1952 4583">
    <p class='ocr_par' dir='ltr' id='par_1_76' title="bbox 361 4510 1952 4583">
     <span class='ocr_line' id='line_1_76' title="bbox 361 4510 1952 4583; baseline -0.002 -17"><span class='ocrx_word' id='word_1_595' title='bbox 361 4513 490 4583; x_wconf 83' lang='grc' dir='ltr'>ζων,</span> <span class='ocrx_word' id='word_1_596' title='bbox 530 4514 626 4567; x_wconf 77' lang='grc' dir='ltr'><strong>καὶ</strong></span> <span class='ocrx_word' id='word_1_597' title='bbox 650 4512 740 4565; x_wconf 83' lang='grc' dir='ltr'>τὸν</span> <span class='ocrx_word' id='word_1_598' title='bbox 766 4510 888 4567; x_wconf 81' lang='grc' dir='ltr'>καθ’</span> <span class='ocrx_word' id='word_1_599' title='bbox 918 4512 978 4565; x_wconf 88' lang='grc' dir='ltr'>ὂν</span> <span class='ocrx_word' id='word_1_600' title='bbox 1007 4512 1245 4582; x_wconf 75' lang='grc' dir='ltr'>ἑκάτερα</span> <span class='ocrx_word' id='word_1_601' title='bbox 1267 4510 1426 4580; x_wconf 83' lang='grc' dir='ltr'>λόγον</span> <span class='ocrx_word' id='word_1_602' title='bbox 1456 4510 1801 4582; x_wconf 76' lang='grc' dir='ltr'>παραδιδοὺς,</span> <span class='ocrx_word' id='word_1_603' title='bbox 1822 4511 1952 4581; x_wconf 76' lang='grc' dir='ltr'>περὶ</span> 
     </span>
    </p>
   </div>
   <div class='ocr_carea' id='block_1_77' title="bbox 2062 3303 3647 3382">
    <p class='ocr_par' dir='ltr' id='par_1_77' title="bbox 2062 3303 3647 3382">
     <span class='ocr_line' id='line_1_77' title="bbox 2062 3303 3647 3382; baseline 0.003 -24"><span class='ocrx_word' id='word_1_604' title='bbox 2062 3319 2233 3361; x_wconf 83' lang='lat' dir='ltr'><strong>unum</strong></span> <span class='ocrx_word' id='word_1_605' title='bbox 2265 3315 2369 3367; x_wconf 83' lang='lat' dir='ltr'><strong>est,</strong></span> <span class='ocrx_word' id='word_1_606' title='bbox 2401 3321 2499 3375; x_wconf 86' lang='lat' dir='ltr'><strong>per</strong></span> <span class='ocrx_word' id='word_1_607' title='bbox 2519 3304 2717 3361; x_wconf 87' lang='lat' dir='ltr'><strong>Filium</strong></span> <span class='ocrx_word' id='word_1_608' title='bbox 2751 3321 3008 3379; x_wconf 84' lang='lat' dir='ltr'><strong>operans.</strong></span> <span class='ocrx_word' id='word_1_609' title='bbox 3036 3303 3092 3362; x_wconf 85' lang='lat' dir='ltr'><strong>et</strong></span> <span class='ocrx_word' id='word_1_610' title='bbox 3115 3309 3406 3382; x_wconf 88' lang='lat' dir='ltr'><strong>perliciens</strong></span> <span class='ocrx_word' id='word_1_611' title='bbox 3435 3310 3490 3364; x_wconf 92' lang='lat' dir='ltr'><strong>in</strong></span> <span class='ocrx_word' id='word_1_612' title='bbox 3518 3308 3647 3380; x_wconf 85' lang='lat' dir='ltr'><strong>Spi-</strong></span> 
     </span>
    </p>
   </div>
   <div class='ocr_carea' id='block_1_78' title="bbox 2064 3397 3646 3471">
    <p class='ocr_par' dir='ltr' id='par_1_78' title="bbox 2064 3397 3646 3471">
     <span class='ocr_line' id='line_1_78' title="bbox 2064 3397 3646 3471; baseline 0.004 -21"><span class='ocrx_word' id='word_1_613' title='bbox 2064 3397 2191 3454; x_wconf 84' lang='lat' dir='ltr'><strong>ritu.</strong></span> <span class='ocrx_word' id='word_1_614' title='bbox 2224 3416 2243 3451; x_wconf 74' lang='grc' dir='ltr'><strong>ι</strong></span> <span class='ocrx_word' id='word_1_615' title='bbox 2302 3397 2624 3468; x_wconf 78' lang='lat' dir='ltr'><strong>RursuSque</strong></span> <span class='ocrx_word' id='word_1_616' title='bbox 2675 3399 2729 3455; x_wconf 90' lang='lat' dir='ltr'><strong>in</strong></span> <span class='ocrx_word' id='word_1_617' title='bbox 2789 3400 3135 3471; x_wconf 78' lang='lat' dir='ltr'><strong>Antigrapho</strong></span> <span class='ocrx_word' id='word_1_618' title='bbox 3185 3400 3311 3457; x_wconf 82' lang='lat' dir='ltr'><strong>ﬁdei</strong></span> <span class='ocrx_word' id='word_1_619' title='bbox 3346 3401 3417 3456; x_wconf 87' lang='lat' dir='ltr'><strong>ab</strong></span> <span class='ocrx_word' id='word_1_620' title='bbox 3451 3416 3513 3456; x_wconf 88' lang='lat' dir='ltr'><strong>se</strong></span> <span class='ocrx_word' id='word_1_621' title='bbox 3557 3402 3646 3457; x_wconf 83' lang='lat' dir='ltr'><strong>di-</strong></span> 
     </span>
    </p>
   </div>
   <div class='ocr_carea' id='block_1_79' title="bbox 2059 3492 3644 3565">
    <p class='ocr_par' dir='ltr' id='par_1_79' title="bbox 2059 3492 3644 3565">
     <span class='ocr_line' id='line_1_79' title="bbox 2059 3492 3644 3565; baseline 0.004 -22"><span class='ocrx_word' id='word_1_622' title='bbox 2059 3499 2231 3556; x_wconf 85' lang='lat' dir='ltr'><strong>ctato,</strong></span> <span class='ocrx_word' id='word_1_623' title='bbox 2270 3510 2289 3544; x_wconf 76' lang='grc' dir='ltr'><strong>ι</strong></span> <span class='ocrx_word' id='word_1_624' title='bbox 2326 3492 2507 3551; x_wconf 76' lang='lat' dir='ltr'><strong>Unum</strong></span> <span class='ocrx_word' id='word_1_625' title='bbox 2538 3492 2684 3547; x_wconf 86' lang='lat' dir='ltr'><strong>enim</strong></span> <span class='ocrx_word' id='word_1_626' title='bbox 2712 3493 2972 3548; x_wconf 85' lang='lat' dir='ltr'><strong>novimus</strong></span> <span class='ocrx_word' id='word_1_627' title='bbox 3003 3494 3335 3565; x_wconf 74' lang='lat' dir='ltr'><strong>ingenitum,</strong></span> <span class='ocrx_word' id='word_1_628' title='bbox 3369 3505 3425 3557; x_wconf 83' lang='lat' dir='ltr'><strong>et</strong></span> <span class='ocrx_word' id='word_1_629' title='bbox 3473 3511 3644 3553; x_wconf 85' lang='lat' dir='ltr'><strong>unum</strong></span> 
     </span>
    </p>
   </div>
   <div class='ocr_carea' id='block_1_80' title="bbox 2060 3584 3647 3657">
    <p class='ocr_par' dir='ltr' id='par_1_80' title="bbox 2060 3584 3647 3657">
     <span class='ocr_line' id='line_1_80' title="bbox 2060 3584 3647 3657; baseline 0.004 -22"><span class='ocrx_word' id='word_1_630' title='bbox 2060 3598 2245 3639; x_wconf 92' lang='lat' dir='ltr'><strong>rerum</strong></span> <span class='ocrx_word' id='word_1_631' title='bbox 2312 3584 2641 3657; x_wconf 86' lang='lat' dir='ltr'><strong>principium</strong></span> <span class='ocrx_word' id='word_1_632' title='bbox 2718 3584 2937 3641; x_wconf 85' lang='lat' dir='ltr'><strong>Patrem</strong></span> <span class='ocrx_word' id='word_1_633' title='bbox 3000 3586 3221 3643; x_wconf 85' lang='lat' dir='ltr'><strong>Domini</strong></span> <span class='ocrx_word' id='word_1_634' title='bbox 3284 3587 3458 3641; x_wconf 89' lang='lat' dir='ltr'><strong>nostri</strong></span> <span class='ocrx_word' id='word_1_635' title='bbox 3516 3588 3647 3645; x_wconf 80' lang='lat' dir='ltr'><strong>Jesu</strong></span> 
     </span>
    </p>
   </div>
   <div class='ocr_carea' id='block_1_81' title="bbox 2060 3675 3649 3749">
    <p class='ocr_par' dir='ltr' id='par_1_81' title="bbox 2060 3675 3649 3749">
     <span class='ocr_line' id='line_1_81' title="bbox 2060 3675 3649 3749; baseline 0.008 -18"><span class='ocrx_word' id='word_1_636' title='bbox 2060 3675 2320 3745; x_wconf 67' lang='lat' dir='ltr'><strong>Christi,»</strong></span> <span class='ocrx_word' id='word_1_637' title='bbox 2358 3678 2672 3747; x_wconf 85' lang='lat' dir='ltr'><strong>reprobabit</strong></span> <span class='ocrx_word' id='word_1_638' title='bbox 2703 3693 2801 3749; x_wconf 87' lang='lat' dir='ltr'><strong>per</strong></span> <span class='ocrx_word' id='word_1_639' title='bbox 2830 3675 3029 3735; x_wconf 88' lang='lat' dir='ltr'><strong>Filium</strong></span> <span class='ocrx_word' id='word_1_640' title='bbox 3061 3678 3275 3734; x_wconf 85' lang='lat' dir='ltr'><strong>Patrem</strong></span> <span class='ocrx_word' id='word_1_641' title='bbox 3309 3681 3569 3749; x_wconf 85' lang='lat' dir='ltr'><strong>condere,</strong></span> <span class='ocrx_word' id='word_1_642' title='bbox 3590 3692 3649 3743; x_wconf 82' lang='lat' dir='ltr'><strong>et</strong></span> 
     </span>
    </p>
   </div>
   <div class='ocr_carea' id='block_1_82' title="bbox 2060 3767 3646 3841">
    <p class='ocr_par' dir='ltr' id='par_1_82' title="bbox 2060 3767 3646 3841">
     <span class='ocr_line' id='line_1_82' title="bbox 2060 3767 3646 3841; baseline 0.004 -18"><span class='ocrx_word' id='word_1_643' title='bbox 2060 3782 2125 3823; x_wconf 79' lang='lat' dir='ltr'><strong>ex</strong></span> <span class='ocrx_word' id='word_1_644' title='bbox 2159 3767 2318 3837; x_wconf 74' lang='lat' dir='ltr'><strong>ipset</strong></span> <span class='ocrx_word' id='word_1_645' title='bbox 2357 3784 2456 3841; x_wconf 88' lang='lat' dir='ltr'><strong>per</strong></span> <span class='ocrx_word' id='word_1_646' title='bbox 2485 3769 2683 3825; x_wconf 85' lang='lat' dir='ltr'><strong>Filium</strong></span> <span class='ocrx_word' id='word_1_647' title='bbox 2717 3770 2969 3825; x_wconf 81' lang='lat' dir='ltr'><strong>universa</strong></span> <span class='ocrx_word' id='word_1_648' title='bbox 3001 3770 3144 3825; x_wconf 75' lang='lat' dir='ltr'><strong>facta</strong></span> <span class='ocrx_word' id='word_1_649' title='bbox 3178 3770 3369 3833; x_wconf 83' lang='lat' dir='ltr'><strong>fuisse.</strong></span> <span class='ocrx_word' id='word_1_650' title='bbox 3406 3788 3646 3830; x_wconf 73' lang='lat' dir='ltr'><strong>isecun-</strong></span> 
     </span>
    </p>
   </div>
   <div class='ocr_carea' id='block_1_83' title="bbox 2061 3860 3649 3935">
    <p class='ocr_par' dir='ltr' id='par_1_83' title="bbox 2061 3860 3649 3935">
     <span class='ocr_line' id='line_1_83' title="bbox 2061 3860 3649 3935; baseline 0.004 -18"><span class='ocrx_word' id='word_1_651' title='bbox 2061 3860 2191 3919; x_wconf 85' lang='lat' dir='ltr'><strong>dum</strong></span> <span class='ocrx_word' id='word_1_652' title='bbox 2230 3862 2604 3933; x_wconf 74' lang='lat' dir='ltr'><strong>evangelicam</strong></span> <span class='ocrx_word' id='word_1_653' title='bbox 2653 3861 2829 3929; x_wconf 78' lang='lat' dir='ltr'><strong>instar</strong></span> <span class='ocrx_word' id='word_1_654' title='bbox 2880 3864 3104 3927; x_wconf 82' lang='lat' dir='ltr'><strong>tonitrui</strong></span> <span class='ocrx_word' id='word_1_655' title='bbox 3157 3864 3649 3935; x_wconf 63' lang='lat' dir='ltr'><strong>praedicationem?</strong></span> 
     </span>
    </p>
   </div>
   <div class='ocr_carea' id='block_1_84' title="bbox 2060 3954 3646 4029">
    <p class='ocr_par' dir='ltr' id='par_1_84' title="bbox 2060 3954 3646 4029">
     <span class='ocr_line' id='line_1_84' title="bbox 2060 3954 3646 4029; baseline 0.006 -21"><span class='ocrx_word' id='word_1_656' title='bbox 2060 3957 2207 4027; x_wconf 82' lang='lat' dir='ltr'><strong>quod</strong></span> <span class='ocrx_word' id='word_1_657' title='bbox 2243 3964 2355 4010; x_wconf 90' lang='lat' dir='ltr'><strong>tres</strong></span> <span class='ocrx_word' id='word_1_658' title='bbox 2385 3954 2722 4027; x_wconf 87' lang='lat' dir='ltr'><strong>principales</strong></span> <span class='ocrx_word' id='word_1_659' title='bbox 2754 3956 3076 4027; x_wconf 81' lang='lat' dir='ltr'><strong>hypostases</strong></span> <span class='ocrx_word' id='word_1_660' title='bbox 3113 3972 3226 4017; x_wconf 80' lang='lat' dir='ltr'><strong>non</strong></span> <span class='ocrx_word' id='word_1_661' title='bbox 3275 3973 3401 4015; x_wconf 85' lang='lat' dir='ltr'><strong>esse</strong></span> <span class='ocrx_word' id='word_1_662' title='bbox 3427 3962 3646 4029; x_wconf 86' lang='lat' dir='ltr'><strong>doceat,</strong></span> 
     </span>
    </p>
   </div>
   <div class='ocr_carea' id='block_1_85' title="bbox 2059 4050 3646 4125">
    <p class='ocr_par' dir='ltr' id='par_1_85' title="bbox 2059 4050 3646 4125">
     <span class='ocr_line' id='line_1_85' title="bbox 2059 4050 3646 4125; baseline 0.002 -18"><span class='ocrx_word' id='word_1_663' title='bbox 2059 4056 2157 4107; x_wconf 88' lang='lat' dir='ltr'><strong>sed</strong></span> <span class='ocrx_word' id='word_1_664' title='bbox 2188 4050 2406 4107; x_wconf 80' lang='lat' dir='ltr'><strong>Patrem</strong></span> <span class='ocrx_word' id='word_1_665' title='bbox 2435 4068 2605 4113; x_wconf 80' lang='lat' dir='ltr'><strong>unum</strong></span> <span class='ocrx_word' id='word_1_666' title='bbox 2637 4068 2819 4125; x_wconf 80' lang='lat' dir='ltr'><strong>rerum</strong></span> <span class='ocrx_word' id='word_1_667' title='bbox 2843 4053 3092 4109; x_wconf 88' lang='lat' dir='ltr'><strong>omnium</strong></span> <span class='ocrx_word' id='word_1_668' title='bbox 3125 4052 3484 4124; x_wconf 87' lang='lat' dir='ltr'><strong>principium,</strong></span> <span class='ocrx_word' id='word_1_669' title='bbox 3508 4055 3646 4113; x_wconf 86' lang='lat' dir='ltr'><strong>illis-</strong></span> 
     </span>
    </p>
   </div>
   <div class='ocr_carea' id='block_1_86' title="bbox 2059 4147 3648 4220">
    <p class='ocr_par' dir='ltr' id='par_1_86' title="bbox 2059 4147 3648 4220">
     <span class='ocr_line' id='line_1_86' title="bbox 2059 4147 3648 4220; baseline 0.003 -21"><span class='ocrx_word' id='word_1_670' title='bbox 2059 4161 2131 4200; x_wconf 88' lang='lat' dir='ltr'><strong>ne</strong></span> <span class='ocrx_word' id='word_1_671' title='bbox 2188 4147 2282 4214; x_wconf 86' lang='lat' dir='ltr'><strong>qui</strong></span> <span class='ocrx_word' id='word_1_672' title='bbox 2310 4147 2558 4217; x_wconf 86' lang='lat' dir='ltr'><strong>utrisque</strong></span> <span class='ocrx_word' id='word_1_673' title='bbox 2606 4162 2893 4209; x_wconf 85' lang='lat' dir='ltr'><strong>assensum</strong></span> <span class='ocrx_word' id='word_1_674' title='bbox 2945 4147 3210 4215; x_wconf 66' lang='lat' dir='ltr'><strong>praebent,</strong></span> <span class='ocrx_word' id='word_1_675' title='bbox 3253 4156 3315 4202; x_wconf 90' lang='lat' dir='ltr'><strong>ut</strong></span> <span class='ocrx_word' id='word_1_676' title='bbox 3359 4163 3389 4205; x_wconf 89' lang='lat' dir='ltr'><strong>a</strong></span> <span class='ocrx_word' id='word_1_677' title='bbox 3448 4163 3648 4220; x_wconf 79' lang='lat' dir='ltr'><strong>magno</strong></span> 
     </span>
    </p>
   </div>
   <div class='ocr_carea' id='block_1_87' title="bbox 2058 4238 3648 4312">
    <p class='ocr_par' dir='ltr' id='par_1_87' title="bbox 2058 4238 3648 4312">
     <span class='ocr_line' id='line_1_87' title="bbox 2058 4238 3648 4312; baseline -0.001 -19"><span class='ocrx_word' id='word_1_678' title='bbox 2058 4238 2439 4303; x_wconf 82' lang='lat' dir='ltr'><strong>enuntiantur.</strong></span> <span class='ocrx_word' id='word_1_679' title='bbox 2476 4238 2868 4303; x_wconf 86' lang='lat' dir='ltr'><strong>similitudines</strong></span> <span class='ocrx_word' id='word_1_680' title='bbox 2897 4240 3196 4299; x_wconf 75' lang='lat' dir='ltr'><strong>creatrices</strong></span> <span class='ocrx_word' id='word_1_681' title='bbox 3225 4240 3504 4306; x_wconf 73' lang='lat' dir='ltr'><strong>angelicas</strong></span> <span class='ocrx_word' id='word_1_682' title='bbox 3549 4259 3648 4312; x_wconf 85' lang='lat' dir='ltr'><strong>ap-</strong></span> 
     </span>
    </p>
   </div>
   <div class='ocr_carea' id='block_1_88' title="bbox 2060 4330 3646 4400">
    <p class='ocr_par' dir='ltr' id='par_1_88' title="bbox 2060 4330 3646 4400">
     <span class='ocr_line' id='line_1_88' title="bbox 2060 4330 3646 4400; baseline 0.004 -17"><span class='ocrx_word' id='word_1_683' title='bbox 2060 4330 2251 4400; x_wconf 82' lang='lat' dir='ltr'><strong>pinget</strong></span> <span class='ocrx_word' id='word_1_684' title='bbox 2306 4330 2506 4387; x_wconf 79' lang='lat' dir='ltr'><strong>etIari?</strong></span> <span class='ocrx_word' id='word_1_685' title='bbox 2537 4330 2924 4387; x_wconf 82' lang='lat' dir='ltr'><strong>Verumtamen</strong></span> <span class='ocrx_word' id='word_1_686' title='bbox 2977 4331 3068 4387; x_wconf 86' lang='lat' dir='ltr'><strong>hic</strong></span> <span class='ocrx_word' id='word_1_687' title='bbox 3120 4331 3344 4389; x_wconf 86' lang='lat' dir='ltr'><strong>nomine</strong></span> <span class='ocrx_word' id='word_1_688' title='bbox 3387 4347 3488 4393; x_wconf 81' lang='lat' dir='ltr'><strong>suo</strong></span> <span class='ocrx_word' id='word_1_689' title='bbox 3518 4349 3646 4389; x_wconf 85' lang='lat' dir='ltr'><strong>vere</strong></span> 
     </span>
    </p>
   </div>
   <div class='ocr_carea' id='block_1_89' title="bbox 2060 4423 3642 4496">
    <p class='ocr_par' dir='ltr' id='par_1_89' title="bbox 2060 4423 3642 4496">
     <span class='ocr_line' id='line_1_89' title="bbox 2060 4423 3642 4496; baseline 0.008 -18"><span class='ocrx_word' id='word_1_690' title='bbox 2060 4423 2373 4496; x_wconf 77' lang='lat' dir='ltr'><strong>dogmatum</strong></span> <span class='ocrx_word' id='word_1_691' title='bbox 2400 4424 2650 4485; x_wconf 81' lang='lat' dir='ltr'><strong>veritatis</strong></span> <span class='ocrx_word' id='word_1_692' title='bbox 2676 4423 2849 4483; x_wconf 77' lang='lat' dir='ltr'><strong>basim</strong></span> <span class='ocrx_word' id='word_1_693' title='bbox 2876 4424 3209 4494; x_wconf 74' lang='lat' dir='ltr'><strong>exprimens,</strong></span> <span class='ocrx_word' id='word_1_694' title='bbox 3238 4425 3642 4495; x_wconf 78' lang='lat' dir='ltr'><strong>improbitatem</strong></span> 
     </span>
    </p>
   </div>
   <div class='ocr_carea' id='block_1_90' title="bbox 2061 4516 3643 4587">
    <p class='ocr_par' dir='ltr' id='par_1_90' title="bbox 2061 4516 3643 4587">
     <span class='ocr_line' id='line_1_90' title="bbox 2061 4516 3643 4587; baseline 0.001 -16"><span class='ocrx_word' id='word_1_695' title='bbox 2061 4531 2251 4573; x_wconf 88' lang='lat' dir='ltr'><strong>eorum</strong></span> <span class='ocrx_word' id='word_1_696' title='bbox 2279 4518 2374 4585; x_wconf 84' lang='lat' dir='ltr'><strong>qui</strong></span> <span class='ocrx_word' id='word_1_697' title='bbox 2404 4516 2600 4573; x_wconf 86' lang='lat' dir='ltr'><strong>similia</strong></span> <span class='ocrx_word' id='word_1_698' title='bbox 2632 4516 2755 4577; x_wconf 72' lang='lat' dir='ltr'><strong>Lnde</strong></span> <span class='ocrx_word' id='word_1_699' title='bbox 2782 4517 2838 4577; x_wconf 84' lang='lat' dir='ltr'><strong>in</strong></span> <span class='ocrx_word' id='word_1_700' title='bbox 2862 4516 2997 4575; x_wconf 85' lang='lat' dir='ltr'><strong>alios</strong></span> <span class='ocrx_word' id='word_1_701' title='bbox 3023 4516 3343 4587; x_wconf 77' lang='lat' dir='ltr'><strong>conjiciunt,</strong></span> <span class='ocrx_word' id='word_1_702' title='bbox 3374 4518 3643 4584; x_wconf 72' lang='lat' dir='ltr'><strong>refutans,</strong></span> 
     </span>
    </p>
   </div>
   <div class='ocr_carea' id='block_1_91' title="bbox 370 4603 1950 4679">
    <p class='ocr_par' dir='ltr' id='par_1_91' title="bbox 370 4603 1950 4677">
     <span class='ocr_line' id='line_1_91' title="bbox 370 4603 1950 4677; baseline -0.004 -15"><span class='ocrx_word' id='word_1_703' title='bbox 370 4608 427 4662; x_wconf 76' lang='grc' dir='ltr'>ιὰ</span> <span class='ocrx_word' id='word_1_704' title='bbox 452 4607 581 4677; x_wconf 82' lang='grc' dir='ltr'>τέλη</span> <span class='ocrx_word' id='word_1_705' title='bbox 603 4606 698 4659; x_wconf 89' lang='grc' dir='ltr'><strong>τοῦ</strong></span> <span class='ocrx_word' id='word_1_706' title='bbox 727 4606 984 4677; x_wconf 86' lang='grc' dir='ltr'>δευτέρου</span> <span class='ocrx_word' id='word_1_707' title='bbox 1015 4605 1121 4659; x_wconf 85' lang='grc' dir='ltr'>τῶν</span> <span class='ocrx_word' id='word_1_708' title='bbox 1148 4606 1269 4671; x_wconf 78' lang='grc' dir='ltr'>κατ’</span> <span class='ocrx_word' id='word_1_709' title='bbox 1292 4605 1558 4676; x_wconf 82' lang='grc' dir='ltr'>Εὑνομίου</span> <span class='ocrx_word' id='word_1_710' title='bbox 1582 4604 1757 4674; x_wconf 81' lang='grc' dir='ltr'>λόγων</span> <span class='ocrx_word' id='word_1_711' title='bbox 1787 4603 1950 4658; x_wconf 85' lang='grc' dir='ltr'>αὐτοῦ</span> 
     </span>
    </p>
   </div>
   <div class='ocr_carea' id='block_1_92' title="bbox 2057 4603 3647 4679">
    <p class='ocr_par' dir='ltr' id='par_1_92' title="bbox 2058 4608 3647 4679">
     <span class='ocr_line' id='line_1_92' title="bbox 2058 4608 3647 4679; baseline 0.003 -16"><span class='ocrx_word' id='word_1_712' title='bbox 2058 4617 2117 4663; x_wconf 88' lang='lat' dir='ltr'><strong>et</strong></span> <span class='ocrx_word' id='word_1_713' title='bbox 2152 4609 2445 4672; x_wconf 73' lang='lat' dir='ltr'><strong>rationem,</strong></span> <span class='ocrx_word' id='word_1_714' title='bbox 2472 4624 2578 4678; x_wconf 87' lang='lat' dir='ltr'><strong>qua</strong></span> <span class='ocrx_word' id='word_1_715' title='bbox 2607 4618 2837 4679; x_wconf 87' lang='lat' dir='ltr'><strong>utraque</strong></span> <span class='ocrx_word' id='word_1_716' title='bbox 2869 4608 3218 4679; x_wconf 76' lang='lat' dir='ltr'><strong>intelligenda</strong></span> <span class='ocrx_word' id='word_1_717' title='bbox 3246 4619 3396 4675; x_wconf 83' lang='lat' dir='ltr'><strong>sunt,</strong></span> <span class='ocrx_word' id='word_1_718' title='bbox 3420 4611 3647 4673; x_wconf 77' lang='lat' dir='ltr'><strong>tradens</strong></span> 
     </span>
    </p>
   </div>
   <div class='ocr_carea' id='block_1_93' title="bbox 359 4697 1949 4769">
    <p class='ocr_par' dir='ltr' id='par_1_93' title="bbox 359 4697 1949 4769">
     <span class='ocr_line' id='line_1_93' title="bbox 359 4697 1949 4769; baseline -0.001 -18"><span class='ocrx_word' id='word_1_719' title='bbox 359 4700 616 4765; x_wconf 78' lang='grc' dir='ltr'>διέξεισιν</span> <span class='ocrx_word' id='word_1_720' title='bbox 677 4699 901 4762; x_wconf 79' lang='grc' dir='ltr'>οὑτωσὶ,</span> <span class='ocrx_word' id='word_1_721' title='bbox 941 4717 959 4750; x_wconf 79' lang='lat' dir='ltr'><strong>t</strong></span> <span class='ocrx_word' id='word_1_722' title='bbox 999 4698 1072 4751; x_wconf 84' lang='grc' dir='ltr'><strong>Τὸ</strong></span> <span class='ocrx_word' id='word_1_723' title='bbox 1128 4699 1281 4769; x_wconf 81' lang='grc' dir='ltr'>παρὰ</span> <span class='ocrx_word' id='word_1_724' title='bbox 1312 4697 1407 4751; x_wconf 89' lang='grc' dir='ltr'><strong>τοῦ</strong></span> <span class='ocrx_word' id='word_1_725' title='bbox 1450 4698 1582 4752; x_wconf 83' lang='grc' dir='ltr'>Υἱοῦ</span> <span class='ocrx_word' id='word_1_726' title='bbox 1617 4698 1949 4768; x_wconf 75' lang='grc' dir='ltr'>γεγενῆσθαι</span> 
     </span>
    </p>
   </div>
   <div class='ocr_carea' id='block_1_94' title="bbox 360 4791 1948 4865">
    <p class='ocr_par' dir='ltr' id='par_1_94' title="bbox 360 4791 1948 4865">
     <span class='ocr_line' id='line_1_94' title="bbox 360 4791 1948 4865; baseline 0 -19"><span class='ocrx_word' id='word_1_727' title='bbox 360 4793 654 4864; x_wconf 78' lang='grc' dir='ltr'>λεγόμενον</span> <span class='ocrx_word' id='word_1_728' title='bbox 719 4792 856 4864; x_wconf 80' lang='grc' dir='ltr'>πρὸς</span> <span class='ocrx_word' id='word_1_729' title='bbox 911 4791 1010 4863; x_wconf 81' lang='grc' dir='ltr'>τὴν</span> <span class='ocrx_word' id='word_1_730' title='bbox 1045 4791 1271 4865; x_wconf 84' lang='grc' dir='ltr'>πρώτην</span> <span class='ocrx_word' id='word_1_731' title='bbox 1318 4791 1499 4857; x_wconf 76' lang='grc' dir='ltr'>αἰτίαν</span> <span class='ocrx_word' id='word_1_732' title='bbox 1537 4794 1636 4861; x_wconf 74' lang='grc' dir='ltr'>τὴν</span> <span class='ocrx_word' id='word_1_733' title='bbox 1664 4791 1948 4861; x_wconf 79' lang='grc' dir='ltr'>ἀναφορὰν</span> 
     </span>
    </p>
   </div>
   <div class='ocr_carea' id='block_1_95' title="bbox 360 4880 1948 4956">
    <p class='ocr_par' dir='ltr' id='par_1_95' title="bbox 360 4880 1948 4956">
     <span class='ocr_line' id='line_1_95' title="bbox 360 4880 1948 4956; baseline 0 -18"><span class='ocrx_word' id='word_1_734' title='bbox 360 4886 495 4956; x_wconf 76' lang='grc' dir='ltr'>ἔχει,</span> <span class='ocrx_word' id='word_1_735' title='bbox 529 4885 672 4941; x_wconf 84' lang='grc' dir='ltr'>ὥστε</span> <span class='ocrx_word' id='word_1_736' title='bbox 698 4885 801 4941; x_wconf 78' lang='grc' dir='ltr'>κᾶν</span> <span class='ocrx_word' id='word_1_737' title='bbox 830 4885 1013 4949; x_wconf 73' lang='grc' dir='ltr'>πάντα</span> <span class='ocrx_word' id='word_1_738' title='bbox 1039 4886 1121 4948; x_wconf 84' lang='grc' dir='ltr'>εἰς</span> <span class='ocrx_word' id='word_1_739' title='bbox 1151 4884 1211 4937; x_wconf 86' lang='grc' dir='ltr'>τὸ</span> <span class='ocrx_word' id='word_1_740' title='bbox 1248 4880 1389 4937; x_wconf 74' lang='grc' dir='ltr'>εἶναι</span> <span class='ocrx_word' id='word_1_741' title='bbox 1418 4884 1701 4955; x_wconf 74' lang='grc' dir='ltr'>παρῆχθαί</span> <span class='ocrx_word' id='word_1_742' title='bbox 1734 4884 1822 4938; x_wconf 76' lang='grc' dir='ltr'>διὰ</span> <span class='ocrx_word' id='word_1_743' title='bbox 1854 4883 1948 4939; x_wconf 87' lang='grc' dir='ltr'><strong>τοῦ</strong></span> 
     </span>
    </p>
   </div>
   <div class='ocr_carea' id='block_1_96' title="bbox 361 4976 1948 5048">
    <p class='ocr_par' dir='ltr' id='par_1_96' title="bbox 361 4976 1948 5048">
     <span class='ocr_line' id='line_1_96' title="bbox 361 4976 1948 5048; baseline 0 -16"><span class='ocrx_word' id='word_1_744' title='bbox 361 4978 496 5032; x_wconf 82' lang='grc' dir='ltr'>Θεοῦ</span> <span class='ocrx_word' id='word_1_745' title='bbox 528 4979 704 5046; x_wconf 82' lang='grc' dir='ltr'>Λόγου</span> <span class='ocrx_word' id='word_1_746' title='bbox 742 4977 1096 5048; x_wconf 81' lang='grc' dir='ltr'>πιστεύομεν,</span> <span class='ocrx_word' id='word_1_747' title='bbox 1131 4977 1269 5033; x_wconf 68' lang='grc' dir='ltr'>ἀλλὰ</span> <span class='ocrx_word' id='word_1_748' title='bbox 1298 4977 1409 5030; x_wconf 84' lang='grc' dir='ltr'>τῶν</span> <span class='ocrx_word' id='word_1_749' title='bbox 1441 4979 1662 5031; x_wconf 76' lang='grc' dir='ltr'>πάντωι</span> <span class='ocrx_word' id='word_1_750' title='bbox 1687 4977 1780 5030; x_wconf 83' lang='grc' dir='ltr'>τὸν</span> <span class='ocrx_word' id='word_1_751' title='bbox 1812 4976 1948 5032; x_wconf 69' lang='grc' dir='ltr'>Θεὸν</span> 
     </span>
    </p>
   </div>
   <div class='ocr_carea' id='block_1_97' title="bbox 362 5068 1951 5141">
    <p class='ocr_par' dir='ltr' id='par_1_97' title="bbox 362 5068 1951 5141">
     <span class='ocr_line' id='line_1_97' title="bbox 362 5068 1951 5141; baseline 0 -16"><span class='ocrx_word' id='word_1_752' title='bbox 362 5072 533 5125; x_wconf 85' lang='grc' dir='ltr'>αίτιον</span> <span class='ocrx_word' id='word_1_753' title='bbox 579 5068 724 5125; x_wconf 69' lang='grc' dir='ltr'>εἶναι</span> <span class='ocrx_word' id='word_1_754' title='bbox 779 5070 887 5127; x_wconf 83' lang='grc' dir='ltr'>τῶν</span> <span class='ocrx_word' id='word_1_755' title='bbox 917 5071 1057 5124; x_wconf 81' lang='grc' dir='ltr'>ὅλων</span> <span class='ocrx_word' id='word_1_756' title='bbox 1092 5070 1194 5123; x_wconf 74' lang='grc' dir='ltr'><strong>οὐκ</strong></span> <span class='ocrx_word' id='word_1_757' title='bbox 1242 5069 1653 5141; x_wconf 78' lang='grc' dir='ltr'>ἀφαιρούμεθα.</span> <span class='ocrx_word' id='word_1_758' title='bbox 1697 5088 1716 5121; x_wconf 75' lang='grc' dir='ltr'><strong>ι</strong></span> <span class='ocrx_word' id='word_1_759' title='bbox 1758 5069 1951 5125; x_wconf 81' lang='grc' dir='ltr'>Καίτοι</span> 
     </span>
    </p>
   </div>
   <div class='ocr_carea' id='block_1_98' title="bbox 363 5162 1952 5236">
    <p class='ocr_par' dir='ltr' id='par_1_98' title="bbox 363 5162 1952 5236">
     <span class='ocr_line' id='line_1_98' title="bbox 363 5162 1952 5236; baseline 0 -18"><span class='ocrx_word' id='word_1_760' title='bbox 363 5165 460 5225; x_wconf 70' lang='grc' dir='ltr'><strong>καὶ</strong></span> <span class='ocrx_word' id='word_1_761' title='bbox 520 5165 581 5218; x_wconf 89' lang='grc' dir='ltr'>τὸ</span> <span class='ocrx_word' id='word_1_762' title='bbox 636 5165 825 5234; x_wconf 76' lang='grc' dir='ltr'>μόνος</span> <span class='ocrx_word' id='word_1_763' title='bbox 882 5166 931 5217; x_wconf 87' lang='grc' dir='ltr'><strong>εί</strong></span> <span class='ocrx_word' id='word_1_764' title='bbox 991 5162 1321 5233; x_wconf 77' lang='grc' dir='ltr'>λελεγμένον</span> <span class='ocrx_word' id='word_1_765' title='bbox 1373 5165 1465 5219; x_wconf 69' lang='grc' dir='ltr'><strong>ἐπὶ</strong></span> <span class='ocrx_word' id='word_1_766' title='bbox 1503 5163 1596 5219; x_wconf 86' lang='grc' dir='ltr'><strong>τοῦ</strong></span> <span class='ocrx_word' id='word_1_767' title='bbox 1653 5163 1952 5236; x_wconf 78' lang='grc' dir='ltr'>προϐολεὺς</span> 
     </span>
    </p>
   </div>
   <div class='ocr_carea' id='block_1_99' title="bbox 365 5253 1954 5327">
    <p class='ocr_par' dir='ltr' id='par_1_99' title="bbox 365 5253 1954 5327">
     <span class='ocr_line' id='line_1_99' title="bbox 365 5253 1954 5327; baseline -0.002 -15"><span class='ocrx_word' id='word_1_768' title='bbox 365 5253 632 5326; x_wconf 71' lang='grc' dir='ltr'>ὑπῆρχεν,</span> <span class='ocrx_word' id='word_1_769' title='bbox 682 5255 789 5311; x_wconf 75' lang='grc' dir='ltr'>ἔδει</span> <span class='ocrx_word' id='word_1_770' title='bbox 838 5255 907 5309; x_wconf 84' lang='grc' dir='ltr'>τὰ</span> <span class='ocrx_word' id='word_1_771' title='bbox 946 5256 1054 5308; x_wconf 80' lang='grc' dir='ltr'>τῶν</span> <span class='ocrx_word' id='word_1_772' title='bbox 1097 5256 1356 5327; x_wconf 87' lang='grc' dir='ltr'>Πατέρων</span> <span class='ocrx_word' id='word_1_773' title='bbox 1402 5256 1683 5323; x_wconf 78' lang='grc' dir='ltr'>ἐξετάσαι,</span> <span class='ocrx_word' id='word_1_774' title='bbox 1716 5257 1815 5311; x_wconf 74' lang='grc' dir='ltr'><strong>καὶ</strong></span> <span class='ocrx_word' id='word_1_775' title='bbox 1836 5257 1954 5309; x_wconf 80' lang='grc' dir='ltr'>ἁνι-</span> 
     </span>
    </p>
   </div>
   <div class='ocr_carea' id='block_1_100' title="bbox 363 5347 1954 5421">
    <p class='ocr_par' dir='ltr' id='par_1_100' title="bbox 363 5347 1954 5421">
     <span class='ocr_line' id='line_1_100' title="bbox 363 5347 1954 5421; baseline 0.001 -21"><span class='ocrx_word' id='word_1_776' title='bbox 363 5350 607 5421; x_wconf 78' lang='grc' dir='ltr'>χνεῦσαι,</span> <span class='ocrx_word' id='word_1_777' title='bbox 644 5347 738 5401; x_wconf 79' lang='grc' dir='ltr'><strong>καὶ</strong></span> <span class='ocrx_word' id='word_1_778' title='bbox 784 5347 860 5412; x_wconf 86' lang='grc' dir='ltr'>ὼς</span> <span class='ocrx_word' id='word_1_779' title='bbox 915 5348 1119 5420; x_wconf 74' lang='grc' dir='ltr'>ἐρρέθη</span> <span class='ocrx_word' id='word_1_780' title='bbox 1168 5351 1446 5421; x_wconf 68' lang='grc' dir='ltr'>σιωπῆσαι</span> <span class='ocrx_word' id='word_1_781' title='bbox 1502 5348 1598 5402; x_wconf 78' lang='grc' dir='ltr'>καὶ</span> <span class='ocrx_word' id='word_1_782' title='bbox 1632 5349 1866 5403; x_wconf 85' lang='grc' dir='ltr'>συνιδεῖν</span> <span class='ocrx_word' id='word_1_783' title='bbox 1894 5347 1954 5414; x_wconf 76' lang='grc' dir='ltr'><strong>ἐξ</strong></span> 
     </span>
    </p>
   </div>
   <div class='ocr_carea' id='block_1_101' title="bbox 364 5442 1954 5514">
    <p class='ocr_par' dir='ltr' id='par_1_101' title="bbox 364 5442 1954 5514">
     <span class='ocr_line' id='line_1_101' title="bbox 364 5442 1954 5514; baseline -0.001 -17"><span class='ocrx_word' id='word_1_784' title='bbox 364 5444 565 5507; x_wconf 81' lang='grc' dir='ltr'>αὐτῶν,</span> <span class='ocrx_word' id='word_1_785' title='bbox 624 5444 718 5496; x_wconf 79' lang='grc' dir='ltr'><strong>καὶ</strong></span> <span class='ocrx_word' id='word_1_786' title='bbox 779 5443 854 5514; x_wconf 76' lang='grc' dir='ltr'>μὴ</span> <span class='ocrx_word' id='word_1_787' title='bbox 903 5442 1347 5512; x_wconf 83' lang='grc' dir='ltr'>παρατιθέμενον</span> <span class='ocrx_word' id='word_1_788' title='bbox 1406 5445 1498 5496; x_wconf 81' lang='grc' dir='ltr'>τὸν</span> <span class='ocrx_word' id='word_1_789' title='bbox 1564 5442 1954 5514; x_wconf 81' lang='grc' dir='ltr'>διειλημμένον</span> 
     </span>
    </p>
   </div>
   <div class='ocr_carea' id='block_1_102' title="bbox 362 5532 1953 5604">
    <p class='ocr_par' dir='ltr' id='par_1_102' title="bbox 362 5532 1953 5604">
     <span class='ocr_line' id='line_1_102' title="bbox 362 5532 1953 5604; baseline -0.001 -16"><span class='ocrx_word' id='word_1_790' title='bbox 362 5534 522 5603; x_wconf 79' lang='grc' dir='ltr'>λόγον</span> <span class='ocrx_word' id='word_1_791' title='bbox 570 5533 664 5587; x_wconf 89' lang='grc' dir='ltr'><strong>τοῦ</strong></span> <span class='ocrx_word' id='word_1_792' title='bbox 710 5534 1129 5604; x_wconf 80' lang='grc' dir='ltr'>οὐρανόφρονος,</span> <span class='ocrx_word' id='word_1_793' title='bbox 1186 5532 1480 5604; x_wconf 85' lang='grc' dir='ltr'>πολεμίους</span> <span class='ocrx_word' id='word_1_794' title='bbox 1522 5536 1658 5602; x_wconf 65' lang='grc' dir='ltr'>πρὸς</span> <span class='ocrx_word' id='word_1_795' title='bbox 1688 5533 1953 5604; x_wconf 76' lang='grc' dir='ltr'>ἀλλήλους</span> 
     </span>
    </p>
   </div>
   <div class='ocr_carea' id='block_1_103' title="bbox 365 5625 1952 5697">
    <p class='ocr_par' dir='ltr' id='par_1_103' title="bbox 365 5625 1952 5697">
     <span class='ocr_line' id='line_1_103' title="bbox 365 5625 1952 5697; baseline 0 -17"><span class='ocrx_word' id='word_1_796' title='bbox 365 5629 460 5680; x_wconf 78' lang='grc' dir='ltr'><strong>καὶ</strong></span> <span class='ocrx_word' id='word_1_797' title='bbox 493 5628 627 5696; x_wconf 73' lang='grc' dir='ltr'>πρὸς</span> <span class='ocrx_word' id='word_1_798' title='bbox 659 5626 895 5690; x_wconf 72' lang='grc' dir='ltr'>ἑαυτοὺς</span> <span class='ocrx_word' id='word_1_799' title='bbox 930 5625 1206 5680; x_wconf 83' lang='grc' dir='ltr'>δεικνύναι</span> <span class='ocrx_word' id='word_1_800' title='bbox 1257 5626 1386 5691; x_wconf 84' lang='grc' dir='ltr'>τοὺς</span> <span class='ocrx_word' id='word_1_801' title='bbox 1440 5625 1738 5697; x_wconf 77' lang='grc' dir='ltr'>θεηγόρους</span> <span class='ocrx_word' id='word_1_802' title='bbox 1783 5625 1860 5689; x_wconf 74' lang='grc' dir='ltr'>ὡς</span> <span class='ocrx_word' id='word_1_803' title='bbox 1885 5627 1952 5680; x_wconf 82' lang='grc' dir='ltr'>τὰ</span> 
     </span>
    </p>
   </div>
   <div class='ocr_carea' id='block_1_104' title="bbox 367 5718 1954 5791">
    <p class='ocr_par' dir='ltr' id='par_1_104' title="bbox 367 5718 1954 5791">
     <span class='ocr_line' id='line_1_104' title="bbox 367 5718 1954 5791; baseline -0.001 -17"><span class='ocrx_word' id='word_1_804' title='bbox 367 5720 516 5787; x_wconf 71' lang='grc' dir='ltr'>σφῶν</span> <span class='ocrx_word' id='word_1_805' title='bbox 552 5718 842 5788; x_wconf 80' lang='grc' dir='ltr'>θεολογικὰ</span> <span class='ocrx_word' id='word_1_806' title='bbox 888 5720 1085 5790; x_wconf 66' lang='grc' dir='ltr'>γνήσια</span> <span class='ocrx_word' id='word_1_807' title='bbox 1142 5718 1248 5791; x_wconf 77' lang='grc' dir='ltr'><strong>έπη</strong></span> <span class='ocrx_word' id='word_1_808' title='bbox 1281 5718 1370 5772; x_wconf 69' lang='grc' dir='ltr'><strong>διὰ</strong></span> <span class='ocrx_word' id='word_1_809' title='bbox 1403 5719 1513 5773; x_wconf 85' lang='grc' dir='ltr'>τῶν</span> <span class='ocrx_word' id='word_1_810' title='bbox 1566 5720 1847 5789; x_wconf 80' lang='grc' dir='ltr'>σφετέρων</span> <span class='ocrx_word' id='word_1_811' title='bbox 1887 5720 1954 5772; x_wconf 78' lang='grc' dir='ltr'><strong>ὲκ</strong></span> 
     </span>
    </p>
   </div>
   <div class='ocr_carea' id='block_1_105' title="bbox 366 5811 1961 5886">
    <p class='ocr_par' dir='ltr' id='par_1_105' title="bbox 366 5811 1961 5886">
     <span class='ocr_line' id='line_1_105' title="bbox 366 5811 1961 5886; baseline -0.002 -19"><span class='ocrx_word' id='word_1_812' title='bbox 366 5816 460 5867; x_wconf 79' lang='grc' dir='ltr'><strong>τοῦ</strong></span> <span class='ocrx_word' id='word_1_813' title='bbox 494 5815 568 5886; x_wconf 72' lang='grc' dir='ltr'>μὴ</span> <span class='ocrx_word' id='word_1_814' title='bbox 600 5814 834 5885; x_wconf 78' lang='grc' dir='ltr'>συνορᾷν</span> <span class='ocrx_word' id='word_1_815' title='bbox 867 5815 1220 5885; x_wconf 81' lang='grc' dir='ltr'>ἀνατρέπειν,</span> <span class='ocrx_word' id='word_1_816' title='bbox 1254 5815 1350 5867; x_wconf 77' lang='grc' dir='ltr'><strong>καὶ</strong></span> <span class='ocrx_word' id='word_1_817' title='bbox 1384 5815 1515 5883; x_wconf 73' lang='grc' dir='ltr'>περὶ</span> <span class='ocrx_word' id='word_1_818' title='bbox 1550 5812 1651 5882; x_wconf 82' lang='grc' dir='ltr'>τῆς</span> <span class='ocrx_word' id='word_1_819' title='bbox 1687 5811 1961 5883; x_wconf 81' lang='grc' dir='ltr'>ἐκπορεύ-</span> 
     </span>
    </p>
   </div>
   <div class='ocr_carea' id='block_1_106' title="bbox 371 5903 1959 5979">
    <p class='ocr_par' dir='ltr' id='par_1_106' title="bbox 371 5903 1959 5979">
     <span class='ocr_line' id='line_1_106' title="bbox 371 5903 1959 5979; baseline 0 -18"><span class='ocrx_word' id='word_1_820' title='bbox 371 5924 507 5972; x_wconf 84' lang='grc' dir='ltr'>σεως</span> <span class='ocrx_word' id='word_1_821' title='bbox 558 5907 651 5962; x_wconf 80' lang='grc' dir='ltr'><strong>τοῦ</strong></span> <span class='ocrx_word' id='word_1_822' title='bbox 696 5906 1014 5978; x_wconf 84' lang='grc' dir='ltr'>Πνεύματος</span> <span class='ocrx_word' id='word_1_823' title='bbox 1046 5906 1143 5979; x_wconf 76' lang='grc' dir='ltr'>τὴν</span> <span class='ocrx_word' id='word_1_824' title='bbox 1198 5906 1301 5978; x_wconf 78' lang='grc' dir='ltr'>μὲν</span> <span class='ocrx_word' id='word_1_825' title='bbox 1330 5905 1608 5977; x_wconf 84' lang='grc' dir='ltr'>ἀπόφασιν</span> <span class='ocrx_word' id='word_1_826' title='bbox 1642 5903 1815 5976; x_wconf 76' lang='grc' dir='ltr'>αὐτῆς</span> <span class='ocrx_word' id='word_1_827' title='bbox 1859 5905 1959 5961; x_wconf 66' lang='grc' dir='ltr'><strong>ἰπὶ</strong></span> 
     </span>
    </p>
   </div>
   <div class='ocr_carea' id='block_1_107' title="bbox 2055 4701 3644 4770">
    <p class='ocr_par' dir='ltr' id='par_1_107' title="bbox 2055 4701 3644 4770">
     <span class='ocr_line' id='line_1_107' title="bbox 2055 4701 3644 4770; baseline 0.003 -13"><span class='ocrx_word' id='word_1_828' title='bbox 2055 4702 2112 4758; x_wconf 90' lang='lat' dir='ltr'><strong>iu</strong></span> <span class='ocrx_word' id='word_1_829' title='bbox 2139 4703 2249 4770; x_wconf 80' lang='lat' dir='ltr'><strong>line</strong></span> <span class='ocrx_word' id='word_1_830' title='bbox 2300 4701 2527 4769; x_wconf 79' lang='lat' dir='ltr'><strong>secundi</strong></span> <span class='ocrx_word' id='word_1_831' title='bbox 2568 4702 2836 4759; x_wconf 80' lang='lat' dir='ltr'><strong>adversus</strong></span> <span class='ocrx_word' id='word_1_832' title='bbox 2872 4701 3202 4761; x_wconf 85' lang='lat' dir='ltr'><strong>Eunomium</strong></span> <span class='ocrx_word' id='word_1_833' title='bbox 3250 4703 3377 4758; x_wconf 81' lang='lat' dir='ltr'><strong>libri</strong></span> <span class='ocrx_word' id='word_1_834' title='bbox 3409 4703 3556 4761; x_wconf 84' lang='lat' dir='ltr'><strong>hunc</strong></span> <span class='ocrx_word' id='word_1_835' title='bbox 3585 4705 3644 4761; x_wconf 83' lang='lat' dir='ltr'><strong>in</strong></span> 
     </span>
    </p>
   </div>
   <div class='ocr_carea' id='block_1_108' title="bbox 2055 4794 3643 4860">
    <p class='ocr_par' dir='ltr' id='par_1_108' title="bbox 2055 4794 3643 4860">
     <span class='ocr_line' id='line_1_108' title="bbox 2055 4794 3643 4860; baseline 0.001 -9"><span class='ocrx_word' id='word_1_836' title='bbox 2055 4796 2273 4857; x_wconf 86' lang='lat' dir='ltr'><strong>modum</strong></span> <span class='ocrx_word' id='word_1_837' title='bbox 2305 4796 2589 4853; x_wconf 86' lang='lat' dir='ltr'><strong>edisserit:</strong></span> <span class='ocrx_word' id='word_1_838' title='bbox 2630 4812 2649 4846; x_wconf 74' lang='grc' dir='ltr'><strong>ι</strong></span> <span class='ocrx_word' id='word_1_839' title='bbox 2684 4794 2838 4860; x_wconf 83' lang='lat' dir='ltr'><strong>Quod</strong></span> <span class='ocrx_word' id='word_1_840' title='bbox 2873 4811 2903 4853; x_wconf 89' lang='lat' dir='ltr'><strong>a</strong></span> <span class='ocrx_word' id='word_1_841' title='bbox 2938 4795 3073 4857; x_wconf 83' lang='lat' dir='ltr'><strong>Filio</strong></span> <span class='ocrx_word' id='word_1_842' title='bbox 3102 4796 3305 4853; x_wconf 81' lang='lat' dir='ltr'><strong>factum</strong></span> <span class='ocrx_word' id='word_1_843' title='bbox 3338 4811 3460 4853; x_wconf 86' lang='lat' dir='ltr'><strong>esse</strong></span> <span class='ocrx_word' id='word_1_844' title='bbox 3490 4813 3643 4853; x_wconf 79' lang='lat' dir='ltr'><strong>asse-</strong></span> 
     </span>
    </p>
   </div>
   <div class='ocr_carea' id='block_1_109' title="bbox 2057 4885 3648 4955">
    <p class='ocr_par' dir='ltr' id='par_1_109' title="bbox 2057 4885 3648 4955">
     <span class='ocr_line' id='line_1_109' title="bbox 2057 4885 3648 4955; baseline 0.001 -14"><span class='ocrx_word' id='word_1_845' title='bbox 2057 4887 2220 4951; x_wconf 87' lang='lat' dir='ltr'><strong>ritur,</strong></span> <span class='ocrx_word' id='word_1_846' title='bbox 2253 4887 2319 4940; x_wconf 91' lang='lat' dir='ltr'><strong>ad</strong></span> <span class='ocrx_word' id='word_1_847' title='bbox 2351 4886 2581 4955; x_wconf 73' lang='lat' dir='ltr'><strong>primam</strong></span> <span class='ocrx_word' id='word_1_848' title='bbox 2613 4899 2832 4941; x_wconf 86' lang='lat' dir='ltr'><strong>causam</strong></span> <span class='ocrx_word' id='word_1_849' title='bbox 2856 4886 3018 4941; x_wconf 87' lang='lat' dir='ltr'><strong>habet</strong></span> <span class='ocrx_word' id='word_1_850' title='bbox 3040 4885 3387 4952; x_wconf 85' lang='lat' dir='ltr'><strong>relationem,</strong></span> <span class='ocrx_word' id='word_1_851' title='bbox 3417 4887 3556 4945; x_wconf 84' lang='lat' dir='ltr'><strong>adeo</strong></span> <span class='ocrx_word' id='word_1_852' title='bbox 3586 4896 3648 4943; x_wconf 86' lang='lat' dir='ltr'><strong>ut</strong></span> 
     </span>
    </p>
   </div>
   <div class='ocr_carea' id='block_1_110' title="bbox 2055 4978 3644 5049">
    <p class='ocr_par' dir='ltr' id='par_1_110' title="bbox 2055 4978 3644 5049">
     <span class='ocr_line' id='line_1_110' title="bbox 2055 4978 3644 5049; baseline 0.002 -16"><span class='ocrx_word' id='word_1_853' title='bbox 2055 4979 2183 5034; x_wconf 89' lang='lat' dir='ltr'><strong>licet</strong></span> <span class='ocrx_word' id='word_1_854' title='bbox 2243 4978 2503 5045; x_wconf 77' lang='lat' dir='ltr'><strong>universa</strong></span> <span class='ocrx_word' id='word_1_855' title='bbox 2564 4978 2831 5049; x_wconf 82' lang='lat' dir='ltr'><strong>producta</strong></span> <span class='ocrx_word' id='word_1_856' title='bbox 2859 4994 2980 5034; x_wconf 83' lang='lat' dir='ltr'><strong>esse</strong></span> <span class='ocrx_word' id='word_1_857' title='bbox 3032 4995 3129 5049; x_wconf 88' lang='lat' dir='ltr'><strong>per</strong></span> <span class='ocrx_word' id='word_1_858' title='bbox 3186 4978 3356 5039; x_wconf 81' lang='lat' dir='ltr'><strong>Deum</strong></span> <span class='ocrx_word' id='word_1_859' title='bbox 3409 4980 3644 5043; x_wconf 73' lang='lat' dir='ltr'><strong>Verbum</strong></span> 
     </span>
    </p>
   </div>
   <div class='ocr_carea' id='block_1_111' title="bbox 2056 5071 3642 5137">
    <p class='ocr_par' dir='ltr' id='par_1_111' title="bbox 2056 5071 3642 5137">
     <span class='ocr_line' id='line_1_111' title="bbox 2056 5071 3642 5137; baseline 0.003 -12"><span class='ocrx_word' id='word_1_860' title='bbox 2056 5071 2367 5134; x_wconf 86' lang='lat' dir='ltr'><strong>credamus,</strong></span> <span class='ocrx_word' id='word_1_861' title='bbox 2394 5073 2490 5127; x_wconf 88' lang='lat' dir='ltr'><strong>sed</strong></span> <span class='ocrx_word' id='word_1_862' title='bbox 2520 5071 2766 5133; x_wconf 82' lang='lat' dir='ltr'><strong>omnium</strong></span> <span class='ocrx_word' id='word_1_863' title='bbox 2797 5071 2965 5125; x_wconf 88' lang='lat' dir='ltr'><strong>Deum</strong></span> <span class='ocrx_word' id='word_1_864' title='bbox 2999 5071 3382 5137; x_wconf 80' lang='lat' dir='ltr'><strong>universorum</strong></span> <span class='ocrx_word' id='word_1_865' title='bbox 3415 5088 3642 5129; x_wconf 87' lang='lat' dir='ltr'><strong>causam</strong></span> 
     </span>
    </p>
   </div>
   <div class='ocr_carea' id='block_1_112' title="bbox 2054 5163 3643 5235">
    <p class='ocr_par' dir='ltr' id='par_1_112' title="bbox 2054 5163 3643 5235">
     <span class='ocr_line' id='line_1_112' title="bbox 2054 5163 3643 5235; baseline 0.001 -15"><span class='ocrx_word' id='word_1_866' title='bbox 2054 5180 2176 5220; x_wconf 82' lang='lat' dir='ltr'><strong>esse</strong></span> <span class='ocrx_word' id='word_1_867' title='bbox 2207 5179 2320 5219; x_wconf 84' lang='lat' dir='ltr'><strong>non</strong></span> <span class='ocrx_word' id='word_1_868' title='bbox 2363 5163 2726 5223; x_wconf 58' lang='lat' dir='ltr'><strong>inliciatuura</strong></span> <span class='ocrx_word' id='word_1_869' title='bbox 2765 5164 2833 5219; x_wconf 86' lang='lat' dir='ltr'><strong>Et</strong></span> <span class='ocrx_word' id='word_1_870' title='bbox 2860 5164 2988 5219; x_wconf 89' lang='lat' dir='ltr'><strong>licet</strong></span> <span class='ocrx_word' id='word_1_871' title='bbox 3012 5163 3082 5221; x_wconf 86' lang='lat' dir='ltr'><strong>de</strong></span> <span class='ocrx_word' id='word_1_872' title='bbox 3119 5165 3451 5235; x_wconf 86' lang='lat' dir='ltr'><strong>productore</strong></span> <span class='ocrx_word' id='word_1_873' title='bbox 3502 5164 3643 5221; x_wconf 82' lang='lat' dir='ltr'><strong>illud</strong></span> 
     </span>
    </p>
   </div>
   <div class='ocr_carea' id='block_1_113' title="bbox 2054 5255 3643 5322">
    <p class='ocr_par' dir='ltr' id='par_1_113' title="bbox 2054 5255 3643 5322">
     <span class='ocr_line' id='line_1_113' title="bbox 2054 5255 3643 5322; baseline 0 -9"><span class='ocrx_word' id='word_1_874' title='bbox 2054 5258 2196 5319; x_wconf 78' lang='lat' dir='ltr'><strong>solus</strong></span> <span class='ocrx_word' id='word_1_875' title='bbox 2228 5255 2613 5322; x_wconf 78' lang='lat' dir='ltr'><strong>atiirmaretur,</strong></span> <span class='ocrx_word' id='word_1_876' title='bbox 2663 5266 2819 5317; x_wconf 85' lang='lat' dir='ltr'><strong>erant</strong></span> <span class='ocrx_word' id='word_1_877' title='bbox 2850 5259 3075 5315; x_wconf 79' lang='lat' dir='ltr'><strong>Patrum</strong></span> <span class='ocrx_word' id='word_1_878' title='bbox 3100 5258 3244 5319; x_wconf 85' lang='lat' dir='ltr'><strong>dicta</strong></span> <span class='ocrx_word' id='word_1_879' title='bbox 3276 5258 3643 5315; x_wconf 83' lang='lat' dir='ltr'><strong>examinanda</strong></span> 
     </span>
    </p>
   </div>
   <div class='ocr_carea' id='block_1_114' title="bbox 2057 5349 3645 5421">
    <p class='ocr_par' dir='ltr' id='par_1_114' title="bbox 2057 5349 3645 5421">
     <span class='ocr_line' id='line_1_114' title="bbox 2057 5349 3645 5421; baseline 0 -16"><span class='ocrx_word' id='word_1_880' title='bbox 2057 5359 2224 5419; x_wconf 76' lang='lat' dir='ltr'><strong>atque</strong></span> <span class='ocrx_word' id='word_1_881' title='bbox 2253 5350 2655 5421; x_wconf 76' lang='lat' dir='ltr'><strong>investiganda,</strong></span> <span class='ocrx_word' id='word_1_882' title='bbox 2692 5358 2768 5419; x_wconf 86' lang='lat' dir='ltr'><strong>et,</strong></span> <span class='ocrx_word' id='word_1_883' title='bbox 2806 5359 2865 5421; x_wconf 87' lang='lat' dir='ltr'><strong>ut</strong></span> <span class='ocrx_word' id='word_1_884' title='bbox 2896 5349 3104 5415; x_wconf 79' lang='lat' dir='ltr'><strong>dictum</strong></span> <span class='ocrx_word' id='word_1_885' title='bbox 3140 5358 3246 5415; x_wconf 88' lang='lat' dir='ltr'><strong>est,</strong></span> <span class='ocrx_word' id='word_1_886' title='bbox 3288 5352 3645 5419; x_wconf 80' lang='lat' dir='ltr'><strong>consideran-</strong></span> 
     </span>
    </p>
   </div>
   <div class='ocr_carea' id='block_1_115' title="bbox 2059 5441 3647 5522">
    <p class='ocr_par' dir='ltr' id='par_1_115' title="bbox 2059 5441 3647 5522">
     <span class='ocr_line' id='line_1_115' title="bbox 2059 5441 3647 5522; baseline 0.002 -26"><span class='ocrx_word' id='word_1_887' title='bbox 2059 5442 2259 5509; x_wconf 87' lang='lat' dir='ltr'><strong>dumet</strong></span> <span class='ocrx_word' id='word_1_888' title='bbox 2281 5459 2349 5497; x_wconf 79' lang='lat' dir='ltr'><strong>ex</strong></span> <span class='ocrx_word' id='word_1_889' title='bbox 2369 5441 2475 5498; x_wconf 88' lang='lat' dir='ltr'><strong>illis</strong></span> <span class='ocrx_word' id='word_1_890' title='bbox 2496 5442 2931 5522; x_wconf 80' lang='lat' dir='ltr'><strong>percipiendum,</strong></span> <span class='ocrx_word' id='word_1_891' title='bbox 2947 5451 3000 5497; x_wconf 87' lang='lat' dir='ltr'><strong>et</strong></span> <span class='ocrx_word' id='word_1_892' title='bbox 3020 5458 3129 5503; x_wconf 86' lang='lat' dir='ltr'><strong>non</strong></span> <span class='ocrx_word' id='word_1_893' title='bbox 3155 5459 3255 5515; x_wconf 90' lang='lat' dir='ltr'><strong>pro</strong></span> <span class='ocrx_word' id='word_1_894' title='bbox 3278 5443 3647 5509; x_wconf 80' lang='lat' dir='ltr'><strong>nihilohabito</strong></span> 
     </span>
    </p>
   </div>
   <div class='ocr_carea' id='block_1_116' title="bbox 2058 5534 3644 5605">
    <p class='ocr_par' dir='ltr' id='par_1_116' title="bbox 2058 5534 3644 5605">
     <span class='ocr_line' id='line_1_116' title="bbox 2058 5534 3644 5605; baseline 0.001 -15"><span class='ocrx_word' id='word_1_895' title='bbox 2058 5534 2299 5590; x_wconf 83' lang='lat' dir='ltr'><strong>adducto</strong></span> <span class='ocrx_word' id='word_1_896' title='bbox 2328 5535 2546 5595; x_wconf 74' lang='lat' dir='ltr'><strong>cceleati</strong></span> <span class='ocrx_word' id='word_1_897' title='bbox 2570 5544 2752 5599; x_wconf 83' lang='lat' dir='ltr'><strong>mente</strong></span> <span class='ocrx_word' id='word_1_898' title='bbox 2782 5534 2997 5605; x_wconf 66' lang='lat' dir='ltr'><strong>praediti</strong></span> <span class='ocrx_word' id='word_1_899' title='bbox 3029 5537 3127 5591; x_wconf 90' lang='lat' dir='ltr'><strong>viri</strong></span> <span class='ocrx_word' id='word_1_900' title='bbox 3160 5551 3419 5597; x_wconf 76' lang='lat' dir='ltr'><strong>sermone</strong></span> <span class='ocrx_word' id='word_1_901' title='bbox 3448 5546 3644 5601; x_wconf 83' lang='lat' dir='ltr'><strong>mutuo</strong></span> 
     </span>
    </p>
   </div>
   <div class='ocr_carea' id='block_1_117' title="bbox 2060 5627 3649 5699">
    <p class='ocr_par' dir='ltr' id='par_1_117' title="bbox 2060 5627 3649 5699">
     <span class='ocr_line' id='line_1_117' title="bbox 2060 5627 3649 5699; baseline 0.003 -16"><span class='ocrx_word' id='word_1_902' title='bbox 2060 5628 2113 5683; x_wconf 93' lang='lat' dir='ltr'><strong>iu</strong></span> <span class='ocrx_word' id='word_1_903' title='bbox 2123 5638 2204 5685; x_wconf 86' lang='lat' dir='ltr'><strong>ter</strong></span> <span class='ocrx_word' id='word_1_904' title='bbox 2224 5643 2346 5685; x_wconf 84' lang='lat' dir='ltr'><strong>sese</strong></span> <span class='ocrx_word' id='word_1_905' title='bbox 2362 5628 2467 5684; x_wconf 87' lang='lat' dir='ltr'><strong>sibi</strong></span> <span class='ocrx_word' id='word_1_906' title='bbox 2491 5627 2773 5685; x_wconf 88' lang='lat' dir='ltr'><strong>adversari</strong></span> <span class='ocrx_word' id='word_1_907' title='bbox 2796 5628 3164 5699; x_wconf 86' lang='lat' dir='ltr'><strong>diviuiloquos</strong></span> <span class='ocrx_word' id='word_1_908' title='bbox 3179 5629 3573 5699; x_wconf 83' lang='lat' dir='ltr'><strong>ostendendos,</strong></span> <span class='ocrx_word' id='word_1_909' title='bbox 3590 5638 3649 5687; x_wconf 85' lang='lat' dir='ltr'><strong>et</strong></span> 
     </span>
    </p>
   </div>
   <div class='ocr_carea' id='block_1_118' title="bbox 2059 5719 3641 5793">
    <p class='ocr_par' dir='ltr' id='par_1_118' title="bbox 2059 5719 3641 5793">
     <span class='ocr_line' id='line_1_118' title="bbox 2059 5719 3641 5793; baseline 0.001 -19"><span class='ocrx_word' id='word_1_910' title='bbox 2059 5733 2251 5777; x_wconf 87' lang='lat' dir='ltr'><strong>eorum</strong></span> <span class='ocrx_word' id='word_1_911' title='bbox 2298 5719 2603 5793; x_wconf 72' lang='lat' dir='ltr'><strong>theologica</strong></span> <span class='ocrx_word' id='word_1_912' title='bbox 2665 5734 2731 5776; x_wconf 87' lang='lat' dir='ltr'><strong>ac</strong></span> <span class='ocrx_word' id='word_1_913' title='bbox 2766 5721 3004 5793; x_wconf 75' lang='lat' dir='ltr'><strong>genuina</strong></span> <span class='ocrx_word' id='word_1_914' title='bbox 3034 5721 3204 5783; x_wconf 88' lang='lat' dir='ltr'><strong>dicta.</strong></span> <span class='ocrx_word' id='word_1_915' title='bbox 3252 5721 3375 5781; x_wconf 83' lang='lat' dir='ltr'><strong>aliis</strong></span> <span class='ocrx_word' id='word_1_916' title='bbox 3402 5721 3521 5778; x_wconf 85' lang='lat' dir='ltr'><strong>suis</strong></span> <span class='ocrx_word' id='word_1_917' title='bbox 3562 5722 3641 5776; x_wconf 82' lang='lat' dir='ltr'><strong>di-</strong></span> 
     </span>
    </p>
   </div>
   <div class='ocr_carea' id='block_1_119' title="bbox 2060 5810 3646 5883">
    <p class='ocr_par' dir='ltr' id='par_1_119' title="bbox 2060 5810 3646 5883">
     <span class='ocr_line' id='line_1_119' title="bbox 2060 5810 3646 5883; baseline 0.003 -20"><span class='ocrx_word' id='word_1_918' title='bbox 2060 5810 2185 5874; x_wconf 90' lang='lat' dir='ltr'><strong>ctis,</strong></span> <span class='ocrx_word' id='word_1_919' title='bbox 2210 5811 2355 5880; x_wconf 89' lang='lat' dir='ltr'><strong>quod</strong></span> <span class='ocrx_word' id='word_1_920' title='bbox 2386 5826 2498 5867; x_wconf 89' lang='lat' dir='ltr'><strong>rem</strong></span> <span class='ocrx_word' id='word_1_921' title='bbox 2531 5828 2641 5866; x_wconf 92' lang='lat' dir='ltr'><strong>non</strong></span> <span class='ocrx_word' id='word_1_922' title='bbox 2673 5815 3005 5883; x_wconf 88' lang='lat' dir='ltr'><strong>perciperet,</strong></span> <span class='ocrx_word' id='word_1_923' title='bbox 3031 5813 3366 5869; x_wconf 78' lang='lat' dir='ltr'><strong>refellenda:</strong></span> <span class='ocrx_word' id='word_1_924' title='bbox 3398 5813 3480 5869; x_wconf 88' lang='lat' dir='ltr'><strong>sic</strong></span> <span class='ocrx_word' id='word_1_925' title='bbox 3516 5814 3646 5868; x_wconf 90' lang='lat' dir='ltr'><strong>item</strong></span> 
     </span>
    </p>
   </div>
   <div class='ocr_carea' id='block_1_120' title="bbox 2062 5892 3647 5978">
    <p class='ocr_par' dir='ltr' id='par_1_120' title="bbox 2062 5892 3647 5978">
     <span class='ocr_line' id='line_1_120' title="bbox 2062 5892 3647 5978; baseline 0.001 -19"><span class='ocrx_word' id='word_1_926' title='bbox 2062 5902 2129 5959; x_wconf 87' lang='lat' dir='ltr'><strong>de</strong></span> <span class='ocrx_word' id='word_1_927' title='bbox 2162 5904 2517 5974; x_wconf 85' lang='lat' dir='ltr'><strong>processioue</strong></span> <span class='ocrx_word' id='word_1_928' title='bbox 2551 5903 2790 5977; x_wconf 90' lang='lat' dir='ltr'><strong>Spiritus</strong></span> <span class='ocrx_word' id='word_1_929' title='bbox 2835 5921 2944 5962; x_wconf 82' lang='lat' dir='ltr'><strong>non</strong></span> <span class='ocrx_word' id='word_1_930' title='bbox 2980 5892 3207 5978; x_wconf 66' lang='lat' dir='ltr'><strong>tequum</strong></span> <span class='ocrx_word' id='word_1_931' title='bbox 3242 5905 3394 5977; x_wconf 75' lang='lat' dir='ltr'><strong>facit,</strong></span> <span class='ocrx_word' id='word_1_932' title='bbox 3419 5921 3546 5963; x_wconf 89' lang='lat' dir='ltr'><strong>cum</strong></span> <span class='ocrx_word' id='word_1_933' title='bbox 3578 5905 3647 5961; x_wconf 82' lang='lat' dir='ltr'><strong>il-</strong></span> 
     </span>
    </p>
   </div>
  </div>
