3972 6590
390 390 528 455 ἓ383

1638 391 1971 453 GEORGII
2007 386 2477 451 ΜΕΤΟΕΗΙΤᾸΞ

3535 369 3663 437 13εᾷ

388 515 497 569 lius
543 504 893 583 negatiotfhn
945 514 1012 566 de
1069 512 1230 576 Filio,
1298 528 1461 584 quam
1512 515 1696 569 nullus
1745 532 1810 568 ολ
1853 513 1987 578 ipsis

2103 509 2187 564 τοῦ
2218 508 2373 573 Υίοῦ,
2413 509 2479 579 ἦν
2511 505 2692 570 οὐδεὶς
2736 506 2921 560 αὐτῶν
2972 503 3203 576 εὕρηται
3230 504 3402 573 φάναι
3447 516 3554 554 που
3583 517 3666 555 το-

391 620 621 675 prorsus
662 606 943 675 reperitur
986 604 1310 670 aﬂirmasse,
1356 605 1681 663 continuare
1729 617 1983 673 conatur,

398 696 845 763 aliirmationem,
895 714 1058 768 quam
1096 699 1197 768 ipsi
1253 699 1435 755 verbis
1481 701 1984 771 :equipellentibus.

395 790 655 859 idemque
690 789 1135 859 signiﬁcantibus
1188 790 1365 860 palam
1410 791 1760 854 conﬁrmant,
1802 792 1991 846 crimi-

390 893 575 946 natur,
602 892 656 937 et
687 886 958 938 adversus
993 899 1090 938 eos
1120 885 1214 954 qui
1257 900 1376 939 eam
1412 895 1750 949 asseverant,
1780 887 1988 941 incom-

393 987 516 1046 ptas
545 976 935 1033 similitudines
967 978 1248 1048 contingit,
1283 988 1339 1032 et
1370 977 1607 1033 infausta
1650 980 1986 1049 obloquitur,

400 1083 524 1136 quae
557 1078 764 1137 aperte,
798 1080 855 1122 ut
907 1079 1193 1124 ostensum
1229 1076 1332 1133 est,
1369 1070 1440 1125 ad
1488 1070 1864 1142 diviniloquos
1909 1072 1991 1125 di-

395 1162 667 1229 rigantur.

465 1251 556 1304 ει.
582 1251 988 1306 Attendcndum
1018 1255 1087 1308 ab
1110 1254 1216 1309 illis
1237 1270 1403 1325 porro
1428 1268 1532 1318 est,
1557 1257 1648 1325 qui
1675 1265 1795 1327 post
1822 1258 1989 1311 Deum

396 1342 756 1398 Servatorum
785 1345 933 1399 diota
963 1361 1075 1401 non
1109 1348 1402 1402 admodum
1428 1348 1720 1413 aestimant,
1749 1352 1992 1420 proxime

396 1437 709 1508 appositum
740 1438 947 1492 dictum
987 1441 1165 1509 magni
1205 1441 1445 1495 nominis
1480 1440 1680 1505 Patris,
1716 1444 1992 1513 quomodo

398 1540 599 1600 praeter
635 1529 907 1609 .id.quod
964 1535 1306 1598 decreierat,
1356 1553 1374 1585 ι
1425 1550 1453 1588 a
1499 1534 1639 1589 Filio
1678 1536 1880 1590 factum
1923 1538 2008 1618 ad.

400 1626 636 1693 primam
692 1641 917 1679 causam
980 1624 1202 1680 Patrem
1251 1626 1575 1681 relationem
1605 1628 1876 1697 ihabere.»
1936 1631 1991 1685 in

399 1733 511 1788 quo
547 1718 867 1786 ubicunque
900 1721 1045 1771 solus
1080 1718 1146 1772 de
1182 1718 1324 1787 ipso,
1370 1729 1423 1774 et
1468 1736 1654 1789 unum,
1691 1721 1769 1776 uti
1821 1722 1910 1777 hic
1940 1734 1995 1776 et

405 1813 635 1881 reliquis
667 1814 791 1866 aliis
824 1828 938 1867 suis
978 1812 1142 1867 dictis
1179 1813 1490 1878 confirmat,
1536 1818 1821 1873 ambarum
1857 1835 1994 1889 pra:-

405 1906 745 1975 positionum
803 1905 1181 1961 indiﬂ‘crentes
1237 1908 1380 1962 vires
1444 1910 1803 1979 signiﬁcasse.
1857 1912 1992 1966 Cum

406 2003 553 2052 enim
584 1999 815 2053 dixisset
847 1999 912 2053 de
943 1999 1101 2061 Filio,
1142 2018 1159 2050 ι
1192 2015 1288 2069 per
1320 2001 1491 2056 Deum
1523 2001 1786 2068 Verbum,
1825 2022 1841 2056 ι
1874 2021 1997 2058 ora-

410 2096 614 2145 tLouem
646 2107 935 2145 resumens
966 2091 1275 2162 subjunxit,
1312 2092 1447 2149 locis
1478 2094 1532 2148 in
1568 2096 1824 2150 omnibus
1856 2113 1995 2167 prae-

406 2186 748 2257 positionum
801 2201 866 2237 ex
917 2194 969 2239 et
1014 2202 1105 2249 per
1135 2186 1352 2240 easdem
1393 2187 1538 2242 vires
1575 2189 1642 2243 de
1671 2187 1811 2243 Filio
1841 2206 1993 2244 com-

411 2288 742 2342 monstrans,
795 2289 907 2332 tum
965 2279 1020 2334 in
1073 2281 1345 2335 creaturis
1394 2281 1715 2349 condendis,
1775 2294 1888 2339 tum
1940 2284 1993 2340 in

406 2373 746 2439 sempiterno
781 2367 1018 2440 Spiritus
1055 2388 1366 2443 progressu.
1409 2374 1481 2428 De
1511 2390 1744 2442 quarum
1786 2391 1996 2447 pracpo-

405 2466 671 2515 sitionum
706 2462 871 2516 simili
926 2464 1255 2533 signiﬁcatu,
1295 2481 1398 2519 nec
1433 2466 1745 2536 disparibus
1784 2470 1994 2524 viribus

406 2555 460 2607 in
492 2556 710 2624 scriptis
745 2558 810 2609 ad
849 2555 1299 2626 Amphilochium
1347 2558 1535 2624 tradit,
1580 2574 1694 2644 rem
1732 2562 1995 2631 exemplis

406 2648 578 2701 variis
601 2649 960 2710 conﬁrmans.
989 2659 1043 2701 et
1070 2648 1124 2702 in
1144 2649 1266 2703 aliis
1292 2657 1407 2706 suis
1428 2663 1734 2706 commenta
1746 2645 1840 2707 riis
1860 2654 1994 2709 duas

410 2740 572 2793 hasce
626 2740 1042 2808 puepositioues
1081 2741 1161 2794 sic
1206 2757 1497 2812 usurpans,
1533 2744 1584 2798 in
1638 2746 1802 2801 rebus
1835 2745 1995 2801 theo-

409 2835 621 2903 logicis,
660 2843 717 2887 ut
754 2835 823 2888 ibi
861 2834 1125 2904 loquitur,
1177 2851 1325 2890 nunc
1371 2851 1434 2890 ex
1486 2836 1644 2904 Filio,
1694 2854 1842 2894 nunc
1896 2856 1994 2908 per

406 2922 606 2978 Filium
642 2925 909 2995 Spiritum
940 2922 1193 2980 declarat.
1233 2924 1371 2980 llinc
1404 2926 1568 2981 tertio
1597 2926 1856 2982 adversus
1887 2927 1996 2982 Eu-

410 3022 655 3074 nomium
691 3020 1069 3076 Antirrhetico
1104 3020 1334 3077 Scribit:
1378 3038 1396 3072 ι
1441 3019 1572 3086 Quae
1598 3021 1748 3076 enim
1803 3038 1993 3077 neces-

408 3114 541 3167 sitas
572 3121 674 3171 est.
706 3115 748 3167 si
780 3112 1045 3182 dignitate
1074 3120 1126 3167 et
1158 3113 1348 3167 ordine
1384 3113 1575 3168 tertius
1604 3123 1688 3168 est
1733 3113 1993 3185 Spiritus,

2092 603 2355 671 παράπαν
2381 602 2705 660 ἁσυστάτως
2729 600 2985 670 συνιστᾷν
3008 596 3455 666 κατεπείγεσθαι.
3494 593 3592 666 τὴν
3613 594 3665 648 δὲ

2092 696 2422 763 κατάφασιν,
2450 694 2520 765 ἢν
2548 693 2702 747 αὐτοὶ
2735 693 2804 747 δι’
2834 691 3148 763 ὁμοσοενῶν
3183 692 3275 744 καὶ
3295 687 3667 758 ταυτοσημάν-

2091 806 2199 843 των
2232 791 2496 860 ῥημάτων
2540 788 2801 860 ἐμφανῶς
2835 785 3157 851 συνιστῶσι,
3208 783 3542 847 διαϐάλλειν,
3578 784 3666 836 καὶ

2092 879 2236 932 κατὰ
2267 879 2379 932 τῶν
2409 879 2679 947 λεγόντων
2714 878 3021 941 ἁνοικείους
3068 873 3474 947 παρομοιώσεις
3506 872 3668 927 πλάτα

2092 988 2227 1035 τειν,
2261 973 2355 1025 καὶ
2388 973 2573 1044 ἁπόφη
2587 988 2663 1042 μα
2692 971 2945 1041 φάσκειν,
2979 970 3015 1024 ἃ
3062 968 3369 1042 προδήλοις,
3405 966 3481 1029 ὡς
3510 965 3670 1020 δέδει-

2092 1082 2241 1131 κται,
2279 1066 2417 1136 πρὸς
2442 1066 2567 1129 τοὺς
2603 1064 2980 1138 θεορρήμονας
3002 1062 3365 1117 ἀποτείνεται.

2164 1252 2265 1305 κδ’.
2293 1248 2744 1321 Προσεσχηκέναι
2765 1248 2821 1302 δὲ
2842 1247 2949 1321 χρὴ
2977 1250 3104 1313 τοὺς
3129 1249 3279 1320 παρὰ
3305 1248 3512 1320 φαῦλον
3536 1247 3671 1303 οὕτω

2094 1344 2452 1413 ποιουμένους
2478 1345 2545 1396 τὰ
2564 1345 2675 1397 τῶν
2695 1344 2832 1412 μετὰ
2852 1343 2985 1397 Θεὸν
3013 1344 3275 1413 σωτήρων
3293 1346 3360 1415 τῇ
3393 1341 3672 1413 προσεχιῖκ

2093 1438 2313 1508 τεθείσῃ
2347 1440 2503 1506 ῥήσει
2531 1436 2625 1489 τοῦ
2662 1436 3066 1508 μεγαλωνύμου
3117 1436 3353 1508 Πατρὸς.
3388 1437 3538 1500 ὅπως
3570 1437 3668 1507 ἄρα

2094 1534 2232 1603 πρὸς
2265 1534 2324 1585 τὸ
2356 1532 2677 1602 θεολογῆσαι
2711 1532 2772 1585 τὸ
2811 1552 2831 1584 ι
2870 1534 3024 1604 παρὰ
3054 1531 3148 1585 τοῦ
3186 1531 3317 1584 Υίοῦ
3350 1530 3672 1601 γεγενῆσθαι

2095 1626 2195 1697 τὴν
2245 1625 2526 1695 ἀναφορὰν
2584 1623 2729 1695 ἔχειν
2783 1623 2927 1693 πρὸς
2956 1624 3057 1695 τὴν
3112 1623 3337 1694 πρώτην
3362 1622 3563 1676 αἰτίαν
3586 1621 3674 1674 τὸν

2097 1718 2340 1787 Πατέρα,
2377 1736 2395 1769 ι
2432 1717 2557 1771 καθ’
2604 1719 2671 1787 ἢν
2696 1718 3036 1779 ὁπουδήποτε
3072 1717 3133 1770 τὸ
3153 1718 3343 1786 μόνος
3375 1716 3465 1770 ἐπ’
3492 1715 3673 1781 αὑτοῦ,

2098 1810 2194 1864 καὶ
2224 1810 2283 1863 τὸ
2312 1811 2441 1878 μία,
2477 1808 2658 1874 καθὼς
2699 1809 2937 1863 ἐνταῦθα
2973 1811 3071 1864 καὶ
3103 1809 3321 1873 λοιπαῖς
3367 1811 3426 1862 ἐν
3466 1808 3677 1879 ἑτέραις

2100 1902 2267 1955 αὐτοῦ
2298 1902 2602 1973 παρίστησι
2638 1905 2853 1975 ρήσεσι,
2894 1905 2987 1957 και⁵
3013 1903 3072 1957 τὸ
3101 1903 3210 1957 τῶν
3241 1904 3523 1973 ἑκατέρων
3550 1920 3680 1973 προ-

2100 1994 2302 2047 θέσεων
2339 1995 2609 2065 εδήλωσεν
2641 1996 2958 2066 ἀδιάφορον.
3016 1995 3203 2049 Εἰπὼν
3258 1995 3370 2067 γὰρ
3414 1994 3549 2064 περὶ
3589 1995 3678 2048 τοῦ

2099 2086 2253 2151 Υἰοῦ,
2293 2107 2313 2140 ι
2347 2088 2434 2141 διὰ
2469 2088 2563 2141 τοῦ
2596 2087 2733 2142 Θεοῦ
2764 2088 2963 2157 Λόγου,
3012 2108 3030 2142 ι
3085 2089 3561 2159 ὲπαναλαμϐάνων
3589 2090 3680 2142 ἑπ-

2097 2182 2327 2251 ήγαγεν,
2374 2180 2691 2250 ἁπανταχοῦ
2724 2181 2787 2234 τὸ
2848 2182 2950 2251 τῆς
2980 2182 3051 2236 ἐκ
3080 2184 3176 2235 καὶ
3210 2182 3308 2236 διὰ
3359 2181 3680 2252 ἰσοδύναμον

2100 2273 2191 2324 ἐπὶ
2209 2273 2301 2326 τοῦ
2337 2272 2470 2325 Υἰοῦ
2500 2274 2834 2343 ἀναφαίνων,
2869 2276 2961 2327 ὲπί
2994 2291 3054 2328 τε
3082 2279 3147 2343 τῇ
3178 2278 3260 2338 εἰς
3282 2277 3343 2328 τὸ
3376 2271 3516 2335 εἶναι
3539 2294 3679 2348 παρα

2098 2367 2293 2436 αγωγῇ
2340 2365 2451 2417 τῶν
2503 2366 2845 2435 κτισμάτων,
2888 2369 2980 2420 ἐπί
3027 2386 3087 2422 τε
3129 2371 3194 2439 τῇ
3256 2369 3414 2440 ἀϊδίῳ
3471 2372 3682 2443 προόδῳ

2096 2457 2191 2510 τοῦ
2221 2457 2559 2525 Πνεύματος.
2594 2459 2702 2529 καὶ
2729 2461 2967 2514 ποιεῖται
2996 2462 3097 2529 μὲν
3115 2461 3277 2529 τῆσδε
3303 2466 3403 2534 τῆς
3441 2465 3682 2519 ἰσοδυνα-

2102 2546 2232 2617 μίας
2265 2549 2568 2618 παράδοσιν
2598 2550 2656 2603 ὲν
2688 2552 2801 2612 τοῖς
2834 2551 2976 2621 πρὸς
3004 2553 3356 2626 Ἀμφιλόχιον
3386 2558 3681 2628 παραδείγ-

2102 2656 2237 2708 μασι
2260 2638 2544 2710 διαφόροις
2587 2641 2990 2712 πιστούμενος·
3019 2645 3080 2698 ὲν
3117 2645 3175 2698 δὲ
3208 2651 3321 2711 τοῖς
3364 2648 3546 2713 ἄλλοις
3574 2652 3681 2704 τῶν

2100 2734 2555 2803 συγγραμμάτων
2576 2734 2741 2788 αὐτοῦ
2765 2735 2827 2789 τὸ
2851 2736 3030 2790 διττὸν
3047 2739 3211 2792 τῶνδε
3232 2743 3340 2794 τῶν
3364 2746 3681 2816 προθέσεων

2097 2825 2239 2879 οὕτω
2273 2826 2591 2894 λαμϐάνων,
2623 2827 2711 2882 ὁτὲ
2744 2828 2843 2899 μὲν
2878 2831 2971 2884 ἐπὶ
2999 2832 3103 2902 τῆς
3133 2834 3434 2905 Θειλογίατς,
3462 2839 3538 2900 ὡς
3571 2841 3686 2894 ἐκεῖ

2099 2936 2287 2990 φησιν,
2315 2919 2374 2984 ἐξ
2394 2920 2523 2973 Υἰοῦ
2549 2922 2608 2973 τὸ
2632 2919 2858 2993 Πνεῦμα
2878 2922 3208 2996 διαγορεύει,
3239 2929 3330 2981 ὁτὲ
3350 2930 3406 2983 δὲ
3431 2932 3498 2984 δι’
3526 2933 3682 2988 Υἰοῦ.

2099 3010 2269 3069 Ὀθεν
2298 3014 2355 3065 ὲν
2390 3011 2469 3083 τῷ
2495 3013 2666 3084 τρίτῳ
2699 3013 2810 3067 τῶν
2840 3016 2977 3086 πρὸς
3009 3016 3275 3087 Εὐνόμιον
3335 3022 3686 3097 Ἀντιρρητι-

2097 3107 2209 3160 κῶν
2250 3108 2488 3176 φάσκει·
2531 3128 2549 3160 ι
2582 3109 2679 3172 Τίς
2706 3112 2816 3182 γὰρ
2846 3111 3062 3184 ἀνάγκη
3085 3113 3163 3184 τῷ
3195 3115 3469 3185 ἀξιώματι
3502 3121 3599 3172 καὶ
3619 3123 3686 3191 τῇ

412 3205 633 3259 tertium
666 3203 817 3257 illum
852 3219 973 3257 esse
1004 3212 1060 3256 et
1091 3203 1311 3257 natura?
1342 3202 1586 3273 Namque
1614 3204 1877 3275 dignitate
1905 3222 1994 3260 sc-

2104 3197 2255 3262 τάξει
2285 3198 2468 3267 τρίτον
2504 3199 2752 3270 ὑπάρχον
2781 3201 2843 3253 τὸ
2877 3201 3123 3274 Πνεῦμα,
3160 3206 3344 3275 τρίτον
3383 3204 3527 3262 εἶναι
3554 3212 3689 3264 αὐτὸ

408 3294 559 3350 curd
583 3310 653 3348 ttn
686 3311 807 3349 esse
838 3310 866 3349 a
907 3296 1067 3358 Filio,
1105 3306 1361 3366 tauquam
1392 3297 1486 3366 qui
1511 3298 1579 3352 ab
1610 3314 1694 3362 eo,
1737 3299 1882 3369 quod
1926 3299 1999 3355 sit

412 3389 597 3450 habet,
623 3396 677 3441 ct
701 3388 769 3441 ab
801 3402 867 3442 eo
891 3388 1109 3457 accipit,
1137 3399 1193 3442 et
1216 3389 1375 3443 nobis
1406 3391 1718 3459 annuntiat,
1752 3399 1807 3446 ct
1840 3407 1999 3461 pror-

410 3496 506 3535 sus
540 3481 612 3534 illi
662 3496 842 3535 causae
878 3480 1141 3546 adhaeret,
1186 3482 1403 3550 pietatis
1448 3498 1630 3537 sermo
1667 3483 1862 3539 tradit:
1896 3499 2000 3537 na-

408 3589 530 3627 tura
560 3589 690 3627 vero
724 3575 881 3627 tertia
910 3574 1012 3638 uti,
1042 3588 1224 3644 neque
1254 3589 1284 3628 a
1316 3574 1517 3629 divinis
1541 3575 1843 3645 Scripturis
1865 3579 1999 3653 edo-

407 3669 481 3722 cti
509 3682 723 3728 sumus,
757 3682 931 3735 neque
957 3684 1022 3720 ex
1052 3667 1163 3736 jam
1187 3666 1353 3722 dictis
1384 3679 1792 3738 consequenter
1820 3668 2001 3741 colligi

406 3768 617 3829 potest.
654 3757 1128 3824 Quemadmodum
1173 3758 1320 3812 enim
1356 3757 1528 3814 Filius
1559 3758 1750 3814 ordine
1779 3760 2000 3829 quidem

409 3851 690 3905 secundus
714 3865 743 3903 a
779 3849 941 3904 Patre
973 3861 1079 3911 est,
1109 3849 1372 3919 quoniam
1401 3854 1468 3905 ab
1500 3849 1589 3905 illo
1617 3860 1720 3915 est,
1750 3859 1803 3905 et
1826 3851 2004 3921 digni-

407 3955 549 4012 tate,
583 3944 839 4013 quoniam
868 3943 1023 4008 origo
1064 3952 1228 4011 atque
1256 3957 1443 4006 causa,
1475 3943 1624 4013 quod
1657 3943 1748 3999 ille
1779 3946 1866 4010 sit,
1904 3943 2004 3998 Pa-

409 4048 493 4086 ιρι
525 4044 627 4096 est,
659 4042 713 4087 et
745 4033 891 4102 quod
924 4048 1021 4102 per
1054 4034 1233 4103 ipsum
1270 4049 1527 4089 accessus
1557 4045 1612 4090 et
1647 4036 1903 4091 adductio
1936 4037 2003 4091 ad

335 4174 341 4179 .
409 4128 586 4180 Deum
617 4124 875 4180 Patrem:
925 4135 1118 4179 natura
1156 4142 1288 4181 vero
1321 4126 1471 4181 nullo
1506 4126 1669 4183 modo
1705 4129 2000 4195 secundus,

409 4219 556 4289 quod
605 4219 659 4272 in
716 4226 951 4288 utroque
1008 4235 1112 4272 una
1162 4219 1339 4274 dcitas
1371 4227 1455 4274 est
1488 4221 1603 4275 :ita
1650 4222 1904 4276 videlicet
1950 4231 2007 4276 et

410 4316 656 4383 Spiritus
680 4321 926 4380 sanctus,
962 4321 1018 4367 et
1044 4314 1090 4367 si
1127 4313 1393 4384 dignitate
1420 4322 1476 4368 et
1504 4313 1701 4368 ordine
1727 4313 2007 4368 secundus

410 4426 440 4460 ιι
472 4405 610 4461 Filio
651 4416 757 4471 est,
815 4421 925 4460 non
976 4414 1163 4461 tamen
1219 4407 1596 4462 verisimiliter
1644 4407 1838 4463 aliena:
1883 4421 2007 4462 esse

410 4509 621 4552 natura:
670 4496 799 4551 inde
825 4497 1092 4566 consequi
1140 4497 1501 4552 dixerimus.»
1542 4499 1773 4553 Necnon
1831 4497 1885 4552 in
1937 4499 2006 4552 il-

409 4592 480 4644 iis
508 4607 521 4644 :
561 4609 579 4641 ι
620 4593 806 4656 Quare
835 4606 947 4644 non
979 4600 1034 4645 et
1069 4588 1307 4661 Spiritus
1341 4589 1516 4645 Filius
1546 4590 1691 4657 Filii,
1725 4609 1743 4643 ι
1798 4592 2001 4648 tradit:

414 4703 436 4735 ‹
480 4685 600 4739 Νοιι
659 4683 804 4754 quod
847 4699 956 4738 non
1014 4684 1085 4738 sit
1129 4701 1195 4739 ex
1246 4685 1358 4763 Qeo
1401 4700 1499 4755 per
1529 4683 1763 4752 Filium;
1794 4685 1890 4740 sed
1936 4701 2002 4741 ne

412 4778 656 4833 ‘l‘iiuitas
700 4787 1054 4848 reputaretur
1089 4779 1385 4834 multitudo
1448 4780 1757 4843 innumera,
1808 4781 1886 4834 uti
1946 4782 1999 4834 in

415 4872 732 4927 hominibus
774 4873 891 4927 tit.»
959 4873 1024 4928 Et
1075 4873 1270 4943 paucis
1310 4873 1586 4928 annexis:
1643 4892 1662 4925 ι
1711 4872 2001 4942 Propterea

412 4978 478 5015 ex
518 4958 627 5017 Ded
676 4977 791 5016 esse
823 4963 1086 5033 Spiritqu
1140 4964 1314 5033 palam
1358 4965 1666 5019 enuntiavit
1705 4964 1999 5035 Apostolus

310 5101 317 5108 .
415 5057 652 5111 dicens:
710 5054 993 5125 Spiritum,
1052 5059 1141 5127 qui
1182 5073 1247 5111 ex
1300 5056 1411 5112 Deo
1456 5068 1553 5123 est,
1598 5060 1898 5127 accepimus
1942 5058 2009 5124 δι,

418 5167 513 5219 per
537 5149 731 5204 Filium
799 5165 1064 5220 apparere
1117 5151 1516 5216 ntanil‘cstavit,
1544 5168 1667 5207 cum
1702 5152 1852 5205 illum
1889 5149 2012 5205 Filii

418 5232 703 5314 Spiritum,
740 5254 798 5298 ut
837 5255 892 5298 et
943 5244 1036 5299 Dei
1073 5244 1387 5314 appellavit,
1422 5254 1475 5299 et
1512 5254 1749 5299 mentem
1778 5244 2010 5311 Christi,

414 5339 575 5393 sicuti
602 5345 657 5391 et
683 5338 776 5392 Dei
804 5335 1070 5406 Spiritutn
1109 5339 1186 5391 uti
1253 5338 1510 5393 hominis.
1545 5355 1568 5390 ι
1602 5336 1757 5393 Dicta
1792 5339 1908 5392 haec
1942 5338 2012 5393 ab

417 5430 627 5485 diSsidii
681 5430 966 5500 multiplici
1018 5430 1222 5485 malitia
1283 5431 1515 5486 multum
1562 5434 1812 5487 divexata
1852 5443 2000 5497 sunt,

419 5523 579 5577 tertio
636 5533 818 5579 tamen
869 5523 973 5578 duo
1034 5524 1240 5593 priora,
1299 5533 1353 5579 et
1407 5526 1651 5580 secundo
1712 5524 2004 5579 immanius

415 5614 677 5684 primum,
722 5617 1095 5672 membrorum
1152 5620 1489 5689 integrorum
1522 5616 1868 5688 ademptione
1903 5615 2007 5669 im-

416 5707 709 5772 minutum,
764 5725 979 5765 necnon
1027 5711 1433 5777 additionibus,
1495 5719 1552 5766 et
1596 5707 1998 5779 adjectionibus

491 5897 532 5927 “
565 5897 585 5952 ι
622 5899 752 5955 Cor.
791 5897 973 5964 11,712.

2030 4557 2085 4616 D

2101 3292 2199 3344 καὶ
2245 3294 2311 3361 τῇ
2350 3293 2548 3360 φύσεις
2594 3292 2894 3363 Ἀξιὼματι
2946 3296 3047 3364 μὲν
3092 3297 3202 3367 γὰρ
3254 3298 3563 3371 δευτερεύει
3591 3305 3688 3358 τοῦ

2103 3379 2234 3435 Υἰοῦ
2261 3383 2390 3453 παρ’
2423 3382 2589 3436 αὑτοῦ
2626 3384 2689 3437 τὸ
2712 3380 2852 3438 εἶναι
2886 3385 3027 3456 ἕχον,
3057 3390 3151 3442 καὶ
3182 3392 3316 3461 παρ’
3350 3394 3517 3446 αὑτοῦ
3546 3396 3687 3466 λαμ-

2104 3476 2266 3543 εάνον
2310 3477 2402 3528 καὶ
2445 3476 2783 3545 ἁναγγέλλον
2830 3482 2984 3550 ἡμῖν,
3019 3483 3117 3535 καὶ
3149 3484 3283 3548 ὅλως
3339 3487 3559 3559 ἐκείνης
3592 3491 3690 3553 τῆς

2104 3569 2283 3631 αἰτίας
2316 3568 2648 3640 ἐξημμένον,
2686 3573 3055 3643 παραδίδωσιν
3084 3578 3112 3629 ό
3153 3581 3253 3648 τῆς
3283 3579 3573 3646 εὐσεϐείας
3600 3582 3692 3636 λό-

2103 3678 2200 3729 γος
2220 3679 2234 3691 ·
2268 3662 2428 3731 φύσει
2460 3664 2517 3716 δὲ
2548 3668 2707 3737 τρίτῃ
2742 3667 2980 3739 χρῆσθαι
3012 3667 3137 3722 οὔτε
3184 3675 3337 3743 παρὰ
3375 3675 3486 3729 τῶν
3517 3677 3692 3745 ἁγίων

2105 3752 2340 3822 Γραφῶν
2389 3754 2773 3824 δεδιδάγμεθα,
2803 3758 2927 3812 οὔτε
2974 3762 3040 3813 ἐκ
3072 3762 3177 3816 τῶν
3208 3765 3519 3835 εἰρημένων
3550 3769 3692 3823 κατὰ

2104 3847 2165 3899 τὸ
2189 3845 2487 3899 ἀκόλουθον
2545 3848 2769 3902 δυνατὸν
2793 3849 3232 3920 συλλογίσασθαι.
3268 3855 3356 3920 ⁸ος
3381 3858 3491 3929 γὰρ
3509 3862 3538 3913 ὁ
3567 3860 3691 3926 Υἱὸς

2106 3938 2257 4004 τάξει
2291 3938 2390 4008 μὲν
2418 3937 2669 4011 δεύτερος
2708 3942 2801 3995 τοῦ
2832 3944 3066 4013 Πατρδς,
3091 3947 3172 3999 ὅτι
3207 3949 3302 4001 ἀπ’
3331 3951 3569 4017 ἐκείνου,
3596 3955 3690 4008 καὶ

2106 4030 2403 4100 ἀξιώματι,
2431 4031 2513 4084 ὅτι
2544 4033 2685 4103 ἀρχὴ
2725 4035 2820 4088 καὶ
2864 4037 3015 4091 αἰτία
3041 4037 3136 4091 τοῦ
3158 4035 3297 4094 εῖναι
3341 4043 3565 4117 Πατέρα
3598 4047 3693 4099 αῦ-

2106 4122 2222 4187 τοῦ,
2280 4124 2375 4178 καὶ
2422 4126 2505 4178 ὃτι
2536 4125 2605 4178 δι’
2634 4127 2861 4200 αὑτοῦὴ
2918 4131 3181 4201 πρόσοδος
3229 4137 3324 4188 καὶ
3350 4140 3693 4210 προσαγωγὴ

2107 4216 2245 4285 πρὸς
2265 4214 2356 4269 τὸν
2379 4216 2513 4272 Θεὸν
2540 4218 2633 4271 καὶ
2656 4220 2879 4292 Πατέρα
2895 4237 2908 4252 ο
2941 4223 3101 4291 φύσει
3120 4226 3175 4279 δὲ
3208 4228 3392 4283 οὐκέτι
3416 4232 3692 4302 δεύτερος,

2108 4307 2243 4361 διότι
2283 4310 2315 4378 ἡ
2347 4307 2539 4379 Θεότης
2566 4312 2625 4363 ἐν
2662 4312 2914 4385 ἑκατέρῳ
2947 4316 3045 4386 μία
3068 4334 3084 4349 ο
3117 4316 3262 4373 οὕτω
3290 4322 3538 4393 δηλονότι
3598 4329 3694 4379 καὶ

2109 4399 2170 4451 τὸ
2201 4399 2426 4469 Πνεῦμα
2456 4402 2517 4454 τὸ
2545 4401 2722 4469 ἆγιον,
2752 4405 2803 4457 εἰ
2856 4409 2951 4459 καὶ
2981 4409 3297 4481 ὑποὸἐόηκε
3346 4416 3437 4468 τὸν
3465 4416 3592 4469 Υἰὺν
3628 4422 3694 4488 τῇ

2110 4493 2261 4556 τάξει
2287 4498 2381 4545 καὶ
2399 4494 2477 4563 τῷ
2505 4495 2805 4565 ἀξιώματι,
2846 4498 3029 4554 οὐκέτι
3077 4501 3146 4556 ἂν
3172 4506 3398 4570 εἰκότως
3424 4508 3501 4572 ὡς
3540 4510 3696 4562 ἁλλο-

2110 4586 2264 4655 τρίας
2292 4586 2536 4657 ὑπάρχον
2561 4588 2798 4655 φύσεως.
2841 4610 2860 4644 ι
2895 4593 3005 4646 Καὶ
3050 4596 3216 4650 πάλιν
3245 4600 3303 4651 ὲν
3335 4594 3438 4665 οἷς,
3483 4620 3504 4654 ι
3541 4604 3695 4656 Διατί

2112 4678 2315 4749 μὴ’καὶ
2334 4682 2394 4733 τὸ
2445 4682 2667 4752 Πνεῦμα
2723 4684 2842 4748 Υἱὸς
2874 4687 2965 4740 τοῦ
2997 4688 3173 4755 Υίοῦ;
3211 4711 3232 4745 ι
3268 4695 3433 4765 φησίν
3457 4714 3471 4728 ·
3511 4717 3530 4746 α
3570 4701 3695 4752 Ὀτι

2106 4774 2169 4827 οὐ
2196 4773 2287 4827 διὰ
2307 4774 2367 4828 τὸ
2399 4774 2475 4845 μὴ
2504 4773 2645 4829 εἶναι
2673 4778 2738 4830 ὲκ
2767 4778 2901 4832 Θεοῦ
2936 4780 3007 4834 δι’
3031 4782 3183 4849 Υἰοῦ,
3211 4785 3328 4838 ἀλλ’
3351 4789 3438 4840 ἵνα
3464 4792 3496 4861 ἡ
3522 4792 3698 4862 Τριὰς

2109 4868 2469 4954 μὴθνομισοῇ
2504 4870 2709 4940 πλῆθος
2760 4872 3009 4943 ἄπειρον,
3042 4874 3118 4940 ὼς
3169 4882 3263 4932 καί⁵
3301 4882 3359 4933 ὲν
3382 4883 3696 4954 ἀνθρώποις

2107 4960 2530 5048 ὑποπτευθείσα.
2573 4980 2592 5014 ι
2629 4965 2735 5016 Καὶ
2754 4964 2874 5033 μετ’
2910 4967 3070 5035 ὀλίγα
3092 4986 3106 5000 ο
3134 4988 3152 5021 ι
3186 4973 3286 5024 Δια
3317 4974 3479 5028 τοῦτο
3505 4981 3562 5030 τὸ
3593 4979 3698 5048 μὲν

2113 5051 2178 5101 ὲκ
2207 5048 2344 5101 Θεοῦ
2380 5046 2524 5103 εἶναι
2560 5051 2621 5104 τὸ
2654 5053 2877 5124 Πνεῦμα
2911 5058 3126 5124 τρανῶς
3158 5062 3431 5134 ἐκήρυξεν
3463 5068 3492 5120 ὁ
3530 5046 3695 5122 Ἀπε-

2115 5142 2300 5205 στολος
2344 5143 2540 5211 λέγων,
2593 5144 2669 5200 Τὸ
2703 5149 2946 5216 Πνεῦμα
2977 5154 3041 5205 τὸ
3080 5155 3149 5208 ἐκ
3190 5158 3339 5212 Θεοῦ
3374 5161 3695 5230 ἐὶλάϐομεν,

2113 5236 2299 5290 καὶτὸ
2327 5238 2398 5291 δι’
2445 5238 2578 5292 Υἰοῦ
2614 5244 2919 5311 πεφηνέναι
2973 5248 3142 5316 σαφὲς
3191 5253 3522 5323 πεποίηκεν,
3561 5257 3696 5309 Υἰοῦ

2114 5332 2343 5403 Πνεῦμα
2392 5333 2669 5404 ὀνομάσας
2725 5336 2859 5389 αὐτὸ
2910 5341 3161 5412 καθάπερ
3207 5344 3372 5408 Θεοῦ,
3419 5349 3515 5399 καὶ
3564 5349 3697 5403 νοῦν

2113 5422 2355 5493 Χριστοῦ
2385 5425 2729 5494 προσειπὼν,
2774 5430 3030 5502 καθάπερ
3071 5436 3167 5486 καὶ
3195 5436 3331 5489 Θεοῦ
3364 5439 3587 5499 Πνεῦμα
3616 5442 3696 5504 ὡς

2110 5517 2205 5569 τοῦ
2261 5512 2578 5588 ἀνθρώπου.
2619 5537 2638 5569 ι
2691 5520 2810 5573 Τῶν
2861 5527 3234 5595 πειραθεισῶν
3283 5531 3384 5600 τῆς
3435 5532 3543 5584 ἀπὸ
3590 5533 3695 5602 τῆς

2110 5610 2451 5675 διαστάσεως
2488 5612 2850 5683 πολυσχιδοῦς
2875 5620 3076 5679 κακίας
3108 5621 3302 5691 ῥήσεις
3332 5617 3519 5689 αὗται,
3546 5626 3694 5695 πλὴν

2109 5704 2205 5775 τῆς
2235 5704 2462 5775 τριττῆς
2502 5706 2558 5758 αἰ
2610 5705 2810 5775 διτταὶ,
2864 5713 2956 5764 καὶ
3006 5713 3106 5783 τῆς
3153 5716 3345 5787 ἑτέρας
3404 5718 3606 5787 μᾶλλον
3660 5720 3693 5790 ἠ
