3972 6574
263 457 396 527 1395
1237 464 1533 526 CONTRA
1568 463 1989 527 MANUELEM
2030 462 2507 525 CRETENSEM;
2989 463 2993 467 ’
3352 455 3486 523 13.;6

258 575 472 647 πρώτη,
507 573 694 628 κώλων
724 574 860 629 ὅλων
894 576 1212 647 ἀφαιρέσεις
1244 578 1548 643 ὑποστᾶσα,
1579 579 1818 648 προσθή-

1922 577 2191 634 vitiatum.
2253 575 2360 633 Sed
2415 574 2482 630 ad
2543 574 2655 630 llaec
2718 587 2885 644 usque
2933 580 3174 642 tempora
3205 571 3483 627 volumina

256 681 357 726 κας
388 679 446 715 τε
480 662 571 716 καὶ
602 662 935 732 ὲπεμδολάς.
980 664 1120 719 Ἀλλ’
1153 668 1236 721 ὅτι
1278 668 1375 721 καὶ
1400 667 1481 721 ἔτι
1511 668 1682 739 βίϐλοι
1716 687 1818 722 πε-

258 754 602 824 φυλαγμέναι
639 758 735 807 καὶ
765 756 1045 811 θεαθεῖσαι
1078 751 1234 828 μϊν,
1269 760 1413 826 ἅπερ
1442 760 1701 832 ἄντικρυς
1734 764 1822 815 τέ·

256 861 353 915 ρας
384 846 570 914 ἄμφω,
621 848 684 899 τὸ
731 847 1039 918 τηρηθῆναί
1073 865 1130 901 τε
1175 850 1269 902 καὶ
1305 851 1435 921 ἡμῖν
1466 850 1717 922 ὀφθῆναι,
1752 856 1818 923 τῇ

254 936 351 1003 τῆς
384 933 512 1004 ὅλης
541 936 721 990 αὑτῶν
752 942 1098 1010 κατασκευῆς
1126 941 1449 1005 παλαιώσει,
1489 943 1583 995 καὶ
1616 946 1682 1013 τῇ
1713 944 1822 997 τῶν

258 1024 542 1093 ἀρχαῖκῶν
588 1028 868 1098 στοιχείων
898 1033 1108 1100 γραφῇ.
1140 1032 1241 1101 τὴν
1286 1032 1397 1086 τῶν
1423 1033 1821 1087 ἀλλοιωθεισῶν

254 1116 315 1167 ὲκ
344 1117 539 1184 μανίας
567 1116 742 1187 ἄκρας
764 1120 1049 1175 ἀλλοίωσιν
1078 1114 1447 1193 πηλιτεὺουσι
1469 1141 1484 1156 ·
1513 1126 1611 1188 τὰς
1632 1129 1822 1197 ῥήσεις

252 1206 326 1269 ὡς
352 1209 512 1276 ἔσχον
549 1208 608 1273 ἐξ
652 1204 729 1264 ὧν
776 1210 1133 1284 προήχθησαν
1162 1215 1619 1287 προτεθείκαμεν.
1644 1219 1729 1286 ,Εἰ
1762 1218 1821 1271 δὲ

254 1302 347 1352 καὶ
379 1302 563 1353 ταῖσδε
620 1301 848 1371 βίϐλοις,
892 1309 1011 1367 ταῖς
1066 1305 1237 1370 οὕτως
1286 1309 1455 1373 αῦτάς
1507 1310 1820 1375 δεικνύσαις

253 1390 570 1461 ἐπιτεθῆναι
631 1392 692 1445 τὸ
749 1394 1121 1467 πολυσπερχὲς
1162 1396 1257 1449 τοῦ
1333 1398 1700 1466 κρατῦνεσθάι
1760 1403 1820 1455 τὸ

254 1483 461 1560 σχίσμα
484 1486 794 1556 δυνήσεται,
819 1488 911 1541 καὶ
931 1488 1237 1559 ἀφανισμὸν
1259 1480 1369 1544 οἷον
1389 1490 1450 1558 δή
1474 1508 1599 1547 τινα
1621 1493 1816 1558 θεῖναι,

251 1574 322 1636 ὡς
348 1577 404 1627 ἐν
433 1565 643 1646 ὁλότητι
669 1581 734 1649 τῇ
764 1580 861 1650 τῆς
884 1574 1345 1649 ὑποθέσεως,’κάν
1366 1580 1443 1654 τῷ
1466 1584 1622 1656 μέρει
1645 1586 1819 1656 τούτῳ

254 1667 311 1718 τὸ
344 1669 407 1718 ὲκ
432 1668 531 1737 τῆς
563 1671 921 1737 συνειδήσεως
954 1674 1087 1744 ἡμῖν
1117 1667 1347 1745 ἀψευδὲς
1378 1676 1439 1743 ἐξ
1469 1671 1543 1732 ὧν
1569 1678 1819 1748 ἑωράκα-

256 1771 356 1823 μεν
386 1757 446 1808 οὐ
485 1759 813 1829 περιτρέψαι
864 1762 1180 1833 δυνήσεται.
1234 1768 1370 1837 Περὶ
1421 1766 1606 1837 μέντοι
1650 1767 1817 1822 τῶνδε

251 1848 645 1919 παραφθορῶν,
676 1852 769 1904 καὶ
793 1853 903 1905 τῶν
923 1855 980 1906 ὲν
1005 1856 1213 1923 ἑτέροις
1240 1858 1587 1928 θεοφθόγγων
1608 1862 1817 1930 ῥήμασι

1923 675 2335 730 conservantur,
2376 673 2774 735 conspectaque
2796 671 2919 718 sunt
2939 677 2967 715 a
2987 662 3164 727 nobis,
3184 676 3303 731 qua:
3326 663 3485 718 ambo
3538 660 3541 665 ’

1926 767 2230 812 monstrum
2286 755 2470 818 fuerit,
2516 765 2571 810 et
2625 754 2770 825 quod
2831 761 3145 809 conservata
3194 754 3325 817 sint,
3359 763 3415 808 et
3452 769 3484 809 a

1925 845 2081 899 nobis
2132 853 2445 916 conspecta,
2482 859 2599 914 qua:
2630 854 2684 898 et
2728 843 2894 914 ipsius
2946 852 3236 918 structurae
3266 844 3488 915 integra:

1926 936 2208 1000 vetustate,
2240 945 2292 990 et
2330 935 2676 1000 antiquarum
2723 935 3029 989 litterarum
3059 935 3354 1002 scriptione
3384 939 3482 991 dc-

1925 1038 2268 1094 pravalarum
2331 1042 2395 1081 ex
2459 1027 2660 1098 ingenti
2738 1027 2957 1082 vesania
3024 1028 3483 1083 adulterationem

1923 1116 2387 1183 palam,e«licunt.
2444 1115 2617 1179 Dicta,
2666 1116 2743 1171 uti
2797 1132 2857 1171 se
2897 1116 3122 1181 habent,
3168 1133 3231 1172 ex
3294 1118 3487 1173 iisdem

1924 1207 2298 1275 produximus.
2345 1202 2500 1273 Quod
2550 1208 2593 1262 si
2649 1208 3019 1263 voluminibus
3071 1208 3341 1263 similibus
3388 1210 3490 1264 hoc

1925 1298 2084 1352 modo
2120 1298 2260 1351 dicta
2314 1295 2668 1353 referentibus
2701 1299 2766 1352 ad
2789 1297 3168 1353 stabiliendum
3199 1296 3485 1353 dissidium

1923 1388 2125 1458 aliquid
2163 1404 2436 1459 apponere
2462 1390 2750 1452 voluerint.
2784 1391 2899 1445 sive
2937 1407 2999 1444 ea
3035 1390 3103 1446 de
3158 1390 3337 1444 medio
3388 1390 3493 1443 tol-
3592 1426 3593 1429 η

1924 1479 2032 1536 lere
2051 1482 2446 1547 accuraverint,
2476 1478 2617 1551 quod
2642 1484 2825 1538 multis
2848 1484 2900 1537 iu
2924 1485 3060 1539 locis
3087 1483 3335 1553 dispersa
3361 1484 3490 1548 sint,

1922 1584 2178 1641 quantum
2218 1572 2284 1627 ad
2314 1571 2679 1642 integritatem
2746 1576 3073 1645 argumenti,
3114 1585 3351 1629 attamen
3387 1574 3489 1628 bac

1924 1664 1975 1717 in
2010 1672 2161 1733 parte
2213 1660 2490 1718 sincerum
2534 1680 2836 1735 purumque
2888 1676 3084 1720 nostra!
3116 1664 3488 1727 conscientiae,

1922 1766 2041 1803 cum
2071 1750 2159 1805 illa
2205 1750 2517 1820 viderimus,
2551 1765 2795 1811 evertere
2828 1755 2974 1810 nullo
3025 1754 3183 1809 modo
3216 1764 3487 1823 poterunt.
3588 1746 3591 1749 ⁴

1926 1842 1997 1894 De
2055 1842 2137 1895 his
2195 1845 2538 1913 corruptelis,
2583 1846 2704 1900 aliis
2765 1861 2977 1916 quoque
3032 1846 3489 1915 diviniloquorum

252 1943 543 2009 πατρικοῖς
570 1941 670 1996 οὐκ
696 1942 920 2012 ὀλίγοις,
953 1949 1048 2001 καὶ
1074 1947 1185 2001 τῶν
1213 1948 1388 2013 ἄλλως
1420 1951 1817 2020 πεπλασμένων

1924 1932 2147 1987 Patrum
2196 1935 2354 1989 dictis
2399 1951 2505 1989 non
2568 1937 2775 2005 paucis,
2822 1937 3048 2007 aliisque
3106 1937 3404 2003 fraudibus,
3440 1948 3495 1992 et

252 2029 656 2101 ἐπιτεχνήσεων
696 2035 723 2087 ό
772 2036 1098 2107 αίροὺμενος
1130 2039 1239 2092 τῶν
1286 2041 1575 2112 ἡμετέρων
1611 2045 1669 2095 ὲν
1725 2043 1820 2096 ἄλη

250 2118 362 2183 λοις
397 2122 572 2191 λόγων
604 2125 975 2192 ἀγγελλόντων
1006 2127 1346 2200 πλατύτερον
1372 2132 1662 2200 γνώσεται.
1704 2134 1819 2186 Νῦν

250 2212 306 2264 δὲ
337 2215 446 2266 τῶν
469 2215 671 2269 καινῶν
702 2218 1193 2290 συμπερασμάτων
1222 2220 1252 2274 ὁ
1283 2220 1532 2293 εὑρετὴς.
1560 2225 1655 2276 καὶ
1683 2221 1820 2294 πρὸς

250 2305 322 2357 τά
360 2305 454 2357 τοῦ
508 2308 957 2379 μεγαλοκήρυκος
1024 2312 1197 2376 οὑτως
1239 2311 1445 2383 μέχοντα
1505 2313 1817 2379 Βσσιλείου,

249 2399 433 2461 ὁποῖος
484 2399 812 2467 ὀπτάνεταις
857 2403 918 2455 EE
954 2403 1156 2474 τρόπος
1185 2404 1471 2477 ὑπάρξεως
1504 2406 1602 2476 τῆς
1649 2410 1818 2460 ἐκπο-

257 2490 521 2559 ρεύσεως,
555 2493 587 2563 ἡ
615 2490 934 2561 ἀνάπτυξις,
978 2496 1069 2549 καὶ
1096 2496 1301 2567 ταύτην
1328 2496 1356 2547 ὁ
1384 2499 1555 2567 μέγας
1588 2497 1688 2567 τὴν
1718 2499 1818 2552 αὑ-

252 2584 354 2651 τῆς
405 2599 549 2653 φημι
599 2585 932 2656 διασάφησιν
972 2588 1063 2640 ἐπὶ
1115 2586 1207 2640 τοῦ
1240 2588 1369 2642 Υίοῦ
1414 2589 1818 2660 καθαρωτάτως

252 2673 639 2743 ἀνακηρύττει,
666 2679 759 2730 καὶ
790 2677 1152 2745 καταφάσκει,
1189 2696 1209 2728 ι
1252 2678 1312 2732 τὸ
1347 2679 1589 2750 Πνεῦμα,
1618 2678 1816 2750 λέγων,

252 2767 407 2836 παρά
432 2766 526 2820 τοῦ
560 2768 692 2821 Υίοῦ
733 2770 793 2821 τὸ
825 2764 965 2823 εἶναι
996 2770 1141 2840 ἕχον,
1194 2772 1287 2824 καὶ
1327 2771 1458 2845 παρ’
1488 2773 1653 2828 αὑτοῦ
1682 2775 1823 2847 λαμ-

252 2859 415 2913 ϐάνον
449 2860 542 2912 καὶ
580 2862 913 2931 ἀναγγέλλον
962 2864 1113 2937 ἡμῖν.
1158 2884 1176 2918 ι
1215 2859 1383 2930 Οὗτος
1422 2867 1480 2920 δὲ
1507 2865 1714 2940 ταύτην
1740 2871 1819 2931 εἰς

253 2948 659 3021 ἁναπλάσματα
687 2953 780 3007 καὶ
808 2953 1053 3018 διανοίας
1081 2955 1316 3019 ἀτόπους
1341 2957 1568 3026 ἀπάγει,
1601 2961 1696 3015 καὶ
1722 2960 1820 3032 τὴν

252 3044 535 3113 ἀπόφασιν
580 3046 751 3116 αὐτῆς
796 3046 1000 3101 Θέσεων
1051 3049 1110 3114 ἐξ
1159 3050 1551 3105 ἀνυποστάτων
1603 3052 1712 3108 τῶν
1758 3054 1822 3107 ὲκ

253 3138 442 3205 φωνῆς
492 3138 592 3209 τῆς
630 3140 820 3207 μόνος
871 3142 1294 3207 κατασκευάζει.
1356 3144 1469 3198 Ποῦ
1526 3145 1638 3199 τῶν
1666 3146 1818 3199 τοῦδε

1923 2024 2029 2079 alio
2059 2032 2222 2095 atque
2260 2025 2366 2081 alio
2410 2029 2569 2082 modo
2599 2029 2986 2083 commentitiis
3013 2030 3242 2093 artibus,
3266 2030 3357 2098 qui
3395 2047 3490 2083 voc

1922 2113 2015 2178 let,
2055 2130 2122 2168 ex
2184 2115 2305 2183 aliis
2358 2117 2564 2171 nostris
2617 2118 3045 2186 commentariis,
3110 2135 3230 2189 qua:
3290 2121 3489 2175 similia

1922 2205 2096 2262 fusius
2147 2217 2497 2278 pertractant,
2543 2211 2805 2266 addiscet.
2852 2210 3004 2266 Nunc
3053 2228 3182 2268 vero
3230 2228 3491 2268 nonrqu

1923 2298 2331 2355 conclusionum
2369 2313 2578 2368 auctor,
2618 2311 2666 2357 et
2704 2318 2829 2373 erga
2881 2305 3058 2375 magni
3089 2306 3352 2376 praecellis
3385 2306 3491 2362 Ba-

1923 2394 2027 2449 silii
2060 2394 2227 2450 verba
2258 2393 2330 2450 ita
2357 2411 2416 2450 se
2454 2396 2708 2452 habentia
2741 2396 2918 2467 qualis
2952 2412 3073 2453 esse
3110 2399 3446 2469 conspicitur
3470 2400 3495 2452 Ἰ

1925 2481 1980 2539 Si
2021 2487 2213 2541 modus
2243 2488 2574 2544 exsistenlizn
2616 2491 2981 2559 processiouis
3049 2492 3243 2562 exponi
3294 2501 3490 2563 potest,

1927 2577 2069 2633 illam
2105 2595 2328 2652 magnus
2363 2578 2473 2646 bic,
2530 2582 2717 2646 illius,
2760 2581 3002 2651 inquam,
3042 2583 3490 2645 declaraticuem,

1923 2671 1989 2727 de
2017 2668 2154 2729 Filio
2203 2673 2647 2730 manifestissime
2704 2675 2891 2740 edicit,
2928 2674 3286 2745 aﬂirmatque,
3323 2694 3343 2727 ‹
3374 2676 3496 2745 Spi-

1923 2764 2080 2831 ritus,
2109 2766 2376 2838 inquiens.
2408 2784 2435 2821 a
2478 2766 2615 2822 Filio
2640 2769 2781 2838 quod
2831 2768 2902 2824 sit
2945 2768 3129 2831 habet,
3181 2780 3238 2823 et
3287 2786 3495 2824 annun-

1924 2857 2018 2911 tiat
2074 2860 2249 2913 nobis.
2287 2876 2310 2912 ι
2350 2858 2451 2914 Hic
2491 2874 2619 2914 vero
2676 2860 2820 2913 illam
2857 2859 2925 2914 ad
2968 2870 3276 2916 commenta
3308 2871 3360 2916 et
3401 2862 3497 2915 ab-

1923 2951 2113 3007 surdas
2162 2951 2457 3008 sententias
2499 2950 2733 3016 deducit,
2772 2960 2827 3005 et
2855 2950 3199 3022 negationem
3245 2952 3496 3022 proposi-

1926 3042 2164 3098 tionibus
2197 3058 2304 3098 nou
2369 3044 2790 3101 subsistentibus
2818 3058 2883 3099 ex
2932 3059 3062 3099 voce
3111 3044 3255 3100 solus
3305 3046 3495 3115 positis

1926 3135 2265 3205 comprobat.
2300 3135 2557 3203 Quaenam
2606 3144 2687 3192 est
2717 3136 2808 3192 hic
2836 3151 2959 3191 cum
2990 3130 3134 3190 beati
3181 3136 3343 3192 dictis
3367 3153 3495 3192 con-

256 3229 549 3298 συμφωνία
580 3230 718 3300 πρὸς
745 3231 811 3284 τὰ
836 3231 929 3284 τοῦ
973 3233 1258 3305 μάκαροςς
1312 3234 1410 3306 ὅτιξ
1441 3237 1515 3309 μὴ
1560 3236 1818 3316 sospes-

1927 3226 2154 3280 cordia?
2187 3227 2318 3297 quin
2378 3229 2485 3283 imo
2550 3228 2729 3299 potius
2775 3236 2959 3284 estex
3001 3229 3235 3282 adverso
3281 3228 3496 3284 hostilis

254 3338 347 3383 τος
384 3322 585 3391 μᾶλλον
634 3325 1085 3396 ἀντιπαράταξις,
1150 3329 1244 3381 καὶ
1295 3329 1533 3398 πόλεμος
1583 3333 1821 3387 ἀκατάλ-

251 3414 472 3476 λακτος.
509 3415 629 3467 Ἔτι
661 3428 727 3483 γε
760 3416 865 3487 μὴν
895 3418 922 3469 ὁ
946 3417 1087 3482 θεῖος
1116 3420 1224 3472 τῶν
1254 3420 1557 3477 Νυσσαέων
1590 3425 1820 3494 ποιμὴν,

252 3507 324 3560 τά
352 3506 493 3561 αὑτά
512 3507 591 3579 τῷ
623 3509 950 3582 αὑθομαίμῳ
981 3514 1373 3583 φθεγγόμενος,
1413 3532 1433 3567 ‹
1463 3516 1528 3569 ἐκ
1562 3517 1655 3569 τοῦ
1692 3517 1822 3570 Υἱοῦ

254 3598 355 3650 καὶ
378 3600 465 3651 διὰ
500 3600 593 3652 τοῦ
627 3599 781 3664 Υίοῦ,
818 3618 836 3652 ι
868 3602 929 3654 τὸ
956 3603 1181 3673 Πνεῦμα
1201 3605 1337 3659 κατά
1353 3605 1453 3676 τὴν
1480 3608 1561 3669 είς
1594 3608 1653 3661 τὸ
1682 3606 1822 3663 εἶναι

255 3690 490 3761 πρόοδον
518 3692 856 3761 δογματίζει,
889 3698 984 3747 καὶ
1024 3698 1381 3766 ματαιολόγον
1406 3699 1702 3772 ἀπελέγχει
1732 3703 1821 3756 τὸν

252 3783 319 3834 ἑκ
366 3783 466 3851 τῆς
504 3785 716 3837 τοιᾶσδε
766 3785 1043 3855 θεολογίας
1081 3788 1536 3861 δημιουργήσεων
1587 3794 1822 3858 κτιστῶς

252 3876 313 3926 ὲν
349 3878 586 3937 κτιστοίς
634 3876 1001 3942 ἀπεικονίσεις
1041 3881 1388 3951 εἰσφέροντα.
1421 3881 1731 3937 Κάντεῦθεν
1758 3887 1821 3939 ἐκ

249 3967 363 4018 τῖν
398 3964 522 4017 καθ’
549 3960 627 4019 ’ὧν
659 3967 691 4036 ἡ
730 3968 875 4039 ὁρμὴ
922 3972 1054 4038 πρὸς
1088 3971 1215 4033 τοὺς
1237 3973 1316 4032 εἰς
1355 3972 1497 4025 ἅπαν
1536 3974 1822 4043 οὐρανίους

251 4059 699 4129 ἁντιφερόμενον.
731 4057 894 4112 Ὅθεν
941 4063 969 4113 δ
1015 4061 1175 4125 αὐτὸς
1205 4059 1359 4125 οὗτος
1403 4064 1734 4135 ίερομύστης
1763 4068 1821 4118 ἐν

249 4151 331 4219 τῷ
367 4150 571 4222 πρώτῳ
602 4152 711 4203 τῶν
744 4151 877 4221 πρὸς
909 4152 1175 4220 Εὐνόμιον
1226 4155 1659 4224 Ἀντιρρητικῶν
1693 4157 1820 4212 τάδε

249 4243 424 4312 φησίί
475 4260 494 4294 ι
551 4242 624 4295 Τὸ
660 4240 883 4313 Πνεῦμα
911 4242 988 4313 τῷ
1036 4244 1212 4314 Πατρὶ
1264 4246 1405 4298 κατά
1444 4245 1504 4298 τὸ
1564 4246 1821 4301 ἄκτιστον

250 4336 667 4405 συναπτόμενον
699 4336 860 4389 πάλιν
904 4337 1001 4389 ἀπ’
1048 4336 1212 4389 αὑτοῦ
1241 4337 1315 4406 τῷ
1351 4339 1425 4407 μὴ
1455 4337 1645 4409 Πατὴρ
1678 4333 1819 4391 εῖναι

247 4427 325 4487 ὡς
350 4428 556 4489 ἐκεῖνος
586 4425 988 4498 διαχωρίζεται.
1020 4425 1127 4497 Τῆς
1153 4428 1209 4481 δὲ
1240 4429 1375 4497 πρὸς
1399 4429 1490 4481 τὸν
1523 4430 1650 4484 Υίὸν
1675 4430 1817 4485 κατά

244 4518 308 4572 τὺ
366 4517 623 4573 ἀκτιστον
677 4519 997 4588 συναφείας,
1031 4520 1126 4571 καὶ
1164 4520 1221 4570 ὲν
1265 4519 1343 4588 τῷ
1375 4520 1473 4590 τὴν
1502 4521 1681 4573 αἰτίαν
1712 4522 1813 4591 τῆς

1926 3319 2233 3385 instructio,
2289 3328 2346 3374 ct
2397 3320 2594 3375 bellum
2679 3318 3151 3375 irrecoaeiliabile.
3222 3317 3492 3374 Praeterea

1924 3410 2142 3465 divinus
2164 3408 2531 3481 Nyssenorum
2558 3420 2765 3481 pastor,
2797 3427 2906 3466 non
2933 3411 3146 3465 diversa
3174 3426 3205 3465 a
3235 3425 3495 3483 germano

1924 3501 2091 3558 fratre
2115 3502 2393 3573 eloquens,
2432 3521 2450 3554 ι
2485 3518 2549 3557 ex
2588 3502 2745 3568 Filio,
2770 3512 2824 3558 et
2858 3518 2954 3573 per
3010 3501 3257 3570 Filium,»
3295 3520 3494 3560 secun-

1926 3595 2054 3650 dum
2083 3596 2150 3650 ad
2185 3612 2306 3652 esse
2360 3612 2705 3667 progressum
2736 3596 3009 3661 decernit,
3040 3606 3096 3652 et
3118 3588 3283 3653 stulte
3335 3598 3492 3654 oblo-

1923 3689 2150 3758 qui,qui
2181 3705 2249 3743 ex
2292 3689 2455 3743 simili
2510 3689 2782 3757 theologia
2819 3704 3001 3743 rerum
3037 3690 3404 3755 conditarum,
3438 3700 3495 3744 et

1926 3779 2086 3833 rebus
2108 3780 2303 3834 creatis
2322 3779 2711 3834 similitudines
2735 3780 3049 3845 introducit,
3076 3789 3489 3845 commonstrat,

1924 3871 2155 3935 indeque
2187 3886 2251 3923 ex
2294 3869 2357 3924 iis
2400 3870 2666 3924 adversus
2713 3885 2849 3939 quos
2892 3885 2989 3925 sua
3042 3871 3220 3926 studia
3255 3871 3487 3937 confert,

1924 3960 2045 4015 illos
2075 3962 2164 4030 qui
2202 3961 2361 4031 plane
2389 3961 2640 4019 calestes
2686 3969 2834 4025 sunt,
2862 3976 3198 4033 Oppugnare.
3232 3961 3367 4018 Hinc
3403 3963 3491 4019 hic

1924 4054 2067 4107 idem
2121 4058 2292 4124 mysta
2330 4055 2508 4124 primo
2536 4054 2804 4110 adversus
2841 4056 3169 4111 Eunomium
3204 4056 3490 4113 Antirrbc-

1926 4147 2033 4200 tico
2062 4131 2284 4200 scrilnt:
2322 4165 2340 4198 ι
2379 4144 2618 4215 Spiritus
2673 4147 2840 4212 Patri,
2901 4163 3003 4217 qua
3071 4147 3349 4205 increatus
3406 4160 3492 4206 est

1924 4238 2295 4308 conjungitur,
2358 4254 2551 4294 rursus
2573 4240 2642 4293 ab
2674 4237 2891 4304 eodem,
2946 4253 3053 4308 qua
3082 4237 3243 4293 Pater
3266 4256 3376 4295 non
3408 4253 3493 4297 est

1924 4330 2000 4384 uti
2032 4331 2127 4384 illo
2172 4331 2521 4399 disjungitur.
2560 4332 2600 4385 Α
2637 4333 3028 4403 conjunctione
3075 4348 3203 4389 vero
3248 4350 3373 4390 cum
3406 4335 3493 4392 Fi-

1924 4422 2016 4485 lio,
2072 4437 2177 4488 qua
2208 4418 2484 4477 incrcatus
2531 4432 2635 4489 est,
2670 4432 2725 4478 et
2772 4439 2992 4479 causam
3035 4426 3372 4501 exsistentiae
3427 4444 3491 4483 ex

1884 4554 1889 4565 .
1921 4512 2033 4568 Deo
2063 4516 2308 4569 omnium
2372 4515 2635 4585 possidet,
2672 4532 2864 4572 rursus
2898 4518 3207 4589 seiungitur
3241 4521 3492 4590 proprie-

246 4610 539 4679 ὑπάρξεως
576 4612 640 4663 ὲκ
672 4611 767 4663 τοῦ
810 4610 943 4663 Θεοῦ
981 4613 1091 4663 τῶν
1142 4612 1278 4663 ὅτων
1310 4612 1475 4681 ἔχειν,
1518 4612 1817 4679 ἀφίσταται

1926 4614 2056 4668 tate,
2084 4607 2223 4676 quod
2252 4622 2362 4661 non
2393 4618 2644 4678 tauquam
2684 4608 2996 4680 unigenitus
3046 4626 3113 4666 ex
3145 4610 3308 4667 Patre
3355 4613 3488 4668 sub-

244 4704 416 4755 πᾲλιν
467 4702 545 4771 τῷ
588 4700 841 4765 ἰδιάζοντι
882 4703 940 4755 ἐν
968 4703 1043 4770 τῷ
1096 4705 1166 4771 ίοὴ
1208 4720 1228 4753 ;
1269 4702 1574 4773 μονογενῶς
1608 4706 1671 4756 ὲκ
1723 4704 1817 4755 τοῦ

247 4795 466 4863 [ἰατρὸς
497 4793 826 4860 ὑποστῆναι,
878 4794 976 4845 καὶ
1024 4796 1083 4846 ἐν
1120 4794 1196 4862 τις)
1239 4792 1306 4847 δι’
1343 4792 1509 4846 αὑτοῦ
1546 4794 1640 4847 τοῦ
1686 4792 1816 4847 Υίοῦ

245 4886 588 4955 πεφηνέναι·
646 4884 809 4936 πάλιν
856 4884 913 4936 δὲ
968 4884 1067 4954 τῆς
1116 4887 1347 4948 κτίσεως
1398 4885 1487 4939 διὰ
1533 4888 1627 4940 τοῦ
1688 4887 1813 4940 Υίοῦ

247 4978 588 5044 ὑποστάσης,
622 4975 696 5039 ὼς
726 4976 788 5027 ἂν
834 4973 909 5044 μὴ
958 4975 1243 5046 κοινότητά
1288 4992 1408 5029 τινα
1442 4976 1578 5046 πρὸς
1609 4976 1816 5048 ταύτην

246 5069 397 5138 ἔχειν
428 5065 655 5137 νομισθῇ
686 5068 747 5119 τὸ
776 5067 1000 5134 Πνεῦμα
1027 5066 1092 5118 ὲκ
1123 5066 1217 5118 τοῦ
1243 5067 1330 5120 διὰ
1361 5066 1453 5120 τοῦ
1483 5066 1609 5119 Υίοῦ
1642 5084 1817 5135 πεφη-

243 5161 399 5212 νέναι
430 5160 488 5210 ἐν
514 5157 591 5227 τῷ
628 5157 880 5227 ἀτρέπτῳ
910 5158 1002 5208 καὶ
1027 5154 1370 5226 ἀναλλοιώτῳ
1396 5156 1731 5227 διακρίνεται
1759 5159 1818 5210 τὸ

244 5252 474 5322 Πνεῦμα
524 5253 632 5304 ἀπὸ
686 5250 786 5318 τῆς
820 5251 1072 5313 κτίσεως.
1118 5268 1136 5301 ι
1184 5248 1272 5313 Ὠς
1301 5252 1329 5302 ό
1374 5249 1634 5321 σύναιμος
1665 5251 1815 5321 παρά

242 5344 382 5397 Υίοῦ
412 5347 505 5395 καὶ
526 5343 593 5395 δι’
626 5341 757 5395 Υίοῦ
783 5341 910 5413 ἰδίᾳ,
940 5341 1112 5403 οὑτως
1144 5340 1381 5412 ἀλλαχοῦ
1415 5343 1514 5410 μὲν
1540 5343 1635 5396 καὶ
1660 5338 1816 5404 οὗτος

220 5438 403 5513 νίδίᾳο
467 5435 701 5489 ἐνταῦθα
758 5436 815 5488 δὲ
878 5438 1125 5505 χρήσεως
1192 5436 1252 5487 ὲν
1302 5435 1403 5505 μιᾷ
1458 5435 1708 5489 συνθέσει
1756 5438 1816 5490 τὸ

243 5528 477 5599 Πνεῦμα
506 5531 569 5581 ἑκ
603 5526 698 5580 τοῦ
732 5526 942 5596 Πατρδς
977 5525 1043 5580 δι’
1075 5525 1203 5579 Υίοῦ
1246 5530 1344 5579 καὶ
1386 5527 1489 5597 τὴν
1521 5527 1698 5581 κτίσιν
1732 5528 1813 5582 δι-

239 5624 470 5677 δάσκει·
507 5621 565 5672 ὲν
611 5618 860 5687 ὑστέροις
887 5617 946 5669 δὲ
982 5618 1076 5670 καὶ
1122 5617 1221 5687 τὴν
1254 5618 1521 5691 διαφορὰν
1552 5620 1811 5676 δεικνύει.

240 5717 397 5785 Πλὴν
425 5715 474 5767 οἱ
501 5713 588 5766 διὰ
621 5712 783 5782 κενῆς
816 5712 1309 5792 εὑρεσιλογοῦντες,
1360 5713 1721 5782 φανερώσεως
1754 5714 1816 5769 τὸ

239 5804 584 5874 πεφηνέναι
635 5803 933 5872 δηλωτικὸν
984 5804 1307 5870 φάσκοντες,
1361 5804 1460 5873 οὐχ
1504 5804 1811 5874 ὑπάρξεως,

239 5896 664 5965 ἀποπέμπονται
721 5893 1009 5961 προφανῶς
1062 5893 1157 5961 ἀφ’
1202 5889 1276 5948 ὧν
1330 5894 1442 5948 ἀνω
1504 5897 1819 5966 παρεθῇκαι

498 5987 769 6045 Ρλτιιυιι.
809 5990 925 6044 (in.
988 5988 1084 6045 (ΣΧ
1105 5985 1198 6045 LI.

1924 4699 2080 4761 stitit.
2114 4698 2333 4768 etquod
2365 4714 2461 4769 per
2500 4700 2677 4769 ipsum
2724 4699 2923 4753 Filium
2951 4703 3238 4771 apparuit:
3269 4720 3493 4760 rursus-

1922 4807 2027 4860 que
2064 4806 2093 4845 a
2124 4799 2396 4858 creatura,
2423 4806 2543 4861 quae
2578 4807 2675 4861 per
2702 4792 2895 4847 Filium
2938 4795 3203 4861 substitit,
3236 4810 3306 4851 ne
3343 4811 3493 4852 com-

1923 4883 2236 4937 munionem
2267 4883 2502 4953 aliquam
2548 4899 2670 4939 cum
2704 4899 2767 4940 ea
2801 4885 3004 4942 habere
3045 4887 3280 4956 Spiritus
3327 4903 3491 4959 repu-

1923 4981 2153 5041 taretur,
2187 4973 2331 5044 quod
2368 4990 2465 5044 per
2493 4975 2687 5030 Filium
2717 4979 2992 5047 apparuit,
3049 4979 3492 5036 immutabilitate

1922 5076 1975 5117 et
2016 5066 2267 5121 firmitate
2307 5068 2612 5122 secernitur
2677 5068 2915 5140 Spiritus
2964 5086 2994 5124 a
3043 5085 3348 5127 creatura.»
3385 5072 3488 5128 Ubi

1921 5158 2090 5213 frater
2115 5174 2404 5230 germanus
2436 5160 2728 5230 separatim
2778 5177 2842 5218 ex
2879 5162 3016 5219 Filio
3048 5173 3101 5217 et
3136 5178 3227 5234 πεῖ
3271 5163 3489 5230 Filium,

1921 5250 2039 5319 pari
2099 5249 2258 5304 modo
2312 5251 2401 5304 hic
2459 5266 2674 5321 quoque
2729 5255 3042 5323 separatim,
3108 5256 3196 5309 hic
3253 5270 3380 5309 vero
3430 5255 3489 5309 in

1923 5341 2087 5418 unius
2136 5341 2266 5396 dicti
2322 5344 2738 5399 constructione
2776 5345 3039 5414 Spiritum
3071 5361 3135 5400 cx
3164 5340 3341 5400 Patre
3392 5360 3489 5414 per

1920 5432 2136 5501 Filium,
2168 5450 2383 5490 necnon
2422 5437 2583 5492 etiam
2633 5449 2942 5493 creaturam
2996 5439 3175 5503 docet,
3201 5448 3254 5494 et
3284 5440 3338 5492 in
3392 5455 3488 5510 po-

1920 5528 2139 5583 stremis
2197 5544 2411 5598 quoque
2463 5530 2758 5585 discrimen
2797 5533 3055 5603 assignat.
3115 5524 3480 5587 Nihilominus

1920 5620 2011 5691 qui
2041 5631 2244 5675 temere
2262 5622 2365 5676 alia
2392 5630 2556 5692 atque
2582 5624 2680 5677 alia
2713 5624 2782 5680 de
2806 5640 2951 5680 novo
2968 5625 3487 5691 comminiscuntur,

1920 5713 2050 5768 illud
2081 5728 2336 5781 apparere
2366 5730 2488 5769 man
2517 5716 2857 5772 festationem
2890 5718 3134 5774 indicare
3155 5730 3484 5779 asserentes.

1922 5822 2029 5860 non
2061 5807 2455 5867 exsistentiam,
2493 5808 2777 5865 manifeste
2823 5812 3225 5882 redarguuntur
3253 5824 3417 5885 supra
3455 5829 3485 5866 a

1919 5896 2167 5950 Panibus
2189 5897 2369 5964 petitis
2396 5898 2724 5968 digest‘sque
2747 5904 2813 5956 de
2837 5906 3061 5961 vocibus
3083 5920 3203 5974 quae
3229 5905 3370 5960 inter
3397 5920 3489 5968 eas

3099 5999 3167 6060 hi
