3972 6572
550 386 687 453 1387

1771 392 2095 456 GEORGII
2136 394 2596 458 METOCHI'IHE

3661 404 3784 474 11:88

549 512 604 558 et
627 501 1029 571 processioaem
1064 503 1271 559 nullum
1300 519 1422 561 esse
1463 505 1758 562 discrimen
1782 509 2098 564 conﬁrmant

2200 526 2343 580 Liter;
2392 510 2606 581 ῥήσεων
2667 513 2969 583 πατρικῶν,
3025 517 3156 585 περὶ
3190 516 3388 585 φωνῶν
3446 516 3505 570 αἶ
3551 516 3614 571 τὸ
3652 525 3786 591 σφῶν

548 596 694 651 inter
727 611 862 665 quas
893 595 994 651 hoc
1027 598 1188 651 etiam
1215 614 1467 667 apparere
1495 612 1923 657 connumeratur
1954 619 1967 657 :
1999 618 2128 658 nec-

548 705 659 744 non
700 698 753 744 et
802 688 922 744 aliis
958 688 1103 743 inter
1162 690 1462 761 theOIOgica
1518 692 1772 763 dogmata
1834 694 2124 765 inspersis,

551 782 656 838 hoc
687 798 945 851 apparere
964 781 1362 848 exsistentiam,
1381 798 1489 840 non
1515 786 2005 843 manifestationem
2031 788 2125 843 de-

550 874 886 942 notantibus,
910 874 1041 945 quin
1071 875 1183 931 imo
1205 890 1271 931 ex
1300 875 1414 947 ipsa
1434 878 1646 946 paterni
1669 879 1797 933 dicti
1826 889 2119 947 structura,

545 964 614 1018 de
647 980 757 1035 quo
810 965 969 1020 nobis
1018 980 1201 1020 sermo
1230 975 1335 1023 est.
1363 966 1537 1033 Quam
1586 970 1729 1023 enim
1771 970 2120 1026 verisimilem

541 1044 864 1111 relationem
893 1055 1120 1113 inferret
1142 1058 1296 1122 illud,
1348 1078 1366 1111 ι
1400 1075 1587 1115 rursus
1626 1077 1754 1117 vero
1787 1078 1818 1117 a
1843 1074 2122 1131 creatura,

540 1162 661 1217 quae
682 1163 781 1217 per
808 1146 1152 1218 Unigenitum
1181 1150 1444 1215 substitit,
1475 1168 1494 1202 ι
1524 1152 1568 1205 si
1597 1151 1648 1206 id
1684 1168 1911 1223 prorsus
1938 1154 2005 1210 de
2026 1170 2121 1207 ex-

539 1239 792 1296 sisteutia
843 1255 952 1294 non
1011 1240 1260 1296 dicitur?
1311 1249 1368 1296 et
1427 1244 1701 1312 quomodo
1771 1255 2120 1317 reputaretur

542 1331 778 1404 Spiritus
825 1341 1051 1388 sanctus
1093 1334 1533 1388 communionem
1588 1335 1877 1404 quamdam
1913 1336 2119 1393 habere

538 1439 661 1477 cum
695 1433 963 1490 creatura,
1005 1424 1053 1480 si
1106 1424 1195 1480 illa
1227 1442 1325 1496 per
1359 1426 1558 1482 Filium
1610 1443 1718 1483 non
1750 1429 2120 1486 subsisteret?

540 1527 596 1572 et
624 1516 897 1586 quomodo
944 1531 1005 1572 ea
1042 1532 1139 1588 per
1172 1516 1368 1574 Filium
1404 1519 1751 1577 manifestata
1788 1533 1892 1590 est,
1921 1524 1965 1577 si
2011 1540 2114 1580 non

540 1611 606 1667 ad
642 1609 917 1673 Triadem,
949 1609 1043 1665 sed
1075 1609 1143 1664 ad
1175 1618 1480 1666 creaturam
1516 1612 1889 1669 manifestatio
1914 1614 2117 1671 fuerit?

537 1702 827 1770 Quomodo
854 1702 979 1756 item
999 1702 1055 1757 in
1075 1702 1274 1772 quibus
1308 1701 1639 1786 diderentia,
1665 1713 1722 1761 et
1752 1704 1877 1762 inde
1901 1706 2116 1762 secerni

520 1799 741 1853 factum
786 1802 891 1861 est,
926 1802 982 1849 et
1012 1794 1183 1865 magis
1238 1797 1489 1866 expedite
1517 1810 1585 1852 ex
1615 1811 1683 1851 eo
1713 1797 1855 1866 quod
1887 1812 1985 1866 per
2021 1796 2113 1851 Fi-

2168 626 2175 633 -
2227 601 2524 673 ἀδιάφορον
2567 603 2662 657 καὶ
2709 604 2800 657 τοῦ
2840 606 3204 676 ἐκπορεύεται
3235 607 3788 689 παριστάνουσιν,αἶς

2225 693 2323 746 καὶ
2351 693 2412 747 τὶ
2444 695 2679 765 πέφηνε
2714 697 3142 771 συνηρίθμηται.
3185 700 3301 754 Ἔτι
3335 701 3391 754 δὲ
3420 703 3516 756 καὶ
3539 702 3599 769 ἐξ
3626 703 3787 760 ἄλλων

2224 788 2347 849 ταῖς
2381 786 2721 856 θεολογικαῖς
2753 790 3130 854 διδασκαλίαις
3150 792 3599 865 ὲνεσπαρμένων,
3621 794 3788 863 ῦπαρ-

2226 876 2306 943 ξιν
2328 879 2390 932 τὸ
2419 882 2755 950 πεφηνέναι
2778 884 3090 953 τρανουσῶν
3116 885 3290 955 ἔχειν,
3317 887 3439 956 οὐχὶ
3464 889 3784 960 φανέρωσιν,

2221 969 2361 1023 ἀλλὰ
2393 972 2486 1025 καὶ
2530 972 2589 1039 ἐξ
2622 974 2791 1045 αὐτῆς
2840 977 3214 1046 συμφράσεως
3244 978 3347 1047 τῆς
3380 981 3511 1049 περὶ
3538 974 3606 1052 ἧς
3642 983 3671 1034 ὁ
3707 983 3788 1036 λό-

2222 1079 2318 1130 γος
2353 1064 2605 1134 χρήσεως
2635 1072 2931 1138 πατρικῆς.
2967 1070 3128 1123 Ποῖον
3152 1070 3261 1141 γὰρ
3288 1073 3449 1143 φέρει
3492 1074 3553 1126 τὸ
3579 1075 3786 1146 εὐλογο-

2221 1157 2388 1225 φανὲς
2412 1158 2471 1210 τὸ
2505 1158 2840 1230 ἁναφορικδν
2862 1161 3043 1225 τοῦτο,
3081 1180 3100 1214 ι
3133 1163 3296 1219 πάλιν
3336 1164 3399 1219 δὲ
3436 1167 3539 1235 τῆς
3568 1167 3787 1232 κτίσεως

2219 1248 2309 1301 διὰ
2365 1247 2460 1301 τοῦ
2493 1249 2833 1318 Μονογενοῦς
2868 1251 3205 1324 ὑποστάσης,
3240 1271 3260 1306 ι
3296 1255 3375 1325 μὴ
3425 1256 3489 1310 τὸ
3539 1258 3788 1326 παράπαν

2220 1338 2453 1393 ἐνταῦθα
2490 1342 2618 1411 περὶ
2642 1341 2929 1413 ὑπάρξεως
2961 1342 3253 1413 λέγεσθαις
3302 1346 3419 1408 πῶς
3448 1345 3580 1402 δ’ἆν
3610 1349 3785 1419 ἐνομί-

2221 1431 2325 1501 σθη
2353 1433 2647 1505 κοινότητα
2668 1452 2789 1488 τινα
2814 1436 2951 1506 προς
2973 1435 3072 1506 τὴν
3100 1437 3281 1492 κτίσιν
3304 1439 3451 1510 ἔχειν
3483 1441 3545 1494 τὸ
3573 1442 3787 1514 Πνεῦμα

2218 1521 2278 1575 τὸ
2311 1522 2489 1592 ἅγιον,
2537 1525 2698 1595 εἴπερ
2751 1525 2894 1598 αὕτη
2938 1526 3025 1582 διὰ
3076 1528 3174 1582 τοῦ
3232 1529 3365 1597 Υἰοῦ
3411 1531 3516 1600 μὲν
3562 1533 3691 1603 ἔσχε
3732 1537 3786 1588 τδ

2220 1613 2539 1682 ὑφεστάναι,
2568 1616 2725 1670 τοῦτο
2762 1617 2818 1670 δὲ
2848 1618 3022 1692 ταύτῃ
3046 1619 3135 1674 διὰ
3174 1622 3268 1676 τοῦ
3304 1622 3436 1677 Υίοῦ
3468 1625 3786 1695 πεφανέρω-

2214 1724 2331 1772 ται,
2361 1707 2477 1777 εἴγε
2506 1709 2580 1779 μὴ
2605 1709 2742 1780 πρὸς
2763 1710 2863 1781 τὴν
2893 1712 3123 1783 Τριὰδα,
3163 1715 3298 1787 πρὸς
3329 1715 3429 1787 τὴν
3461 1719 3647 1773 κτίσιν
3673 1718 3729 1776 δὲ
3753 1722 3783 1791 ἡ

2217 1799 2560 1871 φανέρωσις;
2600 1802 2725 1865 Πῶς
2755 1803 2815 1857 δὲ
2856 1803 2953 1859 καὶ
2997 1806 3056 1859 ἐν
3096 1801 3178 1871 οἷς
3226 1809 3261 1878 ἡ
3303 1809 3543 1880 διαφορὰ
3588 1813 3686 1867 καὶ
3731 1814 3787 1867 τὸ

534 1872 666 1940 lium
722 1885 889 1940 habet
953 1885 1351 1952 exsistentiam,
1409 1885 1498 1941 hic
1532 1901 1662 1942 vero
1700 1886 1852 1942 nullo
1907 1886 2098 1943 modo?

2217 1890 2593 1963 διακρίνεσθαι
2624 1894 2724 1948 οὐκ
2768 1895 3024 1951 ἐντεῦθεν
3067 1871 3335 1969 ἐγεγόνει,
3368 1871 3578 1971 μέλον
3613 1904 3782 1958 ὲκτοῦ

534 1978 738 2034 Deinde
792 1977 956 2032 etiam
998 1977 1144 2032 unde
1184 1978 1443 2033 traditum
1497 1988 1602 2046 est,
1641 1989 1697 2035 et
1742 1979 1949 2051 absque
2001 1981 2098 2036 ulla

2215 1985 2530 2057 προχείρου,
2568 1985 2679 2040 ἀπὸ
2728 1987 2823 2042 τοῦ
2873 1988 2971 2061 τὴν
3004 1990 3114 2060 μὲν
3159 1991 3247 2045 διὰ
3303 1993 3402 2047 τοῦ
3450 1995 3784 2064 Μονογενοῦς

534 2072 898 2137 haesitatione,
930 2071 1151 2141 quando
1197 2086 1306 2126 non
1344 2078 1512 2139 esset,
1538 2082 1596 2127 ut
1637 2072 1874 2143 Spiritus
1896 2089 1990 2144 per
2014 2073 2098 2129 Fi-

2215 2076 2363 2147 ἔχειν
2393 2077 2493 2147 τὴν
2523 2076 2781 2150 ὕπαρξιν,
2820 2080 2982 2135 τοῦτο
3007 2081 3065 2135 δὲ
3094 2082 3193 2152 οῦς
3224 2078 3362 2139 Εῐτα
3386 2086 3646 2141 κάκεῖθεν
3667 2088 3781 2143 ὅθεν

532 2161 663 2215 liu-n
699 2159 930 2215 haberet
959 2170 1105 2224 esse,
1137 2172 1193 2215 et
1224 2159 1525 2217 indicatum
1568 2160 1862 2218 discrimen
1901 2163 2098 2218 nullum

2210 2167 2320 2238 ἄρα
2359 2170 2454 2223 καὶ
2485 2170 2871 2241 παραδέδοται,
2906 2173 3023 2228 ἀλλ’
3064 2176 3498 2246 ἀναμφίλεκτον,
3528 2181 3629 2248 ὡς,
3663 2184 3778 2237 ἐπεὶ
3803 2230 3817 2240 .

532 2252 748 2303 adesset
769 2256 825 2302 et
852 2248 1076 2302 tacitum
1112 2247 1446 2318 praeteritum
1473 2248 1601 2305 est?
1626 2247 1874 2320 Namque
1904 2251 1949 2306 si
1974 2250 2098 2308 illud

2214 2264 2290 2335 μὴ
2324 2259 2414 2337 ἦν,
2442 2264 2518 2337 μὴ
2563 2266 2626 2321 τὸ
2653 2261 2794 2323 εἶναι
2828 2269 2917 2324 διὰ
2964 2271 3058 2325 τοῦ
3095 2272 3226 2328 Υἱοῦ
3260 2274 3322 2329 τὸ
3360 2274 3591 2348 Πνεῦμα
3618 2279 3776 2348 ἔχειν,

533 2342 690 2410 plane
712 2348 878 2404 esset,
906 2338 1220 2394 necessario
1242 2338 1345 2395 ista
1362 2349 1851 2410 consequerentur,
1870 2356 2107 2414 pronun-

533 2435 776 2503 tiataque
805 2432 1059 2487 fuissent.
1088 2432 1134 2484 Α
1161 2432 1323 2487 Patre
1340 2447 1469 2488 vero
1497 2448 1593 2503 per
1610 2432 1807 2488 Filium
1841 2433 2105 2490 naturali-

530 2535 613 2581 ter
653 2524 905 2581 simulac
934 2525 1268 2594 sempiterna
1309 2522 1571 2595 Spiritum
1599 2525 1801 2581 habere
1838 2525 1984 2597 quod
2010 2524 2102 2591 sit,

528 2627 835 2673 creaturam
884 2630 1013 2672 vero
1066 2615 1363 2671 creationis
1419 2615 1602 2684 modo,
1650 2625 1705 2671 et
1760 2619 1815 2671 in
1861 2625 2105 2689 tempore

529 2720 914 2783 congruenter,
975 2719 1031 2765 et
1090 2708 1238 2780 quod
1298 2708 1560 2764 discernit
1629 2708 1941 2779 appositum
1996 2717 2101 2763 est.

527 2803 653 2858 llmc
677 2804 823 2858 enim
869 2802 1155 2857 mutationi
1182 2803 1417 2857 obnoxia
1451 2811 1554 2869 est,
1596 2810 1852 2872 tamquam
1885 2818 2005 2873 qua:
2034 2818 2099 2857 ex

527 2912 592 2950 eo
621 2895 768 2966 quod
806 2910 911 2950 non
948 2904 1064 2950 erat
1096 2895 1163 2949 ad
1214 2894 1267 2949 id
1306 2895 1447 2963 quod
1483 2890 1604 2949 erat
1659 2895 1944 2949 immutata
1994 2904 2099 2961 est,

524 2998 582 3044 et
618 2987 909 3057 aliquando
937 2988 1187 3053 exsistat,
1211 2995 1267 3041 et
1304 2986 1560 3055 deinceps
1611 2989 1926 3043 asserviens
1960 2996 2100 3042 tem-

522 3084 641 3153 pori
676 3098 783 3138 non
813 3083 1062 3149 exsistat,
1106 3087 1162 3136 et
1195 3081 1577 3145 mutationem,
1614 3090 1669 3136 et
1721 3081 2097 3135 alterationem

2206 2356 2354 2430 ἀπῆν
2389 2358 2500 2429 ἄρα
2529 2359 2625 2413 καὶ
2658 2360 2726 2415 τὰ
2769 2361 2870 2433 τῆς
2900 2363 3234 2439 δηλωθείσης
3274 2370 3569 2443 διαφορᾶς,
3592 2376 3692 2427 καὶ
3721 2376 3778 2429 οὗ

2207 2447 2479 2505 λέλεκται.
2511 2446 2588 2505 Ἦ
2615 2453 2722 2524 γὰρ
2754 2454 2841 2521 ἂν,
2875 2457 2924 2509 ει
2950 2453 3017 2528 ἦν
3041 2460 3237 2526 ἐκεῖνο,
3266 2457 3411 2533 εἶχεν
3442 2465 3509 2518 ἂν
3539 2466 3779 2538 ἀνάγκην

2206 2541 2576 2615 ἀκολουθῆσαι
2605 2546 2703 2599 καὶ
2745 2546 2918 2603 ταῦτα
2959 2549 3222 2621 λεχθῆναί
3251 2570 3331 2612 τε.
3359 2556 3484 2610 Ὅτι
3520 2558 3580 2611 δὲ
3625 2560 3777 2630 ’παρά

2207 2634 2424 2706 Πατρδς
2474 2635 2545 2688 δι’
2590 2636 2723 2690 Υἱοῦ
2780 2639 2843 2692 τὸ
2898 2633 3039 2696 εἶναι
3078 2643 3156 2715 τῷ
3208 2647 3491 2718 Πνεύματι
3539 2652 3780 2718 φυσικῶς

2174 2727 2326 2799 ’ἅμα
2379 2729 2476 2783 καὶ
2516 2730 2736 2798 ἀϊδίως,
2776 2737 2843 2805 τῇ
2891 2734 2948 2789 δὲ
3000 2738 3176 2791 κτίσει
3225 2740 3637 2811 δημιουργικῶς
3692 2746 3779 2799 καὶ

2205 2820 2481 2891 ἑγχρόνως
2514 2823 2868 2895 καταλλήλως
2896 2828 3097 2899 ὲῤῥέθη
3129 2830 3222 2884 καὶ
3257 2832 3318 2885 τὸ
3345 2834 3777 2906 διακρινόμενον.

2218 2909 2280 2965 Ἦ
2313 2910 2415 2982 μὲν
2450 2914 2557 2987 γὰρ
2585 2917 2815 2988 στρεπτὴ,
2843 2917 2919 2983 ὡς
2941 2921 3005 2973 ὲκ
3026 2919 3123 2975 τοῦ
3154 2924 3228 2995 μὴ
3250 2925 3403 2990 δντος
3433 2931 3515 2992 είς
3543 2930 3607 2983 τὸ
3640 2928 3778 2987 εἶναι

2204 3006 2487 3075 τραπεῖσα
2524 3008 2620 3061 καὶ
2672 3008 2799 3061 ποτὲ
2828 3009 2931 3080 μὲν
2962 3008 3121 3081 οὖσα,
3169 3010 3289 3071 εἶτα
3323 3021 3593 3089 χρονικῶς
3619 3023 3774 3091 οὖσα,

2203 3096 2297 3149 καὶ
2323 3096 2382 3148 τὸ
2410 3098 2644 3167 τρεπτὸν
2672 3098 2874 3168 ἔχουσα
2915 3106 3009 3157 καὶ
3030 3105 3320 3182 ἀλλοιωτὸν
3359 3112 3420 3164 ἐν
3448 3113 3575 3177 ταῖς
3597 3116 3681 3177 είς
3721 3116 3777 3169 τὸ

522 3175 579 3230 in
608 3174 865 3229 meliores
890 3173 1209 3245 pejoresque
1241 3173 1685 3229 trasmutationes
1735 3174 2008 3227 admittat.
2032 3172 2098 3227 At

2203 3187 2454 3274 κρεῖττον
2490 3190 2584 3242 καλ⁹
2626 3192 2811 3262 χεῖρον
2862 3172 3227 3263 μεταϐολαῖςί
3250 3200 3328 3255 Th
3355 3201 3415 3256 δὲ
3444 3172 3676 3274 Πνεῦμα
3716 3209 3776 3260 τὸ

523 3266 759 3336 Spiritus
813 3273 1037 3320 sanctus
1101 3264 1453 3319 immutabilis
1511 3274 1638 3332 est;
1687 3264 2097 3319 immutabiliter

2200 3273 2356 3362 ᾇγιον
2416 3276 2491 3348 μὴ
2531 3282 2762 3349 τραπὲν,
2818 3281 3109 3354 ἀτρέπτως
3137 3288 3245 3357 γὰρ
3293 3292 3390 3345 καὶ
3431 3264 3776 3362 ἁναλοίώτως

521 3357 665 3410 euim
724 3364 777 3410 et
831 3362 1088 3410 continua
1140 3356 1395 3411 tirmitate
1428 3364 1569 3421 erat,
1620 3364 1676 3410 et
1727 3365 1831 3419 est.
1859 3356 2094 3424 eritque,

520 3457 778 3517 tanquam
823 3447 913 3516 qui
956 3445 1315 3500 essentialiter
1365 3456 1417 3500 ct
1452 3447 1675 3516 absque
1737 3457 1978 3517 tempore
2030 3461 2096 3499 ex

519 3540 679 3596 Patre
725 3557 823 3612 per
873 3540 1083 3608 Filium
1138 3540 1425 3604 emittitur,
1481 3554 1698 3609 semper
1731 3539 1928 3602 bonus,
1969 3540 2095 3607 quia

502 3634 637 3703 -ipsa
663 3632 880 3687 bonitas
911 3640 1013 3694 est,
1050 3639 1105 3686 ct
1130 3632 1393 3687 bonitatis
1423 3630 1567 3695 fons,
1600 3638 1900 3701 naturaque
1935 3631 2093 3697 Deus,

517 3741 670 3793 aeque
701 3736 863 3795 atque
894 3724 985 3779 ille
1015 3733 1118 3790 εει,
1153 3739 1216 3779 ex
1256 3738 1366 3794 quo
1393 3731 1449 3778 et
1489 3739 1586 3795 per
1618 3738 1799 3793 quem.
1832 3723 2095 3779 lmmuta-

516 3817 725 3872 bilitate
761 3818 944 3885 itaque
986 3823 1042 3870 et
1076 3815 1336 3871 ﬁrmitate
1390 3816 1723 3871 discernitur
1762 3830 1790 3868 a
1821 3824 2091 3877 creatura,

514 3918 572 3964 et
606 3924 710 3963 noa
741 3908 886 3978 quod
914 3908 1005 3962 illa
1032 3904 1128 3979 per
1166 3908 1359 3963 Filium
1388 3908 1632 3964 substitit
1654 3908 2090 3963 communionem

515 4002 754 4069 aliquam
790 4014 913 4052 cum
939 3999 1029 4052 illa
1077 3998 1278 4052 habere
1316 3999 1679 4054 existimatur.
1721 3998 1897 4065 Quare
1922 4016 1951 4054 a
1983 4001 2091 4057 Deo

517 4088 898 4143 tnanifestatus
946 4087 1286 4159 Epiphanius
1316 4088 1370 4142 in
1422 4090 1698 4160 Ancyroto
1733 4088 1848 4144 haec
1878 4080 2085 4147 habet:

522 4200 540 4233 ι
589 4179 751 4250 Igitur
778 4178 939 4235 Pater
972 4189 1089 4236 erat
1115 4195 1353 4251 semper,
1381 4190 1435 4236 et
1465 4179 1704 4251 Spiritus
1732 4193 1848 4236 erat
1875 4197 2091 4253 semper

516 4288 543 4324 a
578 4270 738 4326 Patre
771 4279 829 4326 et
866 4268 1028 4325 Filio.
1085 4270 1218 4336 Quae
1271 4285 1403 4325 vero
1434 4271 1842 4341 subsequuntur
1874 4273 2088 4328 Patrem

514 4377 567 4417 et
598 4362 793 4417 Filium
828 4376 885 4419 et
916 4363 1180 4434 Spiritum
1211 4375 1458 4418 sanctum
1505 4368 1689 4421 omnia
1718 4367 1933 4422 condita
1963 4377 2091 4423 sunt

513 4465 568 4510 ct
602 4466 804 4519 creata,
834 4466 891 4510 et
922 4472 1046 4511 cum
1078 4472 1190 4510 non
1219 4464 1410 4511 essent
1448 4458 1759 4527 aliquando,
1789 4460 1927 4515 facta
1960 4470 2091 4516 sunt

2196 3360 2265 3435 ἦν
2298 3368 2390 3419 καὶ
2439 3368 2558 3421 ἐστι
2609 3372 2709 3425 καὶ
2756 3370 2929 3440 ἔσται,
2964 3376 3240 3444 οὐσιωδῶς
3279 3383 3376 3436 καὶ
3429 3385 3681 3455 ἀχρόνως
3716 3360 3776 3442 ἐκ

2199 3458 2410 3527 [ἰατρὸς
2440 3458 2509 3513 δι’
2540 3461 2672 3518 Υίοῦ
2702 3464 2853 3519 ἐστιν
2881 3467 3330 3542 ἐκπεμπόμενον,
3359 3476 3450 3530 ἀεὶ
3471 3480 3682 3547 ἀγαθὸν
3701 3483 3775 3545 ὡς

2198 3551 2529 3640 αῦτάγαθον,
2556 3555 2652 3640 καὶ
2680 3557 2834 3627 πηγὴ
2872 3558 3234 3633 ἀγαθότητος,
3266 3565 3429 3634 φύσει
3461 3568 3596 3634 ess;
3617 3571 3696 3635 ὡς
3715 3574 3771 3640 ιε

2195 3638 2255 3698 οὗ
2287 3645 2379 3697 κειί
2402 3645 2471 3699 δι’
2509 3639 2590 3700 οὗ.
2638 3648 2727 3700 Ἐν
2761 3648 2892 3719 γοῦν
2919 3652 2997 3723 τῷ
3022 3654 3277 3727 ἀτρέπτῳ
3303 3661 3399 3714 καὶ
3427 3638 3770 3735 ἀναλλοιάπῷ

2194 3734 2488 3804 διαιρεῖται
2523 3736 2631 3791 ἀπὸ
2657 3739 2757 3808 τῆς
2788 3740 3041 3808 κτίσεως,
3081 3746 3177 3799 καὶ
3211 3749 3274 3801 οὐ
3308 3749 3484 3822 δήπου
3512 3754 3573 3807 ὲν
3599 3756 3681 3823 τῷ
3702 3734 3768 3809 δι’

2196 3824 2327 3879 Υίοῦ
2356 3825 2565 3896 ταύτην
2597 3829 2920 3901 ὑποστῆναι,
2948 3837 3238 3894 κοινωνίαν
3270 3842 3394 3896 τινὰ
3429 3845 3568 3916 πρὸς
3599 3848 3769 3920 αὐτὴν

2193 3915 2343 4007 ξχειν
2364 3918 2670 3987 νομίζεται.
2705 3922 2814 3975 Καί
2838 3941 2901 3991 γε
2927 3926 2955 3978 ὀ
2980 3927 3393 4001 θεοφανέρωτος
3448 3915 3770 4007 Ἐπιφάνεος

2193 4005 2355 4104 δντῷ
2392 4008 2730 4104 ᾏγκυρωτῷ
2770 4010 2916 4104 oft-tu)
2965 4017 3131 4087 φησι·
3172 4037 3193 4072 ι
3229 4022 3426 4078 Τοίνυν
3473 4005 3669 4100 Πατήρ
3700 4026 3768 4104 ἦν

2194 4097 2303 4162 ἀεὶ,
2333 4098 2429 4153 καὶ
2457 4099 2517 4153 τὸ
2540 4101 2770 4172 Πνεῦμα
2814 4098 2886 4175 ἦν
2928 4106 3016 4159 ἀεὶ
3053 4110 3206 4181 παρὰ
3242 4111 3458 4184 Harpe;
3487 4121 3585 4174 καὶ
3615 4097 3768 4177 fimi.

2193 4187 2273 4284 Τέι
2305 4189 2362 4244 δὲ
2390 4191 2532 4261 μετὰ
2579 4193 2803 4284 Πατέρα
2852 4199 2950 4251 καὶ
2992 4198 3123 4255 Υίὸν
3182 4204 3279 4259 καὶ
3331 4207 3490 4276 ἅγιον
3544 4214 3769 4284 Πνεῦμα

2193 4279 2374 4334 πάντα
2401 4283 2628 4353 ποιητὰ,
2666 4288 2763 4338 καὶ
2793 4289 3032 4358 ,κτιστὰ,
3083 4294 3177 4347 καὶ
3212 4296 3288 4368 μὴ
3340 4299 3470 4354 ὄντα
3505 4306 3637 4357 ποτὲ
3676 4279 3768 4374 γέ-

2192 4388 2318 4439 γονε⁹
2350 4373 2501 4442 παρὰ
2530 4374 2743 4447 Πατρὸς
2776 4377 2874 4431 καὶ
2900 4377 3033 4432 Υίοῦ
3069 4382 3168 4435 καὶ
3191 4384 3348 4453 ἁγίου
3388 4373 3760 4462 Πνεῦματοξ.»

2192 4466 2287 4528 Τίς
2320 4466 2423 4520 οὐκ
2476 4469 2596 4539 ἐρεῖ
2629 4470 2907 4524 κάνταῦθα
2946 4474 3254 4542 καθολικῶς
3298 4480 3394 4535 τὸν
3437 4482 3597 4553 λόγον
3626 4484 3766 4544 εἶναι

513 4561 541 4597 a
575 4545 732 4600 Patre
762 4556 819 4600 et
848 4545 1009 4609 Filio,
1033 4554 1090 4600 et
1122 4545 1333 4615 Spiritu
1388 4556 1604 4629 sancto.
1633 4565 1652 4599 ι
1687 4546 1820 4613 Quis
1858 4564 1963 4603 non
2006 4549 2087 4603 af-

2200 4556 2322 4628 περὶ
2348 4555 2659 4630 ὑπάρξεως,
2688 4563 2784 4615 καὶ
2819 4562 2882 4615 τὸ
2914 4562 3016 4635 μὲν
3045 4565 3189 4620 θεῖον
3230 4568 3457 4642 Πνεῦμα
3491 4545 3765 4645 θεολογεὲ-

515 4637 833 4701 tirmaverit,
899 4636 987 4691 hic
1027 4651 1243 4707 quoque
1281 4636 1333 4691 in
1407 4639 1720 4694 universum
1781 4654 2085 4696 sermonem

512 4745 633 4783 esse
660 4728 727 4782 de
775 4729 1117 4796 exsistentia,
1167 4739 1222 4784 et
1287 4727 1554 4803 Spiritum
1586 4739 1831 4787 sanctum
1869 4731 2088 4788 decerni

511 4833 576 4873 ex
634 4817 798 4875 Patre
849 4828 901 4875 et
929 4818 1071 4875 Filio
1124 4804 1428 4877 secundum
1486 4838 1644 4878 suum
1680 4825 1982 4880 naturalem
2020 4825 2085 4880 ad

510 4925 634 4963 esse
680 4923 1031 4980 progressum
1066 4927 1081 4964 :
1141 4918 1197 4964 et
1231 4921 1540 4965 creaturam
1571 4909 1766 4966 factam
1805 4907 1973 4967 fuisse
1994 4926 2085 4966 as-

510 5000 762 5055 severari
804 5015 835 5054 a
895 5001 1069 5058 tribus
1102 5001 1409 5059 divinitatis
1442 5002 1847 5074 hypostasibus,
1878 5013 1931 5059 et
1965 5020 2087 5075 quas

508 5093 900 5148 discernuntur
929 5093 1180 5149 similiter
1211 5102 1270 5148 ut
1309 5094 1382 5149 ibi
1412 5096 1611 5165 apponi
1636 5111 1652 5162 ;
1676 5095 1803 5151 hinc
1833 5106 2084 5152 accurata

506 5199 743 5252 veraque
776 5183 1067 5239 traditione
1103 5184 1402 5240 secundum
1442 5186 1776 5240 exsistentiaz
1815 5190 2079 5241 rationem

506 5290 537 5331 ῑι
567 5275 727 5330 Patre
755 5292 853 5348 per
889 5276 1088 5330 Filium
1136 5278 1565 5347 omnipOtentem
1614 5276 1875 5348 Spiritum
1925 5296 2080 5336 crea-

509 5382 795 5438 turamque
825 5369 1064 5434 decet-ui,
1097 5378 1152 5423 et
1194 5370 1335 5424 hanc
1379 5385 1571 5423 rursus
1598 5385 1628 5423 a
1657 5372 1814 5425 Patre
1860 5373 1915 5425 iu
1960 5371 2083 5442 Spi-

508 5463 614 5515 ritu
662 5476 770 5531 ‘per
811 5460 1047 5517 Filium:
1087 5477 1384 5534 rursusque
1432 5476 1465 5517 a
1524 5462 1685 5517 Patre
1748 5473 1803 5517 et
1832 5464 1969 5519 Filio
2025 5476 2080 5520 et

508 5554 714 5622 Spiritu
747 5566 940 5610 sancto
970 5554 993 5610 ?
1022 5553 1167 5622 Quin
1201 5560 1309 5612 imo
1338 5566 1394 5611 et
1425 5557 1639 5627 genitor
1666 5556 1788 5611 Filii
1817 5557 1993 5621 Pater,
2027 5568 2081 5614 et

505 5655 770 5699 creaturae.
801 5646 1054 5700 conditor
1077 5646 1148 5699 ita
1191 5656 1247 5699 ut
1283 5649 1445 5702 ambo
1479 5661 1508 5699 a
1542 5644 1699 5702 Patre
1738 5656 2077 5715 astruantur,

501 5746 556 5793 et
582 5738 728 5807 quod
759 5739 1099 5793 discernitur
1136 5754 1479 5808 nequaquam
1512 5741 1580 5795 ab
1620 5741 1789 5805 hisce,
1820 5742 1924 5796 nisi
1957 5752 2075 5797 tan-

506 5843 639 5895 tum.
675 5832 814 5897 quod
843 5832 912 5886 ita
973 5831 1273 5886 secundum
1331 5830 1701 5886 assistentium
1759 5850 1867 5887 nou
1919 5836 2077 5891 sint?

2193 4648 2319 4703 σθαι
2352 4648 2446 4702 τοῦ
2486 4652 2701 4724 Πατρὸς
2738 4654 2833 4706 καὶ
2867 4654 2994 4708 Υίοῦ
3026 4657 3169 4711 κατὰ
3198 4658 3298 4730 τὴν
3328 4660 3496 4716 αὑτοῦ
3527 4670 3766 4739 φυσικὴν

2189 4744 2269 4805 εἰς
2303 4741 2364 4795 τὸ
2399 4737 2540 4799 εἶναι
2577 4745 2827 4816 πρόοδον,
2856 4747 2958 4819 τὴν
2997 4749 3054 4801 δὲ
3092 4749 3273 4805 κτίσιν
3317 4753 3573 4823 λέγεσθαι
3606 4737 3767 4830 γεγο-

2191 4831 2340 4885 νέναι
2390 4833 2544 4903 παρὰ
2573 4834 2683 4888 τῶν
2728 4837 2897 4909 τριῶν
2946 4840 3048 4910 τῆς
3080 4839 3335 4911 θεότητος
3384 4845 3763 4919 ὑποστάσεων,

2188 4923 2385 4976 καὶτὰ
2434 4924 2866 4996 διαστελλόμενα
2916 4929 3143 5000 ὁμοίως,
3183 4932 3259 4997 ὡς
3303 4937 3423 4991 ἐκεῖ
3463 4942 3767 5013 παρατεθε-

2190 5013 2488 5072 σθαι.ὅθεν
2525 5016 2856 5089 εἰλικρινοῦς
2906 5023 3265 5094 παραδόσεως
3312 5031 3460 5108 κατᾲ
3513 5034 3609 5089 τὸν
3658 5037 3765 5108 τῆς

2187 5105 2475 5177 ὑπάρξεως
2505 5107 2666 5178 λόγον
2692 5111 2843 5194 παρὰ
2883 5114 3100 5185 Πατρὸς
3129 5116 3199 5172 δι’
3227 5118 3360 5174 Υίοῦ
3392 5103 3453 5177 τδ
3484 5103 3763 5194 tam;

2190 5202 2415 5273 Πνεῦμα
2444 5193 2870 5276 δογματίζεσθαι
2913 5214 3011 5267 καὶ
3037 5214 3139 5285 τὴν
3173 5216 3375 5283 κτίσιν,
3418 5221 3513 5274 καὶ
3555 5223 3763 5294 ταύτην

2185 5294 2351 5349 πάλιν
2379 5296 2532 5368 παρὰ
2565 5300 2775 5371 Πατρὸς
2814 5302 2874 5355 ἐν
2914 5305 3193 5375 Πνεῦματι
3224 5307 3292 5362 δι’
3339 5309 3471 5365 Υῑοῦ
3494 5328 3510 5341 ·
3542 5316 3632 5368 καὶ
3660 5314 3764 5370 αὗ-

2184 5386 2267 5450 θις
2301 5391 2452 5459 παρὰ
2502 5392 2713 5462 Πατρὺς
2748 5394 2843 5447 καὶ
2881 5394 3038 5463 Υἱοῦ,
3075 5401 3171 5452 καὶ
3209 5402 3371 5471 ἁγίου
3399 5406 3759 5478 Πνεύματοςς

2183 5482 2257 5532 Οὐ
2291 5481 2397 5548 μὴν
2427 5481 2564 5535 ἀλλὰ
2600 5485 2692 5536 καὶ
2738 5488 3017 5558 γεννήτωρ
3054 5489 3084 5543 δ
3139 5492 3331 5563 Πατὴρ
3368 5495 3464 5549 τοῦ
3497 5497 3625 5553 Υἱοῦ
3659 5506 3762 5554 καὶ

2181 5571 2282 5660 τῆς
2311 5572 2542 5636 κτίσεως
2586 5575 2840 5649 ποιητὴς,
2884 5579 2961 5635 ὡς
2988 5581 3052 5633 ἐκ
3081 5583 3296 5653 Harpe;
3322 5585 3496 5657 ἄμφω
3525 5591 3761 5660 spurcﬁ-

2183 5659 2328 5725 σθαι,
2361 5661 2456 5713 καὶ
2475 5662 2535 5716 τὸ
2575 5663 2984 5736 διακρινόμενον
3021 5670 3240 5733 πάντως
3267 5674 3365 5727 οὐκ
3392 5676 3502 5731 ἀπὸ
3527 5659 3759 5746 τοᾶτων,

2183 5749 2214 5820 ἢ
2246 5750 2328 5802 ὅτι
2354 5752 2496 5817 ταδὶ,
2541 5755 2616 5825 μὴ
2660 5757 2783 5809 καθ’
2806 5756 3063 5830 ὓπαρξιν.
3111 5761 3224 5815 Καὶ
3267 5763 3369 5834 τῆς
3398 5766 3692 5839 ὁμολογίας
3727 5788 3760 5836 ο

2183 5845 2411 5914 κορωνὶς
2447 5844 2765 5913 Ἀθανέισιος
2803 5852 2858 5904 ἐν
2983 5850 3264 5908 ἐκτξθτται
3298 5853 3531 5924 δικλέξει
3573 5861 3756 5929 Ὀρθω-
