  <div class='ocr_page' id='page_1' title='image "/cluster/home/n/w/nwhite01/storage/ocr_20150623/141/hvd.32044019208313/702.png"; bbox 0 0 4020 6592; ppageno 0'>
   <div class='ocr_carea' id='block_1_1' title="bbox 284 441 423 509">
    <p class='ocr_par' dir='ltr' id='par_1_1' title="bbox 284 441 423 509">
     <span class='ocr_line' id='line_1_1' title="bbox 284 441 423 509; baseline 0.007 -3"><span class='ocrx_word' id='word_1_1' title='bbox 284 441 423 509; x_wconf 65' lang='lat'><strong>1383</strong></span> 
     </span>
    </p>
   </div>
   <div class='ocr_carea' id='block_1_2' title="bbox 270 650 1842 725">
    <p class='ocr_par' dir='ltr' id='par_1_2' title="bbox 270 650 1842 725">
     <span class='ocr_line' id='line_1_2' title="bbox 270 650 1842 725; baseline 0.001 -19"><span class='ocrx_word' id='word_1_2' title='bbox 270 653 364 706; x_wconf 84' lang='grc' dir='ltr'><strong>τοῦ</strong></span> <span class='ocrx_word' id='word_1_3' title='bbox 393 650 530 706; x_wconf 76' lang='grc' dir='ltr'>Θεοῦ</span> <span class='ocrx_word' id='word_1_4' title='bbox 550 651 712 722; x_wconf 81' lang='grc' dir='ltr'>φύσις</span> <span class='ocrx_word' id='word_1_5' title='bbox 740 652 836 706; x_wconf 83' lang='grc' dir='ltr'><strong>καὶ</strong></span> <span class='ocrx_word' id='word_1_6' title='bbox 859 650 954 706; x_wconf 89' lang='grc' dir='ltr'><strong>τοῦ</strong></span> <span class='ocrx_word' id='word_1_7' title='bbox 977 652 1106 706; x_wconf 83' lang='grc' dir='ltr'>Υίοῦ</span> <span class='ocrx_word' id='word_1_8' title='bbox 1132 656 1230 708; x_wconf 75' lang='grc' dir='ltr'>καὶ</span> <span class='ocrx_word' id='word_1_9' title='bbox 1260 654 1355 706; x_wconf 89' lang='grc' dir='ltr'><strong>τοῦ</strong></span> <span class='ocrx_word' id='word_1_10' title='bbox 1397 653 1553 721; x_wconf 75' lang='grc' dir='ltr'>ἁγίου</span> <span class='ocrx_word' id='word_1_11' title='bbox 1584 654 1842 725; x_wconf 85' lang='grc' dir='ltr'>Πνεύμα-</span> 
     </span>
    </p>
   </div>
   <div class='ocr_carea' id='block_1_3' title="bbox 268 745 1842 814">
    <p class='ocr_par' dir='ltr' id='par_1_3' title="bbox 268 745 1842 814">
     <span class='ocr_line' id='line_1_3' title="bbox 268 745 1842 814; baseline 0.002 -16"><span class='ocrx_word' id='word_1_12' title='bbox 268 761 362 809; x_wconf 85' lang='grc' dir='ltr'><strong>τος</strong></span> <span class='ocrx_word' id='word_1_13' title='bbox 398 745 493 798; x_wconf 77' lang='grc' dir='ltr'><strong>καὶ</strong></span> <span class='ocrx_word' id='word_1_14' title='bbox 536 746 637 814; x_wconf 75' lang='grc' dir='ltr'>τῆς</span> <span class='ocrx_word' id='word_1_15' title='bbox 680 746 914 809; x_wconf 80' lang='grc' dir='ltr'>κτίσεως</span> <span class='ocrx_word' id='word_1_16' title='bbox 958 745 1198 814; x_wconf 76' lang='grc' dir='ltr'>ἁπάσης.</span> <span class='ocrx_word' id='word_1_17' title='bbox 1237 765 1255 799; x_wconf 75' lang='grc' dir='ltr'><strong>ι</strong></span> <span class='ocrx_word' id='word_1_18' title='bbox 1301 746 1460 801; x_wconf 77' lang='grc' dir='ltr'>Ἀλλὰ</span> <span class='ocrx_word' id='word_1_19' title='bbox 1491 748 1581 802; x_wconf 83' lang='grc' dir='ltr'><strong>τὸν</strong></span> <span class='ocrx_word' id='word_1_20' title='bbox 1614 749 1684 802; x_wconf 76' lang='grc' dir='ltr'>τὰ</span> <span class='ocrx_word' id='word_1_21' title='bbox 1723 747 1842 801; x_wconf 82' lang='grc' dir='ltr'>θεῖα</span> 
     </span>
    </p>
   </div>
   <div class='ocr_carea' id='block_1_4' title="bbox 271 834 1840 909">
    <p class='ocr_par' dir='ltr' id='par_1_4' title="bbox 271 834 1840 909">
     <span class='ocr_line' id='line_1_4' title="bbox 271 834 1840 909; baseline 0.003 -22"><span class='ocrx_word' id='word_1_22' title='bbox 271 836 437 904; x_wconf 73' lang='grc' dir='ltr'>σοφὸν</span> <span class='ocrx_word' id='word_1_23' title='bbox 468 835 689 905; x_wconf 78' lang='grc' dir='ltr'>Νύσσης</span> <span class='ocrx_word' id='word_1_24' title='bbox 711 836 803 888; x_wconf 73' lang='grc' dir='ltr'><strong>ἐπὶ</strong></span> <span class='ocrx_word' id='word_1_25' title='bbox 835 834 929 889; x_wconf 87' lang='grc' dir='ltr'><strong>τοῦ</strong></span> <span class='ocrx_word' id='word_1_26' title='bbox 963 838 1130 908; x_wconf 82' lang='grc' dir='ltr'>μέσου</span> <span class='ocrx_word' id='word_1_27' title='bbox 1172 838 1588 909; x_wconf 80' lang='grc' dir='ltr'><strong>παραγαγόντες</strong></span> <span class='ocrx_word' id='word_1_28' title='bbox 1610 838 1679 892; x_wconf 79' lang='grc' dir='ltr'>δι’</span> <span class='ocrx_word' id='word_1_29' title='bbox 1708 838 1840 893; x_wconf 88' lang='grc' dir='ltr'>Υίοῦ</span> 
     </span>
    </p>
   </div>
   <div class='ocr_carea' id='block_1_5' title="bbox 267 924 1842 999">
    <p class='ocr_par' dir='ltr' id='par_1_5' title="bbox 267 924 1842 999">
     <span class='ocr_line' id='line_1_5' title="bbox 267 924 1842 999; baseline 0.003 -22"><span class='ocrx_word' id='word_1_30' title='bbox 267 924 329 977; x_wconf 79' lang='grc' dir='ltr'>τὸ</span> <span class='ocrx_word' id='word_1_31' title='bbox 363 924 591 995; x_wconf 81' lang='grc' dir='ltr'><strong>Πνεῦμα</strong></span> <span class='ocrx_word' id='word_1_32' title='bbox 625 925 982 993; x_wconf 82' lang='grc' dir='ltr'>θεολογοῦντα</span> <span class='ocrx_word' id='word_1_33' title='bbox 1026 927 1169 980; x_wconf 74' lang='grc' dir='ltr'>κατὰ</span> <span class='ocrx_word' id='word_1_34' title='bbox 1216 928 1315 999; x_wconf 79' lang='grc' dir='ltr'>τὴν</span> <span class='ocrx_word' id='word_1_35' title='bbox 1360 930 1439 989; x_wconf 85' lang='grc' dir='ltr'><strong>είς</strong></span> <span class='ocrx_word' id='word_1_36' title='bbox 1480 929 1541 981; x_wconf 76' lang='grc' dir='ltr'>τὸ</span> <span class='ocrx_word' id='word_1_37' title='bbox 1578 924 1720 984; x_wconf 77' lang='grc' dir='ltr'>εἶναι</span> <span class='ocrx_word' id='word_1_38' title='bbox 1770 928 1842 983; x_wconf 73' lang='grc' dir='ltr'>δι’</span> 
     </span>
    </p>
   </div>
   <div class='ocr_carea' id='block_1_6' title="bbox 268 1015 1837 1089">
    <p class='ocr_par' dir='ltr' id='par_1_6' title="bbox 268 1015 1837 1089">
     <span class='ocr_line' id='line_1_6' title="bbox 268 1015 1837 1089; baseline 0.003 -20"><span class='ocrx_word' id='word_1_39' title='bbox 268 1015 438 1069; x_wconf 83' lang='grc' dir='ltr'>αὐτοῦ</span> <span class='ocrx_word' id='word_1_40' title='bbox 485 1016 735 1085; x_wconf 76' lang='grc' dir='ltr'><strong>πρόοδον,</strong></span> <span class='ocrx_word' id='word_1_41' title='bbox 772 1016 846 1081; x_wconf 80' lang='grc' dir='ltr'>ὡς</span> <span class='ocrx_word' id='word_1_42' title='bbox 873 1018 901 1070; x_wconf 99' lang='lat'><strong>6</strong></span> <span class='ocrx_word' id='word_1_43' title='bbox 934 1018 1282 1089; x_wconf 76' lang='grc' dir='ltr'>αὺθόμαιμος</span> <span class='ocrx_word' id='word_1_44' title='bbox 1310 1020 1498 1074; x_wconf 74' lang='grc' dir='ltr'>τούτου</span> <span class='ocrx_word' id='word_1_45' title='bbox 1544 1020 1837 1087; x_wconf 79' lang='grc' dir='ltr'><strong>δέδεικται,</strong></span> 
     </span>
    </p>
   </div>
   <div class='ocr_carea' id='block_1_7' title="bbox 268 1108 1839 1184">
    <p class='ocr_par' dir='ltr' id='par_1_7' title="bbox 268 1108 1839 1184">
     <span class='ocr_line' id='line_1_7' title="bbox 268 1108 1839 1184; baseline 0.004 -22"><span class='ocrx_word' id='word_1_46' title='bbox 268 1108 412 1162; x_wconf 82' lang='grc' dir='ltr'>κατὰ</span> <span class='ocrx_word' id='word_1_47' title='bbox 439 1108 531 1161; x_wconf 80' lang='grc' dir='ltr'>τὸν</span> <span class='ocrx_word' id='word_1_48' title='bbox 556 1109 722 1163; x_wconf 78' lang='grc' dir='ltr'>αὐτὸν</span> <span class='ocrx_word' id='word_1_49' title='bbox 756 1109 885 1164; x_wconf 85' lang='grc' dir='ltr'>νοῦν</span> <span class='ocrx_word' id='word_1_50' title='bbox 910 1112 1148 1181; x_wconf 81' lang='grc' dir='ltr'>ἑκάτερα</span> <span class='ocrx_word' id='word_1_51' title='bbox 1186 1113 1531 1184; x_wconf 78' lang='grc' dir='ltr'><strong>δογματίζων</strong></span> <span class='ocrx_word' id='word_1_52' title='bbox 1567 1134 1587 1165; x_wconf 77' lang='grc' dir='ltr'><strong>ι</strong></span> <span class='ocrx_word' id='word_1_53' title='bbox 1622 1113 1680 1179; x_wconf 78' lang='grc' dir='ltr'>ἐξ</span> <span class='ocrx_word' id='word_1_54' title='bbox 1709 1114 1839 1168; x_wconf 82' lang='grc' dir='ltr'>Υἱοῦ</span> 
     </span>
    </p>
   </div>
   <div class='ocr_carea' id='block_1_8' title="bbox 268 1197 1841 1276">
    <p class='ocr_par' dir='ltr' id='par_1_8' title="bbox 268 1197 1841 1276">
     <span class='ocr_line' id='line_1_8' title="bbox 268 1197 1841 1276; baseline 0.006 -25"><span class='ocrx_word' id='word_1_55' title='bbox 268 1215 328 1251; x_wconf 87' lang='grc' dir='ltr'><strong>τε</strong></span> <span class='ocrx_word' id='word_1_56' title='bbox 366 1198 464 1253; x_wconf 77' lang='grc' dir='ltr'><strong>καὶ</strong></span> <span class='ocrx_word' id='word_1_57' title='bbox 488 1197 556 1253; x_wconf 78' lang='grc' dir='ltr'>δι’</span> <span class='ocrx_word' id='word_1_58' title='bbox 581 1199 733 1266; x_wconf 86' lang='grc' dir='ltr'>Υίοῦ,</span> <span class='ocrx_word' id='word_1_59' title='bbox 768 1218 789 1255; x_wconf 80' lang='lat' dir='ltr'><strong>s</strong></span> <span class='ocrx_word' id='word_1_60' title='bbox 815 1201 910 1255; x_wconf 76' lang='grc' dir='ltr'><strong>καὶ</strong></span> <span class='ocrx_word' id='word_1_61' title='bbox 938 1203 1037 1275; x_wconf 75' lang='grc' dir='ltr'>τὴν</span> <span class='ocrx_word' id='word_1_62' title='bbox 1059 1205 1245 1273; x_wconf 77' lang='grc' dir='ltr'>μόνος</span> <span class='ocrx_word' id='word_1_63' title='bbox 1275 1205 1459 1276; x_wconf 78' lang='grc' dir='ltr'>φωνὴν</span> <span class='ocrx_word' id='word_1_64' title='bbox 1488 1207 1841 1276; x_wconf 77' lang='grc' dir='ltr'>παριστάνων</span> 
     </span>
    </p>
   </div>
   <div class='ocr_carea' id='block_1_9' title="bbox 268 1296 1841 1371">
    <p class='ocr_par' dir='ltr' id='par_1_9' title="bbox 268 1296 1841 1371">
     <span class='ocr_line' id='line_1_9' title="bbox 268 1296 1841 1371; baseline 0.004 -23"><span class='ocrx_word' id='word_1_65' title='bbox 268 1296 361 1348; x_wconf 73' lang='grc' dir='ltr'><strong>ἐπὶ</strong></span> <span class='ocrx_word' id='word_1_66' title='bbox 393 1296 485 1350; x_wconf 88' lang='grc' dir='ltr'><strong>τοῦ</strong></span> <span class='ocrx_word' id='word_1_67' title='bbox 520 1296 738 1369; x_wconf 79' lang='grc' dir='ltr'>[ἰατρὸς</span> <span class='ocrx_word' id='word_1_68' title='bbox 765 1296 1211 1370; x_wconf 76' lang='grc' dir='ltr'>λαμϐανομένην,</span> <span class='ocrx_word' id='word_1_69' title='bbox 1263 1301 1430 1371; x_wconf 80' lang='grc' dir='ltr'>μηδὲν</span> <span class='ocrx_word' id='word_1_70' title='bbox 1463 1302 1714 1371; x_wconf 77' lang='grc' dir='ltr'>ἐμποδὼν</span> <span class='ocrx_word' id='word_1_71' title='bbox 1751 1299 1841 1355; x_wconf 69' lang='grc' dir='ltr'>οὗ·</span> 
     </span>
    </p>
   </div>
   <div class='ocr_carea' id='block_1_10' title="bbox 270 1389 1840 1464">
    <p class='ocr_par' dir='ltr' id='par_1_10' title="bbox 270 1389 1840 1464">
     <span class='ocr_line' id='line_1_10' title="bbox 270 1389 1840 1464; baseline 0.006 -25"><span class='ocrx_word' id='word_1_72' title='bbox 270 1403 370 1439; x_wconf 70' lang='grc' dir='ltr'><strong>σαν</strong></span> <span class='ocrx_word' id='word_1_73' title='bbox 421 1391 557 1459; x_wconf 79' lang='grc' dir='ltr'>πρὸς</span> <span class='ocrx_word' id='word_1_74' title='bbox 600 1389 661 1441; x_wconf 70' lang='grc' dir='ltr'>τὸ</span> <span class='ocrx_word' id='word_1_75' title='bbox 703 1391 799 1443; x_wconf 72' lang='grc' dir='ltr'><strong>καὶ</strong></span> <span class='ocrx_word' id='word_1_76' title='bbox 844 1390 1012 1461; x_wconf 80' lang='grc' dir='ltr'>ἄμφω</span> <span class='ocrx_word' id='word_1_77' title='bbox 1059 1392 1425 1461; x_wconf 82' lang='grc' dir='ltr'>κηρύττεσθαι</span> <span class='ocrx_word' id='word_1_78' title='bbox 1479 1394 1840 1464; x_wconf 80' lang='grc' dir='ltr'>καταλλήλοις</span> 
     </span>
    </p>
   </div>
   <div class='ocr_carea' id='block_1_11' title="bbox 268 1478 1838 1556">
    <p class='ocr_par' dir='ltr' id='par_1_11' title="bbox 268 1478 1838 1556">
     <span class='ocr_line' id='line_1_11' title="bbox 268 1478 1838 1556; baseline 0.007 -27"><span class='ocrx_word' id='word_1_79' title='bbox 268 1478 497 1541; x_wconf 74' lang='grc' dir='ltr'>ἐννοίαις</span> <span class='ocrx_word' id='word_1_80' title='bbox 531 1480 625 1532; x_wconf 74' lang='grc' dir='ltr'>ἐπί</span> <span class='ocrx_word' id='word_1_81' title='bbox 653 1497 713 1533; x_wconf 79' lang='grc' dir='ltr'><strong>τε</strong></span> <span class='ocrx_word' id='word_1_82' title='bbox 747 1481 849 1550; x_wconf 82' lang='grc' dir='ltr'>τῆς</span> <span class='ocrx_word' id='word_1_83' title='bbox 892 1483 1192 1548; x_wconf 84' lang='grc' dir='ltr'>θεολογίας,</span> <span class='ocrx_word' id='word_1_84' title='bbox 1246 1486 1337 1537; x_wconf 65' lang='lat' dir='ltr'><strong>ini</strong></span> <span class='ocrx_word' id='word_1_85' title='bbox 1363 1502 1424 1538; x_wconf 87' lang='grc' dir='ltr'><strong>τε</strong></span> <span class='ocrx_word' id='word_1_86' title='bbox 1453 1486 1553 1556; x_wconf 84' lang='grc' dir='ltr'><strong>τῆς</strong></span> <span class='ocrx_word' id='word_1_87' title='bbox 1584 1487 1838 1549; x_wconf 86' lang='grc' dir='ltr'>κτίσεως,</span> 
     </span>
    </p>
   </div>
   <div class='ocr_carea' id='block_1_12' title="bbox 267 1570 1839 1643">
    <p class='ocr_par' dir='ltr' id='par_1_12' title="bbox 267 1570 1839 1643">
     <span class='ocr_line' id='line_1_12' title="bbox 267 1570 1839 1643; baseline 0.005 -22"><span class='ocrx_word' id='word_1_88' title='bbox 267 1570 357 1622; x_wconf 76' lang='grc' dir='ltr'>τὸν</span> <span class='ocrx_word' id='word_1_89' title='bbox 397 1570 560 1624; x_wconf 72' lang='grc' dir='ltr'>αὐτὸν</span> <span class='ocrx_word' id='word_1_90' title='bbox 595 1572 819 1643; x_wconf 81' lang='grc' dir='ltr'>Νύσσης</span> <span class='ocrx_word' id='word_1_91' title='bbox 874 1572 1055 1642; x_wconf 65' lang='grc' dir='ltr'>χρεὼν</span> <span class='ocrx_word' id='word_1_92' title='bbox 1105 1576 1251 1629; x_wconf 64' lang='grc' dir='ltr'>κατὰ</span> <span class='ocrx_word' id='word_1_93' title='bbox 1296 1577 1359 1629; x_wconf 73' lang='lat' dir='ltr'><strong>rb</strong></span> <span class='ocrx_word' id='word_1_94' title='bbox 1391 1577 1685 1631; x_wconf 77' lang='grc' dir='ltr'>ἀκόλουθον</span> <span class='ocrx_word' id='word_1_95' title='bbox 1744 1577 1839 1631; x_wconf 85' lang='grc' dir='ltr'><strong>νῦν</strong></span> 
     </span>
    </p>
   </div>
   <div class='ocr_carea' id='block_1_13' title="bbox 266 1662 1841 1741">
    <p class='ocr_par' dir='ltr' id='par_1_13' title="bbox 266 1662 1841 1741">
     <span class='ocr_line' id='line_1_13' title="bbox 266 1662 1841 1741; baseline 0.006 -26"><span class='ocrx_word' id='word_1_96' title='bbox 266 1662 571 1731; x_wconf 74' lang='grc' dir='ltr'>προθεῖναι,</span> <span class='ocrx_word' id='word_1_97' title='bbox 604 1683 623 1717; x_wconf 75' lang='grc' dir='ltr'><strong>ι</strong></span> <span class='ocrx_word' id='word_1_98' title='bbox 653 1665 747 1718; x_wconf 78' lang='grc' dir='ltr'><strong>καὶ</strong></span> <span class='ocrx_word' id='word_1_99' title='bbox 776 1667 839 1720; x_wconf 69' lang='grc' dir='ltr'><strong>ἐκ</strong></span> <span class='ocrx_word' id='word_1_100' title='bbox 858 1666 951 1720; x_wconf 89' lang='grc' dir='ltr'><strong>τοῦ</strong></span> <span class='ocrx_word' id='word_1_101' title='bbox 979 1667 1112 1721; x_wconf 86' lang='grc' dir='ltr'>Υίοῦ</span> <span class='ocrx_word' id='word_1_102' title='bbox 1138 1687 1157 1720; x_wconf 75' lang='grc' dir='ltr'><strong>ι</strong></span> <span class='ocrx_word' id='word_1_103' title='bbox 1183 1670 1575 1741; x_wconf 81' lang='grc' dir='ltr'>μεγαληγόρως</span> <span class='ocrx_word' id='word_1_104' title='bbox 1604 1672 1841 1741; x_wconf 73' lang='grc' dir='ltr'>φθεγγό-</span> 
     </span>
    </p>
   </div>
   <div class='ocr_carea' id='block_1_14' title="bbox 267 1756 1842 1832">
    <p class='ocr_par' dir='ltr' id='par_1_14' title="bbox 267 1756 1842 1832">
     <span class='ocr_line' id='line_1_14' title="bbox 267 1756 1842 1832; baseline 0.007 -27"><span class='ocrx_word' id='word_1_105' title='bbox 267 1769 449 1823; x_wconf 86' lang='grc' dir='ltr'>μενον.</span> <span class='ocrx_word' id='word_1_106' title='bbox 499 1756 622 1808; x_wconf 76' lang='grc' dir='ltr'>Ἐπῖ</span> <span class='ocrx_word' id='word_1_107' title='bbox 663 1759 847 1827; x_wconf 86' lang='grc' dir='ltr'>μέντοι</span> <span class='ocrx_word' id='word_1_108' title='bbox 876 1760 979 1828; x_wconf 83' lang='grc' dir='ltr'>τῆς</span> <span class='ocrx_word' id='word_1_109' title='bbox 1007 1758 1371 1830; x_wconf 76' lang='grc' dir='ltr'><strong>δημιουργίας</strong></span> <span class='ocrx_word' id='word_1_110' title='bbox 1413 1764 1479 1815; x_wconf 83' lang='grc' dir='ltr'>ὲκ</span> <span class='ocrx_word' id='word_1_111' title='bbox 1519 1762 1628 1816; x_wconf 89' lang='grc' dir='ltr'><strong>τῶν</strong></span> <span class='ocrx_word' id='word_1_112' title='bbox 1676 1780 1842 1832; x_wconf 85' lang='grc' dir='ltr'>προσ-</span> 
     </span>
    </p>
   </div>
   <div class='ocr_carea' id='block_1_15' title="bbox 266 1845 1837 1927">
    <p class='ocr_par' dir='ltr' id='par_1_15' title="bbox 266 1845 1837 1927">
     <span class='ocr_line' id='line_1_15' title="bbox 266 1845 1837 1927; baseline 0.006 -29"><span class='ocrx_word' id='word_1_113' title='bbox 266 1845 406 1913; x_wconf 77' lang='grc' dir='ltr'>ξχῶς</span> <span class='ocrx_word' id='word_1_114' title='bbox 438 1847 808 1919; x_wconf 66' lang='grc' dir='ltr'>ὡμολόγηται,</span> <span class='ocrx_word' id='word_1_115' title='bbox 836 1852 927 1904; x_wconf 67' lang='grc' dir='ltr'><strong>ἐπὶ</strong></span> <span class='ocrx_word' id='word_1_116' title='bbox 960 1851 1017 1904; x_wconf 79' lang='grc' dir='ltr'>δὲ</span> <span class='ocrx_word' id='word_1_117' title='bbox 1049 1852 1144 1906; x_wconf 88' lang='grc' dir='ltr'><strong>τοῦ</strong></span> <span class='ocrx_word' id='word_1_118' title='bbox 1176 1855 1324 1908; x_wconf 83' lang='grc' dir='ltr'>θείου</span> <span class='ocrx_word' id='word_1_119' title='bbox 1361 1855 1457 1909; x_wconf 73' lang='grc' dir='ltr'><strong>καὶ</strong></span> <span class='ocrx_word' id='word_1_120' title='bbox 1487 1855 1837 1927; x_wconf 79' lang='grc' dir='ltr'>ὑπεραγάθου</span> 
     </span>
    </p>
   </div>
   <div class='ocr_carea' id='block_1_16' title="bbox 266 1936 1837 2020">
    <p class='ocr_par' dir='ltr' id='par_1_16' title="bbox 266 1936 1837 2020">
     <span class='ocr_line' id='line_1_16' title="bbox 266 1936 1837 2020; baseline 0.01 -32"><span class='ocrx_word' id='word_1_121' title='bbox 266 1936 582 2007; x_wconf 80' lang='grc' dir='ltr'>Ιινεύματος</span> <span class='ocrx_word' id='word_1_122' title='bbox 609 1939 669 1993; x_wconf 81' lang='grc' dir='ltr'>ὲν</span> <span class='ocrx_word' id='word_1_123' title='bbox 695 1944 760 2011; x_wconf 76' lang='grc' dir='ltr'>τῇ</span> <span class='ocrx_word' id='word_1_124' title='bbox 796 1942 877 2007; x_wconf 79' lang='grc' dir='ltr'><strong>είς</strong></span> <span class='ocrx_word' id='word_1_125' title='bbox 905 1944 963 1997; x_wconf 84' lang='grc' dir='ltr'>τὸ</span> <span class='ocrx_word' id='word_1_126' title='bbox 995 1945 1179 2014; x_wconf 82' lang='grc' dir='ltr'>Πάτερ</span> <span class='ocrx_word' id='word_1_127' title='bbox 1210 1946 1368 2017; x_wconf 82' lang='grc' dir='ltr'>ήμῶν</span> <span class='ocrx_word' id='word_1_128' title='bbox 1392 1947 1578 2016; x_wconf 74' lang='grc' dir='ltr'>ὁμιλίᾳ</span> <span class='ocrx_word' id='word_1_129' title='bbox 1606 1948 1837 2020; x_wconf 72' lang='grc' dir='ltr'>διαρρή-</span> 
     </span>
    </p>
   </div>
   <div class='ocr_carea' id='block_1_17' title="bbox 265 2028 1835 2112">
    <p class='ocr_par' dir='ltr' id='par_1_17' title="bbox 265 2028 1835 2112">
     <span class='ocr_line' id='line_1_17' title="bbox 265 2028 1835 2112; baseline 0.009 -32"><span class='ocrx_word' id='word_1_130' title='bbox 265 2028 360 2097; x_wconf 82' lang='grc' dir='ltr'><strong>δην</strong></span> <span class='ocrx_word' id='word_1_131' title='bbox 381 2028 526 2084; x_wconf 78' lang='grc' dir='ltr'>οὕτω</span> <span class='ocrx_word' id='word_1_132' title='bbox 557 2032 837 2101; x_wconf 79' lang='grc' dir='ltr'>θεολογεί·</span> <span class='ocrx_word' id='word_1_133' title='bbox 874 2053 893 2086; x_wconf 84' lang='grc' dir='ltr'><strong>ι</strong></span> <span class='ocrx_word' id='word_1_134' title='bbox 937 2035 996 2089; x_wconf 88' lang='grc'><strong>’0</strong></span> <span class='ocrx_word' id='word_1_135' title='bbox 1016 2037 1125 2107; x_wconf 78' lang='grc' dir='ltr'><strong>γὰρ</strong></span> <span class='ocrx_word' id='word_1_136' title='bbox 1162 2039 1459 2112; x_wconf 74' lang='grc' dir='ltr'>μονογενὴς</span> <span class='ocrx_word' id='word_1_137' title='bbox 1490 2040 1616 2105; x_wconf 60' lang='lat' dir='ltr'><strong>Tib;</strong></span> <span class='ocrx_word' id='word_1_138' title='bbox 1647 2043 1710 2094; x_wconf 78' lang='grc' dir='ltr'><strong>ἑκ</strong></span> <span class='ocrx_word' id='word_1_139' title='bbox 1741 2041 1835 2094; x_wconf 88' lang='grc' dir='ltr'><strong>τοῦ</strong></span> 
     </span>
    </p>
   </div>
   <div class='ocr_carea' id='block_1_18' title="bbox 240 2120 1838 2204">
    <p class='ocr_par' dir='ltr' id='par_1_18' title="bbox 240 2120 1838 2204">
     <span class='ocr_line' id='line_1_18' title="bbox 240 2120 1838 2204; baseline 0.009 -31"><span class='ocrx_word' id='word_1_140' title='bbox 240 2120 485 2204; x_wconf 46' lang='grc' dir='ltr'>-Πατρδς</span> <span class='ocrx_word' id='word_1_141' title='bbox 536 2125 688 2195; x_wconf 85' lang='grc' dir='ltr'>παρά</span> <span class='ocrx_word' id='word_1_142' title='bbox 739 2128 836 2195; x_wconf 81' lang='grc' dir='ltr'>τῆς</span> <span class='ocrx_word' id='word_1_143' title='bbox 888 2127 1043 2193; x_wconf 82' lang='grc' dir='ltr'><strong>Θείας</strong></span> <span class='ocrx_word' id='word_1_144' title='bbox 1085 2130 1312 2201; x_wconf 82' lang='grc' dir='ltr'>Γραφῆς</span> <span class='ocrx_word' id='word_1_145' title='bbox 1359 2134 1707 2204; x_wconf 72' lang='grc' dir='ltr'>ὀνομάζεται,</span> <span class='ocrx_word' id='word_1_146' title='bbox 1743 2136 1838 2188; x_wconf 76' lang='grc' dir='ltr'><strong>καὶ</strong></span> 
     </span>
    </p>
   </div>
   <div class='ocr_carea' id='block_1_19' title="bbox 266 2201 1838 2297">
    <p class='ocr_par' dir='ltr' id='par_1_19' title="bbox 266 2201 1838 2297">
     <span class='ocr_line' id='line_1_19' title="bbox 266 2201 1838 2297; baseline 0.011 -34"><span class='ocrx_word' id='word_1_147' title='bbox 266 2213 431 2283; x_wconf 79' lang='grc' dir='ltr'>μέχρι</span> <span class='ocrx_word' id='word_1_148' title='bbox 444 2201 651 2269; x_wconf 81' lang='grc' dir='ltr'>’τούτου</span> <span class='ocrx_word' id='word_1_149' title='bbox 690 2220 717 2270; x_wconf 88' lang='lat'><strong>6</strong></span> <span class='ocrx_word' id='word_1_150' title='bbox 745 2219 903 2287; x_wconf 82' lang='grc' dir='ltr'>λόγος</span> <span class='ocrx_word' id='word_1_151' title='bbox 937 2220 1156 2292; x_wconf 75' lang='grc' dir='ltr'><strong>ἵστησιν</strong></span> <span class='ocrx_word' id='word_1_152' title='bbox 1179 2224 1327 2295; x_wconf 83' lang='grc' dir='ltr'>αὑτῷ</span> <span class='ocrx_word' id='word_1_153' title='bbox 1349 2225 1409 2278; x_wconf 80' lang='grc' dir='ltr'>τὸ</span> <span class='ocrx_word' id='word_1_154' title='bbox 1443 2201 1662 2297; x_wconf 79' lang='grc' dir='ltr'>ἰδίωμα,</span> <span class='ocrx_word' id='word_1_155' title='bbox 1692 2228 1753 2280; x_wconf 62' lang='grc' dir='ltr'><strong>τὸ</strong></span> <span class='ocrx_word' id='word_1_156' title='bbox 1782 2228 1838 2279; x_wconf 76' lang='grc' dir='ltr'>δὲ</span> 
     </span>
    </p>
   </div>
   <div class='ocr_carea' id='block_1_20' title="bbox 265 2304 1836 2387">
    <p class='ocr_par' dir='ltr' id='par_1_20' title="bbox 265 2304 1836 2387">
     <span class='ocr_line' id='line_1_20' title="bbox 265 2304 1836 2387; baseline 0.009 -29"><span class='ocrx_word' id='word_1_157' title='bbox 265 2304 424 2372; x_wconf 71' lang='grc' dir='ltr'>ἅγιον</span> <span class='ocrx_word' id='word_1_158' title='bbox 456 2306 682 2377; x_wconf 74' lang='grc' dir='ltr'>Πνεῦμα</span> <span class='ocrx_word' id='word_1_159' title='bbox 723 2311 815 2364; x_wconf 80' lang='grc' dir='ltr'><strong>καὶ</strong></span> <span class='ocrx_word' id='word_1_160' title='bbox 868 2314 933 2365; x_wconf 76' lang='grc' dir='ltr'><strong>ἐκ</strong></span> <span class='ocrx_word' id='word_1_161' title='bbox 978 2313 1073 2368; x_wconf 85' lang='grc' dir='ltr'><strong>τοῦ</strong></span> <span class='ocrx_word' id='word_1_162' title='bbox 1122 2317 1334 2387; x_wconf 79' lang='grc' dir='ltr'>Πατρδς</span> <span class='ocrx_word' id='word_1_163' title='bbox 1369 2317 1613 2386; x_wconf 80' lang='grc' dir='ltr'>λέγεται,</span> <span class='ocrx_word' id='word_1_164' title='bbox 1644 2320 1739 2373; x_wconf 71' lang='grc' dir='ltr'><strong>καὶ</strong></span> <span class='ocrx_word' id='word_1_165' title='bbox 1774 2320 1836 2372; x_wconf 78' lang='grc' dir='ltr'><strong>ὲκ</strong></span> 
     </span>
    </p>
   </div>
   <div class='ocr_carea' id='block_1_21' title="bbox 267 2395 1838 2479">
    <p class='ocr_par' dir='ltr' id='par_1_21' title="bbox 267 2395 1838 2479">
     <span class='ocr_line' id='line_1_21' title="bbox 267 2395 1838 2479; baseline 0.01 -31"><span class='ocrx_word' id='word_1_166' title='bbox 267 2398 360 2449; x_wconf 79' lang='grc' dir='ltr'><strong>τοῦ</strong></span> <span class='ocrx_word' id='word_1_167' title='bbox 384 2396 515 2452; x_wconf 82' lang='grc' dir='ltr'>Υίοῦ</span> <span class='ocrx_word' id='word_1_168' title='bbox 541 2395 684 2454; x_wconf 82' lang='grc' dir='ltr'>εῖναι</span> <span class='ocrx_word' id='word_1_169' title='bbox 703 2409 1234 2475; x_wconf 83' lang='grc' dir='ltr'>προσμαρτυρείται.</span> <span class='ocrx_word' id='word_1_170' title='bbox 1262 2409 1305 2460; x_wconf 82' lang='grc' dir='ltr'><em>Ε</em></span> <span class='ocrx_word' id='word_1_171' title='bbox 1311 2410 1329 2462; x_wconf 88' lang='grc' dir='ltr'><strong>ι</strong></span> <span class='ocrx_word' id='word_1_172' title='bbox 1351 2408 1458 2479; x_wconf 63' lang='grc' dir='ltr'><strong>γάρ</strong></span> <span class='ocrx_word' id='word_1_173' title='bbox 1477 2425 1564 2475; x_wconf 76' lang='grc' dir='ltr'><strong>τις</strong></span> <span class='ocrx_word' id='word_1_174' title='bbox 1598 2410 1838 2478; x_wconf 71' lang='grc' dir='ltr'>Πνεῦμα</span> 
     </span>
    </p>
   </div>
   <div class='ocr_carea' id='block_1_22' title="bbox 266 2490 1834 2566">
    <p class='ocr_par' dir='ltr' id='par_1_22' title="bbox 266 2490 1834 2566">
     <span class='ocr_line' id='line_1_22' title="bbox 266 2490 1834 2566; baseline 0.008 -24"><span class='ocrx_word' id='word_1_175' title='bbox 266 2490 524 2556; x_wconf 77' lang='grc' dir='ltr'><strong>Χριστοῦ</strong></span> <span class='ocrx_word' id='word_1_176' title='bbox 557 2495 670 2548; x_wconf 77' lang='grc' dir='ltr'><strong>οὐκ</strong></span> <span class='ocrx_word' id='word_1_177' title='bbox 716 2494 865 2564; x_wconf 55' lang='grc' dir='ltr'><strong>ἔχες</strong></span> <span class='ocrx_word' id='word_1_178' title='bbox 914 2500 1099 2566; x_wconf 70' lang='grc' dir='ltr'>φησὶν,</span> <span class='ocrx_word' id='word_1_179' title='bbox 1133 2496 1308 2566; x_wconf 78' lang='grc' dir='ltr'>οὗτος</span> <span class='ocrx_word' id='word_1_180' title='bbox 1360 2504 1471 2554; x_wconf 81' lang='grc' dir='ltr'><strong>οὐκ</strong></span> <span class='ocrx_word' id='word_1_181' title='bbox 1520 2502 1693 2555; x_wconf 71' lang='grc' dir='ltr'>ἔστιν</span> <span class='ocrx_word' id='word_1_182' title='bbox 1735 2506 1834 2555; x_wconf 74' lang='grc' dir='ltr'><strong>αὺ-</strong></span> 
     </span>
    </p>
   </div>
   <div class='ocr_carea' id='block_1_23' title="bbox 266 2598 436 2637">
    <p class='ocr_par' dir='ltr' id='par_1_23' title="bbox 266 2598 436 2637">
     <span class='ocr_line' id='line_1_23' title="bbox 266 2598 436 2637; baseline 0.006 -2"><span class='ocrx_word' id='word_1_183' title='bbox 266 2598 394 2637; x_wconf 75' lang='grc' dir='ltr'>του.</span> <span class='ocrx_word' id='word_1_184' title='bbox 418 2603 436 2636; x_wconf 70' lang='grc'><strong>1</strong></span> 
     </span>
    </p>
   </div>
   <div class='ocr_carea' id='block_1_24' title="bbox 338 2769 1837 2845">
    <p class='ocr_par' dir='ltr' id='par_1_24' title="bbox 338 2769 1837 2845">
     <span class='ocr_line' id='line_1_24' title="bbox 338 2769 1837 2845; baseline 0.01 -27"><span class='ocrx_word' id='word_1_185' title='bbox 338 2773 435 2819; x_wconf 84' lang='grc' dir='ltr'><strong>κε’.</strong></span> <span class='ocrx_word' id='word_1_186' title='bbox 481 2769 629 2822; x_wconf 73' lang='grc' dir='ltr'>’Λνω</span> <span class='ocrx_word' id='word_1_187' title='bbox 662 2772 730 2824; x_wconf 80' lang='grc' dir='ltr'>τὰ</span> <span class='ocrx_word' id='word_1_188' title='bbox 768 2770 934 2842; x_wconf 85' lang='grc' dir='ltr'>τῆσδε</span> <span class='ocrx_word' id='word_1_189' title='bbox 969 2775 1181 2845; x_wconf 78' lang='grc' dir='ltr'>ρήσεως</span> <span class='ocrx_word' id='word_1_190' title='bbox 1225 2772 1594 2842; x_wconf 72' lang='grc' dir='ltr'><strong>ἐξεταστικῶς</strong></span> <span class='ocrx_word' id='word_1_191' title='bbox 1639 2774 1837 2833; x_wconf 87' lang='grc' dir='ltr'>τεθεω-</span> 
     </span>
    </p>
   </div>
   <div class='ocr_carea' id='block_1_25' title="bbox 269 2861 1840 2939">
    <p class='ocr_par' dir='ltr' id='par_1_25' title="bbox 269 2861 1840 2939">
     <span class='ocr_line' id='line_1_25' title="bbox 269 2861 1840 2939; baseline 0.013 -31"><span class='ocrx_word' id='word_1_192' title='bbox 269 2861 521 2927; x_wconf 66' lang='grc' dir='ltr'><strong>ρηκίῖτῖς.</strong></span> <span class='ocrx_word' id='word_1_193' title='bbox 565 2862 662 2913; x_wconf 75' lang='grc' dir='ltr'><strong>νῦν</strong></span> <span class='ocrx_word' id='word_1_194' title='bbox 690 2864 890 2933; x_wconf 78' lang='grc' dir='ltr'><strong>ἑτέρως</strong></span> <span class='ocrx_word' id='word_1_195' title='bbox 920 2866 1059 2920; x_wconf 79' lang='grc' dir='ltr'><strong>αὐτά</strong></span> <span class='ocrx_word' id='word_1_196' title='bbox 1090 2871 1523 2939; x_wconf 74' lang='grc' dir='ltr'>κατοπτεύομεν,</span> <span class='ocrx_word' id='word_1_197' title='bbox 1582 2874 1705 2927; x_wconf 75' lang='grc' dir='ltr'>ἐπεὶ</span> <span class='ocrx_word' id='word_1_198' title='bbox 1728 2874 1840 2928; x_wconf 80' lang='grc' dir='ltr'>δια-</span> 
     </span>
    </p>
   </div>
   <div class='ocr_carea' id='block_1_26' title="bbox 266 2951 1838 3037">
    <p class='ocr_par' dir='ltr' id='par_1_26' title="bbox 266 2951 1838 3037">
     <span class='ocr_line' id='line_1_26' title="bbox 266 2951 1838 3037; baseline 0.013 -35"><span class='ocrx_word' id='word_1_199' title='bbox 266 2951 454 3021; x_wconf 53' lang='grc' dir='ltr'>φόμοις</span> <span class='ocrx_word' id='word_1_200' title='bbox 496 2955 554 3005; x_wconf 82' lang='grc' dir='ltr'>ὲν</span> <span class='ocrx_word' id='word_1_201' title='bbox 581 2954 861 3025; x_wconf 72' lang='grc' dir='ltr'>ζητήμασι</span> <span class='ocrx_word' id='word_1_202' title='bbox 890 2958 957 3011; x_wconf 81' lang='grc' dir='ltr'>τὰ</span> <span class='ocrx_word' id='word_1_203' title='bbox 998 2959 1117 3013; x_wconf 88' lang='grc' dir='ltr'>θεῖα</span> <span class='ocrx_word' id='word_1_204' title='bbox 1144 2960 1254 3015; x_wconf 88' lang='grc' dir='ltr'><strong>τῶν</strong></span> <span class='ocrx_word' id='word_1_205' title='bbox 1279 2962 1562 3033; x_wconf 80' lang='grc' dir='ltr'>θεηγόρων</span> <span class='ocrx_word' id='word_1_206' title='bbox 1588 2966 1695 3037; x_wconf 77' lang='grc' dir='ltr'><strong>ἔπη</strong></span> <span class='ocrx_word' id='word_1_207' title='bbox 1720 2967 1838 3021; x_wconf 70' lang='lat' dir='ltr'><strong>6m-</strong></span> 
     </span>
    </p>
   </div>
   <div class='ocr_carea' id='block_1_27' title="bbox 268 3045 1838 3128">
    <p class='ocr_par' dir='ltr' id='par_1_27' title="bbox 268 3045 1838 3128">
     <span class='ocr_line' id='line_1_27' title="bbox 268 3045 1838 3128; baseline 0.014 -35"><span class='ocrx_word' id='word_1_208' title='bbox 268 3045 454 3113; x_wconf 76' lang='grc' dir='ltr'>φόρως</span> <span class='ocrx_word' id='word_1_209' title='bbox 494 3046 560 3098; x_wconf 85' lang='grc' dir='ltr'><strong>τὰ</strong></span> <span class='ocrx_word' id='word_1_210' title='bbox 605 3047 705 3116; x_wconf 83' lang='grc' dir='ltr'>τῆς</span> <span class='ocrx_word' id='word_1_211' title='bbox 747 3048 1006 3117; x_wconf 78' lang='grc' dir='ltr'>ἀληθείας</span> <span class='ocrx_word' id='word_1_212' title='bbox 1051 3053 1404 3120; x_wconf 75' lang='grc' dir='ltr'>αὐγάζουσιν.</span> <span class='ocrx_word' id='word_1_213' title='bbox 1440 3058 1561 3112; x_wconf 88' lang='grc' dir='ltr'>Ὅτι</span> <span class='ocrx_word' id='word_1_214' title='bbox 1605 3060 1707 3128; x_wconf 84' lang='grc' dir='ltr'>μὲν</span> <span class='ocrx_word' id='word_1_215' title='bbox 1746 3056 1838 3114; x_wconf 75' lang='grc' dir='ltr'>οὖν</span> 
     </span>
    </p>
   </div>
   <div class='ocr_carea' id='block_1_28' title="bbox 267 3135 1839 3221">
    <p class='ocr_par' dir='ltr' id='par_1_28' title="bbox 267 3135 1839 3221">
     <span class='ocr_line' id='line_1_28' title="bbox 267 3135 1839 3221; baseline 0.012 -32"><span class='ocrx_word' id='word_1_216' title='bbox 267 3135 549 3191; x_wconf 71' lang='grc' dir='ltr'>κάνταῦθα</span> <span class='ocrx_word' id='word_1_217' title='bbox 574 3139 832 3207; x_wconf 78' lang='grc' dir='ltr'>καθαρῶς</span> <span class='ocrx_word' id='word_1_218' title='bbox 877 3144 941 3196; x_wconf 78' lang='grc' dir='ltr'><strong>ἐκ</strong></span> <span class='ocrx_word' id='word_1_219' title='bbox 980 3144 1075 3197; x_wconf 88' lang='grc' dir='ltr'><strong>τοῦ</strong></span> <span class='ocrx_word' id='word_1_220' title='bbox 1104 3145 1238 3199; x_wconf 82' lang='grc' dir='ltr'>Υίοῦ</span> <span class='ocrx_word' id='word_1_221' title='bbox 1267 3148 1327 3201; x_wconf 82' lang='grc' dir='ltr'>τὸ</span> <span class='ocrx_word' id='word_1_222' title='bbox 1371 3148 1595 3221; x_wconf 83' lang='grc' dir='ltr'>Πνεῦμα</span> <span class='ocrx_word' id='word_1_223' title='bbox 1633 3170 1839 3221; x_wconf 84' lang='grc' dir='ltr'>μυστα-</span> 
     </span>
    </p>
   </div>
   <div class='ocr_carea' id='block_1_29' title="bbox 1232 449 2518 514">
    <p class='ocr_par' dir='ltr' id='par_1_29' title="bbox 1232 449 2518 514">
     <span class='ocr_line' id='line_1_29' title="bbox 1232 449 2518 514; baseline 0.003 -4"><span class='ocrx_word' id='word_1_224' title='bbox 1232 449 1427 510; x_wconf 71' lang='lat' dir='ltr'>CONT</span> <span class='ocrx_word' id='word_1_225' title='bbox 1441 452 1532 510; x_wconf 70' lang='lat' dir='ltr'><strong>liA</strong></span> <span class='ocrx_word' id='word_1_226' title='bbox 1575 450 2004 512; x_wconf 57' lang='lat' dir='ltr'><strong>MANUELEAI</strong></span> <span class='ocrx_word' id='word_1_227' title='bbox 2043 452 2518 514; x_wconf 59' lang='lat' dir='ltr'><strong>CRETENSERI.</strong></span> 
     </span>
    </p>
   </div>
   <div class='ocr_carea' id='block_1_30' title="bbox 3384 452 3520 516">
    <p class='ocr_par' dir='ltr' id='par_1_30' title="bbox 3384 452 3520 516">
     <span class='ocr_line' id='line_1_30' title="bbox 3384 452 3520 516; baseline -0.007 0"><span class='ocrx_word' id='word_1_228' title='bbox 3384 452 3520 516; x_wconf 53' lang='lat'><strong>1&#39;79)</strong></span> 
     </span>
    </p>
   </div>
   <div class='ocr_carea' id='block_1_31' title="bbox 269 559 1843 634">
    <p class='ocr_par' dir='ltr' id='par_1_31' title="bbox 269 559 1843 634">
     <span class='ocr_line' id='line_1_31' title="bbox 269 559 1843 634; baseline -0.001 -18"><span class='ocrx_word' id='word_1_229' title='bbox 269 561 424 625; x_wconf 76' lang='grc' dir='ltr'>δόξαν</span> <span class='ocrx_word' id='word_1_230' title='bbox 473 561 571 615; x_wconf 77' lang='grc' dir='ltr'><strong>καὶ</strong></span> <span class='ocrx_word' id='word_1_231' title='bbox 606 559 910 632; x_wconf 80' lang='grc' dir='ltr'>Ἀνομοίου,</span> <span class='ocrx_word' id='word_1_232' title='bbox 953 578 973 612; x_wconf 77' lang='grc' dir='ltr'><strong>ι</strong></span> <span class='ocrx_word' id='word_1_233' title='bbox 1023 559 1201 625; x_wconf 70' lang='lat' dir='ltr'><strong>Atria,</strong></span> <span class='ocrx_word' id='word_1_234' title='bbox 1250 580 1267 612; x_wconf 74' lang='grc' dir='ltr'><strong>ι</strong></span> <span class='ocrx_word' id='word_1_235' title='bbox 1307 563 1496 632; x_wconf 60' lang='grc' dir='ltr'>φησιν,</span> <span class='ocrx_word' id='word_1_236' title='bbox 1551 582 1570 614; x_wconf 77' lang='grc' dir='ltr'><strong>ι</strong></span> <span class='ocrx_word' id='word_1_237' title='bbox 1624 562 1843 634; x_wconf 73' lang='grc' dir='ltr'>ἐστινὴ</span> 
     </span>
    </p>
   </div>
   <div class='ocr_carea' id='block_1_32' title="bbox 1946 559 3519 634">
    <p class='ocr_par' dir='ltr' id='par_1_32' title="bbox 1949 561 3519 633">
     <span class='ocr_line' id='line_1_32' title="bbox 1949 561 3519 633; baseline 0 -17"><span class='ocrx_word' id='word_1_238' title='bbox 1949 562 2016 617; x_wconf 83' lang='lat' dir='ltr'><strong>Et</strong></span> <span class='ocrx_word' id='word_1_239' title='bbox 2039 562 2406 621; x_wconf 81' lang='lat' dir='ltr'><strong>confessionis</strong></span> <span class='ocrx_word' id='word_1_240' title='bbox 2440 562 2669 633; x_wconf 85' lang='lat' dir='ltr'><strong>hujusce</strong></span> <span class='ocrx_word' id='word_1_241' title='bbox 2705 563 2925 621; x_wconf 88' lang='lat' dir='ltr'><strong>coronis</strong></span> <span class='ocrx_word' id='word_1_242' title='bbox 2962 561 3292 619; x_wconf 76' lang='lat' dir='ltr'><strong>Athanasius</strong></span> <span class='ocrx_word' id='word_1_243' title='bbox 3328 566 3380 619; x_wconf 93' lang='lat' dir='ltr'><strong>in</strong></span> <span class='ocrx_word' id='word_1_244' title='bbox 3407 568 3519 619; x_wconf 81' lang='lat' dir='ltr'><strong>eol—</strong></span> 
     </span>
    </p>
   </div>
   <div class='ocr_carea' id='block_1_33' title="bbox 1945 654 3515 729">
    <p class='ocr_par' dir='ltr' id='par_1_33' title="bbox 1945 654 3515 729">
     <span class='ocr_line' id='line_1_33' title="bbox 1945 654 3515 729; baseline -0.002 -18"><span class='ocrx_word' id='word_1_245' title='bbox 1945 655 2152 727; x_wconf 82' lang='lat' dir='ltr'><strong>loquio,</strong></span> <span class='ocrx_word' id='word_1_246' title='bbox 2181 655 2328 727; x_wconf 88' lang='lat' dir='ltr'><strong>quod</strong></span> <span class='ocrx_word' id='word_1_247' title='bbox 2375 656 2491 729; x_wconf 87' lang='lat' dir='ltr'><strong>ipse</strong></span> <span class='ocrx_word' id='word_1_248' title='bbox 2527 657 2671 711; x_wconf 87' lang='lat' dir='ltr'><strong>inter</strong></span> <span class='ocrx_word' id='word_1_249' title='bbox 2701 655 3028 712; x_wconf 82' lang='lat' dir='ltr'><strong>Anomoeum</strong></span> <span class='ocrx_word' id='word_1_250' title='bbox 3063 665 3118 711; x_wconf 88' lang='lat' dir='ltr'><strong>et</strong></span> <span class='ocrx_word' id='word_1_251' title='bbox 3139 654 3515 711; x_wconf 79' lang='lat' dir='ltr'><strong>Orthodoxum</strong></span> 
     </span>
    </p>
   </div>
   <div class='ocr_carea' id='block_1_34' title="bbox 1945 744 3510 818">
    <p class='ocr_par' dir='ltr' id='par_1_34' title="bbox 1945 744 3510 818">
     <span class='ocr_line' id='line_1_34' title="bbox 1945 744 3510 818; baseline -0.003 -15"><span class='ocrx_word' id='word_1_252' title='bbox 1945 747 2314 814; x_wconf 79' lang='lat' dir='ltr'><strong>concinnavit,</strong></span> <span class='ocrx_word' id='word_1_253' title='bbox 2352 765 2371 798; x_wconf 78' lang='grc' dir='ltr'><strong>ι</strong></span> <span class='ocrx_word' id='word_1_254' title='bbox 2408 746 2604 812; x_wconf 87' lang='lat' dir='ltr'><strong>Causa,</strong></span> <span class='ocrx_word' id='word_1_255' title='bbox 2625 746 2825 818; x_wconf 86' lang='lat' dir='ltr'><strong>inquit,</strong></span> <span class='ocrx_word' id='word_1_256' title='bbox 2846 756 2929 801; x_wconf 91' lang='lat' dir='ltr'><strong>est</strong></span> <span class='ocrx_word' id='word_1_257' title='bbox 2960 745 3055 802; x_wconf 85' lang='lat' dir='ltr'><strong>Dei</strong></span> <span class='ocrx_word' id='word_1_258' title='bbox 3086 755 3280 801; x_wconf 85' lang='lat' dir='ltr'><strong>natura</strong></span> <span class='ocrx_word' id='word_1_259' title='bbox 3305 753 3358 803; x_wconf 92' lang='lat' dir='ltr'><strong>et</strong></span> <span class='ocrx_word' id='word_1_260' title='bbox 3389 744 3510 801; x_wconf 83' lang='lat' dir='ltr'><strong>Filii</strong></span> 
     </span>
    </p>
   </div>
   <div class='ocr_carea' id='block_1_35' title="bbox 1918 838 3517 910">
    <p class='ocr_par' dir='ltr' id='par_1_35' title="bbox 1918 838 3517 910">
     <span class='ocr_line' id='line_1_35' title="bbox 1918 838 3517 910; baseline -0.001 -16"><span class='ocrx_word' id='word_1_261' title='bbox 1918 849 1998 907; x_wconf 13' lang='lat' dir='ltr'><strong>let</strong></span> <span class='ocrx_word' id='word_1_262' title='bbox 2029 839 2266 910; x_wconf 87' lang='lat' dir='ltr'><strong>Spiritus</strong></span> <span class='ocrx_word' id='word_1_263' title='bbox 2295 840 2489 901; x_wconf 88' lang='lat' dir='ltr'><strong>sancti,</strong></span> <span class='ocrx_word' id='word_1_264' title='bbox 2521 850 2576 895; x_wconf 91' lang='lat' dir='ltr'><strong>et</strong></span> <span class='ocrx_word' id='word_1_265' title='bbox 2610 840 2883 896; x_wconf 75' lang='lat' dir='ltr'><strong>universae</strong></span> <span class='ocrx_word' id='word_1_266' title='bbox 2920 849 3203 896; x_wconf 67' lang='lat' dir='ltr'><strong>creaturae.</strong></span> <span class='ocrx_word' id='word_1_267' title='bbox 3239 859 3257 894; x_wconf 76' lang='grc' dir='ltr'><strong>ι</strong></span> <span class='ocrx_word' id='word_1_268' title='bbox 3310 839 3416 895; x_wconf 85' lang='lat' dir='ltr'><strong>Sed</strong></span> <span class='ocrx_word' id='word_1_269' title='bbox 3462 838 3517 894; x_wconf 94' lang='lat' dir='ltr'><strong>in</strong></span> 
     </span>
    </p>
   </div>
   <div class='ocr_carea' id='block_1_36' title="bbox 1946 931 3518 1002">
    <p class='ocr_par' dir='ltr' id='par_1_36' title="bbox 1946 931 3518 1002">
     <span class='ocr_line' id='line_1_36' title="bbox 1946 931 3518 1002; baseline -0.002 -18"><span class='ocrx_word' id='word_1_270' title='bbox 1946 932 2109 984; x_wconf 84' lang='lat' dir='ltr'><strong>rehns</strong></span> <span class='ocrx_word' id='word_1_271' title='bbox 2139 931 2338 985; x_wconf 71' lang='lat' dir='ltr'><strong>divinis</strong></span> <span class='ocrx_word' id='word_1_272' title='bbox 2372 931 2646 1000; x_wconf 80' lang='lat' dir='ltr'><strong>egregium</strong></span> <span class='ocrx_word' id='word_1_273' title='bbox 2698 932 3005 1002; x_wconf 83' lang='lat' dir='ltr'><strong>Nyssennm</strong></span> <span class='ocrx_word' id='word_1_274' title='bbox 3042 947 3165 987; x_wconf 91' lang='lat' dir='ltr'><strong>cum</strong></span> <span class='ocrx_word' id='word_1_275' title='bbox 3197 932 3250 986; x_wconf 90' lang='lat' dir='ltr'><strong>in</strong></span> <span class='ocrx_word' id='word_1_276' title='bbox 3284 931 3518 985; x_wconf 88' lang='lat' dir='ltr'><strong>medium</strong></span> 
     </span>
    </p>
   </div>
   <div class='ocr_carea' id='block_1_37' title="bbox 1944 1020 3519 1093">
    <p class='ocr_par' dir='ltr' id='par_1_37' title="bbox 1944 1020 3519 1093">
     <span class='ocr_line' id='line_1_37' title="bbox 1944 1020 3519 1093; baseline -0.001 -19"><span class='ocrx_word' id='word_1_277' title='bbox 1944 1021 2350 1093; x_wconf 71' lang='lat' dir='ltr'><strong>adduxerirnus.</strong></span> <span class='ocrx_word' id='word_1_278' title='bbox 2385 1034 2479 1090; x_wconf 87' lang='lat' dir='ltr'><strong>per</strong></span> <span class='ocrx_word' id='word_1_279' title='bbox 2508 1020 2704 1076; x_wconf 86' lang='lat' dir='ltr'><strong>Filium</strong></span> <span class='ocrx_word' id='word_1_280' title='bbox 2734 1022 2992 1091; x_wconf 78' lang='lat' dir='ltr'><strong>Spiritum</strong></span> <span class='ocrx_word' id='word_1_281' title='bbox 3030 1025 3413 1079; x_wconf 89' lang='lat' dir='ltr'><strong>decernentem</strong></span> <span class='ocrx_word' id='word_1_282' title='bbox 3467 1023 3519 1078; x_wconf 77' lang='lat' dir='ltr'><strong>i-i</strong></span> 
     </span>
    </p>
   </div>
   <div class='ocr_carea' id='block_1_38' title="bbox 1946 1113 3520 1185">
    <p class='ocr_par' dir='ltr' id='par_1_38' title="bbox 1946 1113 3520 1185">
     <span class='ocr_line' id='line_1_38' title="bbox 1946 1113 3520 1185; baseline 0.004 -22"><span class='ocrx_word' id='word_1_283' title='bbox 1946 1127 2239 1183; x_wconf 82' lang='lat' dir='ltr'><strong>progressu</strong></span> <span class='ocrx_word' id='word_1_284' title='bbox 2267 1128 2364 1183; x_wconf 91' lang='lat' dir='ltr'><strong>per</strong></span> <span class='ocrx_word' id='word_1_285' title='bbox 2394 1113 2571 1182; x_wconf 87' lang='lat' dir='ltr'><strong>ipsum</strong></span> <span class='ocrx_word' id='word_1_286' title='bbox 2605 1116 2674 1170; x_wconf 87' lang='lat' dir='ltr'><strong>ad</strong></span> <span class='ocrx_word' id='word_1_287' title='bbox 2721 1115 3120 1182; x_wconf 78' lang='lat' dir='ltr'><strong>exsistcntiam,</strong></span> <span class='ocrx_word' id='word_1_288' title='bbox 3174 1116 3250 1170; x_wconf 91' lang='lat' dir='ltr'><strong>uti</strong></span> <span class='ocrx_word' id='word_1_289' title='bbox 3282 1115 3394 1185; x_wconf 84' lang='lat' dir='ltr'><strong>jam</strong></span> <span class='ocrx_word' id='word_1_290' title='bbox 3431 1115 3520 1169; x_wconf 81' lang='lat' dir='ltr'><strong>de-</strong></span> 
     </span>
    </p>
   </div>
   <div class='ocr_carea' id='block_1_39' title="bbox 1945 1204 3519 1277">
    <p class='ocr_par' dir='ltr' id='par_1_39' title="bbox 1945 1204 3519 1277">
     <span class='ocr_line' id='line_1_39' title="bbox 1945 1204 3519 1277; baseline 0.001 -18"><span class='ocrx_word' id='word_1_291' title='bbox 1945 1204 2186 1259; x_wconf 84' lang='lat' dir='ltr'><strong>crevisse</strong></span> <span class='ocrx_word' id='word_1_292' title='bbox 2216 1205 2440 1261; x_wconf 81' lang='lat' dir='ltr'><strong>fratrem</strong></span> <span class='ocrx_word' id='word_1_293' title='bbox 2472 1207 2620 1263; x_wconf 89' lang='lat' dir='ltr'><strong>illius</strong></span> <span class='ocrx_word' id='word_1_294' title='bbox 2649 1222 2965 1277; x_wconf 75' lang='lat' dir='ltr'><strong>germanum</strong></span> <span class='ocrx_word' id='word_1_295' title='bbox 3004 1206 3519 1266; x_wconf 78' lang='lat' dir='ltr'><strong>demonstravimus,</strong></span> 
     </span>
    </p>
   </div>
   <div class='ocr_carea' id='block_1_40' title="bbox 1946 1296 3519 1365">
    <p class='ocr_par' dir='ltr' id='par_1_40' title="bbox 1946 1296 3519 1365">
     <span class='ocr_line' id='line_1_40' title="bbox 1946 1296 3519 1365; baseline 0 -17"><span class='ocrx_word' id='word_1_296' title='bbox 1946 1303 2177 1365; x_wconf 81' lang='lat' dir='ltr'><strong>utraque</strong></span> <span class='ocrx_word' id='word_1_297' title='bbox 2200 1297 2498 1351; x_wconf 86' lang='lat' dir='ltr'><strong>secundum</strong></span> <span class='ocrx_word' id='word_1_298' title='bbox 2519 1298 2767 1353; x_wconf 83' lang='lat' dir='ltr'><strong>eamdem</strong></span> <span class='ocrx_word' id='word_1_299' title='bbox 2788 1296 3117 1352; x_wconf 72' lang='lat' dir='ltr'><strong>sementium</strong></span> <span class='ocrx_word' id='word_1_300' title='bbox 3148 1297 3519 1360; x_wconf 83' lang='lat' dir='ltr'><strong>deﬁnientem,</strong></span> 
     </span>
    </p>
   </div>
   <div class='ocr_carea' id='block_1_41' title="bbox 1948 1384 3520 1456">
    <p class='ocr_par' dir='ltr' id='par_1_41' title="bbox 1948 1384 3520 1456">
     <span class='ocr_line' id='line_1_41' title="bbox 1948 1384 3520 1456; baseline 0.003 -19"><span class='ocrx_word' id='word_1_301' title='bbox 1948 1401 1969 1436; x_wconf 82' lang='grc' dir='ltr'><strong>ι</strong></span> <span class='ocrx_word' id='word_1_302' title='bbox 2006 1400 2072 1439; x_wconf 80' lang='lat' dir='ltr'><strong>ex</strong></span> <span class='ocrx_word' id='word_1_303' title='bbox 2123 1384 2261 1441; x_wconf 87' lang='lat' dir='ltr'><strong>Filio</strong></span> <span class='ocrx_word' id='word_1_304' title='bbox 2298 1396 2354 1442; x_wconf 94' lang='lat' dir='ltr'><strong>et</strong></span> <span class='ocrx_word' id='word_1_305' title='bbox 2396 1404 2492 1456; x_wconf 88' lang='lat' dir='ltr'><strong>per</strong></span> <span class='ocrx_word' id='word_1_306' title='bbox 2541 1388 2738 1443; x_wconf 87' lang='lat' dir='ltr'><strong>Filium</strong></span> <span class='ocrx_word' id='word_1_307' title='bbox 2788 1407 2807 1441; x_wconf 74' lang='grc' dir='ltr'><strong>ι</strong></span> <span class='ocrx_word' id='word_1_308' title='bbox 2841 1399 2895 1442; x_wconf 90' lang='lat' dir='ltr'><strong>et</strong></span> <span class='ocrx_word' id='word_1_309' title='bbox 2948 1387 3090 1442; x_wconf 83' lang='lat' dir='ltr'><strong>solus</strong></span> <span class='ocrx_word' id='word_1_310' title='bbox 3123 1403 3309 1442; x_wconf 79' lang='lat' dir='ltr'><strong>vocem</strong></span> <span class='ocrx_word' id='word_1_311' title='bbox 3368 1403 3520 1441; x_wconf 90' lang='lat' dir='ltr'><strong>com-</strong></span> 
     </span>
    </p>
   </div>
   <div class='ocr_carea' id='block_1_42' title="bbox 1943 1477 3523 1547">
    <p class='ocr_par' dir='ltr' id='par_1_42' title="bbox 1943 1477 3523 1547">
     <span class='ocr_line' id='line_1_42' title="bbox 1943 1477 3523 1547; baseline 0 -18"><span class='ocrx_word' id='word_1_312' title='bbox 1943 1485 2361 1540; x_wconf 86' lang='lat' dir='ltr'><strong>monstrantem.</strong></span> <span class='ocrx_word' id='word_1_313' title='bbox 2403 1494 2527 1533; x_wconf 90' lang='lat' dir='ltr'><strong>cum</strong></span> <span class='ocrx_word' id='word_1_314' title='bbox 2578 1478 2647 1533; x_wconf 89' lang='lat' dir='ltr'><strong>de</strong></span> <span class='ocrx_word' id='word_1_315' title='bbox 2680 1478 2838 1533; x_wconf 87' lang='lat' dir='ltr'><strong>Patre</strong></span> <span class='ocrx_word' id='word_1_316' title='bbox 2873 1479 3161 1547; x_wconf 84' lang='lat' dir='ltr'><strong>accipitur.</strong></span> <span class='ocrx_word' id='word_1_317' title='bbox 3211 1477 3359 1532; x_wconf 88' lang='lat' dir='ltr'><strong>nullo</strong></span> <span class='ocrx_word' id='word_1_318' title='bbox 3402 1492 3523 1531; x_wconf 86' lang='lat' dir='ltr'><strong>esse</strong></span> 
     </span>
    </p>
   </div>
   <div class='ocr_carea' id='block_1_43' title="bbox 1944 1566 3522 1639">
    <p class='ocr_par' dir='ltr' id='par_1_43' title="bbox 1944 1566 3522 1639">
     <span class='ocr_line' id='line_1_43' title="bbox 1944 1566 3522 1639; baseline -0.001 -18"><span class='ocrx_word' id='word_1_319' title='bbox 1944 1566 2351 1637; x_wconf 88' lang='lat' dir='ltr'><strong>impedimento.</strong></span> <span class='ocrx_word' id='word_1_320' title='bbox 2388 1570 2517 1639; x_wconf 88' lang='lat' dir='ltr'><strong>quin</strong></span> <span class='ocrx_word' id='word_1_321' title='bbox 2550 1571 3007 1626; x_wconf 74' lang='lat' dir='ltr'><strong>convenientibus</strong></span> <span class='ocrx_word' id='word_1_322' title='bbox 3045 1570 3357 1633; x_wconf 89' lang='lat' dir='ltr'><strong>sententiis,</strong></span> <span class='ocrx_word' id='word_1_323' title='bbox 3394 1569 3522 1623; x_wconf 86' lang='lat' dir='ltr'><strong>dum</strong></span> 
     </span>
    </p>
   </div>
   <div class='ocr_carea' id='block_1_44' title="bbox 1943 1661 3524 1732">
    <p class='ocr_par' dir='ltr' id='par_1_44' title="bbox 1943 1661 3524 1732">
     <span class='ocr_line' id='line_1_44' title="bbox 1943 1661 3524 1732; baseline -0.001 -19"><span class='ocrx_word' id='word_1_324' title='bbox 1943 1674 2032 1715; x_wconf 88' lang='lat' dir='ltr'><strong>res</strong></span> <span class='ocrx_word' id='word_1_325' title='bbox 2063 1661 2383 1730; x_wconf 60' lang='lat' dir='ltr'><strong>theologica</strong></span> <span class='ocrx_word' id='word_1_326' title='bbox 2407 1670 2837 1732; x_wconf 83' lang='lat' dir='ltr'><strong>pertractantur,</strong></span> <span class='ocrx_word' id='word_1_327' title='bbox 2896 1674 2951 1717; x_wconf 87' lang='lat' dir='ltr'><strong>et</strong></span> <span class='ocrx_word' id='word_1_328' title='bbox 2982 1664 3047 1717; x_wconf 90' lang='lat' dir='ltr'><strong>de</strong></span> <span class='ocrx_word' id='word_1_329' title='bbox 3068 1672 3315 1717; x_wconf 82' lang='lat' dir='ltr'><strong>creatura</strong></span> <span class='ocrx_word' id='word_1_330' title='bbox 3344 1677 3524 1716; x_wconf 81' lang='lat' dir='ltr'><strong>sermo</strong></span> 
     </span>
    </p>
   </div>
   <div class='ocr_carea' id='block_1_45' title="bbox 1943 1756 3521 1827">
    <p class='ocr_par' dir='ltr' id='par_1_45' title="bbox 1943 1756 3521 1827">
     <span class='ocr_line' id='line_1_45' title="bbox 1943 1756 3521 1827; baseline -0.001 -16"><span class='ocrx_word' id='word_1_331' title='bbox 1943 1763 2044 1821; x_wconf 86' lang='lat' dir='ltr'><strong>est,</strong></span> <span class='ocrx_word' id='word_1_332' title='bbox 2081 1765 2310 1827; x_wconf 85' lang='lat' dir='ltr'><strong>utraque</strong></span> <span class='ocrx_word' id='word_1_333' title='bbox 2340 1757 2729 1827; x_wconf 69' lang='lat' dir='ltr'><strong>prmdicentur,</strong></span> <span class='ocrx_word' id='word_1_334' title='bbox 2757 1758 2835 1814; x_wconf 87' lang='lat' dir='ltr'><strong>rei</strong></span> <span class='ocrx_word' id='word_1_335' title='bbox 2860 1759 3054 1815; x_wconf 89' lang='lat' dir='ltr'><strong>ordine</strong></span> <span class='ocrx_word' id='word_1_336' title='bbox 3100 1768 3337 1824; x_wconf 80' lang='lat' dir='ltr'><strong>servato,</strong></span> <span class='ocrx_word' id='word_1_337' title='bbox 3378 1756 3521 1811; x_wconf 88' lang='lat' dir='ltr'><strong>idem</strong></span> 
     </span>
    </p>
   </div>
   <div class='ocr_carea' id='block_1_46' title="bbox 1943 1844 3518 1917">
    <p class='ocr_par' dir='ltr' id='par_1_46' title="bbox 1943 1844 3518 1917">
     <span class='ocr_line' id='line_1_46' title="bbox 1943 1844 3518 1917; baseline 0.001 -21"><span class='ocrx_word' id='word_1_338' title='bbox 1943 1858 2091 1897; x_wconf 88' lang='lat' dir='ltr'><strong>nunc</strong></span> <span class='ocrx_word' id='word_1_339' title='bbox 2122 1844 2447 1901; x_wconf 83' lang='lat' dir='ltr'><strong>referendus</strong></span> <span class='ocrx_word' id='word_1_340' title='bbox 2482 1847 2687 1917; x_wconf 82' lang='lat' dir='ltr'><strong>ingenti</strong></span> <span class='ocrx_word' id='word_1_341' title='bbox 2726 1862 2861 1902; x_wconf 83' lang='lat' dir='ltr'><strong>voce</strong></span> <span class='ocrx_word' id='word_1_342' title='bbox 2891 1847 3278 1917; x_wconf 82' lang='lat' dir='ltr'><strong>pronuntians,</strong></span> <span class='ocrx_word' id='word_1_343' title='bbox 3306 1866 3325 1900; x_wconf 81' lang='grc' dir='ltr'><strong>ι</strong></span> <span class='ocrx_word' id='word_1_344' title='bbox 3357 1847 3518 1901; x_wconf 87' lang='lat' dir='ltr'><strong>etiam</strong></span> 
     </span>
    </p>
   </div>
   <div class='ocr_carea' id='block_1_47' title="bbox 1939 1934 3522 2008">
    <p class='ocr_par' dir='ltr' id='par_1_47' title="bbox 1939 1934 3522 2008">
     <span class='ocr_line' id='line_1_47' title="bbox 1939 1934 3522 2008; baseline 0 -19"><span class='ocrx_word' id='word_1_345' title='bbox 1939 1948 2007 1989; x_wconf 79' lang='lat' dir='ltr'><strong>ex</strong></span> <span class='ocrx_word' id='word_1_346' title='bbox 2046 1934 2203 1993; x_wconf 87' lang='lat' dir='ltr'><strong>Filio.</strong></span> <span class='ocrx_word' id='word_1_347' title='bbox 2238 1954 2257 1987; x_wconf 71' lang='grc' dir='ltr'><strong>ι</strong></span> <span class='ocrx_word' id='word_1_348' title='bbox 2290 1937 2358 1992; x_wconf 82' lang='grc' dir='ltr'><strong>Ει</strong></span> <span class='ocrx_word' id='word_1_349' title='bbox 2385 1940 2451 1993; x_wconf 89' lang='lat' dir='ltr'><strong>de</strong></span> <span class='ocrx_word' id='word_1_350' title='bbox 2494 1953 2673 1994; x_wconf 72' lang='lat' dir='ltr'><strong>rtrum</strong></span> <span class='ocrx_word' id='word_1_351' title='bbox 2716 1941 2998 1994; x_wconf 80' lang='lat' dir='ltr'><strong>creatione</strong></span> <span class='ocrx_word' id='word_1_352' title='bbox 3032 1954 3098 1993; x_wconf 79' lang='lat' dir='ltr'><strong>ex</strong></span> <span class='ocrx_word' id='word_1_353' title='bbox 3140 1939 3385 2008; x_wconf 78' lang='lat' dir='ltr'><strong>proxime</strong></span> <span class='ocrx_word' id='word_1_354' title='bbox 3411 1938 3522 2008; x_wconf 63' lang='lat' dir='ltr'><strong>jam</strong></span> 
     </span>
    </p>
   </div>
   <div class='ocr_carea' id='block_1_48' title="bbox 1938 2026 3523 2101">
    <p class='ocr_par' dir='ltr' id='par_1_48' title="bbox 1938 2026 3523 2101">
     <span class='ocr_line' id='line_1_48' title="bbox 1938 2026 3523 2101; baseline 0.003 -21"><span class='ocrx_word' id='word_1_355' title='bbox 1938 2026 2187 2081; x_wconf 81' lang='lat' dir='ltr'><strong>adductis</strong></span> <span class='ocrx_word' id='word_1_356' title='bbox 2215 2029 2583 2084; x_wconf 73' lang='lat' dir='ltr'><strong>indubitatum</strong></span> <span class='ocrx_word' id='word_1_357' title='bbox 2623 2039 2727 2094; x_wconf 90' lang='lat' dir='ltr'><strong>est,</strong></span> <span class='ocrx_word' id='word_1_358' title='bbox 2777 2032 2845 2085; x_wconf 89' lang='lat' dir='ltr'><strong>de</strong></span> <span class='ocrx_word' id='word_1_359' title='bbox 2876 2032 3064 2087; x_wconf 87' lang='lat' dir='ltr'><strong>divino</strong></span> <span class='ocrx_word' id='word_1_360' title='bbox 3096 2046 3225 2087; x_wconf 79' lang='lat' dir='ltr'><strong>vero</strong></span> <span class='ocrx_word' id='word_1_361' title='bbox 3247 2090 3252 2095; x_wconf 59' lang='grc'><strong>,</strong></span> <span class='ocrx_word' id='word_1_362' title='bbox 3274 2041 3330 2087; x_wconf 85' lang='lat' dir='ltr'><strong>et</strong></span> <span class='ocrx_word' id='word_1_363' title='bbox 3360 2046 3523 2101; x_wconf 81' lang='lat' dir='ltr'><strong>supra</strong></span> 
     </span>
    </p>
   </div>
   <div class='ocr_carea' id='block_1_49' title="bbox 1940 2119 3522 2193">
    <p class='ocr_par' dir='ltr' id='par_1_49' title="bbox 1940 2119 3522 2193">
     <span class='ocr_line' id='line_1_49' title="bbox 1940 2119 3522 2193; baseline 0.001 -22"><span class='ocrx_word' id='word_1_364' title='bbox 1940 2119 2238 2175; x_wconf 86' lang='lat' dir='ltr'><strong>bonitatem</strong></span> <span class='ocrx_word' id='word_1_365' title='bbox 2291 2137 2512 2177; x_wconf 85' lang='lat' dir='ltr'><strong>omnem</strong></span> <span class='ocrx_word' id='word_1_366' title='bbox 2568 2122 2777 2193; x_wconf 85' lang='lat' dir='ltr'><strong>Spiritu</strong></span> <span class='ocrx_word' id='word_1_367' title='bbox 2836 2122 2891 2177; x_wconf 92' lang='lat' dir='ltr'><strong>in</strong></span> <span class='ocrx_word' id='word_1_368' title='bbox 2942 2123 3193 2178; x_wconf 87' lang='lat' dir='ltr'><strong>oratione</strong></span> <span class='ocrx_word' id='word_1_369' title='bbox 3245 2124 3522 2177; x_wconf 78' lang='lat' dir='ltr'><strong>Dominica</strong></span> 
     </span>
    </p>
   </div>
   <div class='ocr_carea' id='block_1_50' title="bbox 1941 2210 3527 2287">
    <p class='ocr_par' dir='ltr' id='par_1_50' title="bbox 1941 2210 3527 2287">
     <span class='ocr_line' id='line_1_50' title="bbox 1941 2210 3527 2287; baseline 0.004 -24"><span class='ocrx_word' id='word_1_370' title='bbox 1941 2210 2232 2266; x_wconf 80' lang='lat' dir='ltr'><strong>manifesto</strong></span> <span class='ocrx_word' id='word_1_371' title='bbox 2281 2212 2424 2267; x_wconf 88' lang='lat' dir='ltr'><strong>hunc</strong></span> <span class='ocrx_word' id='word_1_372' title='bbox 2469 2214 2524 2267; x_wconf 90' lang='lat' dir='ltr'><strong>in</strong></span> <span class='ocrx_word' id='word_1_373' title='bbox 2563 2216 2783 2270; x_wconf 88' lang='lat' dir='ltr'><strong>modum</strong></span> <span class='ocrx_word' id='word_1_374' title='bbox 2819 2215 3108 2271; x_wconf 85' lang='lat' dir='ltr'><strong>edisserit:</strong></span> <span class='ocrx_word' id='word_1_375' title='bbox 3149 2234 3168 2267; x_wconf 82' lang='grc' dir='ltr'><strong>ι</strong></span> <span class='ocrx_word' id='word_1_376' title='bbox 3204 2214 3527 2287; x_wconf 80' lang='lat' dir='ltr'><strong>Unigenitus</strong></span> 
     </span>
    </p>
   </div>
   <div class='ocr_carea' id='block_1_51' title="bbox 1938 2301 3525 2378">
    <p class='ocr_par' dir='ltr' id='par_1_51' title="bbox 1938 2301 3525 2378">
     <span class='ocr_line' id='line_1_51' title="bbox 1938 2301 3525 2378; baseline 0.005 -24"><span class='ocrx_word' id='word_1_377' title='bbox 1938 2301 2083 2355; x_wconf 86' lang='lat' dir='ltr'><strong>enim</strong></span> <span class='ocrx_word' id='word_1_378' title='bbox 2115 2301 2283 2359; x_wconf 85' lang='lat' dir='ltr'><strong>Filius</strong></span> <span class='ocrx_word' id='word_1_379' title='bbox 2315 2319 2380 2359; x_wconf 81' lang='lat' dir='ltr'><strong>ex</strong></span> <span class='ocrx_word' id='word_1_380' title='bbox 2408 2304 2568 2359; x_wconf 87' lang='lat' dir='ltr'><strong>Patre</strong></span> <span class='ocrx_word' id='word_1_381' title='bbox 2606 2322 2633 2358; x_wconf 92' lang='lat' dir='ltr'><strong>a</strong></span> <span class='ocrx_word' id='word_1_382' title='bbox 2677 2306 2861 2361; x_wconf 80' lang='lat' dir='ltr'><strong>divina</strong></span> <span class='ocrx_word' id='word_1_383' title='bbox 2905 2305 3192 2378; x_wconf 85' lang='lat' dir='ltr'><strong>Scriptura</strong></span> <span class='ocrx_word' id='word_1_384' title='bbox 3242 2323 3525 2378; x_wconf 84' lang='lat' dir='ltr'><strong>nuncupa-</strong></span> 
     </span>
    </p>
   </div>
   <div class='ocr_carea' id='block_1_52' title="bbox 1941 2397 3523 2470">
    <p class='ocr_par' dir='ltr' id='par_1_52' title="bbox 1941 2397 3523 2470">
     <span class='ocr_line' id='line_1_52' title="bbox 1941 2397 3523 2470; baseline 0.005 -23"><span class='ocrx_word' id='word_1_385' title='bbox 1941 2404 2050 2461; x_wconf 88' lang='lat' dir='ltr'><strong>tur,</strong></span> <span class='ocrx_word' id='word_1_386' title='bbox 2114 2412 2215 2451; x_wconf 84' lang='lat' dir='ltr'><strong>nec</strong></span> <span class='ocrx_word' id='word_1_387' title='bbox 2278 2397 2417 2452; x_wconf 90' lang='lat' dir='ltr'><strong>ultra</strong></span> <span class='ocrx_word' id='word_1_388' title='bbox 2468 2398 2574 2453; x_wconf 86' lang='lat' dir='ltr'><strong>hoc</strong></span> <span class='ocrx_word' id='word_1_389' title='bbox 2617 2398 3013 2470; x_wconf 84' lang='lat' dir='ltr'><strong>proprietatem</strong></span> <span class='ocrx_word' id='word_1_390' title='bbox 3074 2400 3221 2455; x_wconf 90' lang='lat' dir='ltr'><strong>illius</strong></span> <span class='ocrx_word' id='word_1_391' title='bbox 3259 2402 3523 2466; x_wconf 66' lang='lat' dir='ltr'><strong>extendit,</strong></span> 
     </span>
    </p>
   </div>
   <div class='ocr_carea' id='block_1_53' title="bbox 1939 2486 3521 2559">
    <p class='ocr_par' dir='ltr' id='par_1_53' title="bbox 1939 2486 3521 2559">
     <span class='ocr_line' id='line_1_53' title="bbox 1939 2486 3521 2559; baseline 0.004 -21"><span class='ocrx_word' id='word_1_392' title='bbox 1939 2486 2176 2555; x_wconf 87' lang='lat' dir='ltr'><strong>Spiritus</strong></span> <span class='ocrx_word' id='word_1_393' title='bbox 2203 2501 2385 2547; x_wconf 81' lang='lat' dir='ltr'><strong>autem</strong></span> <span class='ocrx_word' id='word_1_394' title='bbox 2432 2502 2656 2547; x_wconf 85' lang='lat' dir='ltr'><strong>sanctus</strong></span> <span class='ocrx_word' id='word_1_395' title='bbox 2716 2507 2767 2545; x_wconf 86' lang='lat' dir='ltr'><strong>et</strong></span> <span class='ocrx_word' id='word_1_396' title='bbox 2806 2509 2872 2549; x_wconf 77' lang='lat' dir='ltr'><strong>ex</strong></span> <span class='ocrx_word' id='word_1_397' title='bbox 2902 2493 3061 2548; x_wconf 83' lang='lat' dir='ltr'><strong>Patre</strong></span> <span class='ocrx_word' id='word_1_398' title='bbox 3092 2491 3312 2559; x_wconf 79' lang='lat' dir='ltr'><strong>dicitur,</strong></span> <span class='ocrx_word' id='word_1_399' title='bbox 3362 2503 3417 2548; x_wconf 89' lang='lat' dir='ltr'><strong>ct</strong></span> <span class='ocrx_word' id='word_1_400' title='bbox 3460 2508 3521 2546; x_wconf 63' lang='lat' dir='ltr'><strong>ex</strong></span> 
     </span>
    </p>
   </div>
   <div class='ocr_carea' id='block_1_54' title="bbox 1942 2581 3522 2653">
    <p class='ocr_par' dir='ltr' id='par_1_54' title="bbox 1942 2581 3522 2653">
     <span class='ocr_line' id='line_1_54' title="bbox 1942 2581 3522 2653; baseline 0.001 -18"><span class='ocrx_word' id='word_1_401' title='bbox 1942 2581 2081 2635; x_wconf 78' lang='lat' dir='ltr'><strong>Filio</strong></span> <span class='ocrx_word' id='word_1_402' title='bbox 2130 2598 2248 2637; x_wconf 86' lang='lat' dir='ltr'><strong>esse</strong></span> <span class='ocrx_word' id='word_1_403' title='bbox 2297 2584 2580 2640; x_wconf 76' lang='lat' dir='ltr'><strong>astruitur.</strong></span> <span class='ocrx_word' id='word_1_404' title='bbox 2615 2583 2673 2638; x_wconf 92' lang='lat' dir='ltr'><strong>Si</strong></span> <span class='ocrx_word' id='word_1_405' title='bbox 2718 2586 2833 2653; x_wconf 87' lang='lat' dir='ltr'><strong>quis</strong></span> <span class='ocrx_word' id='word_1_406' title='bbox 2879 2586 3017 2639; x_wconf 82' lang='lat' dir='ltr'><strong>enim</strong></span> <span class='ocrx_word' id='word_1_407' title='bbox 3054 2582 3315 2653; x_wconf 81' lang='lat' dir='ltr'><strong>Spiritum</strong></span> <span class='ocrx_word' id='word_1_408' title='bbox 3365 2583 3522 2639; x_wconf 82' lang='lat' dir='ltr'><strong>Chri-</strong></span> 
     </span>
    </p>
   </div>
   <div class='ocr_carea' id='block_1_55' title="bbox 1937 2674 3262 2745">
    <p class='ocr_par' dir='ltr' id='par_1_55' title="bbox 1937 2674 3262 2745">
     <span class='ocr_line' id='line_1_55' title="bbox 1937 2674 3262 2745; baseline 0 -19"><span class='ocrx_word' id='word_1_409' title='bbox 1937 2674 2004 2726; x_wconf 86' lang='lat' dir='ltr'><strong>sti</strong></span> <span class='ocrx_word' id='word_1_410' title='bbox 2040 2690 2142 2727; x_wconf 85' lang='lat' dir='ltr'><strong>non</strong></span> <span class='ocrx_word' id='word_1_411' title='bbox 2172 2675 2345 2739; x_wconf 81' lang='lat' dir='ltr'><strong>habet,</strong></span> <span class='ocrx_word' id='word_1_412' title='bbox 2387 2677 2582 2745; x_wconf 79' lang='lat' dir='ltr'><strong>inquit,</strong></span> <span class='ocrx_word' id='word_1_413' title='bbox 2615 2677 2698 2730; x_wconf 79' lang='lat' dir='ltr'><strong>hic</strong></span> <span class='ocrx_word' id='word_1_414' title='bbox 2729 2693 2831 2730; x_wconf 84' lang='lat' dir='ltr'><strong>non</strong></span> <span class='ocrx_word' id='word_1_415' title='bbox 2869 2685 2943 2730; x_wconf 86' lang='lat' dir='ltr'><strong>est</strong></span> <span class='ocrx_word' id='word_1_416' title='bbox 2979 2677 3092 2745; x_wconf 87' lang='lat' dir='ltr'><strong>ejus</strong></span> <span class='ocrx_word' id='word_1_417' title='bbox 3134 2676 3197 2728; x_wconf 84' lang='grc'>⁸².</span> <span class='ocrx_word' id='word_1_418' title='bbox 3244 2693 3262 2726; x_wconf 77' lang='grc' dir='ltr'><strong>ι</strong></span> 
     </span>
    </p>
   </div>
   <div class='ocr_carea' id='block_1_56' title="bbox 2015 2767 3522 2838">
    <p class='ocr_par' dir='ltr' id='par_1_56' title="bbox 2015 2767 3522 2838">
     <span class='ocr_line' id='line_1_56' title="bbox 2015 2767 3522 2838; baseline -0.001 -15"><span class='ocrx_word' id='word_1_419' title='bbox 2015 2768 2108 2823; x_wconf 73' lang='lat'><strong>25.</strong></span> <span class='ocrx_word' id='word_1_420' title='bbox 2142 2767 2290 2822; x_wconf 83' lang='lat' dir='ltr'><strong>Licet</strong></span> <span class='ocrx_word' id='word_1_421' title='bbox 2331 2783 2492 2838; x_wconf 84' lang='lat' dir='ltr'><strong>supra</strong></span> <span class='ocrx_word' id='word_1_422' title='bbox 2533 2768 2738 2824; x_wconf 88' lang='lat' dir='ltr'><strong>dictum</strong></span> <span class='ocrx_word' id='word_1_423' title='bbox 2788 2768 2969 2823; x_wconf 88' lang='lat' dir='ltr'><strong>simile</strong></span> <span class='ocrx_word' id='word_1_424' title='bbox 3004 2768 3270 2824; x_wconf 87' lang='lat' dir='ltr'><strong>meditate</strong></span> <span class='ocrx_word' id='word_1_425' title='bbox 3306 2767 3522 2824; x_wconf 80' lang='lat' dir='ltr'><strong>exami-</strong></span> 
     </span>
    </p>
   </div>
   <div class='ocr_carea' id='block_1_57' title="bbox 1938 2860 3520 2932">
    <p class='ocr_par' dir='ltr' id='par_1_57' title="bbox 1938 2860 3520 2932">
     <span class='ocr_line' id='line_1_57' title="bbox 1938 2860 3520 2932; baseline -0.003 -13"><span class='ocrx_word' id='word_1_426' title='bbox 1938 2864 2212 2927; x_wconf 82' lang='lat' dir='ltr'><strong>navimus,</strong></span> <span class='ocrx_word' id='word_1_427' title='bbox 2274 2877 2422 2917; x_wconf 89' lang='lat' dir='ltr'><strong>nunc</strong></span> <span class='ocrx_word' id='word_1_428' title='bbox 2484 2862 2666 2917; x_wconf 89' lang='lat' dir='ltr'><strong>denuo</strong></span> <span class='ocrx_word' id='word_1_429' title='bbox 2731 2862 2865 2916; x_wconf 85' lang='lat' dir='ltr'><strong>illud</strong></span> <span class='ocrx_word' id='word_1_430' title='bbox 2924 2860 3305 2932; x_wconf 73' lang='lat' dir='ltr'><strong>alioquoque</strong></span> <span class='ocrx_word' id='word_1_431' title='bbox 3361 2862 3520 2916; x_wconf 75' lang='lat' dir='ltr'><strong>modo</strong></span> 
     </span>
    </p>
   </div>
   <div class='ocr_carea' id='block_1_58' title="bbox 1937 2954 3521 3025">
    <p class='ocr_par' dir='ltr' id='par_1_58' title="bbox 1937 2954 3521 3025">
     <span class='ocr_line' id='line_1_58' title="bbox 1937 2954 3521 3025; baseline -0.004 -11"><span class='ocrx_word' id='word_1_432' title='bbox 1937 2958 2316 3022; x_wconf 82' lang='lat' dir='ltr'><strong>discutiamus,</strong></span> <span class='ocrx_word' id='word_1_433' title='bbox 2356 2972 2479 3011; x_wconf 89' lang='lat' dir='ltr'><strong>cum</strong></span> <span class='ocrx_word' id='word_1_434' title='bbox 2514 2956 2569 3009; x_wconf 90' lang='lat' dir='ltr'><strong>in</strong></span> <span class='ocrx_word' id='word_1_435' title='bbox 2619 2955 2853 3010; x_wconf 89' lang='lat' dir='ltr'><strong>diversis</strong></span> <span class='ocrx_word' id='word_1_436' title='bbox 2904 2954 3303 3025; x_wconf 76' lang='lat' dir='ltr'><strong>qnazstionibus</strong></span> <span class='ocrx_word' id='word_1_437' title='bbox 3338 2954 3521 3009; x_wconf 82' lang='lat' dir='ltr'><strong>divina</strong></span> 
     </span>
    </p>
   </div>
   <div class='ocr_carea' id='block_1_59' title="bbox 1939 3047 3520 3119">
    <p class='ocr_par' dir='ltr' id='par_1_59' title="bbox 1939 3047 3520 3119">
     <span class='ocr_line' id='line_1_59' title="bbox 1939 3047 3520 3119; baseline -0.004 -13"><span class='ocrx_word' id='word_1_438' title='bbox 1939 3049 2403 3118; x_wconf 86' lang='lat' dir='ltr'><strong>diviniloquorum</strong></span> <span class='ocrx_word' id='word_1_439' title='bbox 2429 3048 2643 3118; x_wconf 84' lang='lat' dir='ltr'><strong>eloquia</strong></span> <span class='ocrx_word' id='word_1_440' title='bbox 2681 3047 2901 3103; x_wconf 82' lang='lat' dir='ltr'><strong>diverso</strong></span> <span class='ocrx_word' id='word_1_441' title='bbox 2932 3064 3148 3119; x_wconf 83' lang='lat' dir='ltr'><strong>quoque</strong></span> <span class='ocrx_word' id='word_1_442' title='bbox 3184 3050 3342 3103; x_wconf 81' lang='lat' dir='ltr'><strong>modo</strong></span> <span class='ocrx_word' id='word_1_443' title='bbox 3378 3052 3520 3103; x_wconf 84' lang='lat' dir='ltr'><strong>veri-</strong></span> 
     </span>
    </p>
   </div>
   <div class='ocr_carea' id='block_1_60' title="bbox 1942 3136 3521 3210">
    <p class='ocr_par' dir='ltr' id='par_1_60' title="bbox 1942 3136 3521 3210">
     <span class='ocr_line' id='line_1_60' title="bbox 1942 3136 3521 3210; baseline -0.004 -11"><span class='ocrx_word' id='word_1_444' title='bbox 1942 3153 2108 3199; x_wconf 85' lang='lat' dir='ltr'><strong>tatem</strong></span> <span class='ocrx_word' id='word_1_445' title='bbox 2137 3142 2429 3196; x_wconf 89' lang='lat' dir='ltr'><strong>illustrent.</strong></span> <span class='ocrx_word' id='word_1_446' title='bbox 2459 3139 2557 3195; x_wconf 90' lang='lat' dir='ltr'><strong>llic</strong></span> <span class='ocrx_word' id='word_1_447' title='bbox 2584 3141 2768 3209; x_wconf 84' lang='lat' dir='ltr'><strong>itaque</strong></span> <span class='ocrx_word' id='word_1_448' title='bbox 2796 3150 2982 3210; x_wconf 86' lang='lat' dir='ltr'><strong>aperte</strong></span> <span class='ocrx_word' id='word_1_449' title='bbox 3008 3155 3072 3193; x_wconf 82' lang='lat' dir='ltr'><strong>ex</strong></span> <span class='ocrx_word' id='word_1_450' title='bbox 3095 3136 3231 3194; x_wconf 82' lang='lat' dir='ltr'><strong>Filio</strong></span> <span class='ocrx_word' id='word_1_451' title='bbox 3259 3140 3521 3210; x_wconf 80' lang='lat' dir='ltr'><strong>Spiritum</strong></span> 
     </span>
    </p>
   </div>
   <div class='ocr_carea' id='block_1_61' title="bbox 268 3231 1843 3307">
    <p class='ocr_par' dir='ltr' id='par_1_61' title="bbox 268 3231 1840 3307">
     <span class='ocr_line' id='line_1_61' title="bbox 268 3231 1840 3307; baseline 0.014 -28"><span class='ocrx_word' id='word_1_452' title='bbox 268 3231 552 3297; x_wconf 84' lang='grc' dir='ltr'>γωγεῖται,</span> <span class='ocrx_word' id='word_1_453' title='bbox 586 3232 682 3285; x_wconf 75' lang='grc' dir='ltr'><strong>καὶ</strong></span> <span class='ocrx_word' id='word_1_454' title='bbox 708 3234 772 3285; x_wconf 75' lang='grc' dir='ltr'><strong>ὲκ</strong></span> <span class='ocrx_word' id='word_1_455' title='bbox 798 3235 893 3287; x_wconf 91' lang='grc' dir='ltr'><strong>τοῦ</strong></span> <span class='ocrx_word' id='word_1_456' title='bbox 929 3237 1142 3307; x_wconf 84' lang='grc' dir='ltr'>Πατρὺς</span> <span class='ocrx_word' id='word_1_457' title='bbox 1168 3240 1263 3292; x_wconf 69' lang='grc' dir='ltr'><strong>καὶ</strong></span> <span class='ocrx_word' id='word_1_458' title='bbox 1289 3242 1352 3294; x_wconf 83' lang='grc' dir='ltr'><strong>ὲκ</strong></span> <span class='ocrx_word' id='word_1_459' title='bbox 1378 3242 1475 3295; x_wconf 84' lang='grc' dir='ltr'><strong>τοῦ</strong></span> <span class='ocrx_word' id='word_1_460' title='bbox 1505 3244 1636 3298; x_wconf 86' lang='grc' dir='ltr'>Υίοῦ</span> <span class='ocrx_word' id='word_1_461' title='bbox 1658 3245 1840 3300; x_wconf 60' lang='grc' dir='ltr'>διατόα</span> 
     </span>
    </p>
   </div>
   <div class='ocr_carea' id='block_1_62' title="bbox 1946 3231 3521 3307">
    <p class='ocr_par' dir='ltr' id='par_1_62' title="bbox 1946 3233 3521 3302">
     <span class='ocr_line' id='line_1_62' title="bbox 1946 3233 3521 3302; baseline -0.002 -12"><span class='ocrx_word' id='word_1_462' title='bbox 1946 3235 2139 3302; x_wconf 77' lang='lat' dir='ltr'><strong>aStrui,</strong></span> <span class='ocrx_word' id='word_1_463' title='bbox 2174 3241 2229 3290; x_wconf 87' lang='lat' dir='ltr'><strong>et</strong></span> <span class='ocrx_word' id='word_1_464' title='bbox 2262 3249 2327 3289; x_wconf 81' lang='lat' dir='ltr'><strong>ex</strong></span> <span class='ocrx_word' id='word_1_465' title='bbox 2361 3235 2523 3289; x_wconf 87' lang='lat' dir='ltr'><strong>Patre</strong></span> <span class='ocrx_word' id='word_1_466' title='bbox 2559 3243 2613 3288; x_wconf 92' lang='lat' dir='ltr'><strong>et</strong></span> <span class='ocrx_word' id='word_1_467' title='bbox 2653 3233 2797 3288; x_wconf 76' lang='lat' dir='ltr'><strong>Filio</strong></span> <span class='ocrx_word' id='word_1_468' title='bbox 2826 3247 3023 3288; x_wconf 91' lang='lat' dir='ltr'><strong>sonora</strong></span> <span class='ocrx_word' id='word_1_469' title='bbox 3060 3247 3190 3287; x_wconf 86' lang='lat' dir='ltr'><strong>voce</strong></span> <span class='ocrx_word' id='word_1_470' title='bbox 3231 3233 3521 3297; x_wconf 79' lang='lat' dir='ltr'><strong>declarari,</strong></span> 
     </span>
    </p>
   </div>
   <div class='ocr_carea' id='block_1_63' title="bbox 271 3318 1842 3396">
    <p class='ocr_par' dir='ltr' id='par_1_63' title="bbox 271 3318 1842 3396">
     <span class='ocr_line' id='line_1_63' title="bbox 271 3318 1842 3396; baseline 0.013 -28"><span class='ocrx_word' id='word_1_471' title='bbox 271 3335 381 3387; x_wconf 87' lang='grc' dir='ltr'><strong>ρως</strong></span> <span class='ocrx_word' id='word_1_472' title='bbox 407 3318 720 3389; x_wconf 82' lang='grc' dir='ltr'>τρανοῦται,</span> <span class='ocrx_word' id='word_1_473' title='bbox 753 3322 890 3393; x_wconf 83' lang='grc' dir='ltr'>ὅπερ</span> <span class='ocrx_word' id='word_1_474' title='bbox 910 3323 937 3375; x_wconf 89' lang='lat'><strong>6</strong></span> <span class='ocrx_word' id='word_1_475' title='bbox 966 3324 1246 3396; x_wconf 70' lang='grc' dir='ltr'>ᾲντίθετος</span> <span class='ocrx_word' id='word_1_476' title='bbox 1279 3328 1341 3381; x_wconf 76' lang='grc' dir='ltr'><strong>τὸ</strong></span> <span class='ocrx_word' id='word_1_477' title='bbox 1370 3331 1464 3383; x_wconf 75' lang='grc' dir='ltr'><strong>καὶ</strong></span> <span class='ocrx_word' id='word_1_478' title='bbox 1487 3331 1551 3385; x_wconf 82' lang='grc' dir='ltr'><strong>ὲκ</strong></span> <span class='ocrx_word' id='word_1_479' title='bbox 1580 3331 1676 3386; x_wconf 88' lang='grc' dir='ltr'><strong>τοῦ</strong></span> <span class='ocrx_word' id='word_1_480' title='bbox 1712 3334 1842 3388; x_wconf 83' lang='grc' dir='ltr'>Υίοῦ</span> 
     </span>
    </p>
   </div>
   <div class='ocr_carea' id='block_1_64' title="bbox 269 3410 1845 3498">
    <p class='ocr_par' dir='ltr' id='par_1_64' title="bbox 269 3410 1845 3498">
     <span class='ocr_line' id='line_1_64' title="bbox 269 3410 1845 3498; baseline 0.013 -37"><span class='ocrx_word' id='word_1_481' title='bbox 269 3410 496 3477; x_wconf 77' lang='grc' dir='ltr'>φάσκει,</span> <span class='ocrx_word' id='word_1_482' title='bbox 534 3412 659 3475; x_wconf 76' lang='grc' dir='ltr'>«Τίς</span> <span class='ocrx_word' id='word_1_483' title='bbox 681 3413 715 3483; x_wconf 85' lang='grc' dir='ltr'>ὴ</span> <span class='ocrx_word' id='word_1_484' title='bbox 743 3414 955 3486; x_wconf 81' lang='grc' dir='ltr'><strong>ἀνάγκη</strong></span> <span class='ocrx_word' id='word_1_485' title='bbox 986 3416 1308 3486; x_wconf 79' lang='grc' dir='ltr'>λέγεσθαι;›</span> <span class='ocrx_word' id='word_1_486' title='bbox 1338 3422 1429 3475; x_wconf 68' lang='grc' dir='ltr'><strong>καὶ</strong></span> <span class='ocrx_word' id='word_1_487' title='bbox 1452 3423 1553 3477; x_wconf 80' lang='grc' dir='ltr'><strong>οὐκ</strong></span> <span class='ocrx_word' id='word_1_488' title='bbox 1584 3426 1845 3498; x_wconf 68' lang='grc' dir='ltr'>ἐπιστρέ-</span> 
     </span>
    </p>
   </div>
   <div class='ocr_carea' id='block_1_65' title="bbox 268 3500 1845 3587">
    <p class='ocr_par' dir='ltr' id='par_1_65' title="bbox 268 3500 1845 3587">
     <span class='ocr_line' id='line_1_65' title="bbox 268 3500 1845 3587; baseline 0.013 -34"><span class='ocrx_word' id='word_1_489' title='bbox 268 3500 469 3569; x_wconf 80' lang='grc' dir='ltr'>φεσθαι</span> <span class='ocrx_word' id='word_1_490' title='bbox 501 3501 703 3572; x_wconf 53' lang='grc' dir='ltr'>τῶν,ὲν</span> <span class='ocrx_word' id='word_1_491' title='bbox 737 3506 988 3578; x_wconf 75' lang='grc' dir='ltr'>θεολογίᾳ</span> <span class='ocrx_word' id='word_1_492' title='bbox 1022 3512 1307 3581; x_wconf 79' lang='grc' dir='ltr'>πατρικῶν</span> <span class='ocrx_word' id='word_1_493' title='bbox 1329 3513 1706 3585; x_wconf 83' lang='grc' dir='ltr'>διδασκαλιῶν,</span> <span class='ocrx_word' id='word_1_494' title='bbox 1743 3537 1845 3587; x_wconf 81' lang='grc' dir='ltr'>φα-</span> 
     </span>
    </p>
   </div>
   <div class='ocr_carea' id='block_1_66' title="bbox 186 3595 1842 3679">
    <p class='ocr_par' dir='ltr' id='par_1_66' title="bbox 186 3595 1842 3679">
     <span class='ocr_line' id='line_1_66' title="bbox 186 3595 1842 3679; baseline 0.011 -32"><span class='ocrx_word' id='word_1_495' title='bbox 186 3604 191 3607; x_wconf 83' lang='grc'>·</span> <span class='ocrx_word' id='word_1_496' title='bbox 269 3595 546 3666; x_wconf 83' lang='grc' dir='ltr'>νεροῦται.</span> <span class='ocrx_word' id='word_1_497' title='bbox 580 3598 690 3651; x_wconf 73' lang='grc' dir='ltr'><strong>Καὶ</strong></span> <span class='ocrx_word' id='word_1_498' title='bbox 714 3599 795 3650; x_wconf 76' lang='grc' dir='ltr'>ὅτι</span> <span class='ocrx_word' id='word_1_499' title='bbox 824 3598 916 3651; x_wconf 69' lang='grc' dir='ltr'><strong>τοῦ</strong></span> <span class='ocrx_word' id='word_1_500' title='bbox 945 3596 1100 3656; x_wconf 74' lang='grc' dir='ltr'>εἶναι</span> <span class='ocrx_word' id='word_1_501' title='bbox 1129 3606 1208 3666; x_wconf 85' lang='grc' dir='ltr'><strong>είς</strong></span> <span class='ocrx_word' id='word_1_502' title='bbox 1234 3606 1293 3657; x_wconf 69' lang='grc' dir='ltr'><strong>τὸ</strong></span> <span class='ocrx_word' id='word_1_503' title='bbox 1333 3610 1690 3679; x_wconf 82' lang='grc' dir='ltr'>παραστῆσαι</span> <span class='ocrx_word' id='word_1_504' title='bbox 1722 3614 1842 3666; x_wconf 71' lang='grc' dir='ltr'>τάδε</span> 
     </span>
    </p>
   </div>
   <div class='ocr_carea' id='block_1_67' title="bbox 270 3684 1845 3774">
    <p class='ocr_par' dir='ltr' id='par_1_67' title="bbox 270 3684 1845 3774">
     <span class='ocr_line' id='line_1_67' title="bbox 270 3684 1845 3774; baseline 0.014 -39"><span class='ocrx_word' id='word_1_505' title='bbox 270 3686 337 3774; x_wconf 67' lang='grc' dir='ltr'>εκ</span> <span class='ocrx_word' id='word_1_506' title='bbox 362 3684 515 3738; x_wconf 85' lang='grc' dir='ltr'>τοῦδε</span> <span class='ocrx_word' id='word_1_507' title='bbox 556 3688 638 3751; x_wconf 86' lang='grc' dir='ltr'><strong>είς</strong></span> <span class='ocrx_word' id='word_1_508' title='bbox 674 3687 962 3758; x_wconf 71' lang='grc' dir='ltr'>ὑπάρξεως</span> <span class='ocrx_word' id='word_1_509' title='bbox 1002 3692 1157 3760; x_wconf 81' lang='grc' dir='ltr'>λόγον</span> <span class='ocrx_word' id='word_1_510' title='bbox 1205 3696 1360 3750; x_wconf 75' lang='grc' dir='ltr'>οὐδὲν</span> <span class='ocrx_word' id='word_1_511' title='bbox 1400 3698 1845 3774; x_wconf 72' lang='grc' dir='ltr'>ἀρχοειδέστερον</span> 
     </span>
    </p>
   </div>
   <div class='ocr_carea' id='block_1_68' title="bbox 270 3772 1840 3860">
    <p class='ocr_par' dir='ltr' id='par_1_68' title="bbox 270 3772 1840 3860">
     <span class='ocr_line' id='line_1_68' title="bbox 270 3772 1840 3860; baseline 0.013 -35"><span class='ocrx_word' id='word_1_512' title='bbox 270 3772 307 3843; x_wconf 81' lang='grc' dir='ltr'>ἢ</span> <span class='ocrx_word' id='word_1_513' title='bbox 345 3775 750 3848; x_wconf 69' lang='grc' dir='ltr'>ἐμφανέστερον</span> <span class='ocrx_word' id='word_1_514' title='bbox 796 3778 979 3848; x_wconf 76' lang='grc' dir='ltr'>δῆλον.</span> <span class='ocrx_word' id='word_1_515' title='bbox 1014 3781 1185 3835; x_wconf 83' lang='grc' dir='ltr'>Τοῦτο</span> <span class='ocrx_word' id='word_1_516' title='bbox 1233 3784 1290 3837; x_wconf 70' lang='grc' dir='ltr'>δὲ</span> <span class='ocrx_word' id='word_1_517' title='bbox 1341 3789 1637 3857; x_wconf 82' lang='grc' dir='ltr'>σκεπτέον,</span> <span class='ocrx_word' id='word_1_518' title='bbox 1681 3772 1840 3860; x_wconf 15' lang='grc' dir='ltr'>τίήτὸ,</span> 
     </span>
    </p>
   </div>
   <div class='ocr_carea' id='block_1_69' title="bbox 278 3866 1838 3953">
    <p class='ocr_par' dir='ltr' id='par_1_69' title="bbox 278 3866 1838 3953">
     <span class='ocr_line' id='line_1_69' title="bbox 278 3866 1838 3953; baseline 0.013 -37"><span class='ocrx_word' id='word_1_519' title='bbox 278 3881 299 3916; x_wconf 80' lang='grc' dir='ltr'><strong>ι</strong></span> <span class='ocrx_word' id='word_1_520' title='bbox 342 3866 523 3935; x_wconf 80' lang='grc' dir='ltr'>Μέχρι</span> <span class='ocrx_word' id='word_1_521' title='bbox 554 3866 745 3922; x_wconf 83' lang='grc' dir='ltr'>τούτου</span> <span class='ocrx_word' id='word_1_522' title='bbox 775 3870 804 3922; x_wconf 92' lang='lat'><strong>6</strong></span> <span class='ocrx_word' id='word_1_523' title='bbox 830 3871 987 3940; x_wconf 87' lang='grc' dir='ltr'>λόγος</span> <span class='ocrx_word' id='word_1_524' title='bbox 1008 3873 1223 3943; x_wconf 80' lang='grc' dir='ltr'>ἵστησιν</span> <span class='ocrx_word' id='word_1_525' title='bbox 1273 3877 1427 3949; x_wconf 78' lang='grc' dir='ltr'><strong>αὗτῷ</strong></span> <span class='ocrx_word' id='word_1_526' title='bbox 1474 3880 1535 3933; x_wconf 79' lang='grc' dir='ltr'>τὸ</span> <span class='ocrx_word' id='word_1_527' title='bbox 1559 3879 1777 3953; x_wconf 81' lang='grc' dir='ltr'>ἰδίωμα,</span> <span class='ocrx_word' id='word_1_528' title='bbox 1819 3904 1838 3937; x_wconf 77' lang='lat' dir='ltr'><strong>s</strong></span> 
     </span>
    </p>
   </div>
   <div class='ocr_carea' id='block_1_70' title="bbox 277 3959 1846 4047">
    <p class='ocr_par' dir='ltr' id='par_1_70' title="bbox 277 3959 1846 4047">
     <span class='ocr_line' id='line_1_70' title="bbox 277 3959 1846 4047; baseline 0.015 -38"><span class='ocrx_word' id='word_1_529' title='bbox 277 3960 416 4027; x_wconf 77' lang='grc' dir='ltr'>μετὰ</span> <span class='ocrx_word' id='word_1_530' title='bbox 445 3959 504 4012; x_wconf 81' lang='grc' dir='ltr'>τὸ</span> <span class='ocrx_word' id='word_1_531' title='bbox 534 3962 770 4032; x_wconf 63' lang='grc' dir='ltr'>ῥηθῆναι</span> <span class='ocrx_word' id='word_1_532' title='bbox 808 3982 828 4016; x_wconf 77' lang='grc' dir='ltr'><strong>ι</strong></span> <span class='ocrx_word' id='word_1_533' title='bbox 865 3964 957 4019; x_wconf 84' lang='grc' dir='ltr'>τὸν</span> <span class='ocrx_word' id='word_1_534' title='bbox 985 3967 1112 4022; x_wconf 74' lang='grc' dir='ltr'>Υἱὺν</span> <span class='ocrx_word' id='word_1_535' title='bbox 1146 3988 1165 4021; x_wconf 72' lang='grc' dir='ltr'><strong>ι</strong></span> <span class='ocrx_word' id='word_1_536' title='bbox 1199 3972 1261 4027; x_wconf 85' lang='grc' dir='ltr'><strong>ὲκ</strong></span> <span class='ocrx_word' id='word_1_537' title='bbox 1287 3972 1379 4024; x_wconf 89' lang='grc' dir='ltr'><strong>τοῦ</strong></span> <span class='ocrx_word' id='word_1_538' title='bbox 1407 3974 1620 4044; x_wconf 83' lang='grc' dir='ltr'>Πατρδς</span> <span class='ocrx_word' id='word_1_539' title='bbox 1648 3975 1846 4047; x_wconf 77' lang='grc' dir='ltr'>ὀνομά-</span> 
     </span>
    </p>
   </div>
   <div class='ocr_carea' id='block_1_71' title="bbox 273 4049 1844 4137">
    <p class='ocr_par' dir='ltr' id='par_1_71' title="bbox 273 4049 1844 4137">
     <span class='ocr_line' id='line_1_71' title="bbox 273 4049 1844 4137; baseline 0.013 -35"><span class='ocrx_word' id='word_1_540' title='bbox 273 4049 488 4113; x_wconf 81' lang='grc' dir='ltr'>ζεσθαι.</span> <span class='ocrx_word' id='word_1_541' title='bbox 546 4054 771 4119; x_wconf 84' lang='grc' dir='ltr'>Πάντως</span> <span class='ocrx_word' id='word_1_542' title='bbox 809 4057 872 4110; x_wconf 82' lang='grc' dir='ltr'>τὸ</span> <span class='ocrx_word' id='word_1_543' title='bbox 940 4058 1101 4137; x_wconf 59' lang='grc' dir='ltr'>μέχρι</span> <span class='ocrx_word' id='word_1_544' title='bbox 1159 4061 1254 4114; x_wconf 84' lang='grc' dir='ltr'><strong>τοῦ</strong></span> <span class='ocrx_word' id='word_1_545' title='bbox 1320 4065 1384 4118; x_wconf 78' lang='grc' dir='ltr'><strong>ἐκ</strong></span> <span class='ocrx_word' id='word_1_546' title='bbox 1432 4066 1645 4137; x_wconf 84' lang='grc' dir='ltr'>Πατρὸς</span> <span class='ocrx_word' id='word_1_547' title='bbox 1705 4065 1844 4123; x_wconf 75' lang='grc' dir='ltr'>εἶναι</span> 
     </span>
    </p>
   </div>
   <div class='ocr_carea' id='block_1_72' title="bbox 271 4133 1845 4227">
    <p class='ocr_par' dir='ltr' id='par_1_72' title="bbox 271 4133 1845 4227">
     <span class='ocr_line' id='line_1_72' title="bbox 271 4133 1845 4227; baseline 0.013 -34"><span class='ocrx_word' id='word_1_548' title='bbox 271 4141 369 4194; x_wconf 76' lang='grc' dir='ltr'><strong>καὶ</strong></span> <span class='ocrx_word' id='word_1_549' title='bbox 396 4142 470 4214; x_wconf 81' lang='grc' dir='ltr'>μὴ</span> <span class='ocrx_word' id='word_1_550' title='bbox 498 4144 558 4208; x_wconf 76' lang='grc' dir='ltr'>ιξ</span> <span class='ocrx_word' id='word_1_551' title='bbox 583 4146 773 4217; x_wconf 78' lang='grc' dir='ltr'>ἑτέρου</span> <span class='ocrx_word' id='word_1_552' title='bbox 807 4149 966 4213; x_wconf 83' lang='grc' dir='ltr'>ὅλως.</span> <span class='ocrx_word' id='word_1_553' title='bbox 991 4133 1113 4206; x_wconf 64' lang='grc' dir='ltr'><strong>’Καὶ</strong></span> <span class='ocrx_word' id='word_1_554' title='bbox 1138 4153 1260 4224; x_wconf 81' lang='grc' dir='ltr'><strong>οὐχὶ</strong></span> <span class='ocrx_word' id='word_1_555' title='bbox 1289 4153 1384 4208; x_wconf 87' lang='grc' dir='ltr'><strong>τοῦ</strong></span> <span class='ocrx_word' id='word_1_556' title='bbox 1418 4133 1760 4227; x_wconf 83' lang='grc' dir='ltr'>Μονογενοῦς</span> <span class='ocrx_word' id='word_1_557' title='bbox 1784 4161 1845 4214; x_wconf 85' lang='grc' dir='ltr'>τὸ</span> 
     </span>
    </p>
   </div>
   <div class='ocr_carea' id='block_1_73' title="bbox 272 4236 1841 4323">
    <p class='ocr_par' dir='ltr' id='par_1_73' title="bbox 272 4236 1841 4323">
     <span class='ocr_line' id='line_1_73' title="bbox 272 4236 1841 4323; baseline 0.014 -37"><span class='ocrx_word' id='word_1_558' title='bbox 272 4236 337 4287; x_wconf 70' lang='grc' dir='ltr'><strong>ἐκ</strong></span> <span class='ocrx_word' id='word_1_559' title='bbox 370 4236 465 4288; x_wconf 91' lang='grc' dir='ltr'><strong>τοῦ</strong></span> <span class='ocrx_word' id='word_1_560' title='bbox 493 4238 708 4307; x_wconf 78' lang='grc' dir='ltr'>Πατρὺς</span> <span class='ocrx_word' id='word_1_561' title='bbox 738 4236 898 4304; x_wconf 80' lang='grc' dir='ltr'>εἶναι,</span> <span class='ocrx_word' id='word_1_562' title='bbox 940 4245 1130 4316; x_wconf 81' lang='grc' dir='ltr'>ἑτέρου</span> <span class='ocrx_word' id='word_1_563' title='bbox 1155 4246 1210 4299; x_wconf 79' lang='grc' dir='ltr'><strong>δι</strong></span> <span class='ocrx_word' id='word_1_564' title='bbox 1243 4249 1541 4318; x_wconf 78' lang='grc' dir='ltr'>προσώπου</span> <span class='ocrx_word' id='word_1_565' title='bbox 1578 4254 1653 4323; x_wconf 75' lang='grc' dir='ltr'>μὴ</span> <span class='ocrx_word' id='word_1_566' title='bbox 1680 4249 1841 4310; x_wconf 83' lang='grc' dir='ltr'>εἶναι.</span> 
     </span>
    </p>
   </div>
   <div class='ocr_carea' id='block_1_74' title="bbox 269 4327 1844 4409">
    <p class='ocr_par' dir='ltr' id='par_1_74' title="bbox 269 4327 1844 4409">
     <span class='ocr_line' id='line_1_74' title="bbox 269 4327 1844 4409; baseline 0.014 -31"><span class='ocrx_word' id='word_1_567' title='bbox 269 4327 443 4381; x_wconf 82' lang='grc' dir='ltr'>Τοῦτο</span> <span class='ocrx_word' id='word_1_568' title='bbox 473 4331 717 4400; x_wconf 71' lang='grc' dir='ltr'><strong>γὰρ-’ἀπό</strong></span> <span class='ocrx_word' id='word_1_569' title='bbox 740 4348 800 4385; x_wconf 86' lang='grc' dir='ltr'><strong>τε</strong></span> <span class='ocrx_word' id='word_1_570' title='bbox 826 4334 926 4404; x_wconf 84' lang='grc' dir='ltr'>τῆς</span> <span class='ocrx_word' id='word_1_571' title='bbox 950 4335 1152 4401; x_wconf 81' lang='grc' dir='ltr'>θέσεως</span> <span class='ocrx_word' id='word_1_572' title='bbox 1178 4339 1592 4409; x_wconf 81' lang='grc' dir='ltr'>ἁποπεμπτὲον,</span> <span class='ocrx_word' id='word_1_573' title='bbox 1633 4346 1727 4399; x_wconf 85' lang='grc' dir='ltr'><strong>καὶ</strong></span> <span class='ocrx_word' id='word_1_574' title='bbox 1751 4344 1844 4400; x_wconf 91' lang='grc' dir='ltr'><strong>τοῦ</strong></span> 
     </span>
    </p>
   </div>
   <div class='ocr_carea' id='block_1_75' title="bbox 271 4417 1846 4498">
    <p class='ocr_par' dir='ltr' id='par_1_75' title="bbox 271 4417 1846 4498">
     <span class='ocr_line' id='line_1_75' title="bbox 271 4417 1846 4498; baseline 0.013 -29"><span class='ocrx_word' id='word_1_575' title='bbox 271 4417 525 4494; x_wconf 81' lang='grc' dir='ltr'>θεμελίου</span> <span class='ocrx_word' id='word_1_576' title='bbox 561 4422 660 4491; x_wconf 78' lang='grc' dir='ltr'>τῆς</span> <span class='ocrx_word' id='word_1_577' title='bbox 702 4423 940 4489; x_wconf 85' lang='grc' dir='ltr'>πίστεως</span> <span class='ocrx_word' id='word_1_578' title='bbox 967 4428 1219 4498; x_wconf 77' lang='grc' dir='ltr'>ἄρνησις.</span> <span class='ocrx_word' id='word_1_579' title='bbox 1266 4431 1430 4485; x_wconf 73' lang='grc' dir='ltr'>Ἀλλὰ</span> <span class='ocrx_word' id='word_1_580' title='bbox 1460 4434 1577 4487; x_wconf 84' lang='grc' dir='ltr'>τόδε</span> <span class='ocrx_word' id='word_1_581' title='bbox 1620 4436 1737 4489; x_wconf 75' lang='grc' dir='ltr'>ἐστὶ</span> <span class='ocrx_word' id='word_1_582' title='bbox 1784 4438 1846 4489; x_wconf 82' lang='grc' dir='ltr'>τὸ</span> 
     </span>
    </p>
   </div>
   <div class='ocr_carea' id='block_1_76' title="bbox 274 4512 1899 4596">
    <p class='ocr_par' dir='ltr' id='par_1_76' title="bbox 274 4512 1899 4596">
     <span class='ocr_line' id='line_1_76' title="bbox 274 4512 1899 4596; baseline 0.009 -30"><span class='ocrx_word' id='word_1_583' title='bbox 274 4513 473 4578; x_wconf 83' lang='grc' dir='ltr'>ίδίωμα</span> <span class='ocrx_word' id='word_1_584' title='bbox 498 4512 558 4566; x_wconf 79' lang='grc' dir='ltr'>τὸ</span> <span class='ocrx_word' id='word_1_585' title='bbox 581 4514 674 4567; x_wconf 85' lang='grc' dir='ltr'>τὸν</span> <span class='ocrx_word' id='word_1_586' title='bbox 704 4516 833 4570; x_wconf 80' lang='grc' dir='ltr'><strong>Υῐὸν</strong></span> <span class='ocrx_word' id='word_1_587' title='bbox 863 4520 1024 4587; x_wconf 85' lang='grc' dir='ltr'>μόνον</span> <span class='ocrx_word' id='word_1_588' title='bbox 1051 4523 1114 4573; x_wconf 86' lang='grc' dir='ltr'><strong>ὲκ</strong></span> <span class='ocrx_word' id='word_1_589' title='bbox 1142 4520 1304 4590; x_wconf 83' lang='grc' dir='ltr'>μόνου</span> <span class='ocrx_word' id='word_1_590' title='bbox 1326 4522 1421 4576; x_wconf 88' lang='grc' dir='ltr'><strong>τοῦ</strong></span> <span class='ocrx_word' id='word_1_591' title='bbox 1448 4526 1660 4595; x_wconf 78' lang='grc' dir='ltr'>Πατρὸς</span> <span class='ocrx_word' id='word_1_592' title='bbox 1680 4523 1841 4596; x_wconf 82' lang='grc' dir='ltr'>εἶναι,</span> <span class='ocrx_word' id='word_1_593' title='bbox 1881 4564 1899 4596; x_wconf 69' lang='grc'>;</span> 
     </span>
    </p>
   </div>
   <div class='ocr_carea' id='block_1_77' title="bbox 270 4591 1921 4688">
    <p class='ocr_par' dir='ltr' id='par_1_77' title="bbox 270 4591 1921 4688">
     <span class='ocr_line' id='line_1_77' title="bbox 270 4591 1921 4688; baseline 0.011 -33"><span class='ocrx_word' id='word_1_594' title='bbox 270 4607 366 4656; x_wconf 69' lang='lat' dir='ltr'><strong>sui.</strong></span> <span class='ocrx_word' id='word_1_595' title='bbox 397 4606 459 4657; x_wconf 77' lang='grc' dir='ltr'>οὐ</span> <span class='ocrx_word' id='word_1_596' title='bbox 494 4608 668 4676; x_wconf 82' lang='grc' dir='ltr'>δήπου</span> <span class='ocrx_word' id='word_1_597' title='bbox 701 4608 796 4661; x_wconf 82' lang='grc' dir='ltr'><strong>καὶ</strong></span> <span class='ocrx_word' id='word_1_598' title='bbox 824 4607 883 4673; x_wconf 81' lang='grc' dir='ltr'><strong>ἐξ</strong></span> <span class='ocrx_word' id='word_1_599' title='bbox 914 4611 1126 4681; x_wconf 78' lang='grc' dir='ltr'>ἐτέρου,</span> <span class='ocrx_word' id='word_1_600' title='bbox 1175 4613 1207 4684; x_wconf 79' lang='grc' dir='ltr'><strong>ἦ</strong></span> <span class='ocrx_word' id='word_1_601' title='bbox 1240 4614 1308 4667; x_wconf 90' lang='grc' dir='ltr'>δι’</span> <span class='ocrx_word' id='word_1_602' title='bbox 1350 4591 1581 4687; x_wconf 51' lang='grc' dir='ltr'>ἑτέρουί</span> <span class='ocrx_word' id='word_1_603' title='bbox 1621 4619 1715 4671; x_wconf 72' lang='grc' dir='ltr'><strong>καὶ</strong></span> <span class='ocrx_word' id='word_1_604' title='bbox 1743 4591 1847 4688; x_wconf 53' lang='lat' dir='ltr'><strong>(pst;</strong></span> <span class='ocrx_word' id='word_1_605' title='bbox 1879 4591 1921 4647; x_wconf 72' lang='grc' dir='ltr'><strong>θ</strong></span> 
     </span>
    </p>
   </div>
   <div class='ocr_carea' id='block_1_78' title="bbox 235 4700 1847 4785">
    <p class='ocr_par' dir='ltr' id='par_1_78' title="bbox 235 4700 1847 4785">
     <span class='ocr_line' id='line_1_78' title="bbox 235 4700 1847 4785; baseline 0.012 -36"><span class='ocrx_word' id='word_1_606' title='bbox 235 4776 241 4782; x_wconf 26' lang='grc'><strong>,</strong></span> <span class='ocrx_word' id='word_1_607' title='bbox 269 4700 431 4767; x_wconf 70' lang='grc' dir='ltr'>νερδν</span> <span class='ocrx_word' id='word_1_608' title='bbox 461 4703 524 4752; x_wconf 82' lang='grc' dir='ltr'>ἐκ</span> <span class='ocrx_word' id='word_1_609' title='bbox 564 4702 664 4769; x_wconf 85' lang='grc' dir='ltr'>τῆς</span> <span class='ocrx_word' id='word_1_610' title='bbox 693 4701 962 4777; x_wconf 78' lang='grc' dir='ltr'>λεγούσης</span> <span class='ocrx_word' id='word_1_611' title='bbox 986 4709 1286 4779; x_wconf 81' lang='grc' dir='ltr'>ἐπαγωγῆς</span> <span class='ocrx_word' id='word_1_612' title='bbox 1306 4726 1324 4744; x_wconf 79' lang='grc' dir='ltr'><strong>ο</strong></span> <span class='ocrx_word' id='word_1_613' title='bbox 1368 4728 1386 4763; x_wconf 83' lang='grc' dir='ltr'><strong>ι</strong></span> <span class='ocrx_word' id='word_1_614' title='bbox 1424 4710 1497 4765; x_wconf 82' lang='grc' dir='ltr'><strong>Τὸ</strong></span> <span class='ocrx_word' id='word_1_615' title='bbox 1529 4712 1585 4765; x_wconf 80' lang='grc' dir='ltr'>δὲ</span> <span class='ocrx_word' id='word_1_616' title='bbox 1622 4713 1847 4785; x_wconf 84' lang='grc' dir='ltr'>Πνεῦμα</span> 
     </span>
    </p>
   </div>
   <div class='ocr_carea' id='block_1_79' title="bbox 233 4793 1850 4887">
    <p class='ocr_par' dir='ltr' id='par_1_79' title="bbox 233 4793 1850 4887">
     <span class='ocr_line' id='line_1_79' title="bbox 233 4793 1850 4887; baseline 0.011 -44"><span class='ocrx_word' id='word_1_617' title='bbox 233 4793 367 4887; x_wconf 60' lang='grc' dir='ltr'><strong>⁸καὶ</strong></span> <span class='ocrx_word' id='word_1_618' title='bbox 400 4794 463 4846; x_wconf 80' lang='grc' dir='ltr'><strong>ὲκ</strong></span> <span class='ocrx_word' id='word_1_619' title='bbox 494 4793 588 4846; x_wconf 88' lang='grc' dir='ltr'><strong>τοῦ</strong></span> <span class='ocrx_word' id='word_1_620' title='bbox 637 4796 850 4867; x_wconf 81' lang='grc' dir='ltr'>Πατρὸς</span> <span class='ocrx_word' id='word_1_621' title='bbox 880 4797 1126 4866; x_wconf 84' lang='grc' dir='ltr'>λέγεται,</span> <span class='ocrx_word' id='word_1_622' title='bbox 1178 4807 1275 4854; x_wconf 79' lang='grc' dir='ltr'><strong>καὶ</strong></span> <span class='ocrx_word' id='word_1_623' title='bbox 1306 4805 1369 4855; x_wconf 80' lang='grc' dir='ltr'>ἐκ</span> <span class='ocrx_word' id='word_1_624' title='bbox 1415 4804 1507 4856; x_wconf 85' lang='grc' dir='ltr'><strong>τοῦ</strong></span> <span class='ocrx_word' id='word_1_625' title='bbox 1545 4804 1675 4859; x_wconf 69' lang='lat' dir='ltr'><strong>rio-3</strong></span> <span class='ocrx_word' id='word_1_626' title='bbox 1708 4803 1850 4860; x_wconf 81' lang='grc' dir='ltr'>εἶναι</span> 
     </span>
    </p>
   </div>
   <div class='ocr_carea' id='block_1_80' title="bbox 232 4890 1850 4970">
    <p class='ocr_par' dir='ltr' id='par_1_80' title="bbox 232 4890 1850 4970">
     <span class='ocr_line' id='line_1_80' title="bbox 232 4890 1850 4970; baseline 0.011 -35"><span class='ocrx_word' id='word_1_627' title='bbox 232 4898 244 4914; x_wconf 80' lang='grc'><em>⁴</em></span> <span class='ocrx_word' id='word_1_628' title='bbox 273 4891 806 4957; x_wconf 82' lang='grc' dir='ltr'>προσμαρτυρεῖται.</span> <span class='ocrx_word' id='word_1_629' title='bbox 842 4909 861 4942; x_wconf 72' lang='grc' dir='ltr'><strong>ι</strong></span> <span class='ocrx_word' id='word_1_630' title='bbox 902 4890 1079 4961; x_wconf 82' lang='grc' dir='ltr'>Ὀσην</span> <span class='ocrx_word' id='word_1_631' title='bbox 1101 4894 1157 4945; x_wconf 85' lang='grc' dir='ltr'>δὲ</span> <span class='ocrx_word' id='word_1_632' title='bbox 1188 4894 1283 4947; x_wconf 70' lang='grc' dir='ltr'><strong>καὶ</strong></span> <span class='ocrx_word' id='word_1_633' title='bbox 1310 4895 1431 4948; x_wconf 83' lang='grc' dir='ltr'>οἷαν</span> <span class='ocrx_word' id='word_1_634' title='bbox 1456 4896 1554 4966; x_wconf 80' lang='grc' dir='ltr'>τὴν</span> <span class='ocrx_word' id='word_1_635' title='bbox 1586 4899 1850 4970; x_wconf 69' lang='grc' dir='ltr'>αἰσχύνην</span> 
     </span>
    </p>
   </div>
   <div class='ocr_carea' id='block_1_81' title="bbox 268 4978 1848 5057">
    <p class='ocr_par' dir='ltr' id='par_1_81' title="bbox 268 4978 1848 5057">
     <span class='ocr_line' id='line_1_81' title="bbox 268 4978 1848 5057; baseline 0.011 -28"><span class='ocrx_word' id='word_1_636' title='bbox 268 4978 523 5045; x_wconf 74' lang='grc' dir='ltr'>ὲκφαῐνει</span> <span class='ocrx_word' id='word_1_637' title='bbox 556 4982 971 5048; x_wconf 67' lang='grc' dir='ltr'>τοῖςκλέγουσιν,</span> <span class='ocrx_word' id='word_1_638' title='bbox 1034 4986 1208 5038; x_wconf 79' lang='grc' dir='ltr'>ὁποῖοι</span> <span class='ocrx_word' id='word_1_639' title='bbox 1262 4988 1370 5057; x_wconf 85' lang='grc' dir='ltr'>ἄρα</span> <span class='ocrx_word' id='word_1_640' title='bbox 1405 4988 1569 5052; x_wconf 60' lang='grc' dir='ltr'>εἰσιν,</span> <span class='ocrx_word' id='word_1_641' title='bbox 1598 4990 1673 5055; x_wconf 88' lang='grc' dir='ltr'>ὡς</span> <span class='ocrx_word' id='word_1_642' title='bbox 1724 4994 1848 5046; x_wconf 75' lang='grc' dir='ltr'>καθ’</span> 
     </span>
    </p>
   </div>
   <div class='ocr_carea' id='block_1_82' title="bbox 268 5066 1843 5146">
    <p class='ocr_par' dir='ltr' id='par_1_82' title="bbox 268 5066 1843 5146">
     <span class='ocr_line' id='line_1_82' title="bbox 268 5066 1843 5146; baseline 0.012 -28"><span class='ocrx_word' id='word_1_643' title='bbox 268 5066 514 5136; x_wconf 77' lang='grc' dir='ltr'>ὕπαρξιν</span> <span class='ocrx_word' id='word_1_644' title='bbox 549 5071 648 5139; x_wconf 74' lang='grc' dir='ltr'>μὲν</span> <span class='ocrx_word' id='word_1_645' title='bbox 674 5073 707 5141; x_wconf 85' lang='grc' dir='ltr'>ή</span> <span class='ocrx_word' id='word_1_646' title='bbox 748 5090 767 5124; x_wconf 83' lang='grc' dir='ltr'><strong>ι</strong></span> <span class='ocrx_word' id='word_1_647' title='bbox 810 5074 874 5126; x_wconf 82' lang='grc' dir='ltr'><strong>ὲκ</strong></span> <span class='ocrx_word' id='word_1_648' title='bbox 898 5073 993 5127; x_wconf 90' lang='grc' dir='ltr'><strong>τοῦ</strong></span> <span class='ocrx_word' id='word_1_649' title='bbox 1025 5075 1236 5146; x_wconf 58' lang='lat' dir='ltr'><strong>Harpe;</strong></span> <span class='ocrx_word' id='word_1_650' title='bbox 1269 5096 1287 5129; x_wconf 79' lang='grc' dir='ltr'><strong>ι</strong></span> <span class='ocrx_word' id='word_1_651' title='bbox 1330 5078 1513 5132; x_wconf 73' lang='grc' dir='ltr'>ἐνθάδε</span> <span class='ocrx_word' id='word_1_652' title='bbox 1548 5100 1565 5132; x_wconf 85' lang='lat' dir='ltr'><strong>r</strong></span> <span class='ocrx_word' id='word_1_653' title='bbox 1594 5082 1683 5135; x_wconf 79' lang='grc' dir='ltr'><strong>τὸν</strong></span> <span class='ocrx_word' id='word_1_654' title='bbox 1715 5082 1843 5137; x_wconf 75' lang='grc' dir='ltr'><strong>Υἰὸν</strong></span> 
     </span>
    </p>
   </div>
   <div class='ocr_carea' id='block_1_83' title="bbox 266 5160 1840 5242">
    <p class='ocr_par' dir='ltr' id='par_1_83' title="bbox 266 5160 1840 5242">
     <span class='ocr_line' id='line_1_83' title="bbox 266 5160 1840 5242; baseline 0.01 -29"><span class='ocrx_word' id='word_1_655' title='bbox 266 5160 636 5229; x_wconf 76' lang='grc' dir='ltr'>ὀνομάζεσθαι</span> <span class='ocrx_word' id='word_1_656' title='bbox 670 5182 689 5216; x_wconf 70' lang='grc' dir='ltr'><strong>ι</strong></span> <span class='ocrx_word' id='word_1_657' title='bbox 720 5165 972 5236; x_wconf 84' lang='grc' dir='ltr'>φωνοῦσα</span> <span class='ocrx_word' id='word_1_658' title='bbox 1018 5165 1289 5237; x_wconf 80' lang='grc' dir='ltr'>θεολογία,</span> <span class='ocrx_word' id='word_1_659' title='bbox 1325 5170 1361 5242; x_wconf 72' lang='grc' dir='ltr'>ἢ</span> <span class='ocrx_word' id='word_1_660' title='bbox 1393 5188 1451 5224; x_wconf 91' lang='grc' dir='ltr'><strong>τε</strong></span> <span class='ocrx_word' id='word_1_661' title='bbox 1493 5173 1588 5225; x_wconf 77' lang='grc' dir='ltr'><strong>καὶ</strong></span> <span class='ocrx_word' id='word_1_662' title='bbox 1636 5176 1701 5229; x_wconf 73' lang='grc' dir='ltr'><strong>ἐκ</strong></span> <span class='ocrx_word' id='word_1_663' title='bbox 1746 5176 1840 5230; x_wconf 85' lang='grc' dir='ltr'><strong>τοῦ</strong></span> 
     </span>
    </p>
   </div>
   <div class='ocr_carea' id='block_1_84' title="bbox 272 5253 1837 5335">
    <p class='ocr_par' dir='ltr' id='par_1_84' title="bbox 272 5253 1837 5335">
     <span class='ocr_line' id='line_1_84' title="bbox 272 5253 1837 5335; baseline 0.012 -32"><span class='ocrx_word' id='word_1_664' title='bbox 272 5253 489 5321; x_wconf 62' lang='grc' dir='ltr'>Πατρὶς</span> <span class='ocrx_word' id='word_1_665' title='bbox 516 5253 574 5307; x_wconf 83' lang='grc' dir='ltr'>λέ</span> <span class='ocrx_word' id='word_1_666' title='bbox 591 5271 737 5321; x_wconf 63' lang='lat' dir='ltr'><strong>{erat</strong></span> <span class='ocrx_word' id='word_1_667' title='bbox 760 5257 818 5309; x_wconf 83' lang='grc' dir='ltr'>τὸ</span> <span class='ocrx_word' id='word_1_668' title='bbox 838 5258 1094 5327; x_wconf 75' lang='grc' dir='ltr'>Ήνεῦμα,</span> <span class='ocrx_word' id='word_1_669' title='bbox 1122 5261 1182 5314; x_wconf 83' lang='grc' dir='ltr'>οὐ</span> <span class='ocrx_word' id='word_1_670' title='bbox 1204 5262 1312 5332; x_wconf 80' lang='grc' dir='ltr'>μὴν</span> <span class='ocrx_word' id='word_1_671' title='bbox 1331 5263 1385 5315; x_wconf 79' lang='grc' dir='ltr'>δὲ</span> <span class='ocrx_word' id='word_1_672' title='bbox 1418 5264 1448 5335; x_wconf 80' lang='grc' dir='ltr'>ἡ</span> <span class='ocrx_word' id='word_1_673' title='bbox 1474 5264 1568 5319; x_wconf 79' lang='grc' dir='ltr'><strong>καὶ</strong></span> <span class='ocrx_word' id='word_1_674' title='bbox 1606 5284 1626 5319; x_wconf 85' lang='grc' dir='ltr'><strong>ι</strong></span> <span class='ocrx_word' id='word_1_675' title='bbox 1652 5267 1716 5320; x_wconf 75' lang='grc' dir='ltr'><strong>ὲκ</strong></span> <span class='ocrx_word' id='word_1_676' title='bbox 1743 5265 1837 5321; x_wconf 88' lang='grc' dir='ltr'><strong>τοῦ</strong></span> 
     </span>
    </p>
   </div>
   <div class='ocr_carea' id='block_1_85' title="bbox 269 5340 1844 5424">
    <p class='ocr_par' dir='ltr' id='par_1_85' title="bbox 269 5340 1844 5424">
     <span class='ocr_line' id='line_1_85' title="bbox 269 5340 1844 5424; baseline 0.013 -30"><span class='ocrx_word' id='word_1_677' title='bbox 269 5342 404 5396; x_wconf 82' lang='grc' dir='ltr'>Υίοῦ</span> <span class='ocrx_word' id='word_1_678' title='bbox 432 5340 572 5399; x_wconf 77' lang='grc' dir='ltr'>εἶναι</span> <span class='ocrx_word' id='word_1_679' title='bbox 606 5364 626 5398; x_wconf 78' lang='grc'>›</span> <span class='ocrx_word' id='word_1_680' title='bbox 656 5347 813 5401; x_wconf 84' lang='grc' dir='ltr'>τοῦτο</span> <span class='ocrx_word' id='word_1_681' title='bbox 849 5365 869 5400; x_wconf 82' lang='grc' dir='ltr'><strong>ι</strong></span> <span class='ocrx_word' id='word_1_682' title='bbox 909 5358 1441 5424; x_wconf 78' lang='grc' dir='ltr'>προσμαρτυρεϊται,</span> <span class='ocrx_word' id='word_1_683' title='bbox 1478 5374 1496 5408; x_wconf 73' lang='grc' dir='ltr'><strong>ι</strong></span> <span class='ocrx_word' id='word_1_684' title='bbox 1536 5357 1673 5411; x_wconf 73' lang='grc' dir='ltr'>ἀλλὰ</span> <span class='ocrx_word' id='word_1_685' title='bbox 1705 5360 1844 5415; x_wconf 74' lang='grc' dir='ltr'>κατὰ</span> 
     </span>
    </p>
   </div>
   <div class='ocr_carea' id='block_1_86' title="bbox 266 5434 1844 5520">
    <p class='ocr_par' dir='ltr' id='par_1_86' title="bbox 266 5434 1844 5520">
     <span class='ocr_line' id='line_1_86' title="bbox 266 5434 1844 5520; baseline 0.012 -34"><span class='ocrx_word' id='word_1_686' title='bbox 266 5434 432 5503; x_wconf 83' lang='grc' dir='ltr'>λόγον</span> <span class='ocrx_word' id='word_1_687' title='bbox 461 5436 662 5500; x_wconf 83' lang='grc' dir='ltr'>δόσεως</span> <span class='ocrx_word' id='word_1_688' title='bbox 694 5439 726 5509; x_wconf 77' lang='grc' dir='ltr'>ἢ</span> <span class='ocrx_word' id='word_1_689' title='bbox 762 5443 1125 5513; x_wconf 80' lang='grc' dir='ltr'>φανερώσεως</span> <span class='ocrx_word' id='word_1_690' title='bbox 1143 5444 1205 5496; x_wconf 79' lang='grc' dir='ltr'>τό</span> <span class='ocrx_word' id='word_1_691' title='bbox 1226 5462 1284 5498; x_wconf 93' lang='grc' dir='ltr'><strong>τε</strong></span> <span class='ocrx_word' id='word_1_692' title='bbox 1310 5448 1611 5517; x_wconf 75' lang='grc' dir='ltr'>παραδ.θὲν</span> <span class='ocrx_word' id='word_1_693' title='bbox 1639 5450 1844 5520; x_wconf 76' lang='grc' dir='ltr'>ἰδίωμα</span> 
     </span>
    </p>
   </div>
   <div class='ocr_carea' id='block_1_87' title="bbox 268 5522 1842 5604">
    <p class='ocr_par' dir='ltr' id='par_1_87' title="bbox 268 5522 1842 5604">
     <span class='ocr_line' id='line_1_87' title="bbox 268 5522 1842 5604; baseline 0.008 -28"><span class='ocrx_word' id='word_1_694' title='bbox 268 5522 569 5594; x_wconf 71' lang='grc' dir='ltr'>προσώπου</span> <span class='ocrx_word' id='word_1_695' title='bbox 597 5526 692 5580; x_wconf 78' lang='grc' dir='ltr'><strong>τοῦ</strong></span> <span class='ocrx_word' id='word_1_696' title='bbox 717 5546 734 5579; x_wconf 82' lang='grc' dir='ltr'><strong>ι</strong></span> <span class='ocrx_word' id='word_1_697' title='bbox 764 5529 820 5594; x_wconf 82' lang='grc' dir='ltr'>ἐξ</span> <span class='ocrx_word' id='word_1_698' title='bbox 852 5529 969 5591; x_wconf 73' lang='grc' dir='ltr'>ἑνὸς</span> <span class='ocrx_word' id='word_1_699' title='bbox 995 5548 1013 5581; x_wconf 75' lang='grc' dir='ltr'><strong>ι</strong></span> <span class='ocrx_word' id='word_1_700' title='bbox 1043 5535 1178 5602; x_wconf 68' lang='grc' dir='ltr'>πρὸς</span> <span class='ocrx_word' id='word_1_701' title='bbox 1207 5532 1267 5583; x_wconf 77' lang='grc' dir='ltr'>τὸ</span> <span class='ocrx_word' id='word_1_702' title='bbox 1292 5549 1311 5583; x_wconf 81' lang='grc' dir='ltr'><strong>ι</strong></span> <span class='ocrx_word' id='word_1_703' title='bbox 1353 5534 1414 5597; x_wconf 77' lang='grc' dir='ltr'>ἐξ</span> <span class='ocrx_word' id='word_1_704' title='bbox 1436 5535 1661 5604; x_wconf 74' lang='grc' dir='ltr'>ἀμφοῖν,</span> <span class='ocrx_word' id='word_1_705' title='bbox 1696 5555 1713 5589; x_wconf 76' lang='grc' dir='ltr'><strong>ι</strong></span> <span class='ocrx_word' id='word_1_706' title='bbox 1748 5537 1842 5589; x_wconf 82' lang='grc' dir='ltr'><strong>καὶ</strong></span> 
     </span>
    </p>
   </div>
   <div class='ocr_carea' id='block_1_88' title="bbox 266 5618 1839 5699">
    <p class='ocr_par' dir='ltr' id='par_1_88' title="bbox 266 5618 1839 5699">
     <span class='ocr_line' id='line_1_88' title="bbox 266 5618 1839 5699; baseline 0.009 -30"><span class='ocrx_word' id='word_1_707' title='bbox 266 5618 465 5671; x_wconf 78' lang='grc' dir='ltr'>τούτου</span> <span class='ocrx_word' id='word_1_708' title='bbox 499 5618 635 5689; x_wconf 78' lang='grc' dir='ltr'>πρὸς</span> <span class='ocrx_word' id='word_1_709' title='bbox 654 5621 852 5687; x_wconf 78' lang='grc' dir='ltr'>ἐκεῖνο,</span> <span class='ocrx_word' id='word_1_710' title='bbox 876 5624 937 5675; x_wconf 76' lang='grc' dir='ltr'>ἐκ</span> <span class='ocrx_word' id='word_1_711' title='bbox 959 5622 1053 5675; x_wconf 84' lang='grc' dir='ltr'><strong>τοῦ</strong></span> <span class='ocrx_word' id='word_1_712' title='bbox 1076 5625 1327 5695; x_wconf 84' lang='grc' dir='ltr'>ἀνομοίου</span> <span class='ocrx_word' id='word_1_713' title='bbox 1350 5626 1839 5699; x_wconf 74' lang='grc' dir='ltr'>διισχυριζομένοις</span> 
     </span>
    </p>
   </div>
   <div class='ocr_carea' id='block_1_89' title="bbox 269 5709 1837 5791">
    <p class='ocr_par' dir='ltr' id='par_1_89' title="bbox 269 5709 1837 5791">
     <span class='ocr_line' id='line_1_89' title="bbox 269 5709 1837 5791; baseline 0.007 -29"><span class='ocrx_word' id='word_1_714' title='bbox 269 5709 370 5763; x_wconf 72' lang='grc' dir='ltr'><strong>οὐκ</strong></span> <span class='ocrx_word' id='word_1_715' title='bbox 384 5710 447 5763; x_wconf 85' lang='grc' dir='ltr'><strong>ἑκ</strong></span> <span class='ocrx_word' id='word_1_716' title='bbox 457 5709 551 5763; x_wconf 83' lang='grc' dir='ltr'><strong>τοῦ</strong></span> <span class='ocrx_word' id='word_1_717' title='bbox 563 5712 750 5780; x_wconf 77' lang='grc' dir='ltr'>ὀμυῖου</span> <span class='ocrx_word' id='word_1_718' title='bbox 766 5712 1123 5783; x_wconf 71' lang='grc' dir='ltr'>ὑπάρχειν,ὲκ</span> <span class='ocrx_word' id='word_1_719' title='bbox 1134 5716 1227 5771; x_wconf 86' lang='grc' dir='ltr'><strong>τοῦ</strong></span> <span class='ocrx_word' id='word_1_720' title='bbox 1244 5716 1616 5791; x_wconf 60' lang='lat' dir='ltr'><strong>me‘ﬁmpﬁtv</strong></span> <span class='ocrx_word' id='word_1_721' title='bbox 1639 5721 1727 5773; x_wconf 81' lang='grc' dir='ltr'>καὶ</span> <span class='ocrx_word' id='word_1_722' title='bbox 1742 5720 1837 5775; x_wconf 85' lang='grc' dir='ltr'><strong>τοῦ</strong></span> 
     </span>
    </p>
   </div>
   <div class='ocr_carea' id='block_1_90' title="bbox 339 5894 805 5963">
    <p class='ocr_par' dir='ltr' id='par_1_90' title="bbox 339 5894 805 5963">
     <span class='ocr_line' id='line_1_90' title="bbox 339 5894 805 5963; baseline 0.017 -16"><span class='ocrx_word' id='word_1_723' title='bbox 339 5894 385 5925; x_wconf 77' lang='grc'><strong>⁸⁸</strong></span> <span class='ocrx_word' id='word_1_724' title='bbox 415 5894 572 5950; x_wconf 77' lang='lat' dir='ltr'><strong>Rom.</strong></span> <span class='ocrx_word' id='word_1_725' title='bbox 609 5915 726 5963; x_wconf 72' lang='lat' dir='ltr'><strong>uti,</strong></span> <span class='ocrx_word' id='word_1_726' title='bbox 756 5902 805 5955; x_wconf 84' lang='lat'><strong>9.</strong></span> 
     </span>
    </p>
   </div>
   <div class='ocr_carea' id='block_1_91' title="bbox 1946 3324 3515 3398">
    <p class='ocr_par' dir='ltr' id='par_1_91' title="bbox 1946 3324 3515 3398">
     <span class='ocr_line' id='line_1_91' title="bbox 1946 3324 3515 3398; baseline -0.004 -16"><span class='ocrx_word' id='word_1_727' title='bbox 1946 3328 2092 3398; x_wconf 90' lang='lat' dir='ltr'><strong>quod</strong></span> <span class='ocrx_word' id='word_1_728' title='bbox 2142 3328 2516 3396; x_wconf 80' lang='lat' dir='ltr'><strong>adversarius,</strong></span> <span class='ocrx_word' id='word_1_729' title='bbox 2570 3345 2587 3379; x_wconf 81' lang='grc' dir='ltr'><strong>ι</strong></span> <span class='ocrx_word' id='word_1_730' title='bbox 2630 3325 2764 3394; x_wconf 64' lang='lat' dir='ltr'><strong>Quae</strong></span> <span class='ocrx_word' id='word_1_731' title='bbox 2824 3336 2908 3381; x_wconf 91' lang='lat' dir='ltr'><strong>est</strong></span> <span class='ocrx_word' id='word_1_732' title='bbox 2960 3325 3261 3381; x_wconf 71' lang='lat' dir='ltr'><strong>necessitas</strong></span> <span class='ocrx_word' id='word_1_733' title='bbox 3303 3324 3457 3379; x_wconf 75' lang='lat' dir='ltr'><strong>dici?</strong></span> <span class='ocrx_word' id='word_1_734' title='bbox 3498 3341 3515 3375; x_wconf 77' lang='grc' dir='ltr'><strong>ι</strong></span> 
     </span>
    </p>
   </div>
   <div class='ocr_carea' id='block_1_92' title="bbox 1946 3417 3522 3488">
    <p class='ocr_par' dir='ltr' id='par_1_92' title="bbox 1946 3417 3522 3488">
     <span class='ocr_line' id='line_1_92' title="bbox 1946 3417 3522 3488; baseline -0.003 -14"><span class='ocrx_word' id='word_1_735' title='bbox 1946 3419 2203 3484; x_wconf 87' lang='lat' dir='ltr'><strong>reboans,</strong></span> <span class='ocrx_word' id='word_1_736' title='bbox 2270 3435 2369 3474; x_wconf 91' lang='lat' dir='ltr'><strong>nec</strong></span> <span class='ocrx_word' id='word_1_737' title='bbox 2431 3419 2770 3488; x_wconf 82' lang='lat' dir='ltr'><strong>theologicas</strong></span> <span class='ocrx_word' id='word_1_738' title='bbox 2829 3417 3054 3472; x_wconf 82' lang='lat' dir='ltr'><strong>Patrum</strong></span> <span class='ocrx_word' id='word_1_739' title='bbox 3127 3419 3522 3471; x_wconf 74' lang='lat' dir='ltr'><strong>instrttctio:.es</strong></span> 
     </span>
    </p>
   </div>
   <div class='ocr_carea' id='block_1_93' title="bbox 1947 3508 3520 3580">
    <p class='ocr_par' dir='ltr' id='par_1_93' title="bbox 1947 3508 3520 3580">
     <span class='ocr_line' id='line_1_93' title="bbox 1947 3508 3520 3580; baseline -0.003 -14"><span class='ocrx_word' id='word_1_740' title='bbox 1947 3511 2205 3574; x_wconf 76' lang='lat' dir='ltr'><strong>revereri,</strong></span> <span class='ocrx_word' id='word_1_741' title='bbox 2234 3509 2526 3564; x_wconf 79' lang='lat' dir='ltr'><strong>manifesto</strong></span> <span class='ocrx_word' id='word_1_742' title='bbox 2561 3509 3012 3580; x_wconf 53' lang='lat' dir='ltr'><strong>deprehendam.</strong></span> <span class='ocrx_word' id='word_1_743' title='bbox 3040 3508 3105 3563; x_wconf 88' lang='lat' dir='ltr'><strong>Et</strong></span> <span class='ocrx_word' id='word_1_744' title='bbox 3131 3508 3293 3562; x_wconf 58' lang='grc' dir='ltr'>ιιι-τίν)</span> <span class='ocrx_word' id='word_1_745' title='bbox 3322 3526 3433 3564; x_wconf 71' lang='lat' dir='ltr'><strong>esse</strong></span> <span class='ocrx_word' id='word_1_746' title='bbox 3455 3512 3520 3562; x_wconf 73' lang='lat' dir='ltr'><strong>ad</strong></span> 
     </span>
    </p>
   </div>
   <div class='ocr_carea' id='block_1_94' title="bbox 1946 3599 3519 3673">
    <p class='ocr_par' dir='ltr' id='par_1_94' title="bbox 1946 3599 3519 3673">
     <span class='ocr_line' id='line_1_94' title="bbox 1946 3599 3519 3673; baseline -0.004 -16"><span class='ocrx_word' id='word_1_747' title='bbox 1946 3602 2481 3673; x_wconf 82' lang='lat' dir='ltr'><strong>commonstrandum</strong></span> <span class='ocrx_word' id='word_1_748' title='bbox 2549 3603 2651 3656; x_wconf 90' lang='lat' dir='ltr'><strong>hoc</strong></span> <span class='ocrx_word' id='word_1_749' title='bbox 2716 3616 2780 3655; x_wconf 76' lang='lat' dir='ltr'><strong>ex</strong></span> <span class='ocrx_word' id='word_1_750' title='bbox 2843 3600 2967 3659; x_wconf 81' lang='lat' dir='ltr'><strong>hoc.</strong></span> <span class='ocrx_word' id='word_1_751' title='bbox 3026 3610 3081 3654; x_wconf 92' lang='lat' dir='ltr'><strong>et</strong></span> <span class='ocrx_word' id='word_1_752' title='bbox 3143 3599 3519 3655; x_wconf 75' lang='lat' dir='ltr'><strong>cxsistentiam</strong></span> 
     </span>
    </p>
   </div>
   <div class='ocr_carea' id='block_1_95' title="bbox 1947 3691 3518 3761">
    <p class='ocr_par' dir='ltr' id='par_1_95' title="bbox 1947 3691 3518 3761">
     <span class='ocr_line' id='line_1_95' title="bbox 1947 3691 3518 3761; baseline -0.001 -13"><span class='ocrx_word' id='word_1_753' title='bbox 1947 3693 2343 3751; x_wconf 82' lang='lat' dir='ltr'><strong>connotandatn</strong></span> <span class='ocrx_word' id='word_1_754' title='bbox 2395 3693 2603 3747; x_wconf 87' lang='lat' dir='ltr'><strong>nullum</strong></span> <span class='ocrx_word' id='word_1_755' title='bbox 2673 3694 2819 3748; x_wconf 85' lang='lat' dir='ltr'><strong>aliud</strong></span> <span class='ocrx_word' id='word_1_756' title='bbox 2883 3708 3007 3747; x_wconf 88' lang='lat' dir='ltr'><strong>esse</strong></span> <span class='ocrx_word' id='word_1_757' title='bbox 3062 3691 3345 3761; x_wconf 83' lang='lat' dir='ltr'><strong>antiquius</strong></span> <span class='ocrx_word' id='word_1_758' title='bbox 3428 3702 3518 3746; x_wconf 82' lang='lat' dir='ltr'><strong>aut</strong></span> 
     </span>
    </p>
   </div>
   <div class='ocr_carea' id='block_1_96' title="bbox 1946 3783 3520 3859">
    <p class='ocr_par' dir='ltr' id='par_1_96' title="bbox 1946 3783 3520 3859">
     <span class='ocr_line' id='line_1_96' title="bbox 1946 3783 3520 3859; baseline -0.004 -16"><span class='ocrx_word' id='word_1_759' title='bbox 1946 3785 2320 3859; x_wconf 88' lang='lat' dir='ltr'><strong>perspicacius</strong></span> <span class='ocrx_word' id='word_1_760' title='bbox 2350 3785 2483 3840; x_wconf 82' lang='lat' dir='ltr'><strong>nulli</strong></span> <span class='ocrx_word' id='word_1_761' title='bbox 2521 3785 2747 3839; x_wconf 87' lang='lat' dir='ltr'><strong>dubium</strong></span> <span class='ocrx_word' id='word_1_762' title='bbox 2796 3791 2901 3839; x_wconf 91' lang='lat' dir='ltr'><strong>est.</strong></span> <span class='ocrx_word' id='word_1_763' title='bbox 2937 3783 3049 3839; x_wconf 89' lang='lat' dir='ltr'><strong>lloc</strong></span> <span class='ocrx_word' id='word_1_764' title='bbox 3099 3799 3228 3839; x_wconf 82' lang='lat' dir='ltr'><strong>vero</strong></span> <span class='ocrx_word' id='word_1_765' title='bbox 3269 3783 3520 3838; x_wconf 86' lang='lat' dir='ltr'><strong>conside-</strong></span> 
     </span>
    </p>
   </div>
   <div class='ocr_carea' id='block_1_97' title="bbox 1946 3874 3523 3945">
    <p class='ocr_par' dir='ltr' id='par_1_97' title="bbox 1946 3874 3523 3945">
     <span class='ocr_line' id='line_1_97' title="bbox 1946 3874 3523 3945; baseline -0.004 -12"><span class='ocrx_word' id='word_1_766' title='bbox 1946 3879 2178 3933; x_wconf 89' lang='lat' dir='ltr'><strong>randum</strong></span> <span class='ocrx_word' id='word_1_767' title='bbox 2211 3887 2313 3943; x_wconf 86' lang='lat' dir='ltr'><strong>est,</strong></span> <span class='ocrx_word' id='word_1_768' title='bbox 2357 3878 2616 3945; x_wconf 87' lang='lat' dir='ltr'><strong>quidnam</strong></span> <span class='ocrx_word' id='word_1_769' title='bbox 2649 3876 2784 3931; x_wconf 88' lang='lat' dir='ltr'><strong>illud</strong></span> <span class='ocrx_word' id='word_1_770' title='bbox 2827 3886 3005 3940; x_wconf 86' lang='lat' dir='ltr'><strong>sonet,</strong></span> <span class='ocrx_word' id='word_1_771' title='bbox 3041 3894 3060 3927; x_wconf 87' lang='grc' dir='ltr'><strong>ι</strong></span> <span class='ocrx_word' id='word_1_772' title='bbox 3098 3874 3209 3929; x_wconf 82' lang='lat' dir='ltr'><strong>Nec</strong></span> <span class='ocrx_word' id='word_1_773' title='bbox 3238 3875 3382 3929; x_wconf 90' lang='lat' dir='ltr'><strong>ultra</strong></span> <span class='ocrx_word' id='word_1_774' title='bbox 3417 3875 3523 3928; x_wconf 89' lang='lat' dir='ltr'><strong>hoc</strong></span> 
     </span>
    </p>
   </div>
   <div class='ocr_carea' id='block_1_98' title="bbox 1947 3967 3521 4038">
    <p class='ocr_par' dir='ltr' id='par_1_98' title="bbox 1947 3967 3521 4038">
     <span class='ocr_line' id='line_1_98' title="bbox 1947 3967 3521 4038; baseline -0.005 -13"><span class='ocrx_word' id='word_1_775' title='bbox 1947 3970 2122 4025; x_wconf 88' lang='lat' dir='ltr'><strong>oratio</strong></span> <span class='ocrx_word' id='word_1_776' title='bbox 2180 3968 2565 4038; x_wconf 86' lang='lat' dir='ltr'><strong>proprietatem</strong></span> <span class='ocrx_word' id='word_1_777' title='bbox 2623 3967 2767 4023; x_wconf 88' lang='lat' dir='ltr'><strong>illius</strong></span> <span class='ocrx_word' id='word_1_778' title='bbox 2822 3968 3093 4034; x_wconf 77' lang='lat' dir='ltr'><strong>extendit,</strong></span> <span class='ocrx_word' id='word_1_779' title='bbox 3154 3986 3173 4018; x_wconf 73' lang='grc' dir='ltr'><strong>ι</strong></span> <span class='ocrx_word' id='word_1_780' title='bbox 3240 3977 3521 4038; x_wconf 82' lang='lat' dir='ltr'><strong>postquam</strong></span> 
     </span>
    </p>
   </div>
   <div class='ocr_carea' id='block_1_99' title="bbox 1948 4058 3518 4130">
    <p class='ocr_par' dir='ltr' id='par_1_99' title="bbox 1948 4058 3518 4130">
     <span class='ocr_line' id='line_1_99' title="bbox 1948 4058 3518 4130; baseline -0.002 -13"><span class='ocrx_word' id='word_1_781' title='bbox 1948 4062 2151 4117; x_wconf 89' lang='lat' dir='ltr'><strong>dictum</strong></span> <span class='ocrx_word' id='word_1_782' title='bbox 2195 4060 2294 4116; x_wconf 79' lang='lat' dir='ltr'><strong>fuit</strong></span> <span class='ocrx_word' id='word_1_783' title='bbox 2322 4080 2338 4111; x_wconf 89' lang='grc' dir='ltr'><strong>ι</strong></span> <span class='ocrx_word' id='word_1_784' title='bbox 2372 4058 2567 4116; x_wconf 81' lang='lat' dir='ltr'><strong>Filium</strong></span> <span class='ocrx_word' id='word_1_785' title='bbox 2603 4076 2718 4115; x_wconf 68' lang='lat' dir='ltr'><strong>rex</strong></span> <span class='ocrx_word' id='word_1_786' title='bbox 2745 4060 2907 4117; x_wconf 64' lang='lat' dir='ltr'><strong>Patre</strong></span> <span class='ocrx_word' id='word_1_787' title='bbox 2927 4062 3257 4130; x_wconf 82' lang='lat' dir='ltr'><strong>nuncupari.</strong></span> <span class='ocrx_word' id='word_1_788' title='bbox 3280 4058 3518 4114; x_wconf 87' lang='lat' dir='ltr'><strong>Omnino</strong></span> 
     </span>
    </p>
   </div>
   <div class='ocr_carea' id='block_1_100' title="bbox 1954 4152 3524 4223">
    <p class='ocr_par' dir='ltr' id='par_1_100' title="bbox 1954 4152 3524 4223">
     <span class='ocr_line' id='line_1_100' title="bbox 1954 4152 3524 4223; baseline -0.001 -16"><span class='ocrx_word' id='word_1_789' title='bbox 1954 4174 1973 4207; x_wconf 79' lang='grc' dir='ltr'><strong>ι</strong></span> <span class='ocrx_word' id='word_1_790' title='bbox 2015 4170 2111 4208; x_wconf 90' lang='lat' dir='ltr'><strong>nec</strong></span> <span class='ocrx_word' id='word_1_791' title='bbox 2146 4154 2285 4207; x_wconf 86' lang='lat' dir='ltr'><strong>ultra</strong></span> <span class='ocrx_word' id='word_1_792' title='bbox 2322 4154 2471 4210; x_wconf 87' lang='lat' dir='ltr'><strong>illud.</strong></span> <span class='ocrx_word' id='word_1_793' title='bbox 2515 4172 2533 4204; x_wconf 84' lang='grc'><strong>›</strong></span> <span class='ocrx_word' id='word_1_794' title='bbox 2562 4170 2625 4207; x_wconf 83' lang='lat' dir='ltr'><strong>ex</strong></span> <span class='ocrx_word' id='word_1_795' title='bbox 2652 4152 2818 4208; x_wconf 81' lang='lat' dir='ltr'><strong>Patre</strong></span> <span class='ocrx_word' id='word_1_796' title='bbox 2845 4168 3039 4223; x_wconf 88' lang='lat' dir='ltr'><strong>nempe</strong></span> <span class='ocrx_word' id='word_1_797' title='bbox 3070 4167 3213 4219; x_wconf 83' lang='lat' dir='ltr'><strong>esse,</strong></span> <span class='ocrx_word' id='word_1_798' title='bbox 3238 4162 3289 4207; x_wconf 89' lang='lat' dir='ltr'><strong>et</strong></span> <span class='ocrx_word' id='word_1_799' title='bbox 3320 4168 3428 4207; x_wconf 92' lang='lat' dir='ltr'><strong>non</strong></span> <span class='ocrx_word' id='word_1_800' title='bbox 3458 4166 3524 4205; x_wconf 81' lang='lat' dir='ltr'><strong>ex</strong></span> 
     </span>
    </p>
   </div>
   <div class='ocr_carea' id='block_1_101' title="bbox 1947 4228 3524 4317">
    <p class='ocr_par' dir='ltr' id='par_1_101' title="bbox 1947 4228 3524 4317">
     <span class='ocr_line' id='line_1_101' title="bbox 1947 4228 3524 4317; baseline -0.001 -18"><span class='ocrx_word' id='word_1_801' title='bbox 1947 4246 2077 4310; x_wconf 83' lang='lat' dir='ltr'><strong>alio,</strong></span> <span class='ocrx_word' id='word_1_802' title='bbox 2110 4248 2224 4298; x_wconf 78' lang='lat' dir='ltr'><strong>sive</strong></span> <span class='ocrx_word' id='word_1_803' title='bbox 2256 4260 2481 4314; x_wconf 90' lang='lat' dir='ltr'><strong>prorsus</strong></span> <span class='ocrx_word' id='word_1_804' title='bbox 2526 4261 2625 4317; x_wconf 91' lang='lat' dir='ltr'><strong>per</strong></span> <span class='ocrx_word' id='word_1_805' title='bbox 2656 4245 2826 4301; x_wconf 87' lang='lat' dir='ltr'><strong>aliud.</strong></span> <span class='ocrx_word' id='word_1_806' title='bbox 2860 4228 2946 4300; x_wconf 46' lang='grc' dir='ltr'>Ἐι</span> <span class='ocrx_word' id='word_1_807' title='bbox 2988 4259 3099 4299; x_wconf 84' lang='lat' dir='ltr'><strong>non</strong></span> <span class='ocrx_word' id='word_1_808' title='bbox 3132 4254 3217 4299; x_wconf 86' lang='lat' dir='ltr'><strong>est</strong></span> <span class='ocrx_word' id='word_1_809' title='bbox 3252 4243 3524 4311; x_wconf 77' lang='lat' dir='ltr'><strong>Unigeniti</strong></span> 
     </span>
    </p>
   </div>
   <div class='ocr_carea' id='block_1_102' title="bbox 1949 4335 3523 4405">
    <p class='ocr_par' dir='ltr' id='par_1_102' title="bbox 1949 4335 3523 4405">
     <span class='ocr_line' id='line_1_102' title="bbox 1949 4335 3523 4405; baseline -0.002 -14"><span class='ocrx_word' id='word_1_810' title='bbox 1949 4338 2024 4391; x_wconf 82' lang='lat' dir='ltr'><strong>ita</strong></span> <span class='ocrx_word' id='word_1_811' title='bbox 2056 4354 2122 4390; x_wconf 81' lang='lat' dir='ltr'><strong>ex</strong></span> <span class='ocrx_word' id='word_1_812' title='bbox 2157 4336 2314 4390; x_wconf 87' lang='lat' dir='ltr'><strong>Patre</strong></span> <span class='ocrx_word' id='word_1_813' title='bbox 2350 4352 2493 4400; x_wconf 65' lang='lat' dir='ltr'><strong>ease,</strong></span> <span class='ocrx_word' id='word_1_814' title='bbox 2530 4346 2588 4391; x_wconf 90' lang='lat' dir='ltr'><strong>ut</strong></span> <span class='ocrx_word' id='word_1_815' title='bbox 2613 4337 2781 4391; x_wconf 86' lang='lat' dir='ltr'><strong>altera</strong></span> <span class='ocrx_word' id='word_1_816' title='bbox 2817 4351 3050 4405; x_wconf 83' lang='lat' dir='ltr'><strong>persona</strong></span> <span class='ocrx_word' id='word_1_817' title='bbox 3079 4350 3146 4388; x_wconf 79' lang='lat' dir='ltr'><strong>ex</strong></span> <span class='ocrx_word' id='word_1_818' title='bbox 3181 4350 3247 4390; x_wconf 91' lang='lat' dir='ltr'><strong>eo</strong></span> <span class='ocrx_word' id='word_1_819' title='bbox 3283 4352 3391 4390; x_wconf 89' lang='lat' dir='ltr'><strong>non</strong></span> <span class='ocrx_word' id='word_1_820' title='bbox 3432 4335 3523 4389; x_wconf 79' lang='lat' dir='ltr'><strong>sit.</strong></span> 
     </span>
    </p>
   </div>
   <div class='ocr_carea' id='block_1_103' title="bbox 1948 4426 3523 4496">
    <p class='ocr_par' dir='ltr' id='par_1_103' title="bbox 1948 4426 3523 4496">
     <span class='ocr_line' id='line_1_103' title="bbox 1948 4426 3523 4496; baseline -0.003 -14"><span class='ocrx_word' id='word_1_821' title='bbox 1948 4427 2064 4482; x_wconf 81' lang='lat' dir='ltr'><strong>Hoc</strong></span> <span class='ocrx_word' id='word_1_822' title='bbox 2124 4426 2391 4496; x_wconf 89' lang='lat' dir='ltr'><strong>siquidem</strong></span> <span class='ocrx_word' id='word_1_823' title='bbox 2426 4442 2455 4480; x_wconf 90' lang='lat' dir='ltr'><strong>a</strong></span> <span class='ocrx_word' id='word_1_824' title='bbox 2492 4427 2762 4495; x_wconf 86' lang='lat' dir='ltr'><strong>positione</strong></span> <span class='ocrx_word' id='word_1_825' title='bbox 2820 4427 3179 4496; x_wconf 81' lang='lat' dir='ltr'><strong>rejieicndum</strong></span> <span class='ocrx_word' id='word_1_826' title='bbox 3240 4435 3347 4491; x_wconf 86' lang='lat' dir='ltr'><strong>est,</strong></span> <span class='ocrx_word' id='word_1_827' title='bbox 3402 4442 3523 4480; x_wconf 89' lang='lat' dir='ltr'><strong>cum</strong></span> 
     </span>
    </p>
   </div>
   <div class='ocr_carea' id='block_1_104' title="bbox 1951 4518 3526 4589">
    <p class='ocr_par' dir='ltr' id='par_1_104' title="bbox 1951 4518 3526 4589">
     <span class='ocr_line' id='line_1_104' title="bbox 1951 4518 3526 4589; baseline -0.002 -15"><span class='ocrx_word' id='word_1_828' title='bbox 1951 4520 2289 4575; x_wconf 79' lang='lat' dir='ltr'><strong>fundamenti</strong></span> <span class='ocrx_word' id='word_1_829' title='bbox 2322 4518 2443 4574; x_wconf 81' lang='lat' dir='ltr'><strong>ﬁdei</strong></span> <span class='ocrx_word' id='word_1_830' title='bbox 2494 4518 2777 4589; x_wconf 73' lang='lat' dir='ltr'><strong>ahnegatio</strong></span> <span class='ocrx_word' id='word_1_831' title='bbox 2824 4520 2914 4575; x_wconf 86' lang='lat' dir='ltr'><strong>sit.</strong></span> <span class='ocrx_word' id='word_1_832' title='bbox 2957 4519 3352 4575; x_wconf 77' lang='lat' dir='ltr'><strong>Verumtamen</strong></span> <span class='ocrx_word' id='word_1_833' title='bbox 3410 4518 3526 4572; x_wconf 70' lang='lat' dir='ltr'><strong>ha&#39;c</strong></span> 
     </span>
    </p>
   </div>
   <div class='ocr_carea' id='block_1_105' title="bbox 1949 4608 3527 4681">
    <p class='ocr_par' dir='ltr' id='par_1_105' title="bbox 1949 4608 3527 4681">
     <span class='ocr_line' id='line_1_105' title="bbox 1949 4608 3527 4681; baseline -0.002 -15"><span class='ocrx_word' id='word_1_834' title='bbox 1949 4620 2033 4666; x_wconf 89' lang='lat' dir='ltr'><strong>est</strong></span> <span class='ocrx_word' id='word_1_835' title='bbox 2067 4612 2399 4681; x_wconf 84' lang='lat' dir='ltr'><strong>proprietas.</strong></span> <span class='ocrx_word' id='word_1_836' title='bbox 2429 4608 2626 4664; x_wconf 85' lang='lat' dir='ltr'><strong>Filium</strong></span> <span class='ocrx_word' id='word_1_837' title='bbox 2658 4610 2831 4665; x_wconf 84' lang='lat' dir='ltr'><strong>solum</strong></span> <span class='ocrx_word' id='word_1_838' title='bbox 2853 4626 2919 4665; x_wconf 77' lang='lat' dir='ltr'><strong>ex</strong></span> <span class='ocrx_word' id='word_1_839' title='bbox 2953 4611 3073 4665; x_wconf 90' lang='lat' dir='ltr'><strong>solo</strong></span> <span class='ocrx_word' id='word_1_840' title='bbox 3107 4609 3269 4665; x_wconf 83' lang='lat' dir='ltr'><strong>Patre</strong></span> <span class='ocrx_word' id='word_1_841' title='bbox 3303 4624 3447 4673; x_wconf 89' lang='lat' dir='ltr'><strong>esse,</strong></span> <span class='ocrx_word' id='word_1_842' title='bbox 3472 4621 3527 4663; x_wconf 71' lang='lat' dir='ltr'><strong>et</strong></span> 
     </span>
    </p>
   </div>
   <div class='ocr_carea' id='block_1_106' title="bbox 1950 4700 3526 4772">
    <p class='ocr_par' dir='ltr' id='par_1_106' title="bbox 1950 4700 3526 4772">
     <span class='ocr_line' id='line_1_106' title="bbox 1950 4700 3526 4772; baseline -0.002 -17"><span class='ocrx_word' id='word_1_843' title='bbox 1950 4717 2059 4756; x_wconf 91' lang='lat' dir='ltr'><strong>non</strong></span> <span class='ocrx_word' id='word_1_844' title='bbox 2088 4718 2150 4755; x_wconf 81' lang='lat' dir='ltr'><strong>ex</strong></span> <span class='ocrx_word' id='word_1_845' title='bbox 2182 4701 2287 4754; x_wconf 84' lang='lat' dir='ltr'><strong>alio</strong></span> <span class='ocrx_word' id='word_1_846' title='bbox 2327 4717 2579 4772; x_wconf 85' lang='lat' dir='ltr'><strong>prorsus.</strong></span> <span class='ocrx_word' id='word_1_847' title='bbox 2608 4715 2783 4770; x_wconf 91' lang='lat' dir='ltr'><strong>neque</strong></span> <span class='ocrx_word' id='word_1_848' title='bbox 2813 4716 2909 4771; x_wconf 89' lang='lat' dir='ltr'><strong>per</strong></span> <span class='ocrx_word' id='word_1_849' title='bbox 2931 4700 3104 4766; x_wconf 88' lang='lat' dir='ltr'><strong>aliud,</strong></span> <span class='ocrx_word' id='word_1_850' title='bbox 3137 4710 3192 4755; x_wconf 89' lang='lat' dir='ltr'><strong>et</strong></span> <span class='ocrx_word' id='word_1_851' title='bbox 3216 4715 3279 4754; x_wconf 75' lang='lat' dir='ltr'><strong>ex</strong></span> <span class='ocrx_word' id='word_1_852' title='bbox 3311 4700 3377 4754; x_wconf 90' lang='lat' dir='ltr'><strong>iis</strong></span> <span class='ocrx_word' id='word_1_853' title='bbox 3405 4714 3526 4770; x_wconf 63' lang='lat' dir='ltr'><strong>qua:</strong></span> 
     </span>
    </p>
   </div>
   <div class='ocr_carea' id='block_1_107' title="bbox 1949 4790 3525 4862">
    <p class='ocr_par' dir='ltr' id='par_1_107' title="bbox 1949 4790 3525 4862">
     <span class='ocr_line' id='line_1_107' title="bbox 1949 4790 3525 4862; baseline -0.001 -16"><span class='ocrx_word' id='word_1_854' title='bbox 1949 4793 2363 4862; x_wconf 82' lang='lat' dir='ltr'><strong>subsequuntur</strong></span> <span class='ocrx_word' id='word_1_855' title='bbox 2393 4792 2600 4846; x_wconf 74' lang='lat' dir='ltr'><strong>clarum</strong></span> <span class='ocrx_word' id='word_1_856' title='bbox 2653 4803 2921 4856; x_wconf 83' lang='lat' dir='ltr'><strong>remanet,</strong></span> <span class='ocrx_word' id='word_1_857' title='bbox 2958 4810 2977 4845; x_wconf 84' lang='grc' dir='ltr'><strong>ι</strong></span> <span class='ocrx_word' id='word_1_858' title='bbox 3017 4790 3253 4862; x_wconf 76' lang='lat' dir='ltr'><strong>Spiritus</strong></span> <span class='ocrx_word' id='word_1_859' title='bbox 3293 4806 3421 4846; x_wconf 80' lang='lat' dir='ltr'><strong>vero</strong></span> <span class='ocrx_word' id='word_1_860' title='bbox 3468 4801 3525 4845; x_wconf 82' lang='lat' dir='ltr'><strong>et</strong></span> 
     </span>
    </p>
   </div>
   <div class='ocr_carea' id='block_1_108' title="bbox 1948 4880 3521 4949">
    <p class='ocr_par' dir='ltr' id='par_1_108' title="bbox 1948 4880 3521 4949">
     <span class='ocr_line' id='line_1_108' title="bbox 1948 4880 3521 4949; baseline -0.002 -12"><span class='ocrx_word' id='word_1_861' title='bbox 1948 4897 2012 4937; x_wconf 81' lang='lat' dir='ltr'><strong>ex</strong></span> <span class='ocrx_word' id='word_1_862' title='bbox 2036 4882 2199 4937; x_wconf 84' lang='lat' dir='ltr'><strong>Patre</strong></span> <span class='ocrx_word' id='word_1_863' title='bbox 2218 4898 2340 4937; x_wconf 90' lang='lat' dir='ltr'><strong>esse</strong></span> <span class='ocrx_word' id='word_1_864' title='bbox 2368 4882 2588 4945; x_wconf 84' lang='lat' dir='ltr'><strong>dicitur,</strong></span> <span class='ocrx_word' id='word_1_865' title='bbox 2619 4892 2673 4936; x_wconf 91' lang='lat' dir='ltr'><strong>et</strong></span> <span class='ocrx_word' id='word_1_866' title='bbox 2698 4898 2763 4935; x_wconf 77' lang='lat' dir='ltr'><strong>ex</strong></span> <span class='ocrx_word' id='word_1_867' title='bbox 2804 4881 2943 4935; x_wconf 85' lang='lat' dir='ltr'><strong>Filio</strong></span> <span class='ocrx_word' id='word_1_868' title='bbox 2977 4882 3260 4936; x_wconf 90' lang='lat' dir='ltr'><strong>astruitur.</strong></span> <span class='ocrx_word' id='word_1_869' title='bbox 3290 4899 3309 4933; x_wconf 73' lang='grc' dir='ltr'><strong>ι</strong></span> <span class='ocrx_word' id='word_1_870' title='bbox 3349 4880 3521 4949; x_wconf 85' lang='lat' dir='ltr'><strong>Quam</strong></span> 
     </span>
    </p>
   </div>
   <div class='ocr_carea' id='block_1_109' title="bbox 1949 4972 3522 5045">
    <p class='ocr_par' dir='ltr' id='par_1_109' title="bbox 1949 4972 3522 5045">
     <span class='ocr_line' id='line_1_109' title="bbox 1949 4972 3522 5045; baseline -0.002 -17"><span class='ocrx_word' id='word_1_871' title='bbox 1949 4988 2112 5045; x_wconf 90' lang='lat' dir='ltr'><strong>porro</strong></span> <span class='ocrx_word' id='word_1_872' title='bbox 2134 4973 2411 5028; x_wconf 77' lang='lat' dir='ltr'><strong>infamiam</strong></span> <span class='ocrx_word' id='word_1_873' title='bbox 2439 4974 2694 5028; x_wconf 87' lang='lat' dir='ltr'><strong>conciliat</strong></span> <span class='ocrx_word' id='word_1_874' title='bbox 2722 4972 3062 5039; x_wconf 83' lang='lat' dir='ltr'><strong>dicentibus,</strong></span> <span class='ocrx_word' id='word_1_875' title='bbox 3091 4974 3408 5044; x_wconf 85' lang='lat' dir='ltr'><strong>quicunque</strong></span> <span class='ocrx_word' id='word_1_876' title='bbox 3444 4974 3522 5026; x_wconf 90' lang='lat' dir='ltr'><strong>illi</strong></span> 
     </span>
    </p>
   </div>
   <div class='ocr_carea' id='block_1_110' title="bbox 1951 5066 3523 5131">
    <p class='ocr_par' dir='ltr' id='par_1_110' title="bbox 1951 5066 3523 5131">
     <span class='ocr_line' id='line_1_110' title="bbox 1951 5066 3523 5131; baseline -0.001 -6"><span class='ocrx_word' id='word_1_877' title='bbox 1951 5070 2081 5131; x_wconf 85' lang='lat' dir='ltr'><strong>sint.</strong></span> <span class='ocrx_word' id='word_1_878' title='bbox 2107 5069 2405 5124; x_wconf 88' lang='lat' dir='ltr'><strong>secundum</strong></span> <span class='ocrx_word' id='word_1_879' title='bbox 2439 5070 2815 5125; x_wconf 75' lang='lat' dir='ltr'><strong>exsistentiatn</strong></span> <span class='ocrx_word' id='word_1_880' title='bbox 2858 5069 2948 5124; x_wconf 88' lang='lat' dir='ltr'><strong>hic</strong></span> <span class='ocrx_word' id='word_1_881' title='bbox 2986 5088 3005 5121; x_wconf 87' lang='grc' dir='ltr'><strong>ι</strong></span> <span class='ocrx_word' id='word_1_882' title='bbox 3041 5084 3108 5124; x_wconf 80' lang='lat' dir='ltr'><strong>ex</strong></span> <span class='ocrx_word' id='word_1_883' title='bbox 3140 5066 3303 5123; x_wconf 82' lang='lat' dir='ltr'><strong>Patre</strong></span> <span class='ocrx_word' id='word_1_884' title='bbox 3328 5068 3523 5123; x_wconf 85' lang='lat' dir='ltr'><strong>Filium</strong></span> 
     </span>
    </p>
   </div>
   <div class='ocr_carea' id='block_1_111' title="bbox 1948 5166 3525 5239">
    <p class='ocr_par' dir='ltr' id='par_1_111' title="bbox 1948 5166 3525 5239">
     <span class='ocr_line' id='line_1_111' title="bbox 1948 5166 3525 5239; baseline -0.004 -16"><span class='ocrx_word' id='word_1_885' title='bbox 1948 5167 2075 5231; x_wconf 88' lang='lat' dir='ltr'><strong>dici,</strong></span> <span class='ocrx_word' id='word_1_886' title='bbox 2110 5185 2129 5219; x_wconf 72' lang='grc' dir='ltr'><strong>ι</strong></span> <span class='ocrx_word' id='word_1_887' title='bbox 2166 5166 2405 5221; x_wconf 79' lang='lat' dir='ltr'><strong>clamare</strong></span> <span class='ocrx_word' id='word_1_888' title='bbox 2437 5167 2789 5239; x_wconf 79' lang='lat' dir='ltr'><strong>theologiam,</strong></span> <span class='ocrx_word' id='word_1_889' title='bbox 2819 5167 2935 5222; x_wconf 83' lang='lat' dir='ltr'><strong>sive</strong></span> <span class='ocrx_word' id='word_1_890' title='bbox 2965 5167 3130 5222; x_wconf 89' lang='lat' dir='ltr'><strong>etiam</strong></span> <span class='ocrx_word' id='word_1_891' title='bbox 3155 5181 3274 5220; x_wconf 91' lang='lat' dir='ltr'><strong>eam</strong></span> <span class='ocrx_word' id='word_1_892' title='bbox 3305 5179 3427 5236; x_wconf 68' lang='lat' dir='ltr'><strong>quae</strong></span> <span class='ocrx_word' id='word_1_893' title='bbox 3457 5178 3525 5217; x_wconf 78' lang='lat' dir='ltr'><strong>ex</strong></span> 
     </span>
    </p>
   </div>
   <div class='ocr_carea' id='block_1_112' title="bbox 1949 5256 3519 5329">
    <p class='ocr_par' dir='ltr' id='par_1_112' title="bbox 1949 5256 3519 5329">
     <span class='ocr_line' id='line_1_112' title="bbox 1949 5256 3519 5329; baseline -0.002 -17"><span class='ocrx_word' id='word_1_894' title='bbox 1949 5257 2111 5313; x_wconf 87' lang='lat' dir='ltr'><strong>Patre</strong></span> <span class='ocrx_word' id='word_1_895' title='bbox 2151 5257 2415 5329; x_wconf 88' lang='lat' dir='ltr'><strong>Spiritum</strong></span> <span class='ocrx_word' id='word_1_896' title='bbox 2448 5270 2667 5325; x_wconf 80' lang='lat' dir='ltr'><strong>asserit,</strong></span> <span class='ocrx_word' id='word_1_897' title='bbox 2688 5275 2799 5314; x_wconf 90' lang='lat' dir='ltr'><strong>non</strong></span> <span class='ocrx_word' id='word_1_898' title='bbox 2824 5268 3007 5314; x_wconf 87' lang='lat' dir='ltr'><strong>autem</strong></span> <span class='ocrx_word' id='word_1_899' title='bbox 3032 5258 3173 5312; x_wconf 86' lang='lat' dir='ltr'><strong>illam</strong></span> <span class='ocrx_word' id='word_1_900' title='bbox 3196 5272 3314 5329; x_wconf 72' lang='lat' dir='ltr'><strong>quae</strong></span> <span class='ocrx_word' id='word_1_901' title='bbox 3338 5256 3519 5322; x_wconf 83' lang='lat' dir='ltr'><strong>tradit,</strong></span> 
     </span>
    </p>
   </div>
   <div class='ocr_carea' id='block_1_113' title="bbox 1957 5348 3519 5417">
    <p class='ocr_par' dir='ltr' id='par_1_113' title="bbox 1957 5348 3519 5417">
     <span class='ocr_line' id='line_1_113' title="bbox 1957 5348 3519 5417; baseline -0.001 -14"><span class='ocrx_word' id='word_1_902' title='bbox 1957 5370 1975 5403; x_wconf 81' lang='grc' dir='ltr'><strong>ι</strong></span> <span class='ocrx_word' id='word_1_903' title='bbox 2021 5360 2073 5405; x_wconf 89' lang='lat' dir='ltr'><strong>et</strong></span> <span class='ocrx_word' id='word_1_904' title='bbox 2104 5365 2170 5405; x_wconf 66' lang='lat' dir='ltr'><strong>ex</strong></span> <span class='ocrx_word' id='word_1_905' title='bbox 2212 5348 2345 5405; x_wconf 81' lang='lat' dir='ltr'><strong>Filio</strong></span> <span class='ocrx_word' id='word_1_906' title='bbox 2376 5367 2498 5405; x_wconf 85' lang='lat' dir='ltr'><strong>esse</strong></span> <span class='ocrx_word' id='word_1_907' title='bbox 2527 5353 2812 5417; x_wconf 82' lang='lat' dir='ltr'><strong>astruitur,</strong></span> <span class='ocrx_word' id='word_1_908' title='bbox 2848 5370 2868 5404; x_wconf 73' lang='grc' dir='ltr'><strong>ι</strong></span> <span class='ocrx_word' id='word_1_909' title='bbox 2894 5350 2988 5406; x_wconf 91' lang='lat' dir='ltr'><strong>sed</strong></span> <span class='ocrx_word' id='word_1_910' title='bbox 3017 5350 3231 5405; x_wconf 84' lang='lat' dir='ltr'><strong>ratione</strong></span> <span class='ocrx_word' id='word_1_911' title='bbox 3261 5348 3519 5412; x_wconf 87' lang='lat' dir='ltr'><strong>dationis,</strong></span> 
     </span>
    </p>
   </div>
   <div class='ocr_carea' id='block_1_114' title="bbox 1951 5441 3520 5513">
    <p class='ocr_par' dir='ltr' id='par_1_114' title="bbox 1951 5441 3520 5513">
     <span class='ocr_line' id='line_1_114' title="bbox 1951 5441 3520 5513; baseline -0.002 -16"><span class='ocrx_word' id='word_1_912' title='bbox 1951 5442 2067 5497; x_wconf 80' lang='lat' dir='ltr'><strong>sive</strong></span> <span class='ocrx_word' id='word_1_913' title='bbox 2099 5442 2551 5498; x_wconf 76' lang='lat' dir='ltr'><strong>ntanil&#39;estationis</strong></span> <span class='ocrx_word' id='word_1_914' title='bbox 2577 5445 2830 5498; x_wconf 81' lang='lat' dir='ltr'><strong>traditam</strong></span> <span class='ocrx_word' id='word_1_915' title='bbox 2857 5457 3101 5513; x_wconf 74' lang='lat' dir='ltr'><strong>persona:</strong></span> <span class='ocrx_word' id='word_1_916' title='bbox 3133 5441 3520 5512; x_wconf 83' lang='lat' dir='ltr'><strong>proprietatem</strong></span> 
     </span>
    </p>
   </div>
   <div class='ocr_carea' id='block_1_115' title="bbox 1949 5534 3524 5608">
    <p class='ocr_par' dir='ltr' id='par_1_115' title="bbox 1949 5534 3524 5608">
     <span class='ocr_line' id='line_1_115' title="bbox 1949 5534 3524 5608; baseline -0.001 -19"><span class='ocrx_word' id='word_1_917' title='bbox 1949 5534 2097 5590; x_wconf 89' lang='lat' dir='ltr'><strong>illius</strong></span> <span class='ocrx_word' id='word_1_918' title='bbox 2128 5554 2147 5587; x_wconf 79' lang='grc' dir='ltr'><strong>ι</strong></span> <span class='ocrx_word' id='word_1_919' title='bbox 2193 5551 2259 5590; x_wconf 77' lang='lat' dir='ltr'><strong>ex</strong></span> <span class='ocrx_word' id='word_1_920' title='bbox 2291 5552 2399 5590; x_wconf 93' lang='lat' dir='ltr'><strong>uno</strong></span> <span class='ocrx_word' id='word_1_921' title='bbox 2442 5554 2460 5588; x_wconf 75' lang='grc' dir='ltr'><strong>ι</strong></span> <span class='ocrx_word' id='word_1_922' title='bbox 2501 5545 2752 5608; x_wconf 88' lang='lat' dir='ltr'><strong>respectu</strong></span> <span class='ocrx_word' id='word_1_923' title='bbox 2796 5538 2943 5592; x_wconf 90' lang='lat' dir='ltr'><strong>illius</strong></span> <span class='ocrx_word' id='word_1_924' title='bbox 2978 5536 3071 5607; x_wconf 90' lang='lat' dir='ltr'><strong>qui</strong></span> <span class='ocrx_word' id='word_1_925' title='bbox 3116 5553 3136 5589; x_wconf 83' lang='grc' dir='ltr'><strong>ι</strong></span> <span class='ocrx_word' id='word_1_926' title='bbox 3179 5550 3248 5590; x_wconf 78' lang='lat' dir='ltr'><strong>ex</strong></span> <span class='ocrx_word' id='word_1_927' title='bbox 3287 5545 3524 5604; x_wconf 82' lang='lat' dir='ltr'><strong>utroque</strong></span> 
     </span>
    </p>
   </div>
   <div class='ocr_carea' id='block_1_116' title="bbox 1949 5627 3522 5700">
    <p class='ocr_par' dir='ltr' id='par_1_116' title="bbox 1949 5627 3522 5700">
     <span class='ocr_line' id='line_1_116' title="bbox 1949 5627 3522 5700; baseline -0.001 -18"><span class='ocrx_word' id='word_1_928' title='bbox 1949 5639 2051 5692; x_wconf 79' lang='lat' dir='ltr'><strong>est,</strong></span> <span class='ocrx_word' id='word_1_929' title='bbox 2095 5648 2113 5681; x_wconf 68' lang='grc' dir='ltr'><strong>ι</strong></span> <span class='ocrx_word' id='word_1_930' title='bbox 2152 5637 2206 5684; x_wconf 92' lang='lat' dir='ltr'><strong>et</strong></span> <span class='ocrx_word' id='word_1_931' title='bbox 2235 5628 2397 5700; x_wconf 87' lang='lat' dir='ltr'><strong>hujus</strong></span> <span class='ocrx_word' id='word_1_932' title='bbox 2418 5641 2667 5699; x_wconf 88' lang='lat' dir='ltr'><strong>respectu</strong></span> <span class='ocrx_word' id='word_1_933' title='bbox 2705 5630 2870 5696; x_wconf 89' lang='lat' dir='ltr'><strong>illius,</strong></span> <span class='ocrx_word' id='word_1_934' title='bbox 2903 5646 2971 5686; x_wconf 81' lang='lat' dir='ltr'><strong>ex</strong></span> <span class='ocrx_word' id='word_1_935' title='bbox 2996 5627 3252 5685; x_wconf 90' lang='lat' dir='ltr'><strong>dissimili</strong></span> <span class='ocrx_word' id='word_1_936' title='bbox 3284 5637 3522 5682; x_wconf 82' lang='lat' dir='ltr'><strong>conten-</strong></span> 
     </span>
    </p>
   </div>
   <div class='ocr_carea' id='block_1_117' title="bbox 1949 5721 3523 5798">
    <p class='ocr_par' dir='ltr' id='par_1_117' title="bbox 1949 5721 3523 5798">
     <span class='ocr_line' id='line_1_117' title="bbox 1949 5721 3523 5798; baseline 0 -23"><span class='ocrx_word' id='word_1_937' title='bbox 1949 5721 2219 5787; x_wconf 89' lang='lat' dir='ltr'><strong>dentibus,</strong></span> <span class='ocrx_word' id='word_1_938' title='bbox 2253 5737 2360 5777; x_wconf 90' lang='lat' dir='ltr'><strong>non</strong></span> <span class='ocrx_word' id='word_1_939' title='bbox 2389 5739 2453 5779; x_wconf 74' lang='lat' dir='ltr'><strong>ex</strong></span> <span class='ocrx_word' id='word_1_940' title='bbox 2479 5724 2641 5780; x_wconf 88' lang='lat' dir='ltr'><strong>simili</strong></span> <span class='ocrx_word' id='word_1_941' title='bbox 2671 5726 2959 5790; x_wconf 79' lang='lat' dir='ltr'><strong>exsistere,</strong></span> <span class='ocrx_word' id='word_1_942' title='bbox 2988 5741 3055 5781; x_wconf 79' lang='lat' dir='ltr'><strong>cx</strong></span> <span class='ocrx_word' id='word_1_943' title='bbox 3085 5725 3175 5781; x_wconf 89' lang='lat' dir='ltr'><strong>illo</strong></span> <span class='ocrx_word' id='word_1_944' title='bbox 3199 5722 3291 5798; x_wconf 89' lang='lat' dir='ltr'><strong>qui</strong></span> <span class='ocrx_word' id='word_1_945' title='bbox 3318 5735 3523 5777; x_wconf 84' lang='lat' dir='ltr'><strong>secun-</strong></span> 
     </span>
    </p>
   </div>
  </div>
