3972 6612
510 414 637 472 ιδιι

1733 419 2059 480 GEORGII
2096 419 2405 483 METOCH
2418 424 2560 485 [TE

3610 420 3749 485 1392

503 529 633 581 dum
693 526 1066 583 etsistcntiam
1126 537 1231 592 est,
1301 537 1356 583 et
1414 531 1588 587 altero
1641 533 1731 600 qui
1787 532 2085 588 secundum

2191 534 2266 605 μὴ
2310 535 2715 609 καθ’ῦπαρξιν,
2743 538 2792 590 εἰ
2833 534 2925 591 καὶ
2962 535 3160 606 ταύτης
3191 537 3220 589 ό
3256 533 3452 606 τρόπος
3478 535 3755 604 ἑκατέρων

502 616 879 672 exsistentiam
902 634 1011 672 non
1034 629 1135 680 est.
1163 619 1289 675 licet
1331 620 1559 692 hujusce
1586 623 1780 678 modus
1801 626 2083 679 ambarum

506 708 876 780 bypostascon
917 710 1198 766 dissimilis
1246 714 1343 769 sit.
1393 712 1581 769 Solum
1617 730 1747 770 vero
1783 713 1982 769 Filium
2019 731 2086 770 ex

504 801 620 856 solo
655 800 814 856 Patre
865 816 974 871 non
1009 813 1219 858 tantum
1248 820 1314 860 ex
1366 807 1511 859 dicto
1560 807 1810 876 proxime
1847 807 2081 879 digesto,

502 892 598 948 sed
636 903 687 947 et
724 892 828 946 alio
864 909 1101 964 quoque,
1130 895 1357 952 numine
1379 895 1590 951 aillatus
1619 897 1891 968 Nysseuus
1932 914 2085 953 com-

507 992 800 1051 monstrat,
838 1001 935 1040 seu
969 987 1151 1056 potius
1200 988 1364 1043 ambo
1403 989 1775 1059 cognomines,
1823 1000 1935 1043 tum
1970 989 2082 1050 hic.

503 1083 616 1129 tum
646 1078 736 1144 qui
768 1090 835 1131 ex
885 1078 1040 1132 miris
1075 1080 1300 1134 edendis
1330 1096 1633 1150 cognomen
1687 1080 1790 1135 sibi
1821 1080 2082 1148 vindicat,

499 1163 963 1223 Neocmsariensis
986 1156 1205 1223 divinus
1234 1168 1547 1230 hierarcha.
1578 1171 1867 1241 perspicue
1900 1171 2082 1225 decla-

502 1267 647 1312 rant.
694 1256 794 1312 ilic
842 1258 991 1312 enim
1031 1275 1155 1314 cum
1198 1259 1441 1314 divinum
1490 1260 1669 1315 visum
1711 1260 2083 1331 prmceSsisset

503 1336 818 1406 insinuante
849 1350 1061 1407 Joanne
1093 1350 1394 1422 Theologo,
1428 1351 1525 1420 qui
1557 1353 1613 1405 in
1640 1364 1840 1421 pectus
1867 1351 2081 1408 Domini

502 1443 775 1509 recithuit,
816 1458 1002 1499 veram
1055 1444 1238 1512 iidem,
1282 1440 1392 1499 Dei
1442 1442 1612 1499 Matre
1653 1445 2079 1508 interveniente,

501 1531 762 1586 educetur
792 1550 807 1589 :
841 1532 933 1588 ille
968 1533 1187 1604 propria
1232 1536 1483 1590 oratione
1510 1537 1678 1591 vitam
1710 1536 1878 1604 hujus
1904 1544 1960 1589 et
1991 1549 2081 1589 res

502 1632 680 1692 gestas
713 1623 966 1679 laudibus
988 1639 1360 1695 prosequens,
1413 1627 1559 1682 inter
1597 1626 1701 1681 alia
1732 1626 2081 1681 revelationis

504 1716 723 1770 modum
757 1727 998 1783 enarrat,
1030 1727 1086 1773 et
1127 1717 1182 1772 in
1226 1733 1291 1773 ea
1342 1717 1503 1773 ﬁdem
1532 1719 1792 1774 dictatam
1832 1721 2077 1788 exponit,

503 1824 622 1876 quae
655 1809 707 1862 in
744 1825 854 1864 uno
906 1825 973 1865 ex
1021 1811 1224 1865 nostris
1260 1810 1584 1866 tractatibus
1634 1811 1839 1882 integra
1871 1811 2077 1880 digesta

503 1908 607 1955 est.
670 1900 727 1955 ln
799 1916 863 1956 ea
936 1912 1224 1972 postquam
1283 1903 1350 1958 de
1407 1903 1567 1958 Patre
1635 1904 1839 1958 dictum
1910 1912 2077 1968 esset,

508 2013 525 2043 ι
567 1993 722 2049 Unus
756 1993 917 2057 Deus,
964 1994 1124 2049 Pater
1161 1992 1328 2050 Verbi
1357 1995 1611 2062 viventis,
1647 1996 1928 2066 sapientia:
1983 2011 2078 2067 per

503 2100 560 2137 sc
591 2084 938 2138 subsistentis
976 2092 1031 2139 et
1077 2087 1387 2155 potestatis.
1420 2105 1438 2138 ι
1480 2102 1601 2155 qum
1635 2097 1958 2158 sequuntur,
2010 2088 2078 2142 de

505 2173 640 2229 Filio
699 2175 863 2229 tradit
913 2192 926 2228 :
982 2194 1001 2228 ι
1060 2175 1216 2231 Unus
1275 2178 1561 2241 Dominus,
1617 2180 1765 2236 solus
1814 2196 1876 2235 ex
1937 2181 2076 2245 solo,

505 2267 645 2321 Deus
683 2284 745 2320 ex
770 2279 774 2283 '
798 2267 930 2333 Deo,
967 2268 1251 2323 character
1281 2279 1336 2324 et
1368 2270 1544 2341 imago
1599 2271 1916 2333 divinitatis.
1952 2272 2080 2327 Ver-

504 2367 627 2412 bum
653 2358 857 2429 absque
898 2360 1196 2429 principio.
1238 2381 1255 2413 ι
1292 2371 1345 2416 et
1383 2363 1612 2432 reliqua.
1658 2364 1793 2419 Cum
1832 2380 1959 2418 vero
1986 2364 2076 2434 qui

505 2452 759 2506 omnibus
808 2452 1209 2518 contradicunt,
1266 2455 1429 2508 verba
1485 2454 1780 2522 funditore,
1830 2472 2079 2526 novaque

505 2544 841 2599 comminisci
885 2544 1097 2597 nullum
1149 2546 1309 2599 tinem
1348 2545 1579 2612 faciunt,
1620 2548 1742 2602 licet
1779 2564 1900 2619 qua:
1940 2550 2079 2605 aﬂ‘e-

507 2644 700 2690 runtur
731 2635 1033 2690 indubitata
1079 2644 1136 2690 et
1188 2637 1336 2689 omni
1391 2640 1820 2695 c0ntradictione
1874 2641 2079 2711 majora

507 2729 636 2794 sint,
676 2737 887 2784 tantum
935 2739 995 2782 ut
1030 2729 1318 2785 videantur
1354 2732 1556 2802 aliquid
1589 2733 1791 2797 dicere,
1837 2745 1891 2789 et
1934 2736 2078 2790 aliud

422 2823 426 2827 ‘
508 2832 769 2889 prteterca
796 2819 965 2883 nihil;
998 2836 1120 2875 nam
1147 2822 1201 2875 in
1232 2825 1513 2892 praesentia
1549 2825 1768 2881 silentio
1792 2837 2078 2897 praetereo,

508 2912 770 2979 majorem
801 2927 992 2967 eorum
1026 2922 1465 2969 eommentorum
1523 2926 1730 2986 partem
1779 2918 1832 2972 in
1880 2919 2083 2989 .prmci-

470 3058 477 3065 ,
506 3006 641 3074 pitia
671 3016 981 3060 asserentes
1007 3004 1351 3075 compellere,
1375 3006 1606 3063 fortasse
1632 3024 1699 3065 ex
1724 3009 1790 3066 iis
1814 3011 2080 3081 quispiam

508 3097 708 3151 dixerit
748 3114 761 3152 :
806 3116 824 3148 ι
869 3096 1039 3152 Filius
1070 3098 1220 3152 solus
1270 3114 1337 3154 ex
1375 3101 1494 3154 solo
1527 3099 1729 3168 Patre;
1778 3121 1796 3155 ι
1847 3102 2083 3174 Spiritus

2189 625 2543 681 ὑποστάσεων
2573 628 2835 696 κέκτηται
2864 629 2924 681 τὸ
2951 629 3225 695 ἀνόμοιον.
3258 627 3381 681 Ὀτι
3406 627 3466 680 δὲ
3500 626 3658 695 μόνος
3691 626 3758 677 ἑκ

2193 715 2356 783 μόνου
2383 715 2480 769 τοῦ
2514 717 2728 788 Πατρδς
2750 719 2777 771 ό
2805 719 2953 784 Υἱὸς,
2971 719 3234 788 οὐχὸπως
3259 720 3322 771 ὲκ
3358 719 3567 788 ῥήσεως
3591 731 3758 785 προσ-

2186 808 2325 878 εχῶς
2341 809 2440 877 τῆς
2467 810 2939 881 παραληφθεισης,
2963 812 3100 870 ἀλλὰ
3118 812 3210 864 καὶ
3226 809 3552 879 ὲξὲτέρας,ὁ
3568 808 3757 876 θεόλη-

2186 917 2322 963 πτος
2343 902 2565 974 Νόσσης
2596 903 2863 970 ἐκφαίνει,
2897 904 2930 975 ἢ
2960 905 3165 973 μᾶλλον
3189 905 3223 973 ἡ
3259 901 3589 972 ἀμφοτέρων
3610 896 3759 968 όμώ-

2187 1006 2358 1057 νυμος
2387 990 2536 1057 δυὰς,
2590 983 2744 1055 οὗτός
2772 1009 2830 1046 τε
2856 993 2949 1044 καὶ
2978 995 3088 1053 τοῖς
3120 990 3400 1061 θαύμασιν
3435 991 3464 1042 ό
3505 1004 3761 1057 φερωνυ-

2189 1081 2307 1153 μῶν
2368 1083 2807 1154 Νεοκαισαρείας
2861 1084 3042 1148 ἔνθεος
3101 1084 3360 1155 ἱερὰρχης
3418 1079 3760 1135 δεικνύωσιν

2185 1174 2452 1243 ἐναργῶς.
2506 1175 2565 1228 '0
2613 1176 2713 1244 μὲν
2745 1175 2854 1247 γὰρ
2905 1176 3057 1238 θείας
3098 1167 3369 1239 ὀπτασίας
3397 1172 3760 1242 ἠγησαμένης

2184 1266 2337 1334 παρὰ
2379 1265 2628 1321 Ἰωάννου
2678 1269 2773 1322 τοῦ
2831 1269 3148 1340 ἐπιστηθίου
3198 1268 3295 1322 καὶ
3345 1266 3618 1333 Θεολόγου
3660 1264 3761 1334 τὴν

2184 1358 2447 1430 ἀληθινὴν
2483 1362 2670 1415 πίστιν
2716 1364 2933 1431 μυεῖται
2966 1361 3364 1432 μεσιτευοῦσης
3394 1359 3501 1428 τῆς
3546 1357 3762 1425 Θεομή-

2182 1466 2370 1529 ’ξορας’
2397 1509 2401 1512 ,
2431 1454 2459 1505 ὁ
2500 1452 2559 1506 δὲ
2618 1454 2804 1524 οἰκείῳ
2861 1453 3007 1525 λόγῳ
3038 1454 3132 1508 τὸν
3179 1453 3374 1508 τούτου
3424 1451 3547 1522 βίον
3585 1451 3791 1529 ὲγκωσξ

2185 1522 2396 1613 μιάζων
2452 1546 2521 1599 τά
2584 1563 2645 1600 τε
2703 1520 2843 1601 ἄλλα
3052 1548 3122 1600 τὰ
3176 1551 3276 1617 τῆς
3330 1520 3799 1612 ’Λποκαλύψεωςῖ

2181 1632 2474 1704 διηγεῖται,
2533 1636 2628 1689 καὶ
2684 1637 2783 1707 τὴν
2829 1637 2890 1701 ἐξ
2946 1638 3118 1708 αὐτῆς
3179 1637 3607 1707 θεολογηθείσαν
3669 1635 3763 1686 πί-

2183 1743 2299 1778 στιν
2360 1725 2674 1793 ἐκτίθεται,
2723 1729 2889 1800 ἢκαί
2941 1747 3051 1783 τινι
3098 1728 3207 1782 τῶν
3256 1728 3551 1797 ἡμετέρων
3588 1725 3765 1793 λόγων

2184 1818 2413 1882 ἐντελῶς
2436 1821 2906 1891 ὲγκατέστρωται.
2941 1823 3030 1875 Ἐν
3106 1821 3237 1891 περὶ
3261 1820 3356 1874 τοῦ
3384 1819 3605 1889 Πιτρδς
3629 1820 3766 1888 μετὰ

2182 1910 2242 1964 τὸ
2274 1910 2554 1981 λεχθῆναι,
2599 1933 2618 1965 ι
2656 1909 2752 1978 Εἷς
2783 1914 2936 1977 Θεὸς,
2974 1915 3166 1984 Πατὴρ
3191 1913 3369 1980 Λόγου
3414 1911 3646 1975 ζῶντος,
3676 1927 3767 1964 σο-

2184 2003 2311 2072 φίας
2339 2005 2659 2077 ὑφεστώσης
2687 2008 2782 2060 καὶ
2811 2006 3115 2076 δυνάμεως,
3150 2025 3167 2057 ι
3222 2007 3319 2060 καὶ
3352 2006 3423 2058 τὰ
3452 2005 3605 2075 ἑξῆς,
3638 2003 3766 2072 περὶ

2182 2095 2274 2148 τοῦ
2310 2095 2439 2149 Υίοῦ
2489 2096 2613 2150 τάδε
2641 2096 3091 2166 διαλαμϐάνεται,
3140 2114 3158 2147 ‹
3197 2091 3292 2159 Εἷς
3319 2095 3554 2165 Κύριος..
3609 2094 3764 2163 μόνος

2180 2188 2246 2240 ὲκ
2281 2188 2466 2257 μόνου,
2532 2187 2665 2251 Θεὸς
2697 2189 2762 2242 ἐκ
2789 2187 2946 2256 Θεοῦ,
3006 2188 3298 2259 χαρακτὴρ
3334 2190 3431 2241 καὶ
3464 2185 3633 2240 εἰκὼν
3665 2188 3762 2254 τῆς

2184 2277 2462 2348 θεότητος,
2525 2280 2698 2349 Λόγος
2734 2282 3009 2351 ἄναρχος,
3059 2299 3077 2332 ι
3139 2282 3235 2335 καὶ
3263 2279 3336 2333 τὰ
3365 2279 3559 2336 λοιπά.
3618 2278 3759 2350 Πλὴν

2182 2369 2305 2423 ἐπεὶ
2338 2374 2448 2433 τοῖς
2485 2371 3005 2442 ἀντιδιατιθεμένοις
3045 2372 3183 2443 πρὸς
3226 2373 3407 2425 πάντα
3444 2371 3509 2425 τὸ
3537 2372 3762 2441 ἐὗρεσι-

2182 2460 2383 2528 λογεῖν,
2409 2463 2504 2515 καὶ
2542 2463 2588 2515 εί
2634 2463 2743 2516 τῶν
2773 2463 3209 2533 ἁναντιρῤήτων,
3242 2464 3339 2517 καὶ
3370 2465 3421 2515 εί
3456 2460 3567 2514 τῶν
3588 2463 3763 2529 ἀναμ-

2185 2552 2478 2621 φιλέκτων,
2519 2552 2614 2606 καὶ
2646 2555 2706 2607 τὸ
2732 2555 2910 2608 δοκεῖν
2963 2572 3018 2608 τι
3056 2555 3242 2622 λέγειν
3269 2555 3362 2607 καὶ
3390 2553 3551 2606 πλέον
3574 2552 3762 2605 οὐδέν*

2183 2642 2258 2695 ὲῶ
2290 2642 2398 2711 γὰρ
2429 2642 2631 2713 ἀρτίως
2676 2644 2872 2707 εἰπεῖν,
2907 2643 2982 2707 ὡς
3008 2643 3100 2696 καὶ
3132 2643 3201 2694 τὰ
3251 2642 3424 2693 πλείω
3472 2640 3584 2693 τῶν
3614 2640 3766 2709 σφίσι

2184 2734 2495 2803 λεγομένων
2525 2735 2604 2797 εἷς
2653 2736 2933 2806 κρημνοὺς
2969 2733 3270 2787 συνωθοῦσι
3306 2733 3435 2794 τοὺς
3461 2731 3763 2799 λέγοντας”

2184 2828 2298 2896 ἐρεῖ
2329 2843 2412 2889 τις
2448 2826 2599 2890 ἴσως,
2634 2846 2653 2879 ι
2701 2827 2830 2888 Υἱὸς
2869 2826 3027 2896 μόνος
3067 2828 3133 2879 ἐκ
3168 2829 3333 2896 μόνου
3358 2824 3614 2894 Πατρόςο
3655 2840 3675 2872 ι
3706 2821 3766 2872 τὺ

2186 2918 2295 2987 γὰρ
2327 2917 2551 2987 Πνεῦμα
2575 2919 2673 2988 οὐχ
2713 2918 2857 2981 Υἱός.
2883 2920 2945 2972 Ei
2989 2919 3174 2984 μέντοι
3222 2918 3351 2987 περὶ
3378 2915 3476 2968 τοῦ
3514 2913 3645 2967 Υίοῦ
3675 2914 3767 2964 τὸν

2187 3009 2343 3078 λόγον
2371 3010 2693 3080 ποιούμενος
2731 3008 2903 3071 οὕτως
2944 3011 3185 3079 εἴρηκεν,
3239 3027 3257 3060 ι
3298 3003 3378 3070 εἷς
3420 2993 3574 3069 Υἱὸς,
3602 3025 3625 3058 ι
3649 3001 3766 3056 εἶτα

2188 3081 2456 3171 ἐπήγαγε,
2508 3120 2526 3153 ι
2563 3101 2720 3168 μόνος
2765 3103 2827 3154 ὲκ
2863 3103 3049 3169 μόνου,
3079 3119 3097 3150 ι
3129 3093 3419 3157 οὐδὀῦτος
3444 3094 3593 3167 εἶχεν
3635 3097 3702 3150 ἂν
3737 3097 3766 3148 ὁ

509 3189 655 3243 enim
697 3187 863 3244 Filius
902 3204 1012 3244 non
1064 3198 1170 3244 est.
1211 3188 1366 3255 Quod
1409 3191 1453 3244 si
1499 3190 1567 3246 de
1597 3190 1737 3246 Filio
1775 3208 2083 3250 sermonem

2191 3193 2345 3260 λόγος
2403 3193 2488 3245 ὅδε
2519 3193 2581 3244 τὸ
2606 3194 2686 3255 εἰς
2716 3191 3008 3260 βεὸαίωσιν
3032 3208 3046 3223 ’
3089 3192 3238 3260 ὅμως
3258 3192 3379 3243 τινὰ
3409 3190 3634 3258 δόκησιν
3653 3184 3764 3258 εἶχε

510 3282 742 3347 habens,
770 3284 842 3336 ita
865 3281 1081 3337 locutus
1101 3281 1314 3347 fuisset,
1344 3302 1362 3335 ‹
1397 3283 1553 3339 Unus
1572 3284 1756 3348 Filius.
1790 3305 1809 3337 ι
1842 3276 2085 3357 postmo-

511 3373 640 3428 dum
672 3374 1047 3444 subjunxisset
1079 3393 1098 3426 ‹
1135 3376 1284 3431 solus
1314 3392 1379 3431 ex
1409 3376 1545 3441 solo,
1576 3395 1593 3428 ι
1629 3392 1695 3433 ue
1730 3378 1828 3431 hac
1867 3362 2086 3448 quidem

515 3468 725 3521 ratione
789 3467 993 3522 dictum
1053 3466 1234 3523 simile
1295 3469 1687 3524 certitudinem
1767 3470 2085 3539 habuisset;

515 3559 876 3613 nihilominus
921 3559 1201 3614 videretur
1230 3559 1437 3630 aliquid
1467 3562 1669 3615 dicere.
1695 3559 2088 3616 Verumtamen

515 3651 640 3705 dum
665 3650 817 3718 dicit,
858 3669 876 3701 ι
914 3667 1055 3707 unus
1080 3651 1341 3707 Dominus
1374 3670 1392 3705 ι
1428 3662 1484 3707 et
1509 3668 1672 3722 quam
1710 3651 1854 3709 illico
1882 3671 1900 3705 ι
1941 3653 2091 3709 solus

514 3755 580 3795 ex
623 3742 739 3796 solo
781 3759 799 3792 ι
850 3742 1073 3807 addidit,
1132 3762 1152 3795 ι
1223 3743 1366 3799 Deus
1421 3760 1508 3821 ex,
1548 3744 1680 3807 Deo.
1738 3764 1758 3797 ι
1805 3727 1858 3800 ct
1907 3746 2090 3800 multis

518 3834 842 3903 interjectis,
896 3852 914 3885 ι
966 3835 1135 3891 Filius
1184 3852 1350 3892 verus
1396 3838 1507 3893 veri
1555 3835 1755 3903 Patris,
1803 3855 1823 3890 ι
1872 3839 2089 3894 ubinam

516 3925 895 3980 commentitia
953 3928 1057 3981 ista
1119 3927 1298 3982 locum
1362 3928 1678 3983 habebunt?
1731 3926 2090 3984 Postmodum

516 4018 702 4071 animo
732 4018 1126 4073 attendendum
1147 4029 1252 4084 est,
1277 4021 1527 4075 eumdem
1551 4036 1669 4075 esse
1692 4020 2095 4089 divinil0quum

517 4111 609 4180 qui
646 4110 908 4164 \isionem
962 4121 1018 4166 et
1050 4112 1412 4182 colloquium,
1443 4114 1495 4165 iu
1524 4128 1633 4182 quo
1661 4129 1692 4167 a
1725 4113 1833 4167 Deo
1858 4122 2096 4182 exceptae

518 4217 712 4272 preces
741 4211 891 4264 sunt,
912 4202 1074 4257 tradit
1104 4215 1452 4275 enarratqne,
1483 4216 1536 4260 et
1560 4206 1831 4276 quomodo
1853 4206 2096 4261 sibimet-

518 4295 621 4366 ipsi
673 4296 944 4351 contraria
998 4297 1258 4362 scribere,
1307 4307 1362 4351 et
1408 4313 1517 4352 nou
1566 4299 1665 4353 sibi
1713 4299 1895 4368 potius
1958 4313 2094 4353 eon-

522 4389 705 4443 rordia
745 4387 950 4442 referre
984 4389 1232 4442 veritatis
1265 4398 1447 4443 tantus
1482 4406 1546 4444 ac
1578 4392 1876 4445 vehemens
1917 4405 2095 4459 prmco

523 4477 935 4551 proposuisset?
985 4477 1165 4544 Quare
1217 4480 1361 4549 quod
1410 4480 1504 4545 ibi,
1565 4498 1584 4531 ‹
1634 4496 1736 4535 nec
1772 4482 1911 4533 ultra
1972 4495 2095 4547 pro-

2187 3283 2281 3338 τοῦ
2326 3284 2507 3353 λέγειν
2538 3301 2611 3338 τι.
2679 3284 2835 3337 Ἐπεὶ
2863 3283 2922 3336 δὲ
2954 3302 2975 3335 ι
3008 3277 3089 3346 εἷς
3135 3282 3341 3353 Κύριος
3387 3302 3408 3334 ι
3438 3283 3637 3351 ἔφησε,
3672 3282 3767 3334 καὶ

2189 3376 2463 3445 παρευθὺς
2517 3394 2536 3428 ι
2577 3376 2740 3446 μόνος
2780 3377 2844 3429 ὲκ
2883 3376 3043 3445 μόνου
3081 3393 3100 3427 ι
3161 3375 3435 3445 ἐπήγαγε.
3468 3393 3489 3426 ι
3535 3374 3669 3436 Θεὸς
3703 3377 3764 3427 ἐκ

2187 3466 2347 3531 Θεοῦ,
2389 3485 2409 3518 ι
2445 3465 2541 3519 καὶ
2576 3468 2714 3533 μετά
2744 3483 2867 3519 τινα
2907 3467 3008 3519 οὐκ
3038 3466 3215 3533 ὀλίγα,
3281 3486 3299 3518 ι
3351 3466 3481 3529 Υἱὸς
3513 3466 3765 3535 ἀληθινὸς

2189 3557 2443 3627 ἀληθινοῦ
2477 3556 2707 3626 Πατρός,
2744 3575 2762 3607 ι
2802 3557 2905 3609 ποῦ
2932 3556 3118 3629 χώραν
3149 3563 3218 3610 τα
3245 3558 3342 3627 τῆς
3379 3558 3761 3627 εὐρεσιλογίας

2190 3652 2248 3704 ὲν
2275 3649 2485 3712 τούτοις
2508 3650 2721 3715 ἕξουσιν
2743 3665 2760 3714 ;
2785 3648 2978 3702 ἔπειτα
2997 3650 3442 3719 προσεσχηκέναι
3472 3650 3671 3718 χρεὼν,
3691 3648 3763 3711 ὥς

2191 3745 2219 3796 ό
2249 3743 2409 3805 αὐτός
2446 3745 2563 3796 ἐστι
2589 3742 2853 3814 θεηγόρος
2884 3745 2912 3795 ό
2938 3743 3008 3795 τὰ
3030 3744 3128 3812 τῆς
3159 3742 3433 3804 ὀπτασίας
3455 3744 3639 3794 καὶτὰ
3671 3742 3765 3810 τῆς

2192 3834 2407 3904 ὁμιλίας
2434 3836 2532 3903 τῆς
2558 3835 2635 3896 είς
2667 3833 2766 3903 τὴν
2789 3832 3191 3901 θεοπαράδοτον
3225 3832 3394 3903 εὐχὴν
3431 3833 3765 3901 παραδιδοὺς

2192 3927 2288 3980 καὶ
2319 3924 2717 3993 φθεγγόμενος.
2744 3924 2853 3977 Καὶ
2887 3923 3005 3987 πῶς
3035 3923 3101 3976 ἂν
3134 3926 3559 3992 ὲναντιοφωνείν
3596 3924 3769 3975 εἵλετο

2194 4033 2325 4071 ποτε
2353 4015 2553 4085 ἑαυτῷ,
2578 4016 2659 4067 ὅτι
2694 4014 2770 4085 μὴ
2800 4017 3111 4085 συμφωνεῖν
3151 4014 3353 4084 μᾶλλον
3386 4014 3489 4083 τῆς
3514 4015 3766 4084 ἀληθείας

2195 4108 2224 4161 ὁ
2268 4106 2520 4170 τοσοῦτος
2552 4106 2730 4177 κήρυξ
2755 4109 2783 4159 ό
2811 4106 3135 4176 διαπρύσιος
3159 4124 3177 4170 ς
3206 4106 3372 4159 Ὅθεν
3399 4108 3539 4176 ὅπερ
3568 4108 3763 4170 ἐκεῖσε,

2202 4222 2220 4256 ι
2256 4204 2434 4273 Μέχρι
2472 4201 2663 4254 τούτου
2697 4200 2912 4254 ἵσταται
2936 4201 2997 4253 τὸ
3034 4201 3230 4269 ἰδίωμα
3261 4199 3341 4270 τῷ
3368 4200 3506 4269 Υίῷ,
3542 4219 3560 4251 ι
3606 4201 3763 4267 μέχρι

2195 4294 2290 4348 τοῦ
2330 4296 2393 4347 ὲκ
2420 4293 2633 4364 Πατρὸς
2659 4289 2815 4355 εἶναι,
2850 4295 2945 4347 καὶ
2995 4292 3070 4363 μὴ
3102 4292 3415 4362 περαιτέρω
3443 4293 3505 4357 ἐξ
3546 4292 3703 4345 ἄλλον
3732 4291 3767 4360 ἦ

2197 4388 2263 4440 δι’
2294 4387 2477 4448 ἄλλου,
2507 4385 2666 4439 τοῦτο
2696 4385 2929 4439 ἐνταῦθα
2963 4387 3145 4455 μόνος,
3168 4386 3232 4437 ὲκ
3258 4387 3450 4454 μόνου,
3494 4386 3768 4436 τουτέστιν
3814 4442 3817 4443 ν

2201 4481 2263 4532 ἐκ
2292 4479 2385 4532 τοῦ
2405 4480 2636 4547 Πατρὸς,
2668 4479 2762 4531 καὶ
2807 4478 2907 4530 οὐκ
2940 4479 2997 4543 ἐξ
3023 4478 3233 4549 ἑτέρου,
3271 4476 3397 4547 ἦδι’
3433 4477 3625 4545 ἑτέρου
3676 4476 3766 4527 καὶ

527 4574 725 4642 prietes
758 4570 905 4623 illius
957 4571 1298 4635 extenditur,
1340 4589 1358 4621 ι
1396 4571 1537 4625 ultra
1567 4586 1769 4640 nempe
1818 4586 1883 4624 ex
1934 4568 2089 4625 Patre

2200 4576 2296 4642 τῆς
2328 4571 2421 4623 ἐπὶ
2460 4572 2620 4622 πλέον
2651 4569 2952 4640 σαφηνείας
2982 4568 3177 4621 τούτου
3201 4584 3261 4621 τε
3304 4567 3560 4620 κάκείνου
3590 4571 3767 4636 παράο

524 4679 666 4727 esse,
702 4675 880 4728 neque
925 4677 993 4714 ex
1023 4662 1152 4724 alio,
1207 4678 1383 4731 neque
1441 4678 1539 4727 per
1587 4662 1754 4716 aliud.
1792 4660 1857 4716 Et
1894 4663 1997 4716 hoc
2046 4671 2101 4716 et

528 4755 660 4809 illud
685 4757 854 4823 umgis
881 4769 943 4807 ac
978 4755 1144 4825 magis
1175 4757 1487 4810 manifestat
1508 4754 1786 4810 inductio:
1815 4773 1832 4807 ι
1865 4755 2101 4824 Spiritus

529 4862 658 4902 vero
680 4858 734 4902 et
755 4865 819 4903 ex
844 4848 1005 4904 Patre
1028 4849 1247 4914 dicitur,
1275 4857 1331 4902 et
1356 4863 1422 4902 ex
1452 4846 1586 4902 Filio
1614 4862 1734 4902 esse
1761 4849 2044 4911 astruitur,
2076 4865 2096 4899 ι

514 4932 818 5006 ini-iusque
863 4938 1210 4994 concordiam
1273 4939 1646 4994 invariabilem
1700 4940 1999 4994 ostendens
2048 4948 2106 4994 et

529 5031 929 5101 suimetipsius.
974 5050 992 5083 ι
1047 5033 1114 5086 At
1157 5046 1427 5097 asserere,
1473 5030 1624 5086 solus
1665 5028 1835 5086 Filius
1878 5045 1941 5086 ex
1985 5029 2103 5085 solo

534 5122 690 5179 Patre
723 5143 739 5180 :
775 5124 1011 5195 Spiritus
1033 5126 1179 5180 enim
1208 5122 1377 5179 Filius
1398 5138 1506 5178 non
1534 5130 1638 5187 est,
1678 5142 1696 5175 ›
1718 5123 1783 5177 ad
1813 5122 2103 5177 destruen-

532 5216 655 5271 dam
690 5217 1059 5273 diﬂ'erentiam
1096 5218 1350 5273 traditam
1393 5231 1426 5270 a
1469 5216 1655 5270 divino
1696 5230 1968 5286 praecone,
1999 5215 2105 5268 hoc

534 5311 750 5378 quidem
779 5327 972 5366 nocte:
1000 5320 1234 5381 utroque
1263 5324 1386 5366 esse
1415 5309 1699 5378 Spiritum,
1726 5307 1858 5363 illud
1886 5323 2013 5363 vero
2037 5322 2103 5361 ex

537 5421 648 5459 uno
699 5406 873 5458 solum
929 5421 995 5459 ex
1055 5402 1171 5458 ειιιο
1220 5400 1377 5457 Patre
1416 5400 1633 5465 Filium,
1669 5415 1789 5469 qum
1849 5408 1931 5455 est
1978 5414 2104 5468 pro-

537 5496 739 5567 prietas
773 5488 920 5551 illius
966 5511 1029 5550 ex
1068 5504 1317 5566 utroque.
1358 5502 1714 5564 praeterquam
1747 5491 1889 5561 quod
1920 5490 2105 5549 divino

540 5587 772 5655 przeeoni
816 5586 1306 5642 contradictionem
1357 5583 1623 5655 appiugit,
1673 5583 1901 5637 rationis
1939 5596 2108 5652 penu-

541 5680 679 5731 riam
710 5677 940 5742 indicat,
964 5679 1015 5747 si
1053 5679 1167 5732 iure
1193 5676 1465 5746 theologia
1499 5674 1915 5746 proprietatem,
1956 5684 2010 5728 et
2041 5689 2109 5728 ex

543 5762 771 5833 utroque
802 5771 1023 5826 tradens
1059 5781 1264 5838 aperte,
1312 5768 1573 5839 Spiritum
1610 5781 1718 5822 non
1754 5782 1878 5821 esse
1911 5764 2109 5821 Fih'um

544 5863 756 5923 edocet,
786 5874 837 5918 et
871 5878 966 5925 per
991 5861 1185 5918 Filium
1213 5864 1526 5924 enuntiaus,
1553 5875 1674 5917 eum
1696 5859 1867 5913 amba:
1900 5872 2108 5924 praepo-

2205 4678 2395 4724 στασις
2427 4662 2459 4731 ἡ
2487 4663 2775 4732 ἐπαγωγὴ,
2815 4678 2833 4711 ι
2880 4660 2953 4712 Τὸ
2983 4659 3039 4712 δὲ
3066 4658 3290 4728 Πνεῦμα
3328 4662 3421 4709 καὶ
3449 4660 3517 4710 ὲκ
3536 4648 3764 4709 τοῦ’Παο
3801 4702 3809 4710 .

2202 4754 2330 4826 τρδς
2356 4755 2596 4822 λέγεται,
2620 4756 2717 4807 καὶ
2750 4757 2812 4808 ὲκ
2843 4752 2939 4807 τοῦ
2989 4752 3119 4805 Υίοῦ
3155 4749 3296 4805 εἶναι
3330 4753 3769 4821 προσμαρτυρεῖ·

2203 4866 2314 4911 ται,
2353 4867 2372 4899 ο
2404 4849 2465 4901 τὸ
2494 4847 2594 4916 τῆς
2621 4843 2940 4917 συμφωνίας
2990 4847 3330 4918 ἀμετάθετον
3355 4848 3643 4915 ἑκατέρων
3668 4845 3785 4897 δεμ-

2206 4940 2381 4995 κνῦσα
2402 4941 2497 4995 καὶ
2520 4941 2742 5011 ἑαυτῆς.
2768 4958 2785 4992 ι
2812 4940 2887 4995 Τὸ
2906 4940 2962 4993 δὲ
2992 4942 3158 5009 φάναι
3186 4940 3349 5007 μόνος
3376 4938 3504 4998 Υἱὸς
3529 4940 3594 4989 ἐκ
3612 4940 3770 5006 μόνον

2205 5029 2453 5101 Πατρός·
2493 5029 2553 5083 τὸ
2604 5029 2829 5099 Πνεῦμα
2885 5028 2994 5099 γὰρ
3026 5030 3127 5099 οὐχ
3158 5027 3306 5091 Υἱὸς,
3334 5047 3353 5079 ι
3390 5029 3469 5091 είς
3493 5028 3773 5097 ἀναίρεσιν

2204 5123 2302 5194 τῆς
2333 5121 2729 5192 παραδοθείσης
2776 5122 3042 5192 διαφορᾶς
3071 5121 3151 5190 τῷ
3201 5119 3585 5190 ίεροφάντορι“
3621 5117 3774 5170 τοῦτο

2211 5215 2311 5288 μιν
2342 5214 2402 5280 ἐξ
2424 5217 2626 5286 ἀμφοῖν
2657 5214 2925 5284 ὑπάρχειν
2964 5213 3024 5267 τὸ
3050 5212 3297 5281 Πνεῦμα,
3353 5211 3420 5265 τὸ
3453 5211 3514 5264 δὲ
3552 5209 3616 5274 ἐξ
3656 5210 3774 5271 ἑνὸς

2210 5307 2371 5378 μόνον
2402 5308 2465 5361 ὲκ
2508 5307 2671 5377 μόνου
2710 5305 2804 5359 τοῦ
2847 5304 3058 5377 Πατρδς
3086 5303 3179 5358 τὸν
3202 5302 3354 5365 1'le,
3407 5303 3545 5372 ὅπερ
3579 5301 3771 5371 ἰδίωμα

2208 5399 2342 5469 πρὸς
2376 5396 2437 5451 τδ
2467 5397 2525 5465 ἐξ
2578 5398 2803 5468 ἀμφοῖν,
2841 5397 2974 5467 πρὸς
3023 5395 3101 5464 τῷ
3140 5394 3569 5463 ὲναντιοφωνίαν
3606 5407 3774 5463 προσ-

2158 5512 2175 5519 ι
2209 5487 2513 5559 επιτρίὸειν
2535 5486 2612 5558 τῷ
2646 5486 2981 5559 θεοκήρυκι,
3042 5486 3138 5539 καὶ
3170 5483 3231 5539 τὸ
3263 5484 3551 5552 ἀλόγιστον
3584 5482 3772 5552 ἐπιφέ-

2210 5597 2388 5652 ρεται,
2417 5581 2575 5650 εἰπερ
2604 5579 2744 5650 αὕτη
2786 5578 2974 5648 σαφῶς
3007 5579 3040 5650 ἡ
3066 5577 3315 5646 θεολογία
3340 5578 3402 5630 τ’»
3429 5577 3649 5646 ἰδίωμα,
3680 5574 3776 5627 καὶ

2207 5671 2270 5724 τὸ
2313 5671 2379 5723 ἐκ
2423 5669 2627 5740 δυοῐνὴ
2680 5668 3068 5737 παραδιδοῦσα,
3121 5668 3182 5721 τὸ
3237 5668 3314 5738 μὴ
3366 5666 3498 5720 Υἰόν
3557 5662 3778 5719 εἶναιτὸ

2211 5760 2438 5831 Πνεῦμα
2467 5759 2727 5826 διδάσκει,
2756 5761 2791 5831 ἥ
2836 5778 2895 5814 τε
2930 5761 2989 5815 τὸ
3017 5761 3083 5814 δι’
3118 5760 3251 5814 Υἱοῦ
3306 5760 3776 5828 καταγγέλλουσα.

2211 5857 2285 5921 ὡς
2305 5862 2363 5909 τι
2391 5855 2710 5925 ἰσοδὺναμον
2734 5854 3056 5926 ἀμφοτέρων
3080 5853 3395 5925 προθέσεων
3425 5852 3779 5924 κεκτημένων
