4020 6574
206 436 353 501 1393

1156 445 1458 510 CONTRA
1497 449 1928 513 MANUELEM
1968 454 2455 519 CRETENSEM.

3308 457 3449 521 133$

196 564 342 602 κατα
376 548 477 612 τὰς
528 552 801 621 πατρικὰς
848 555 1307 628 προδεδειγμένοις
1353 562 1766 632 μυσταγωγίας.

1892 565 2119 626 titiones.
2141 578 2201 622 ut
2220 569 2325 637 iam
2351 552 2745 624 demonstratis
2769 578 2927 624 antea
2952 568 3173 623 Patrum
3195 568 3457 625 doctrinis

198 638 370 701 Αὐτὸς
400 640 497 708 μὲν
525 640 633 712 γάρ
653 644 683 696 6
710 642 969 715 θεόσοφος
997 646 1183 703 ὲνθάδε
1211 650 1435 718 Νύσσης
1492 652 1652 723 μόνον
1707 655 1771 707 ὲκ

205 729 367 797 μόνου
399 732 490 784 τὸν
515 732 644 786 Υίδν
677 735 1031 807 δογματίσας,
1059 738 1119 791 τὸ
1161 743 1448 810 μονογενὲς
1475 743 1636 797 αὐτοῦ
1662 745 1772 798 διεο

200 821 471 889 τράνωσε,
494 826 587 877 καὶ
612 827 714 883 ποῦ
741 828 801 879 τὸ
828 828 1013 883 λοιπὸν
1042 830 1226 903 υῑότης
1259 833 1337 903 τῷ
1367 834 1668 905 Πνεύματι,
1714 838 1771 891 ὲν

200 910 256 965 δὲ
286 916 398 976 τοῖς
423 916 556 984 πρὸς
614 917 923 986 Ἀϐλάὸιον,
957 923 1014 975 ὲν
1057 916 1138 986 οἷς
1169 925 1338 995 φησί’
1373 944 1390 977 ι
1429 927 1501 979 T6
1536 928 1632 996 μὲν
1664 929 1773 999 γὰρ

202 1005 486 1075 προσεχῶς
519 1009 583 1061 ὲκ
611 1008 705 1061 τοῦ
732 1011 976 1081 πρώτου,
1019 1032 1037 1066 ι
1073 1014 1163 1068 τὸν
1200 1015 1328 1069 Υίὸν
1366 1016 1544 1085 λέγων
1585 1019 1651 1072 ἑκ
1678 1019 1772 1072 τοῦ

202 1096 437 1166 Πατρὺς,
472 1102 749 1155 τουτέστιν
793 1104 1033 1173 ἀμέσως,
1057 1107 1134 1169 ὡς
1163 1109 1212 1161 εί
1244 1107 1417 1177 ἔλεγε.
1459 1128 1478 1161 ι
1519 1111 1677 1178 μόνος
1710 1110 1775 1164 ἐκ

203 1188 386 1256 μόνου·
401 1210 420 1241 ι
443 1186 581 1257 εἶτα,
608 1193 712 1247 «Τὸ
733 1193 822 1247 διὰ
844 1196 937 1248 τοῦ
967 1198 1271 1268 προσεχοῦς
1299 1202 1363 1253 ὲκ
1386 1199 1478 1253 τοῦ
1498 1202 1732 1272 πρώτου,
1750 1221 1770 1255 ι

199 1279 263 1330 τὸ
293 1279 519 1350 Πνεῦμα
542 1278 629 1335 διὰ
658 1284 751 1337 τοῦ
777 1285 906 1339 Υίοῦ
944 1287 1199 1358 καθαρῶς
1228 1291 1360 1343 αὐτὸ
1388 1291 1448 1345 τὸ
1490 1276 1776 1362 μονογενὲς

200 1368 622 1440 διηυκρίνησεν’
666 1372 744 1427 ἔτι
782 1392 842 1428 τε
882 1377 1005 1430 κατ’
1039 1378 1166 1442 ἔπος
1204 1379 1579 1450 διηρθρωκὼς,
1631 1382 1775 1437 ὥστε

204 1462 382 1513 καὶτὸ
411 1464 701 1532 μονογενὲς
753 1467 1128 1537 ἀναμφίϐολον
1160 1471 1251 1524 ἐπὶ
1278 1473 1374 1525 τοῦ
1407 1454 1538 1526 Υίοῦ
1568 1473 1773 1543 μένειν,

205 1551 299 1602 καὶ
325 1551 384 1604 τὸ
420 1554 484 1606 ὲκ
517 1554 611 1607 τοῦ
638 1555 849 1627 limi-96;
870 1552 1012 1611 εἶναι
1042 1559 1105 1611 τὸ
1141 1561 1365 1630 Πνεῦμα
1401 1564 1475 1633 μὴ
1502 1564 1779 1634 ἀμφιϐάλ-

202 1639 338 1707 λειν,
370 1642 471 1713 τῆς
489 1646 583 1698 τοῦ
610 1646 749 1699 Υίοῦ
771 1650 1050 1718 μεσιτείας
1076 1653 1173 1704 καὶ
1199 1653 1376 1725 ἐαυτῷ
1406 1654 1467 1707 τδ
1489 1655 1778 1724 μονογενὲς

205 1732 602 1804 φυλαττούσης,
630 1738 809 1792 καὶτὸ
843 1739 1069 1811 Πνεῦμα
1101 1744 1199 1811 τῆς
1243 1745 1479 1815 φυσικῆς
1506 1744 1642 1815 πρὸς
1688 1746 1778 1799 τὸν

204 1824 429 1895 Πατέρα
461 1827 700 1898 σχέσεως
732 1830 808 1899 μὴ
837 1830 1232 1903 ἀπειργούσης.
1264 1853 1282 1887 t
1334 1834 1391 1889 Ὀ
1418 1836 1476 1889 δέ
1502 1854 1566 1906 γε
1595 1839 1777 1911 διορα-

204 1915 503 1978 τικώτατος
536 1917 857 1988 Ἐπιφάνιος
887 1901 1097 1990 συνῳδά
1125 1901 1338 2005 τούτοις
1368 1901 1659 1997 θεολογῶν,
1679 1901 1778 1985 οιαὶ
1811 1901 1852 1957 Β

205 2006 267 2061 τδ
290 2006 350 2073 ἐξ
376 2010 580 2079 ἀμφοῖν
605 2006 746 2095 εἶναι
782 2012 846 2066 τὸ
876 2014 1101 2082 Πνεῦμα
1145 2016 1412 2087 διατόρως
1465 2020 1781 2094 ἀνακηρύτ-

207 2114 341 2164 των,
378 2101 632 2156 ὲντεῦθεν
660 2103 1034 2175 ἀπορραπίζει
1061 2107 1152 2159 τὸν
1183 2109 1244 2161 τδ
1274 2110 1499 2181 Πνεῦμα
1530 2112 1659 2169 Υίὸν
1685 2115 1782 2167 καὶ

206 2192 402 2263 λοιπὴν
432 2194 667 2248 ἀτοπίαν
697 2197 1021 2266 συνάγοντα.
1070 2199 1278 2254 Φάσκει
1327 2205 1435 2273 γάρ
1460 2204 1516 2256 ὲν
1545 2203 1625 2274 τῷ
1665 2203 1785 2271 Ἀγ-

207 2286 461 2358 κυρωτῷ,
492 2305 511 2339 ι
558 2288 871 2361 Ἀμφότεροι
899 2295 1146 2346 κατοικεῖ
1172 2295 1229 2346 ὲν
1257 2294 1332 2365 τῷ
1383 2296 1655 2368 ἀνθρώπῳ
1704 2298 1783 2369 τῷ

207 2378 424 2449 δικαίῳ,
455 2381 483 2433 6
510 2380 746 2451 Χριστὸς
769 2382 864 2436 καὶ
888 2383 951 2436 τὸ
985 2384 1211 2455 Πνεῦμα
1234 2386 1422 2443 αὐτοῦ.
1469 2389 1531 2441 Ei
1561 2390 1618 2443 δὲ
1643 2392 1778 2462 Χρι-

141 2511 155 2522 .
209 2471 334 2533 στος
382 2472 445 2525 lx
491 2473 705 2545 Ila-:96;
765 2475 1081 2530 πιστεύεται
1118 2477 1251 2543 Θεὸς
1301 2482 1366 2535 ὲκ
1412 2480 1572 2546 Θεοῦ,
1601 2483 1698 2539 καὶ
1722 2484 1785 2539 τὸ

207 2564 438 2637 Πνεῦμα
459 2568 524 2620 ἐκ
552 2561 646 2621 τοῦ
670 2568 929 2638 Χριστοῦ,
952 2570 985 2631 ἦ
1009 2570 1137 2641 παρ’
1161 2573 1598 2642 ἀμφοτέρων,ὦ;
1620 2591 1786 2647 φησιν

207 2657 238 2710 6
262 2658 517 2728 Χριστὸς,
558 2661 629 2713 '0
647 2660 805 2727 παρὰ
842 2660 950 2714 τοῦ
974 2663 1204 2730 Πατρὸς
1226 2663 1636 2731 ἐκπορεύεται,
1665 2666 1783 2733 καὶ,

214 2742 403 2815 Οὗτος
436 2750 506 2803 ἐκ
542 2750 649 2805 τοῦ
695 2750 843 2820 ἐμοῦ
881 2751 1163 2821 λήψεται.
1212 2751 1367 2816 Εἶτα.
1407 2754 1527 2808 ἀλλ’
1552 2757 1669 2827 ipsi
1701 2774 1787 2822 τις

212 2837 364 2902 ἴσως,
395 2839 605 2894 Οὐκοῦν
643 2858 827 2913 φαμεν
858 2840 952 2895 δύο
973 2838 1116 2897 εἶναι
1135 2845 1323 2911 Υίοῦς,
1356 2849 1450 2901 καὶ
1484 2848 1601 2913 πῶς
1625 2867 1785 2920 μονο-

210 2932 643 3002 γενήςςΜενοῦν
675 2952 741 3005 γε
795 2938 860 2992 σὺ
901 2938 988 3004 τίς
1036 2934 1089 2992 εί
1138 2939 1167 2991 6
1215 2939 1685 3010 ἀντιλογιζόμενος
1708 2959 1789 3014 τῳ

213 3023 377 3093 Θεῷ;
417 3025 477 3078 Et
532 3026 643 3097 γὰρ
680 3028 773 3082 τδν
831 3029 960 3084 Υἱδν
987 3030 1145 3084 καλεῖ
1175 3031 1267 3086 τὸν
1299 3033 1358 3100 ἐξ
1398 3032 1590 3099 αὐτοῦ,
1644 3036 1708 3089 τὺ
1731 3035 1789 3089 δὲ

215 3115 372 3184 ἄτιον
405 3118 634 3190 Πνεῦμα
665 3120 728 3173 τὸ
780 3121 914 3194 παρ’
951 3123 1302 3195 ἀμφοτέρων,
1335 3123 1372 3179 ἃ.
1418 3125 1577 3196 μόνον
1611 3125 1789 3180 πίστει

1875 656 2218 726 instruimur,
2249 660 2484 730 aequales
2510 662 2658 716 vires
2683 660 3001 731 possideant
3027 678 3041 727 ;
3073 661 3188 731 ipse
3219 676 3458 731 namque

1872 762 1902 801 a
1932 747 2041 801 Deo
2069 749 2297 805 edoctus
2341 750 2636 820 Nyssenus,
2674 754 2852 808 solum
2880 768 2949 808 ex
2980 755 3113 809 Solo
3137 752 3332 807 Filium
3362 752 3461 808 de-

1874 854 2132 905 cernens.
2166 843 2511 911 unigenitum
2548 844 2695 899 illius
2721 845 3019 903 declaravit
3050 863 3065 901 :
3100 857 3150 901 et
3186 846 3457 900 undenam

1876 929 2066 987 illiutio
2114 931 2345 1002 Spiritui
2386 936 2648 992 accedet?
2692 938 2746 991 in
2786 938 2852 993 iis
2883 952 3015 994 vero
3045 956 3165 1010 que
3191 940 3258 994 ad
3294 940 3457 995 Abla-

1876 1022 2026 1078 bium
2058 1026 2302 1095 scripsit,
2328 1027 2455 1081 dum
2478 1029 2553 1082 ait
2586 1046 2600 1081 :
2637 1040 2655 1082 ι
2688 1027 2800 1083 Ηοο
2831 1030 2977 1085 enim
3002 1032 3264 1089 continue
3291 1044 3457 1088 estex

1875 1115 2075 1185 primo,
2120 1134 2137 1168 ι
2174 1115 2377 1172 Filium
2408 1134 2665 1176 asserens
2703 1136 2768 1175 ex
2794 1121 2979 1187 Patre,
3021 1122 3073 1177 id
3118 1134 3223 1184 est.
3270 1124 3464 1178 imme-

1874 1203 2044 1269 diate,
2079 1206 2235 1274 quasi
2273 1206 2497 1271 diceret,
2545 1230 2563 1261 ι
2615 1210 2765 1265 solus
2818 1225 2885 1265 ex
2935 1212 3076 1268 solo.
3143 1230 3161 1262 ι
3232 1208 3459 1273 Deinde.

1883 1316 1903 1351 ι
1937 1298 2053 1353 Hoc
2082 1313 2215 1354 vero
2238 1313 2333 1369 per
2364 1298 2496 1354 illud
2525 1301 2671 1371 quod
2696 1300 2959 1357 continue
2986 1309 3072 1357 est
3098 1317 3162 1357 ex
3198 1303 3396 1370 primo,
3438 1321 3456 1353 ι

1877 1388 2141 1459 Spiritum
2204 1406 2305 1460 per
2365 1390 2563 1446 Filium
2623 1405 2811 1463 aperte
2878 1394 3063 1464 ipsum
3116 1394 3463 1464 unigenitum

1878 1480 2286 1548 manifestavit;
2323 1491 2436 1538 tttm
2470 1492 2734 1554 praeterea
2768 1485 2955 1541 verbis
2986 1502 3095 1539 non
3129 1485 3252 1540 aliis
3280 1485 3467 1555 expri-

1878 1587 2034 1627 mens
2068 1595 2080 1629 :
2119 1593 2139 1625 ι
2174 1572 2250 1629 Ita
2274 1584 2336 1630 ut
2366 1584 2421 1631 et
2455 1576 2799 1645 unigenitum
2833 1577 3204 1632 indubitatum
3238 1578 3294 1632 in
3327 1577 3467 1632 Filio

1879 1674 2117 1731 maneat,
2144 1674 2195 1720 et
2231 1680 2296 1720 ex
2318 1667 2479 1722 Patre
2511 1668 2777 1738 Spiritum
2804 1684 2926 1724 esse
2954 1670 3008 1723 in
3035 1669 3204 1725 dubio
3232 1686 3339 1725 non
3371 1671 3465 1733 sit,

1882 1756 2219 1819 mediatione
2251 1758 2373 1813 Filii
2410 1768 2465 1815 et
2508 1761 2610 1816 sibi
2671 1762 2776 1832 ipsi
2833 1762 3178 1833 unigenitum
3242 1776 3469 1817 conser-

1880 1858 2068 1914 vante,
2122 1860 2178 1905 et
2226 1849 2487 1920 Spiritum
2524 1867 2554 1907 a
2591 1855 2828 1909 naturali
2875 1871 3002 1926 erga
3062 1854 3279 1910 Patrem
3314 1856 3475 1910 habi-

1886 1938 2074 1993 tudine
2118 1955 2231 1995 non
2286 1952 2531 1997 arcente.
2591 1962 2608 1993 ι
2665 1943 2732 1997 Ει
2786 1946 3308 2014 perspicacissirnus
3348 1946 3471 2016 Epi.

1886 2030 2120 2100 phanius
2166 2047 2273 2086 non
2309 2032 2600 2089 dissimliia
2651 2035 2983 2103 decernens,
3033 2046 3087 2092 et
3128 2054 3196 2093 ex
3232 2047 3469 2109 utroque

1886 2118 2149 2190 Spiritum
2181 2137 2303 2183 esse
2338 2121 2484 2177 clare
2510 2123 2805 2181 admodum
2838 2127 3236 2197 deprmdicans,
3270 2128 3471 2189 refellit

1886 2228 2035 2277 eum,
2062 2215 2152 2284 qui
2200 2214 2466 2284 Spiritum
2502 2214 2700 2272 Filium
2733 2234 2859 2274 esse
2893 2222 3241 2291 reliquasque
3276 2222 3469 2276 ahSur-

1886 2304 2083 2360 ditates
2152 2306 2396 2377 colligit;
2461 2323 2698 2378 namque
2753 2310 2926 2382 inquit
2998 2314 3052 2365 in
3118 2314 3394 2385 Ancyroto
3452 2334 3465 2369 :

1892 2414 1913 2449 ι
1952 2396 2192 2468 Utraque
2220 2398 2530 2465 inhabitant
2573 2401 2628 2455 in
2666 2402 2889 2457 homine
2928 2402 3097 2473 justo,
3132 2405 3388 2462 Christus
3417 2417 3473 2462 et

1887 2489 2127 2560 Spiritus
2157 2490 2323 2545 illius.
2357 2492 2513 2557 Quod
2546 2493 2589 2548 si
2621 2493 2877 2550 Christus
2911 2511 2978 2549 ex
3024 2497 3183 2555 Patre
3232 2500 3473 2555 creditur

1888 2584 2033 2639 Deus
2057 2600 2122 2639 ex
2147 2585 2278 2647 Deo.
2304 2594 2359 2641 et
2384 2585 2619 2655 Spiritus
2644 2604 2706 2642 ex
2742 2588 2985 2655 Christo,
3012 2599 3100 2645 aut
3127 2607 3192 2646 ex
3217 2604 3471 2664 utroque,

1888 2684 1949 2732 ut
1978 2676 2156 2747 inquit
2184 2677 2436 2734 Christus
2466 2696 2479 2733 :
2517 2677 2618 2744 Qui
2647 2697 2679 2733 α
2713 2680 2876 2735 Patre
2926 2683 3182 2750 procedit,
3232 2692 3308 2749 et,
3368 2682 3471 2739 llic

1889 2772 1953 2825 de
2014 2787 2127 2825 meo
2180 2772 2421 2841 accipiet.
2482 2771 2585 2827 Sed
2638 2773 2908 2843 quispiam
2959 2773 3158 2829 dixerit
3190 2774 3471 2832 fortasse:

1888 2861 2077 2932 itaque
2107 2863 2343 2919 dicimus
2371 2864 2509 2919 duos
2540 2880 2663 2919 esse
2696 2864 2856 2928 ﬁlios.
2889 2877 2942 2919 et
2976 2866 3251 2936 quomodo
3282 2867 3475 2938 unige-

1889 2954 2081 3009 nitus?
2118 2954 2201 3008 Tu
2235 2955 2359 3024 quis
2407 2970 2489 3019 es,
2546 2956 2639 3023 qui
2696 2965 2887 3011 contra
2947 2957 3294 3013 ratiocinaris
3343 2972 3471 3013 cum

1892 3042 2051 3099 Deo?
2086 3042 2142 3098 Si
2174 3043 2319 3098 enim
2356 3042 2555 3099 Filium
2586 3053 2762 3108 vocat,
2803 3043 2897 3115 qui
2928 3059 2993 3099 ex
3024 3046 3143 3116 ipso
3168 3056 3270 3108 est.
3300 3043 3475 3115 Spiri-

1892 3140 2005 3185 tum
2042 3146 2173 3187 vero
2200 3141 2451 3187 sanctum
2489 3133 2583 3201 qui
2614 3148 2679 3187 ex
2708 3142 2964 3203 utroque.
3001 3149 3123 3203 quae
3150 3136 3328 3189 solum
3371 3134 3475 3189 (ide

215 3208 479 3275 νοούμενα
501 3210 608 3265 ὑπὸ
629 3212 737 3266 τῶν
771 3213 963 3282 ἁγίων,
988 3216 1246 3284 φωτεινὰ,
1271 3217 1569 3287 φωτοδότα,
1594 3235 1789 3288 φωτει-

1893 3221 2288 3291 comprehensa
2318 3238 2344 3275 a
2371 3222 2575 3277 sanctis
2601 3222 2892 3286 luminosa,
2925 3222 3108 3277 lumen
3132 3222 3470 3285 exhittuntia.

152 3364 158 3369 .
217 3300 315 3372 νὴν
339 3302 438 3372 τὴν
468 3303 751 3373 ἐνέργειαν
780 3304 914 3375 ἔχει.
952 3324 971 3358 ι
1013 3307 1134 3360 Τῶν
1160 3303 1254 3361 οὖν
1291 3308 1432 3379 μετά
1453 3309 1585 3362 Θεὸν
1614 3309 1790 3380 σωτή-

220 3407 330 3463 ρων
368 3391 511 3447 ούτω
568 3394 987 3464 θεολογούντων,
1050 3397 1195 3453 οὕτω
1240 3399 1696 3470 διατρανούντων,
1741 3404 1789 3456 εί

222 3484 384 3553 μόνος
406 3484 529 3540 κατ’
552 3487 749 3551 αὐτοὺς
767 3489 796 3540 6
825 3489 953 3553 Υἱὸς
985 3491 1049 3543 ὲκ
1074 3491 1238 3561 μόνου
1262 3493 1494 3562 Πατρὸς,
1527 3493 1578 3547 εί
1609 3494 1792 3564 σφίσιν

219 3576 371 3647 αὐτῷ
403 3578 562 3631 τοῦτο
617 3578 840 3650 ιδίωμα,
899 3581 949 3634 εί
984 3581 1122 3654 πρὸς
1168 3584 1300 3636 αὐτὸ
1326 3584 1386 3637 τὸ
1415 3582 1475 3648 ἐξ
1498 3584 1702 3655 ἀμφοῖν
1730 3588 1793 3641 τὸ

219 3669 447 3739 Πνεῦμα
481 3668 831 3739 θεολογείται,
864 3672 984 3735 πῶς
1010 3674 1076 3726 ἐκ
1109 3673 1272 3743 μόνου
1312 3675 1545 3745 Πατρό;;
1581 3677 1655 3739 ὡς
1686 3693 1790 3731 παο

222 3762 487 3835 ραδράμω
536 3763 636 3826 τὰς
680 3764 762 3827 εις
828 3763 1094 3820 σύστασιν
1125 3765 1282 3820 τοῦδε
1318 3768 1790 3838 πλαστογραφίας,

222 3855 437 3909 καὶτὸν
484 3854 555 3920 ἐξ·
572 3854 867 3927 ὁμολογίας
915 3857 1027 3913 τῶν
1073 3858 1509 3932 πλαστογράφων
1541 3862 1793 3918 τοσοῦτον
1816 3911 1834 3926 ,

224 3945 517 4017 θρίαμϐον.

295 4046 408 4106 σις’.
434 4037 601 4104 Αὖθις
623 4040 680 4095 δὲ
706 4040 843 4113 πρὸς
871 4042 931 4095 6v
956 4044 1006 4096 οί
1031 4041 1201 4111 λόγοι.
1229 4045 1293 4099 ΕΙ
1327 4047 1476 4117 πηγὴ
1500 4046 1596 4100 τοῦ
1625 4048 1797 4123 IIst-

226 4150 394 4202 ματος
425 4135 452 4187 6
480 4134 687 4206 Πατὴρ,
720 4136 768 4187 εί
796 4136 950 4207 πηγὴ
995 4135 1089 4188 τοῦ
1120 4136 1445 4207 Πνεύματος
1471 4140 1499 4190 6
1546 4137 1674 4201 Υίδς
1695 4178 1711 4204 ,
1744 4140 1796 4192 ει

222 4226 383 4280 πάνθ’
413 4228 512 4280 ὅσα
541 4227 647 4280 τῶν
677 4227 849 4296 αὐτῆς
881 4227 1290 4283 διευλυτὼσεων
1336 4229 1686 4300 ἀνομολογῶν
1713 4231 1796 4294 είς

224 4318 568 4389 ⁸παράστασιν
596 4313 751 4381 οὗτος
776 4318 1041 4390 προφέρει
1084 4319 1233 4389 σαφῆ
1281 4336 1342 4373 τε
1381 4319 1480 4389 καὶ
1514 4319 1589 4390 μὴ
1617 4321 1793 4391 ἀμφι-

222 4410 376 4474 ϐολα,
403 4412 503 4465 ὅσα
532 4427 590 4463 τε
626 4409 758 4480 παρ’
790 4410 946 4480 ἡμῶν
971 4411 1132 4482 μέχρι
1158 4410 1252 4465 τοῦ
1278 4411 1437 4481 μόνη
1463 4412 1791 4484 διείληπται·

222 4501 343 4565 πῶς
366 4502 525 4572 μόνος
560 4500 859 4571 προϐολεὺς
892 4501 987 4556 τοῦ
1022 4502 1342 4573 Πνεύματος
1395 4504 1424 4557 6
1453 4502 1643 4574 Πατὴρ
1672 4502 1794 4557 κατ’

1895 3311 2210 3367 luminatam
2232 3313 2503 3369 actionem
2525 3312 2750 3367 habent.
2784 3330 2801 3363 ι
2832 3312 2933 3379 Qui
2958 3314 3138 3383 itaque
3161 3325 3278 3383 post
3305 3312 3470 3368 Deum

1898 3413 2205 3459 servatores
2258 3412 2405 3471 sunt,
2437 3404 2583 3460 hunc
2610 3406 2665 3459 in
2708 3404 2930 3460 modum
2979 3404 3372 3461 deﬁnientibus
3413 3422 3476 3461 ac

1895 3494 2322 3563 declarantibus,
2374 3496 2423 3552 si
2469 3497 2619 3552 solus
2654 3490 2957 3551 secundum
3008 3497 3157 3567 ipsos
3203 3496 3374 3551 Filius
3408 3514 3476 3551 ex

1896 3590 2011 3645 solo
2045 3589 2225 3656 Patre,
2258 3592 2302 3646 si
2332 3590 2406 3644 illi
2441 3590 2558 3646 haec
2599 3592 2909 3661 proprietas
2936 3599 3042 3651 est.
3068 3590 3111 3644 si
3141 3606 3207 3645 ex
3243 3600 3476 3660 utroque

1896 3678 2132 3751 Spiritus
2158 3678 2440 3741 asseritur,
2468 3678 2743 3749 quomodo
2766 3695 2831 3734 ex
2865 3679 2981 3734 solo
3014 3679 3207 3733 Patre?
3240 3686 3297 3732 ut
3341 3694 3477 3749 prm-

1897 3779 2102 3825 teream
2155 3785 2277 3840 qua:
2332 3769 2400 3825 ad
2452 3771 2557 3826 hoc
2607 3769 3043 3825 conﬁrmandum
3103 3769 3475 3824 comtnentitia

1896 3861 2100 3930 scripta
2120 3860 2439 3925 aﬂ'eruutur,
2480 3868 2804 3931 tantumque
2838 3874 2906 3915 ex
2933 3859 3280 3915 confessione
3312 3859 3475 3914 falsa-

1898 3954 2107 4009 riorum
2148 3953 2505 4025 triumphum.

1967 4048 2058 4104 26.
2099 4046 2421 4119 Rursusque
2452 4062 2574 4103 cum
2608 4062 2717 4118 quo
2741 4046 2875 4102 mihi
2906 4061 3090 4103 sermo
3129 4055 3241 4113 est,
3270 4046 3477 4101 oratio-

1895 4154 2023 4193 nem
2088 4147 2374 4193 converto.
2430 4138 2487 4192 Si
2548 4135 2791 4207 Spiritus
2854 4138 3021 4191 Pater
3081 4138 3208 4191 fons
3264 4146 3371 4201 est,
3426 4137 3471 4193 δ’

1897 4244 2238 4301 quaecunque
2280 4228 2649 4284 solutionibus
2676 4227 2970 4284 conferunt
3009 4230 3344 4295 concedens,
3399 4230 3474 4282 uti

1898 4322 2041 4377 clara
2092 4332 2255 4392 atque
2305 4321 2606 4376 indubitata
2656 4320 3001 4386 adducit,’et
3048 4335 3391 4391 qumcunque
3448 4338 3476 4374 a

1898 4413 2056 4468 nobis
2084 4422 2278 4485 praeter
2312 4429 2476 4468 unum
2506 4413 2675 4467 solum
2714 4414 3111 4483 comprehensa
3144 4421 3295 4477 sunt,
3337 4428 3476 4482 quo-

1897 4504 2060 4560 modo
2109 4506 2259 4560 solus
2308 4505 2608 4560 secundum
2657 4505 2835 4575 ipsunt
2900 4504 3194 4574 productor
3242 4503 3479 4571 Spiritus

224 4596 424 4661 αύτόν;
449 4593 566 4657 πῶς
600 4595 732 4648 ἴδιον
757 4594 906 4665 αύτῷ
936 4595 997 4648 τὸ
1020 4594 1419 4666 προϐλητικόνς
1451 4596 1569 4659 πῶς
1591 4595 1692 4665 τῆς
1711 4598 1789 4648 ὲκ-

1905 4597 2068 4653 Pater
2086 4597 2292 4652 fuerit?
2334 4597 2613 4669 quomodo
2641 4597 2859 4668 propria
2886 4597 2960 4661 illi
2993 4597 3101 4651 erit
3139 4597 3477 4667 producendi

224 4687 539 4758 πορεύσεως
561 4687 595 4757 ἡ
618 4686 927 4756 κατάφασις
951 4686 1044 4739 ἐπὶ
1060 4686 1154 4739 τοῦ
1182 4685 1316 4740 Υίοῦ
1330 4685 1391 4740 τδ
1414 4685 1719 4741 ἀσύστατον
1739 4687 1799 4754 ἑξ

225 4772 302 4835 ὧν
323 4795 488 4849 φησιν
505 4777 641 4848 εχει,
658 4778 720 4831 τὸ
747 4777 1067 4831 συνίσταται
1093 4777 1138 4831 6'
1158 4778 1192 4849 ἡ
1213 4779 1521 4848 ἀπόφασις;
1547 4779 1595 4831 εί
1611 4778 1804 4850 συνέρ-

227 4887 385 4941 χεται
411 4870 547 4942 πρὸς
583 4871 710 4933 τοὺς
745 4869 1113 4942 θεοφορήτους
1135 4869 1332 4937 ταῦτα,
1366 4871 1417 4924 ει
1444 4870 1580 4942 πρὸς
1608 4870 1802 4925 ἑαυτὸν

228 4964 289 5017 τὸ
317 4963 643 5034 παράδοξον,
668 4963 963 5033 σκεψάσθω
984 4966 1097 5027 τοῖς
1122 4964 1402 5033 ὲγκάτοις,
1444 4958 1490 5033 ᾧ
1516 4963 1653 5016 Θεοῦ
1681 4964 1802 5028 δέος

225 5057 376 5111 ἐστὶν
404 5040 854 5125 ὶναποκείμενον.
878 5058 1035 5111 Μετά
1058 5057 1239 5112 τοίνυν
1275 5057 1345 5110 τά
1369 5057 1796 5127 ἐπισκεφθέντα,

224 5151 323 5205 xui.
359 5149 532 5212 οὕτως
556 5149 773 5219 ἔχοντα,
808 5148 885 5210 ὡς
929 5149 1235 5220 διήλεκται,
1274 5151 1370 5204 καί
1400 5167 1526 5204 τινα
1553 5166 1800 5222 παρορα-

225 5243 388 5297 θέντα
436 5240 646 5313 βραχέα
699 5239 801 5309 τῆς
830 5240 1000 5309 αὐτῆς
1037 5242 1118 5303 εἰς
1146 5239 1285 5295 κατά
1327 5240 1506 5294 πάντα
1557 5241 1803 5303 διανοίας

225 5335 318 5388 καὶ
341 5335 441 5402 οὐχ
472 5333 668 5403 ἑτέρας
701 5333 957 5403 ἐχόμενα,
994 5334 1123 5385 τάδε
1159 5332 1443 5385 τελευταῖα
1471 5333 1615 5391 κατά
1650 5334 1802 5402 ῥῆμα

228 5424 581 5494 συντίθησινδ
633 5442 654 5477 ε
692 5425 852 5478 Ἐπεὶ
877 5424 972 5479 καὶ
1024 5422 1184 5478 τοῦτο
1216 5422 1488 5493 λέγουσιν,
1515 5424 1597 5477 ὅτι
1639 5424 1667 5476 6
1705 5422 1800 5477 τοῦ

228 5516 366 5569 Θεοῦ
396 5516 524 5579 Υἱὸς
572 5516 669 5570 ἐπὶ
726 5515 816 5570 τὸν
876 5515 1100 5587 Πατέρα
1144 5516 1324 5571 πάντα
1378 5515 1802 5588 ἀναφέρων,διά

227 5610 389 5664 τοῦτο
420 5610 515 5664 καὶ
542 5609 642 5680 τὴν
672 5608 1006 5677 ὲκπόρευσιν
1034 5607 1128 5661 τοῦ
1168 5607 1328 5676 ἁγίου
1364 5607 1682 5679 Πνεύματος
1712 5608 1800 5661 ἀπ’

231 5700 394 5753 αὑτὸν
414 5700 700 5772 ἀναφέρει,
732 5700 830 5753 καὶ⁵
852 5699 1148 5770 ἀποσιωπᾷ
1183 5698 1397 5765 ἑαυτὸν,
1447 5700 1589 5754 διατι
1626 5701 1723 5753 καὶ
1751 5701 1801 5753 oi

224 5795 289 5845 τὸ
326 5794 423 5862 τῆς
452 5793 686 5857 πίστεως
720 5791 997 5864 Σύμϐολον
1049 5791 1333 5862 ἑκθὲμενοι
1377 5790 1522 5860 ἅγιοι
1558 5792 1802 5866 Πατέρες

227 5885 325 5957 τῆς
365 5886 745 5955 ἐττορεύσεως
770 5884 1123 5956 μνησθέντες,
1171 5883 1340 5955 αὐτὴν
1373 5882 1797 5957 ἁπεσιὼπησαν,

1900 4689 2168 4745 facultas?
2196 4689 2473 4759 quomodo
2507 4688 2875 4760 processiouis
2907 4686 3194 4743 aﬂirmatio
3223 4687 3291 4741 de
3322 4687 3480 4750 Filio,

1902 4797 1966 4838 ex
1996 4783 2077 4837 his
2102 4797 2221 4852 qua:
2246 4784 2360 4852 ipse
2388 4782 2518 4837 dicit
2546 4782 2774 4836 minime
2802 4781 3074 4848 subsistit,
3104 4784 3323 4852 negatio
3352 4795 3485 4837 vero

1902 4876 2189 4931 subsiStit?
2225 4876 2269 4930 si
2311 4876 2427 4931 haec
2466 4873 2670 4929 divinis
2724 4872 2983 4929 Patribus
3035 4875 3403 4947 conveniunt,
3434 4875 3481 4930 si

1902 4965 1978 5022 illi
2012 4962 2136 5036 ipsi,
2185 4966 2328 5036 quod
2378 4965 2578 5019 mirum
2613 4971 2719 5030 est,
2764 4965 3079 5020 consideret
3130 4974 3344 5020 attente
3393 4964 3483 5020 cui

1905 5056 2068 5111 timor
2107 5056 2204 5112 Dei
2240 5057 2296 5111 in
2327 5056 2642 5127 praecordiis
2667 5066 2771 5111 est.
2810 5055 2903 5110 His
2932 5056 3099 5127 igitur
3130 5056 3242 5126 jam
3269 5056 3484 5110 discus-

1902 5146 1999 5210 sis,
2026 5154 2081 5199 et
2108 5146 2181 5199 ita
2222 5158 2284 5199 se
2311 5143 2671 5209 habentibus,
2704 5143 3175 5210 uidisseruimus,
3206 5142 3485 5197 nonnullis

1902 5240 1998 5293 sed
2027 5238 2217 5307 paucis
2252 5237 2499 5307 ejusdem
2534 5253 2629 5308 per
2674 5238 2885 5303 omnia,
2933 5252 3036 5292 nec
3063 5236 3290 5290 alterius
3343 5250 3476 5289 sen-

1907 5333 2091 5385 tentia:
2128 5332 2414 5400 neglectis,
2443 5329 2592 5385 hunc
2623 5332 2679 5385 in
2724 5330 2945 5385 modum
2976 5330 3280 5383 orationem
3331 5343 3484 5381 com-

1903 5421 2062 5490 ponit
2096 5439 2109 5475 :
2147 5441 2165 5473 ι
2198 5421 2334 5477 Cum
2362 5436 2492 5477 vero
2527 5422 2633 5477 hoc
2661 5436 2880 5493 quoque
2910 5420 3120 5484 dicant,
3153 5419 3351 5475 Filium
3384 5420 3505 5475 Dei.

1905 5514 1971 5568 ad
2023 5513 2235 5569 Patrem
2296 5515 2482 5569 omnia
2528 5513 2881 5579 referentem,
2946 5512 3072 5568 ideo
3121 5524 3177 5568 et
3243 5511 3486 5583 Spiritus

1903 5607 2309 5677 processionem
2332 5606 2398 5660 ad
2419 5606 2672 5662 eumdem
2695 5603 2923 5669 referre,
2949 5612 3003 5659 et
3022 5605 3103 5658 sic
3125 5605 3499 5673 semetipsum.

1902 5699 2120 5753 silentio
2142 5699 2440 5769 praeterire,
2464 5714 2627 5770 quam
2664 5698 2736 5753 ob
2759 5712 3003 5763 causam,
3028 5698 3125 5768 qui
3165 5696 3484 5768 Symbolum

1904 5790 2026 5845 ﬁdei
2075 5791 2368 5847 ediderunt
2396 5792 2592 5853 ,sancti
2648 5792 2839 5847 Patres
2883 5790 3256 5863 processionis
3324 5804 3485 5843 men-

1906 5885 2053 5940 tione
2080 5884 2322 5951 inducta,
2364 5886 2507 5941 illam
2540 5884 2762 5941 silentio
2795 5884 3162 5951 involverunt,
3194 5892 3247 5940 et
3289 5883 3491 5954 dogma
