3972 6572
229 425 373 491 Ῑῗιθτ

1185 422 1485 485 CONTRA
1528 417 1959 481 MANUELEM
1998 415 2092 474 CR
2105 406 2481 472 ETENSEM.

3344 399 3495 471 1398:

230 534 582 608 μολογοῦνται
610 535 719 590 τῶν
739 534 899 590 θείων
925 531 1112 604 ὓμνων
1136 535 1232 588 καὶ
1268 533 1446 603 λόγων
1476 526 1792 601 ἁπανταχοῦ

1919 535 2109 580 rantur.
2142 523 2207 577 Et
2247 522 2498 593 quisnam
2551 530 2794 590 unquam
2828 513 2995 575 simili
3036 510 3250 568 ratione
3282 512 3337 567 in
3370 522 3481 568 tra-
3563 550 3566 554 λ

228 630 331 684 καῖ’
351 627 734 699 κηρύττονται.
764 627 876 681 Καὶ
895 625 979 692 τίς
1010 624 1077 680 ἃν
1101 623 1439 696 ἀπαριθμοίη
1470 625 1538 677 τά
1564 638 1803 676 τοιουτο-

229 723 442 794 τρόπως
469 724 582 785 τοῖς
614 723 743 789 περὶ
771 721 907 776 Θεοῦ
927 722 1106 789 λόγοις
1125 717 1577 790 ὲνοπτριζόμενας
1609 714 1684 779 ὡς
1710 708 1804 767 οὖν

234 813 449 884 μυρίοις
479 813 589 867 τῶν
619 812 794 877 οὕτως
846 812 1079 883 ἐχόντων
1109 812 1166 863 ὲν
1210 808 1461 879 θεολογία
1518 804 1805 877 πατρικῶν

229 903 477 967 ἀποστὰς
512 902 773 975 ῥημάτων
808 903 938 973 περ)⁸
968 902 1075 957 τῶν
1109 901 1280 956 ἅπασι
1311 900 1508 970 δήλων,
1544 894 1806 969 ἀμυδρῶς

231 995 397 1065 φαίην
424 1010 438 1027 ο
469 994 615 1052 διατί
651 994 750 1065 τὴν
778 995 1065 1061 Θεοτόκος
1090 992 1272 1063 φωνὴν
1308 992 1358 1046 oi
1387 989 1618 1061 πρώτως
1643 988 1804 1042 ἐκθέο·

233 1099 387 1152 μενοι
438 1081 500 1135 τὸ
549 1083 649 1152 τῆς
681 1085 917 1146 πίστεως
964 1082 1241 1153 Σύμϐολον
1265 1083 1531 1135 θειότατοι
1563 1078 1807 1152 Πατέρες

230 1172 656 1243 ἀπεσιώπησαν,
690 1174 745 1228 εί
771 1192 834 1243 γε
871 1174 1032 1229 τοῦτο
1078 1177 1227 1229 πᾶσα
1256 1173 1470 1243 ἀνάγκη
1501 1170 1808 1240 καταγγέλο

228 1267 415 1319 λεσθαι
456 1256 553 1320 καῖ¹
598 1266 1026 1338 ἀναγορεύεσθαι
1058 1284 1073 1334 ;
1139 1266 1214 1321 Οὐ
1245 1265 1353 1336 γὰρ
1389 1251 1532 1335 ἦσαν
1569 1262 1644 1335 μή
1671 1280 1807 1333 μνη·

230 1356 450 1420 σθέντες
484 1358 583 1429 τῆς
615 1357 980 1429 Θεομήτορος.
1026 1357 1177 1412 Διατί
1219 1359 1269 1411 οι
1290 1356 1413 1410 κατ’
1445 1355 1642 1418 αὐτοὺς
1671 1353 1806 1408 αύτδ

228 1444 474 1515 δεύτεροι
529 1445 669 1514 μετὰ
720 1447 1069 1518 προσθέσεως
1136 1446 1542 1517 ἀπαρτίσαντες
1606 1443 1807 1515 ὁμοίως

198 1516 625 1606 ἀπεσιώπησαν
648 1554 664 1603 ;
687 1516 824 1592 Εἶτα
853 1537 947 1591 δύο
970 1537 1161 1607 φύσεις
1194 1516 1287 1590 ιτέι
1323 1536 1418 1590 τοῦ
1454 1535 1807 1608 θεανθρώπου

230 1627 402 1694 Λόγου
437 1629 499 1681 ού
526 1628 698 1700 δήπου
721 1629 799 1700 τῷ
825 1630 964 1700 ἁγίῳ
991 1630 1254 1701 Συμϐόλῳ
1283 1630 1721 1701 ἑμπεριέχονται,
1745 1630 1805 1684 οὐ

229 1717 324 1771 δύο
360 1720 656 1791 ἐνέργειαι,
699 1720 736 1776 ἃ
770 1722 1081 1785 συνέλευσις
1129 1722 1483 1793 οἱκουμενικὴ
1522 1708 1809 1793 θεηγόρων

228 1808 567 1866 διδασκάλων
596 1813 890 1884 ὲκρὰτυνεν
908 1830 924 1847 ·
947 1813 1009 1868 ού
1036 1813 1129 1868 δύο
1152 1814 1313 1868 πάλιν
1343 1814 1430 1867 ἐπ’
1452 1813 1616 1867 αὐτοῦ
1645 1813 1807 1884 θελή-

233 1919 381 1971 ματα
415 1905 472 1958 ὲν
494 1904 662 1972 αὐτῷ,
693 1904 729 1959 ἃ
757 1905 1100 1976 συνάθροισις
1124 1907 1287 1977 ἑτέρα
1317 1906 1663 1976 παγκόσμιος
1693 1904 1811 1959 θεο-

233 1994 415 2065 σόφων
467 1997 824 2067 μυστηπόλων
872 1998 1177 2055 ἐθέσπισεν.
1230 1999 1340 2052 Καὶ
1385 1998 1551 2050 πόθεν
1575 1996 1720 2067 ίέσχε
1751 1997 1811 2049 τὸ

233 2085 769 2157 προϐληματὶζεσθαι
807 2087 1090 2153 σύστασιν,
1149 2106 1168 2140 ι
1201 2088 1356 2142 Διατί
1384 2090 1458 2159 μὴ
1492 2088 1811 2160 είρήκεισαν

231 2177 281 2228 οἱ
338 2178 577 2248 Ιῐατέρες
630 2181 688 2231 ὲν
735 2179 814 2251 τῷ
861 2168 1145 2251 Σύμϐόλῳ,
1180 2180 1316 2232 ἀλλὰ
1347 2179 1809 2253 παρεσιώπησαν,

234 2266 531 2322 κάντεῦθεν
558 2269 775 2323 ἀθετεῖν
811 2271 958 2343 ἀπερ
998 2271 1150 2325 αὐτοὶ
1201 2270 1500 2344 διαρρήδην
1529 2271 1813 2342 ὲθεολόγη-

236 2376 375 2427 σαν;
401 2378 421 2413 ι
452 2362 515 2414 El
544 2362 601 2414 δέ
626 2379 710 2426 τις
735 2365 855 2434 ἐρεῖ
881 2363 1027 2416 τοῦτ’
1058 2362 1189 2416 αὐτὸ
1212 2362 1272 2416 τὸ
1292 2362 1583 2425 συνοδικῶς
1610 2362 1819 2431 δόγμα-

235 2468 306 2505 τα
341 2452 411 2505 τὰ
451 2453 811 2524 διειλημμένα
862 2455 1287 2526 κραταιωθῆναι,
1321 2453 1531 2524 βεϐαιοῖ
1562 2453 1716 2523 σφίσι
1752 2452 1816 2505 τδ

236 2543 651 2616 ἀναντίρρητον,
703 2545 765 2598 τδ
793 2545 852 2610 ἐξ
895 2546 1027 2598 Tim}
1074 2548 1152 2611 δὲ,
1183 2547 1216 2616 ἢ
1248 2545 1316 2598 δι’
1348 2544 1478 2598 Υίοῦ
1519 2543 1815 2606 συνοδικῶς

238 2634 513 2703 οὐδαμῶς,
554 2634 769 2705 πρῶτον
798 2636 899 2706 μὲν
930 2637 958 2689 ό
984 2636 1223 2700 τοιοῦτος
1245 2636 1625 2707 μεγαλήγορος
1661 2635 1815 2689 ἔσται

239 2727 419 2797 κήρυξ
442 2730 539 2796 τῆς
567 2727 955 2797 ματαιολογίας
978 2728 1074 2782 τοῦ
1105 2728 1194 2782 διὰ
1217 2729 1310 2782 τού
1336 2727 1612 2799 Συμϐόλου
1649 2743 1814 2782 κατα-

243 2820 633 2881 σκευασθέντος
681 2820 1129 2889 ἀκαταγωνίστου
1173 2821 1594 2891 προϐλήματος·
1627 2819 1815 2873 ἔπειτα

242 2912 339 2963 καὶ
367 2912 559 2965 τούτου
586 2914 646 2965 τὸ
674 2912 903 2975 μάταιον
932 2917 966 2985 ή
1001 2908 1293 2981 Θεοτόκος
1329 2913 1539 2983 ἐλέγχει
1567 2912 1739 2983 φωνὴ,
1781 2913 1816 2983 ή

243 3004 380 3073 πρὸς
411 3006 773 3078 ἀναγόρευσιν
800 3008 1206 3077 ἀναμφίλεκτος
1230 3021 1244 3037 ’
1271 3007 1393 3060 ἐπεὶ
1419 3006 1493 3074 μὴ
1518 3004 1816 3066 συνοδικῶς

245 3097 398 3163 ποιρά
426 3098 536 3149 τῶν
567 3098 796 3168 πρώτως
830 3097 1178 3168 μνησθέντων
1208 3097 1308 3165 τῆς
1338 3095 1694 3166 ύπερενδόξου
1729 3095 1818 3148 δε·

1905 616 2140 671 etatibns
2164 613 2233 669 de
2253 614 2365 670 Deo
2388 620 2686 682 conspecta
2727 606 3170 667 enumeraverit?
3195 606 3327 662 Cum
3353 622 3482 664 vero

1904 707 2069 779 plane
2097 707 2381 761 innumera
2411 704 2543 767 sint,
2576 718 2697 775 quae
2728 703 2784 758 in
2809 703 2975 759 rebus
3018 699 3342 772 theologicis
3372 715 3480 754 non

1907 799 2014 854 alio
2045 798 2207 853 modo
2237 812 2299 852 se
2324 797 2550 862 habent,
2583 810 2613 850 a
2638 796 2860 851 Patrum
2881 795 3043 851 dictis
3072 793 3385 861 discedens,
3419 793 3485 848 de

1908 890 1977 946 iis
2032 890 2125 960 qui
2178 888 2386 944 nemini
2439 895 2571 942 nota
2621 903 2734 943 non
2792 898 2942 953 sunt,
2993 886 3233 942 tenuiter
3283 886 3483 942 dicam.

1909 983 2083 1048 Quam
2117 980 2187 1036 ob
2220 993 2445 1034 causam
2491 979 2740 1049 Deiparw
2784 992 2996 1044 vocem,
3035 979 3130 1049 qui
3171 977 3323 1047 prius
3360 993 3486 1033 san-

1909 1072 2138 1129 ctissimi
2174 1069 2366 1125 Patres
2386 1070 2536 1126 ~ﬁdei
2589 1068 2906 1142 Symbolum
2947 1068 3261 1133 ediderunt,
3305 1079 3485 1124 tacue-

1909 1173 2058 1230 runt,
2088 1164 2129 1219 si
2164 1179 2391 1235 prorsus
2423 1163 2515 1218 illa
2554 1162 2867 1218 necessario
2897 1162 3114 1233 publice
3149 1162 3487 1217 enuntianda

1910 1257 2287 1326 edicentlaque
2321 1255 2446 1310 est?
2490 1270 2672 1325 neque
2701 1254 2847 1309 enim
2904 1253 3091 1309 Matris
3139 1254 3232 1308 Dei
3290 1253 3489 1308 oblivio

1910 1348 2034 1405 illos
2063 1357 2302 1418 ceperat.
2355 1347 2532 1413 Quam
2579 1348 2649 1401 ob
2704 1360 2931 1402 causam
2971 1353 3095 1416 post
3120 1344 3341 1400 eosdem
3373 1344 3488 1407 alii,

1910 1442 2001 1511 qui
2029 1441 2082 1496 id
2111 1441 2253 1494 idem
2282 1454 2406 1494 cum
2437 1438 2717 1494 additione
2748 1439 2801 1492 in
2830 1437 3107 1492 meliorem
3137 1446 3487 1508 prospectum

1910 1533 2205 1598 dederunt,
2276 1547 2429 1602 aequa
2502 1531 2716 1587 ratione
2785 1530 3006 1587 silentio
3069 1530 3492 1601 praeterierunt?

1910 1626 2179 1681 Praeterea
2233 1624 2353 1680 dua:
2385 1630 2602 1680 natura:
2634 1626 2690 1679 in
2721 1622 2833 1679 Deo
2868 1637 2922 1680 et
2956 1625 3182 1679 homine
3215 1622 3394 1678 Verbo
3437 1624 3489 1677 in

1911 1727 2103 1773 sancto
2129 1716 2387 1790 Symbolo
2412 1731 2683 1787 nusquam
2707 1716 2984 1788 leguntur,
3010 1732 3117 1770 non
3148 1716 3268 1770 dua:
3297 1729 3492 1785 opera-

1914 1811 2111 1875 tiones,
2173 1825 2295 1881 qua:
2357 1808 2683 1865 universalis
2749 1810 3204 1881 diviniloquorum
3270 1810 3491 1866 Patrum

1910 1916 2237 1971 congressus
2271 1900 2643 1957 constabilivit
2684 1917 2697 1955 :
2742 1916 2852 1955 non
2898 1898 3018 1956 duas
3050 1917 3241 1957 rursus
3275 1901 3343 1957 de
3374 1901 3493 1972 ipso
3521 1929 3525 1931 λ

1911 1995 2243 2058 voluntates,
2273 2008 2410 2062 quas
2438 1991 2544 2047 alia
2576 1993 2906 2047 universalis
2935 1992 3246 2047 divinorum
3286 2003 3492 2063 mysta-

1913 2093 2033 2131 rum
2079 2078 2431 2150 congregatio
2462 2079 2729 2135 definivit.
2783 2078 2849 2134 Et
2880 2081 3154 2137 undenam
3215 2083 3494 2152 problema

1916 2176 2071 2224 tuum
2110 2168 2243 2224 illud
2287 2170 2580 2228 subsistit:
2626 2190 2644 2224 ι
2682 2173 2818 2240 Quia
2856 2188 2969 2228 non
3002 2175 3259 2229 dixerunt
3305 2176 3495 2231 Patris

1915 2261 1970 2316 in
1999 2260 2272 2333 Symbolo,
2302 2265 2398 2319 sed
2427 2265 2793 2335 reticuerunt,
2823 2276 3109 2338 propterea
3135 2268 3495 2337 improbanda

1914 2363 2063 2418 sunt,
2096 2369 2216 2424 qure
2266 2354 2343 2409 illi
2377 2356 2552 2426 palam
2595 2359 2979 2415 edocuerunt?
3023 2379 3040 2411 ι
3076 2358 3232 2426 Quod
3276 2360 3321 2415 si
3372 2362 3495 2432 quis

1915 2444 2137 2509 dixerit,
2170 2446 2277 2501 hoc
2319 2446 2499 2517 ipsum
2552 2450 2699 2522 quod
2730 2466 2894 2521 supra
2921 2452 3034 2521 jam
3072 2454 3330 2524 apposita.
3363 2456 3494 2525 dog-

1916 2546 2060 2591 mata
2093 2538 2340 2609 synodali
2380 2544 2604 2596 decreto
2658 2544 3012 2600 corroborata
3040 2554 3192 2611 sunt,
3237 2547 3496 2601 conciliat

1917 2629 2006 2685 his
2034 2630 2230 2687 iisdem
2268 2631 2605 2697 ﬁrmitatem,
2636 2635 2725 2690 cui
2757 2636 2940 2691 nullus
2980 2639 3396 2707 contradixerit,
3429 2654 3496 2694 ex

1916 2718 2057 2773 Ftlio
2101 2736 2232 2776 vero
2282 2721 2397 2778 sive
2435 2728 2533 2793 per
2560 2723 2757 2780 Filium
2810 2727 2958 2782 nullo
3009 2731 3173 2785 modo
3220 2748 3250 2787 a
3288 2734 3496 2804 synodo

1918 2807 2252 2866 deﬁnitum:
2294 2813 2531 2882 primum
2573 2816 2794 2884 quidem
2840 2819 2928 2872 hic
2961 2822 3166 2890 ingenti
3208 2834 3343 2878 voce
3369 2839 3498 2895 pro-

1917 2900 2169 2957 blematis
2190 2915 2498 2976 expugnatu
2533 2908 2787 2975 diliieilis,
2810 2911 2971 2980 cuius
3002 2914 3253 2984 probatio
3280 2931 3309 2969 e
3335 2917 3496 2989 Sym-

1920 2994 2045 3049 bolo
2068 2996 2239 3065 petita
2271 3007 2376 3064 est,
2413 3000 2913 3071 stultiloquentiam
2940 3004 3350 3076 deprgedicabit,
3382 3018 3495 3063 tum

1920 3085 2066 3141 illius
2113 3103 2334 3159 quoque
2384 3093 2687 3149 vanitatem
2742 3094 2976 3166 Deipara
3026 3114 3129 3155 vox
3186 3103 3497 3175 redarguet,

247 3189 473 3260 σποίνης
508 3190 664 3260 ἡμῶν
699 3190 1123 3266 Θεογεννητρίας
1154 3190 1324 3262 ἁγίων
1373 3190 1446 3254 ὡς
1471 3189 1535 3242 ἐκ
1559 3186 1652 3240 τοῦ
1670 3189 1816 3259 Συμο

1921 3195 2042 3251 quas
2071 3174 2210 3237 citra
2249 3182 2415 3238 ullam
2448 3186 2849 3244 haesitationem
2898 3191 3162 3248 edicenda
3199 3205 3282 3250 est
3322 3174 3498 3252 :cum

246 3282 403 3335 δόλου
434 3283 787 3355 παρίσταται.

318 3562 425 3627 κζ’.
466 3562 561 3619 'Iv‘
618 3562 710 3618 οὖν
752 3564 1142 3635 κεφαλαιωδῶς
1189 3564 1264 3632 ὡς
1312 3566 1573 3639 ἀληθείας
1628 3569 1816 3643 έχουσι

244 3657 420 3712 ταῦτα
446 3658 685 3727 φαίημεν
721 3673 738 3690 ·
780 3658 985 3730 ἑκάστη
1019 3658 1234 3723 σύνοδος
1261 3660 1498 3732 σπουδὴν
1514 3664 1814 3737 ποιουμένη

245 3751 347 3821 τὴν
369 3749 520 3819 παρά
547 3749 654 3803 τῶν
677 3749 850 3818 ἁγίων
889 3751 1205 3805 ἀποστόλων
1246 3752 1695 3824 παραδεδομένην
1724 3755 1818 3807 πί-

249 3861 368 3898 στιν
411 3845 617 3912 τηρεῖν,
655 3842 750 3897 καὶ⁵
780 3840 1073 3914 κρατύνειν
1118 3842 1250 3914 περὶ
1293 3845 1405 3898 τῶν
1435 3844 1817 3915 προκειμένων

248 3937 329 3999 είς
351 3936 597 3999 ἐξέτασιν
621 3936 798 4006 μόνων
824 3931 936 4006 εἶχε
961 3934 1338 4006 τὴνζήτησιν,
1359 3937 1454 3990 καὶ
1476 3937 1821 4009 ἀπετρέπετο

251 4027 352 4097 μὲν
379 4029 582 4089 ἐκεῖνα,
624 4042 699 4080 ων
728 4022 797 4098 ἦν
844 4027 877 4097 ή
912 4026 1221 4098 ἀποτροπὴ,
1274 4028 1501 4099 ἔστεργε
1539 4029 1597 4083 δὲ
1649 4030 1819 4084 ταῦτα

249 4118 348 4172 καὶ
381 4118 660 4190 ᾠκοιοῦτο,
695 4112 769 4172 ὧν
796 4120 836 4189 ἡ
862 4120 1062 4189 στοργή
1096 4120 1294 4191 γνησία
1322 4119 1418 4173 καὶ
1446 4123 1480 4192 ή
1521 4122 1819 4190 οἰκείωσις,

248 4212 526 4280 ἑκατέρων
557 4209 700 4263 κατὰ
733 4209 1222 4275 ὠςγάποστολικὰς
1267 4212 1593 4281 παραδόσεις
1626 4212 1822 4266 ἐπικυ-

251 4302 420 4373 ροῦσα
453 4302 544 4355 καὶ
572 4301 1039 4373 ἐξασφαλιζομένη
1081 4304 1192 4357 τῶν
1225 4303 1322 4374 μὲν
1351 4305 1451 4374 τὴν
1480 4304 1819 4377 ἀποτροπήν,

246 4398 356 4450 τῶν
387 4396 444 4450 δὲ
484 4394 582 4466 τὴν
615 4398 963 4467 συντήρησιν,
1018 4396 1111 4449 καὶ
1166 4394 1228 4448 τὸ
1281 4396 1480 4449 σεπτὸν
1534 4396 1630 4449 καὶ
1663 4398 1822 4466 ἅγιον

249 4486 524 4554 Σύμϐολον
550 4484 648 4554 τῆς
672 4487 893 4555 πρώτης
919 4486 1010 4539 καὶ
1056 4484 1313 4556 δευτέρας
1363 4485 1574 4549 ἕκθεσις
1606 4486 1667 4542 δν
1695 4504 1822 4541 συν-

1919 3287 2029 3327 non
2061 3274 2309 3345 synodali
2340 3276 2563 3334 decreto
2591 3281 2893 3353 a’primum
2914 3284 3025 3354 jam
3057 3289 3501 3359 commemoratis

1919 3365 2326 3437 gloriosissima:
2348 3368 2592 3427 Domina:
2609 3382 2809 3430 nostra:
2831 3375 2926 3431 Dei
2951 3375 3246 3435 Genitricis
3294 3382 3500 3436 sanctis

1922 3455 2000 3512 uti
2027 3471 2096 3511 ex
2125 3456 2386 3531 Symbolo
2424 3473 2877 3533 repraesentatur.

1990 3548 2082 3604 27.
2108 3549 2215 3606 Sed
2235 3554 2585 3623 compendio,
2608 3557 2686 3613 uti
2712 3557 2815 3615 ista
2837 3574 2965 3617 vere
2982 3576 3043 3619 se
3064 3562 3310 3621 habeant
3335 3567 3500 3638 expli-

1929 3641 2429 3710 cemus.Quatlibet
2456 3646 2724 3719 synodus,
2761 3660 2886 3706 eum
2919 3654 3112 3711 sedulo
3155 3655 3500 3715 incumberet

1921 3734 2177 3807 traditam
2208 3735 2369 3793 nobis
2396 3753 2428 3792 a
2457 3742 2662 3795 sanctis
2690 3744 2954 3813 apostolis
2983 3745 3144 3802 ﬁdem
3196 3764 3496 3808 conserva-

1922 3841 2006 3889 re,
2037 3835 2203 3897 atque
2231 3827 2472 3894 ﬁrmare,
2505 3830 2574 3886 de
2597 3832 2700 3887 illis
2729 3839 3130 3903 tantummodo,
3160 3856 3279 3908 quae
3303 3841 3357 3894 in
3375 3856 3501 3896 exa-

1922 3931 2048 3972 men
2076 3918 2430 3985 voeabantur,
2471 3924 2827 3991 quaestionem
2875 3929 3194 3997 exercebat,
3237 3947 3502 4003 respuens

1921 4009 2143 4080 quidem
2190 4011 2517 4083 respuenda,
2582 4016 2906 4087 excipienda
2960 4035 3090 4076 vero
3158 4027 3501 4093 amplecten-

1923 4103 2101 4172 daque
2124 4104 2421 4173 excipiens,
2446 4114 2498 4160 et
2520 4113 2773 4178 utraque,
2808 4111 3003 4166 horum
3032 4129 3224 4184 nempe
3246 4118 3500 4187 reproba-

1924 4194 2154 4261 tionem,
2187 4195 2402 4251 illorum
2431 4201 2931 4270 conservationem,
2964 4205 3323 4262 traditionum
3371 4224 3501 4280 apo-

1924 4282 2238 4344 stolicarum
2307 4291 2551 4363 vestigiis
2615 4292 2908 4361 insistens,
2957 4295 3223 4353 deﬁniens
3271 4310 3325 4355 et
3392 4312 3501 4356 sta-

1927 4380 2125 4436 biliens
2174 4381 2515 4448 admittebat,
2583 4392 2639 4439 et
2695 4388 3082 4445 venerandum
3144 4392 3501 4464 sanctttmque

1925 4473 2117 4543 prima:
2154 4482 2208 4528 et
2240 4475 2493 4530 secundae
2516 4477 2709 4548 synodi
2739 4478 3055 4549 Symbolum
3089 4497 3214 4537 cum
3248 4483 3316 4538 sit
3347 4501 3496 4555 expo

246 4578 392 4641 ὁδου,
420 4577 530 4632 τῶν
556 4578 613 4630 ἐν
665 4577 853 4640 αὐταῖς
900 4578 1294 4647 ἀνακυψάντων
1354 4576 1681 4649 ζητημάτων
1714 4579 1816 4651 ἔχει

1936 4565 2062 4621 sitio
2082 4567 2445 4635 quaestionum
2481 4583 2603 4639 qua;
2644 4570 2697 4624 in
2730 4569 2835 4625 illis
2885 4582 3088 4627 emrtaa
3121 4587 3271 4642 sunt,
3325 4594 3501 4633 veram

247 4668 350 4737 τὴν
384 4668 556 4737 ἀληθῆ
583 4667 927 4737 καὶλβεϐαίαν
961 4666 1333 4733 διευλύτωσιν,
1366 4669 1461 4722 καὶ
1493 4670 1822 4739 φανέρωσιν,

249 4763 346 4819 καὶ.
375 4759 489 4814 ἐστι
515 4761 613 4829 τῆς
644 4760 1001 4828 ἀποστολικῆς
1046 4760 1336 4830 ὁμολογίας
1374 4762 1550 4834 σαφής
1582 4765 1675 4817 καὶ
1702 4763 1826 4815 σύν-

248 4871 415 4925 τομος
441 4854 614 4925 ἀνακή
624 4854 791 4922 ρυξις.
819 4854 1085 4913 Ἕκαστος
1106 4854 1161 4906 δὲ
1182 4855 1275 4906 καὶ
1291 4853 1397 4910 τῶν
1416 4854 1826 4925 θεοϐραϐεύτων

249 4949 585 5002 διδασκάλων
638 4947 736 5017 τῆς
794 4945 1076 5009 εὐσεϐείας
1104 4949 1225 5010 ταῖς
1278 4950 1484 5011 κοιναῖς
1518 4947 1668 5016 σφῶν
1697 4948 1828 5001 ἀκο-

251 5040 461 5103 λούθως
497 5038 863 5100 διδασκαλίαις
896 5039 1029 5101 ἰδίας
1071 5039 1394 5109 συγγραφὰς
1436 5039 1829 5110 συγγραψάμε-

251 5150 356 5198 νοι,
388 5135 483 5186 καὶ
510 5132 577 5184 τὰ
612 5130 802 5193 κοινῶς
838 5130 944 5199 ἰδία
975 5129 1069 5181 καὶ
1095 5130 1553 5200 πεπλατυσμένως
1574 5130 1704 5200 περὶ
1729 5129 1830 5197 τῆς

250 5225 419 5294 ὀρθῆς
448 5226 543 5276 καὶ
574 5224 875 5293 ἀμωμήτου
921 5221 1199 5285 θεολογίας
1242 5220 1699 5289 διασαφήσαντες,
1749 5220 1829 5281 είς

253 5318 440 5388 κοινὴν
472 5317 741 5384 ὠφέλειαν
766 5321 877 5380 τοῖς
913 5317 1021 5370 ἀπὸ
1050 5314 1285 5385 Χριστοῦ
1317 5312 1674 5383 κεκλημένοις
1708 5311 1827 5378 ἐξέ-

253 5413 430 5466 θεντο.
462 5410 786 5482 Στέργουσα·
804 5409 986 5463 τοίνυν
1018 5410 1051 5479 ή
1082 5407 1378 5478 Ἐκκλησία
1416 5405 1513 5459 καὶ¹
1540 5403 1579 5459 ἃ.
1625 5404 1830 5457 συνοδι-

252 5503 366 5566 κῶς
394 5506 440 5556 οἱ
465 5504 597 5557 θεῖοι
628 5504 873 5573 ΙΙατέρες
907 5502 1234 5573 παρέδοσαν,
1288 5499 1686 5569 ὲνστερνίζεται
1733 5497 1829 5552 καὶ

253 5596 292 5650 ὃ.
317 5595 436 5649 καθ’
460 5596 651 5648 ἑαυτὸν
682 5594 948 5664 θεολογῶν
971 5594 1197 5655 ἕκαστος
1226 5592 1602 5662 διηυκρίνησε.
1632 5591 1740 5644 Καὶ
1767 5589 1825 5643 ού

256 5688 327 5740 τὰ
359 5688 457 5757 μὲν
497 5686 809 5750 οἱκοιούται,
848 5686 914 5738 τὰ
947 5686 1002 5738 is
1051 5683 1460 5754 ἀποπέμπεται,
1495 5683 1610 5736 ἁλλ’
1663 5683 1737 5746 ὡς
1771 5681 1829 5749 ἐξ

260 5765 544 5846 ἐπιπνοίας
568 5782 659 5834 τοῦ
681 5780 823 5834 θείου
849 5780 1158 5849 Πνεύματος
1181 5774 1521 5847 προηγμένα,
1547 5774 1642 5829 καὶ
1659 5773 1827 5826 ταῦτα

259 5881 485 5930 κάκεῖνα
510 5874 755 5945 γεραίρει
788 5874 880 5926 καὶ
922 5868 1334 5934 κατασπάζεται
1365 5868 1457 5921 καὶ
1484 5867 1582 5919 ὅσα
1615 5867 1671 5918 ὲν
1700 5881 1825 5917 συν-

1928 4668 2243 4728 certamquc
2284 4659 2612 4736 solutionem
2674 4672 2728 4717 et
2768 4663 3194 4721 declaratiOuem
3233 4669 3496 4734 continet.

1927 4759 2118 4821 estque
2164 4753 2424 4808 doctrinae
2469 4755 2782 4823 apostolica:
2836 4767 2888 4811 et
2936 4758 3300 4815 confessionis
3344 4763 3498 4833 plena

1927 4853 1982 4899 et
2006 4845 2393 4914 compendiosa
2416 4846 2779 4904 denuntiatio.
2826 4850 3035 4917 Singuli
3068 4868 3286 4923 quoque
3329 4871 3357 4910 a
3394 4857 3498 4912 Dco

1929 4940 2211 4994 constituti
2244 4943 2461 5010 pietatis
2504 4944 2772 5015 magistri,
2822 4962 2931 5000 non
2978 4958 3130 5002 extra
3182 4963 3498 5005 communes

1928 5046 2115 5085 earum
2171 5043 2568 5103 consequenter
2635 5037 2912 5092 doctrinas
2959 5040 3176 5110 propria
3216 5047 3499 5096 contme‘n.

1930 5123 2064 5178 taria
2091 5125 2519 5192 conscribentcs,
2563 5136 2619 5183 et
2663 5126 2975 5188 communia
3013 5133 3269 5202 privatim
3317 5143 3370 5188 et
3412 5135 3501 5188 fu-

1928 5217 2056 5271 siori
2084 5235 2336 5272 sermone
2366 5236 2510 5275 veras
2538 5231 2701 5292 atque
2733 5223 3021 5296 inculpata:
3065 5227 3350 5296 theologia:
3382 5244 3523 5301 my-r

1928 5312 2095 5365 steria
2124 5312 2484 5380 declarantes,
2514 5316 2745 5385 publicas
2769 5333 2959 5373 eorum
2990 5319 3383 5388 commoditati,
3408 5321 3500 5391 qui

1927 5419 1958 5458 a
1988 5402 2208 5458 Christo
2236 5420 2436 5460 nomen
2469 5407 2693 5474 habent,
2726 5411 3032 5464 ediderunt.
3062 5411 3297 5466 Ecclesia
3325 5413 3502 5482 itaque

1928 5492 2251 5552 exosculans
2276 5513 2307 5552 a
2331 5497 2532 5553 divinis
2562 5498 2816 5555 Patribus
2844 5501 3086 5573 synodali
3117 5503 3367 5558 consulto
3394 5514 3503 5559 trav

1928 5587 2193 5650 (litamen
2216 5588 2398 5644 minus
2432 5591 2635 5660 apertis
2677 5591 2822 5646 ulnis
2875 5593 3225 5663 amplectitur
3275 5605 3331 5650 et
3381 5612 3503 5667 qua:

1929 5677 2124 5748 Singuli
2182 5679 2405 5748 privatis
2469 5680 2985 5751 pertractationibus
3040 5682 3405 5753 explicarunt,
3450 5695 3502 5740 et

1928 5769 2008 5825 sic
2038 5783 2101 5823 ea
2127 5770 2231 5823 sibi
2263 5770 2528 5826 benevole
2557 5774 2954 5836 accommodat.
2989 5774 3192 5831 illa'ab
3216 5790 3273 5841 se
3304 5779 3500 5845 relegat

1930 5863 2195 5935 longeque
2227 5865 2497 5933 amandat,
2540 5876 2595 5922 et
2640 5882 2791 5938 atque
2837 5884 2901 5924 ac
2948 5869 2992 5924 si
3038 5868 3218 5925 alliam
3265 5867 3495 5940 Spiritu:
3572 5872 3579 5875 '
