3972 6592
348 375 479 439 1101

1334 364 1639 427 CONTRA
1676 356 2109 421 MANUELEM
2150 355 2623 424 CRETENSEM.

3458 350 3476 410 l
3489 350 3594 412 liti}.

332 486 669 543 δικαιοῦσθαι
695 482 836 539 θετον
864 480 1151 552 Ίγνάτιον,
1186 478 1246 533 ὃν
1291 477 1349 531 ἐν
1379 474 1554 545 άγίοις
1598 474 1632 543 ή
1669 471 1916 544 ἡμετέρα

2022 474 2171 522 runt.
2193 465 2631 522 Hanc'Pbotium
2662 462 2911 520 dividere
2941 462 3207 533 potuisse,
3241 471 3296 517 et
3323 463 3375 516 in
3412 473 3598 532 partes

339 577 637 647 Ἐκκλησία
668 576 762 630 καὶ
791 575 957 651 τιμᾷν
1012 571 1110 627 καὶ
1136 569 1378 636 δοξάζειν
1424 566 1521 621 καὶ
1561 562 1908 637 ἀριθμεῖσθαι

329 670 660 741 παρέλαϐεν.
698 668 837 721 αὐτὰ
869 667 967 738 βοᾷ
996 667 1064 718 τὰ
1098 662 1422 733 πράγματα,
1457 659 1552 713 καὶ
1572 658 1679 710 τῶν
1707 654 1909 726 ἡμετέ-

330 782 440 835 ρων
477 762 775 834 μαρτυρίαι
804 763 901 815 ml.
939 755 1280 828 συγγραφαί.
1321 755 1444 807 Ὅτι
1481 752 1537 805 δὲ
1570 752 1664 805 καὶ
1698 751 1909 821 προφά-

330 872 441 917 σεις
461 855 528 918 ἃς
544 855 859 924 ἐσχεδίασεν
881 851 1091 905 οἴκοθεν
1106 849 1201 911 τὰς
1217 850 1273 902 ἐν
1301 846 1535 915 δόγμασι
1560 843 1659 911 τῆς
1680 835 1746 913 ἦς
1766 841 1909 894 ἑάλω

326 946 617 1015 φιλαρχίας
649 942 1065 1011 ἀποτυγχάνω,
1115 938 1300 1000 καθὼς
1349 936 1399 989 οἰ
1426 934 1615 988 τούτου
1643 933 1778 1001 πρὸς
1809 931 1907 1001 τὴν

232 1029 243 1041 ⁸
338 1032 655 1101 Ῥωμαϊκὴν
679 1029 1011 1100 Ἐκκλησίαν
1045 1027 1445 1096 ἐπιστολιμαίοι
1477 1023 1788 1093 παριστῶσι
1825 1021 1911 1074 λό-

323 1139 435 1191 γοι,
466 1121 833 1188 ἀπειλητικῶς
866 1117 1325 1190 ὑπεμφαίνοντες,
1360 1115 1392 1186 ἦ
1430 1113 1537 1184 μὴν
1566 1112 1847 1182 δεχθῆναι,
1875 1111 1908 1180 ἢ

324 1217 459 1283 πρὸς
495 1216 702 1282 σχίσμα
731 1211 1004 1282 χωρῆσαι,
1057 1209 1268 1279 φθάσας
1298 1209 1326 1262 6
1355 1207 1455 1277 τὴν
1482 1204 1775 1276 ὁμολογίαν
1819 1220 1914 1272 φε-

325 1307 569 1376 ρώνυμος
624 1304 880 1373 Μάξιμος
911 1304 1228 1371 ἁπελέγχει,
1286 1299 1445 1369 δῆλον
1479 1299 1542 1350 ἐκ
1593 1296 1693 1364 τῆς
1746 1293 1911 1347 αὐτοῦ

326 1397 459 1466 πρὸς
501 1397 872 1467 πρεσϐύτερον
904 1394 1130 1463 Κύπρου
1172 1393 1416 1464 Μαρῖνον
1451 1387 1744 1454 ἐπιστολῆς
1776 1385 1914 1455 γρά-

325 1504 517 1554 φοντος
545 1490 601 1538 ἐν
628 1488 765 1556 αὐτῇ
798 1487 939 1539 κατὰ
968 1485 1120 1555 ῥῆμα
1155 1484 1291 1553 πρὸς
1322 1483 1449 1541 τοὺς
1482 1476 1714 1531 ἐνταῦθα
1735 1495 1749 1508 ο
1784 1495 1801 1524 ι
1823 1477 1912 1528 Ἐν

322 1581 430 1639 τοῖς
462 1577 625 1629 αὑτοῦ
651 1577 741 1628 τὸν
762 1576 995 1629 πάππαν
1023 1574 1253 1644 φάσκειν
1276 1571 1577 1633 συνοδικοίς
1607 1569 1702 1622 καὶ
1730 1570 1793 1621 ἐκ
1820 1566 1913 1621 τοῦ

322 1670 452 1721 Υίοῦ
481 1666 876 1738 ἐκπορεύεσθαι
901 1666 963 1719 τὸ
1001 1664 1228 1734 Πνεῦμα
1257 1664 1318 1718 τὸ
1348 1664 1526 1731 ἅγιον,
1552 1663 1647 1716 καὶ
1682 1661 1913 1730 δεχομέ-

318 1778 410 1813 νου
448 1763 541 1813 καί
567 1760 658 1812 τὸν
684 1759 824 1827 ὑπὲρ
848 1757 1038 1810 τούτου
1071 1757 1398 1827 ποιουμένου
1429 1756 1718 1823 ἀπόλογον.
1752 1772 1771 1805 ι
1802 1753 1915 1807 Καὶ

2014 559 2291 622 incidere,
2333 566 2389 611 at
2424 572 2534 611 non
2572 555 2689 610 zelo
2719 555 2928 619 divino,
2959 554 3055 608 sed
3097 555 3240 623 quod
3272 570 3303 609 a
3355 554 3599 609 Romana

2017 651 2306 711 cathedra,
2327 665 2447 716 quae
2482 650 2683 713 primas
2717 656 2901 717 partes
2929 647 3161 704 obtinet.
3187 646 3600 710 amandaretnr.
3685 640 3689 643 ⁷

2016 751 2074 797 et
2128 749 2429 810 occupatus
2471 740 2541 793 ab
2590 739 2681 793 illo
2728 739 2960 794 thronus
3000 738 3401 808 patriarchicus
3447 755 3604 806 a-quo

2019 833 2147 904 jure
2168 832 2357 904 divino
2381 831 2763 886 restitueretur
2788 829 3013 900 lgnatio,
3034 846 3195 900 quem
3222 830 3362 885 inter
3385 841 3606 885 sanctos

2021 902 2214 978 nostra
2254 902 2502 976 Ecclesia
2530 922 2802 978 collocare
2833 931 2890 976 et
2926 924 3173 976 t'enetari
3214 932 3269 978 et
3302 923 3605 994 gloriﬁcare

2026 1030 2054 1069 a
2079 1014 2384 1083 majoribus
2406 1014 2520 1068 suis
2544 1013 2779 1083 accepit,
2822 1028 2914 1067 res
2958 1012 3091 1082 ipsa:
3122 1013 3378 1082 clamant,
3418 1022 3475 1070 et
3512 1031 3609 1070 no-

2028 1117 2263 1162 strorum
2306 1106 2699 1161 commentaria
2733 1114 2789 1160 et
2818 1105 3060 1173 scripta:
3093 1115 3392 1175 przetextus
3439 1106 3607 1161 etiam

2020 1198 2425 1254 inconsiderate
2475 1197 2750 1252 eﬂuliisse
2779 1213 2845 1252 ex
2882 1199 3116 1267 propriis
3169 1198 3313 1253 circa
3352 1198 3609 1269 dogmata

2018 1291 2335 1347 dominatus
2381 1290 2611 1344 libidine
2665 1290 2929 1355 ductum,
3012 1290 3170 1360 cujus
3212 1305 3439 1358 compos
3490 1291 3610 1345 ﬁeri

2020 1398 2133 1436 non
2164 1390 2401 1453 poterat,
2447 1381 2526 1436 uti
2565 1381 2813 1451 ejusdem
2849 1381 2915 1435 ad
2948 1379 3257 1436 Romanam
3304 1380 3608 1437 Ecclesiam

2021 1473 2279 1545 epistola:
2306 1482 2586 1538 astruunt,
2617 1488 2730 1527 non
2762 1473 2969 1543 absque
3018 1473 3183 1528 minis
3222 1474 3610 1528 demonstran-

2020 1577 2125 1632 tes,
2150 1567 2338 1622 sinon
2388 1569 2762 1636 exciperetur,
2811 1565 3155 1620 ad'schisma
3194 1581 3608 1635 processurum,

2022 1671 2152 1715 ante
2180 1662 2357 1730 ipsum
2407 1658 2759 1714 confessione
2803 1673 2901 1714 sua
2937 1657 3284 1728 cognominis
3342 1658 3610 1712 Maximus

2020 1751 2325 1821 redarguit,
2362 1759 2420 1806 et
2444 1749 2796 1805 manifestum
2823 1759 2909 1804 est
2939 1764 3005 1803 ex
3039 1749 3285 1819 ejusdem
3332 1750 3399 1804 ad
3446 1749 3611 1805 Mari-

316 1851 397 1903 ὂτι
424 1852 559 1921 πρὸς
588 1853 699 1911 τοῖς
725 1851 972 1918 ἐλέγχοις
1007 1849 1115 1902 τῶν
1141 1848 1489 1918 δογματικῶν
1534 1848 1742 1900 Φωτίου
1774 1863 1909 1916 προ-

2022 1858 2148 1896 num
2207 1842 2371 1912 Cypri
2433 1842 2813 1912 presbyterum
2867 1841 3139 1909 epistula,
3173 1840 3290 1896 hare
3333 1841 3609 1909 ipsissima

318 1943 538 2010 φάσεων
565 1942 976 2011 συνελέγχονται
1005 1942 1140 2009 πρδς
1189 1940 1283 1992 τοῦ
1318 1940 1558 2008 μεγάλου
1608 1936 1764 1991 τοῦδε
1819 1937 1909 1991 τὸν

318 2035 463 2087 θεῖον
493 2034 654 2102 ζῆλον
678 2034 772 2086 καί
803 2034 852 2085 οἱ
890 2029 1505 2103 μεγαλορῤημονοῦντες
1528 2030 1801 2082 τὰκοίκεῖα
1819 2030 1911 2083 τὸν

330 2126 550 2199 Ῥώμης
577 2130 633 2178 ἐν
657 2127 897 2189 άπάσαις
918 2128 1038 2189 ταῖς
1066 2126 1472 2194 οίκουμενικαῖς
1499 2123 1738 2185 συνόδοις
1768 2123 1912 2191 ἔχειν

321 2222 617 2289 προνόμιοι,
644 2219 731 2271 διὰ
758 2218 818 2269 τὸ
845 2217 920 2286 μὴ
961 2215 1286 2286 τηνικαῦτα,
1321 2215 1461 2285 μετὰ
1492 2214 1549 2266 δὲ
1596 2215 1696 2284 τὴν
1723 2213 1905 2266 αὐτῶν

210 2352 223 2363 .
321 2310 688 2380 παραδρομὴν
723 2309 781 2362 τὸ
812 2308 1054 2361 τοιοῦτον
1086 2308 1264 2377 δόγμα
1295 2306 1608 2377 κηρύττειν,
1649 2307 1750 2358 οὐκ
1781 2305 1913 2374 ἄδη-

320 2401 409 2453 λον
443 2402 550 2454 οὐδ’
577 2402 921 2469 ἀπόκρυφον,
949 2400 1066 2467 είγε
1093 2399 1343 2472 Μάξιμος
1370 2401 1398 2451 6
1426 2397 1713 2459 θεσπέσιος
1734 2397 1917 2466 ἀκμά-

322 2496 432 2559 ζων
468 2490 537 2564 ἦν
572 2493 675 2561 πρὸ
732 2496 833 2563 τῆς
876 2493 1042 2561 ἕκτης
1080 2492 1325 2556 συνῦδου,
1357 2491 1452 2545 καὶ
1485 2490 1625 2559 μετὰ
1649 2489 1748 2561 τὴν
1778 2492 1915 2561 πρὸς

320 2588 527 2655 Κύριον
553 2587 767 2641 ἐκείνου
795 2587 1131 2652 μετάστασιν
1166 2583 1305 2656 αῦτη
1344 2584 1743 2655 συνεκροτήθη,
1774 2583 1915 2653 ὑπὲρ

319 2675 385 2733 οῦ
433 2680 704 2749 δόγματος
740 2681 943 2743 ἐκεῖνος
993 2677 1258 2745 γενναίως
1302 2676 1614 2746 ὴνδρίσατο,
1652 2677 1747 2728 καὶ
1789 2665 1913 2745 μετ’

324 2770 495 2841 αὐτὴν
524 2771 584 2823 τὸ
634 2770 943 2822 τελευταῖον
989 2768 1218 2837 ἕϐδομον
1275 2766 1655 2835 οἰκουμενικὸν
1688 2766 1915 2833 γέγονεν

322 2858 591 2927 ἂθρισμα.
624 2860 732 2911 Καὶ
761 2857 854 2910 τοῦ
884 2857 1097 2920 λοιποῦ,
1152 2857 1225 2919 ὡς
1251 2856 1448 2919 ἔοικεν,
1480 2854 1823 2926 αἱρετώτερα
1848 2856 1915 2909 τά

321 2952 552 3015 Φωτίου,
589 2952 684 3004 καὶ
719 2952 840 3022 δίχα
874 2951 968 3004 τοῦ
1006 2951 1275 3021 προϐῆναι
1306 2950 1380 3012 ὡς
1407 2950 1784 3020 προϐεϐήκασι
1805 2949 1915 3003 τῶν

327 3044 581 3114 μεγάλων
606 3046 936 3113 ἀμφοτέρων
966 3043 1121 3095 τοῦτο
1148 3042 1383 3095 συνόδων
1420 3046 1658 3112 στερκτα
1719 3044 1788 3095 τὲ
1820 3042 1913 3096 τοῦ

323 3138 525 3193 πάππα
556 3135 948 3203 λογιζομένων,
1003 3134 1100 3187 καὶ
1151 3134 1229 3203 μὴ
1261 3133 1424 3203 ζῆλον
1481 3132 1914 3203 ἐνδεικνυμένων
1941 3170 1985 3232 C

326 3229 420 3279 ἐπὶ
448 3230 562 3289 τοῖς
598 3227 789 3280 τούτου
820 3224 1337 3296 καταπεμπομένοις
1357 3222 1500 3279 οὕτω
1529 3225 1826 3288 συνοδικοίς
1858 3227 1917 3280 ἐν

322 3321 515 3381 αὐταῖς
545 3318 941 3387 κροτουμέναις
969 3320 1063 3369 καὶ
1099 3304 1216 3386 πρδ
1243 3316 1447 3383 αὐτῶν,
1476 3317 1570 3369 καὶ
1595 3316 1917 3385 διατρανοῦ-

328 3429 437 3477 σιν,
472 3412 547 3473 ὡς
584 3410 823 3481 εἰρηται,
882 3409 1023 3461 κατὰ
1065 3409 1125 3461 τδ
1182 3407 1466 3477 κρατῆσαν
1523 3408 1765 3478 ἀρχῆθεν
1797 3408 1919 3472 ἐθος

326 3501 569 3571 πέμπειν
604 3497 943 3569 ἁπανταχοῦ,
978 3500 1036 3551 ἐν
1070 3492 1152 3560 οἷς
1202 3499 1382 3551 αὐτῶν
1430 3501 1462 3569 ή
1497 3499 1636 3552 κατὰ
1669 3500 1918 3570 διαδοχὰς

327 3591 707 3659 ἀναγόρευσις,
736 3592 826 3642 καὶ
865 3590 1027 3660 μέχρι
1057 3588 1152 3641 τοῦ
1176 3589 1273 3641 νῦν
1300 3590 1378 3651 εἰς
1403 3588 1529 3651 τοὺς
1558 3591 1918 3652 οἰκείουςκαὶ

329 3684 421 3736 ὑπ’
449 3684 637 3738 αὐτόν.
679 3683 821 3737 Ἀλλ’
853 3684 888 3752 ή
917 3682 1015 3752 τῆς
1070 3681 1330 3752 ἀληθείας
1367 3682 1569 3751 μᾶλλον
1601 3663 1663 3735 ἐκ
1715 3683 1918 3737 τούτων

327 3775 738 3844 ἁναφαινομένη
785 3773 1079 3840 διάγνωσις
1129 3773 1458 3845 παρίστησιν
1510 3775 1783 3844 ἐναργῶς,
1841 3775 1918 3837 ὡς

332 3865 473 3935 μετὰ
497 3866 593 3935 τὴν
622 3865 1071 3936 κοσμοσωτὴριον
1102 3863 1337 3935 φρικτὴν
1364 3866 1698 3935 οἰκονομίαν,
1733 3867 1827 3919 καὶ
1850 3868 1918 3921 τὰ

329 3957 665 4010 άποστολικὰ
716 3955 1053 4025 κηρύγματα
1089 3957 1182 4009 καί⁵
1246 3957 1642 4026 σπουδάσματα
1668 3957 1726 4021 ἐξ
1774 3951 1848 4012 ὧν
1883 3961 1917 4031 ή

343 4049 642 4117 Ἐκκλησία
674 4048 770 4119 μία
802 4048 1060 4116 συνέστη,
1087 4051 1181 4101 κα)⁸
1210 4046 1351 4100 οὕτω
1385 4048 1764 4117 τεθεμελίωτο,
1790 4052 1918 4104 ταύ-

328 4141 831 4212 τηνηδιαδεξάμενοι
879 4142 928 4194 οἰ
954 4141 1063 4193 τῶν
1090 4140 1351 4211 μαθητῶν
1374 4138 1468 4192 τοῦ
1497 4141 1703 4211 Κυρίου
1738 4142 1918 4195 διάδο-

327 4252 414 4305 χοι
447 4234 705 4304 ποιμένες
754 4234 850 4286 κα“ι
882 4235 1236 4303 μυσταγωγοὶ
1288 4231 1701 4304 θεοπρόϐλητοι,
1752 4235 1798 4287 οί
1829 4234 1916 4288 διὰ

326 4324 438 4377 τῶν
458 4323 764 4377 καθολικῶν
789 4322 1065 4395 ᾀδομένων
1087 4322 1398 4377 έπταδικῶν
1430 4324 1797 4379 συνελεύσεων
1822 4326 1918 4378 αὐ-

326 4416 426 4485 τὴν
455 4414 598 4469 οὓτω
632 4401 1025 4486 κρατύναντες,
1078 4416 1176 4469 καὶ
1205 4418 1385 4470 πᾶσαν
1426 4417 1638 4487 αἵρεσιν
1689 4419 1919 4473 ἀπωσά-

2013 1933 2182 1989 verba
2207 1933 2525 1988 continente
2554 1950 2609 1987 ιι
2646 1935 2713 1986 At
2743 1936 2797 1986 in
2826 1933 2940 1986 snis
2964 1947 3156 2001 papam
3199 1933 3483 2004 synodicis
3517 1948 3611 1988 as-

2018 2039 2226 2087 serere,
2247 2023 2415 2078 etiam
2444 2038 2510 2077 ex
2537 2022 2677 2077 Filio
2706 2021 2970 2092 Spiritum
3004 2031 3257 2075 sanctum
3286 2024 3609 2091 procedere,

2026 2125 2081 2172 et
2112 2114 2382 2183 recipere,
2415 2122 2471 2168 et
2499 2113 2568 2168 de
2591 2114 2694 2168 hoc
2722 2114 2886 2167 etiam
2914 2113 3329 2182 responsionem
3357 2115 3608 2169 addere.»

2022 2209 2092 2263 Et
2115 2216 2478 2277 praeterquam
2507 2206 2657 2277 quod
2678 2205 2988 2277 dogmatica
3029 2204 3214 2260 Photii
3259 2213 3472 2261 asserta
3524 2221 3613 2261 re-

2016 2299 2302 2361 felluntur,
2376 2314 2484 2352 una
2525 2297 2690 2353 simul
2748 2296 3082 2352 refelluntur
3134 2296 3202 2351 ab
3264 2296 3370 2351 hoc
3410 2297 3604 2352 eodem

2016 2387 2134 2444 zelo
2162 2388 2381 2457 pietatis
2405 2404 2567 2458 quam
2602 2388 2866 2455 maximo,
2901 2388 2996 2459 qui
3056 2390 3267 2461 ingenti
3315 2406 3448 2447 voce
3504 2394 3615 2448 cla-

2018 2482 2193 2544 mitat,
2226 2484 2443 2551 propria
2481 2480 2789 2536 Romanum
2819 2482 2872 2536 in
2902 2482 3162 2538 omnibus
3199 2484 3610 2543 universalibus

2025 2576 2253 2646 synodis
2284 2575 2569 2646 privilegia
2609 2575 2833 2639 habere,
2870 2576 3018 2646 quod
3045 2593 3153 2632 non
3193 2587 3329 2645 tum,
3365 2581 3461 2635 sed
3490 2590 3615 2652 post

2019 2682 2211 2721 eorum
2277 2677 2663 2723 transcursum
2705 2669 2881 2723 simile
2922 2668 3117 2739 dognza
3167 2672 3464 2740 praedicat,
3501 2689 3611 2727 non

2020 2759 2318 2824 incertum,
2362 2776 2543 2831 neque
2586 2762 2911 2827 occultum;
2970 2762 3014 2816 si
3064 2762 3282 2817 divinus
3344 2763 3613 2819 Maximus

2021 2859 2150 2907 ante
2210 2861 2419 2906 sextam
2484 2854 2752 2924 synodum
2820 2853 3088 2919 ﬂorebat,
3137 2864 3195 2910 et
3269 2866 3393 2925 post
3463 2855 3613 2912 illius

2016 2942 2083 2996 ad
2113 2942 2401 2998 Dominum
2436 2945 2725 2999 transitum
2757 2945 2848 2999 illa
2888 2946 3157 3000 celebrata
3186 2954 3290 3009 est,
3345 2962 3444 3015 pro
3505 2963 3615 3016 quo

2018 3036 2273 3105 dogmate
2325 3036 2417 3090 ille
2478 3032 2746 3107 generose
2796 3038 3137 3103 decertavit,
3186 3045 3242 3093 et
3281 3048 3405 3109 post
3462 3038 3609 3094 illam

2017 3137 2295 3197 postrema
2336 3128 2664 3183 universalis
2712 3130 3065 3200 congregatio
3097 3137 3285 3184 coacta
3308 3138 3415 3195 est,
3462 3129 3614 3185 ideo-

2021 3236 2150 3290 que,
2216 3231 2278 3276 ut
2304 3222 2544 3287 videtur,
2591 3224 2768 3295 magis
2797 3225 3178 3294 amplectenda
3228 3232 3358 3279 sunt
3405 3224 3611 3290 Photii,

2021 3321 2075 3367 et
2101 3314 2310 3384 absque
2348 3330 2416 3370 eo
2443 3318 2591 3386 quod
2622 3316 2995 3372 successerint
3036 3317 3199 3371 modo
3248 3332 3358 3386 quo
3391 3332 3615 3371 succes-

2021 3408 2196 3462 serint
2254 3424 2344 3462 res
2395 3424 2718 3479 magnarum
2769 3410 2965 3464 harum
3019 3411 3351 3481 synodorum
3378 3424 3607 3463 exoscu-

2019 3498 2179 3553 landa
2202 3501 2365 3567 ab_iis
2386 3502 2480 3570 qui
2537 3516 2628 3557 res
2681 3517 2836 3572 papm
2883 3503 3223 3566 examinant,
3274 3516 3380 3556 nec
3437 3502 3611 3555 zeln-n

2019 3593 2345 3657 ostendunt,
2385 3609 2485 3663 pro
2517 3593 2667 3649 illius
2694 3594 2775 3648 sic
2799 3594 2980 3648 missis
3016 3594 3313 3664 synodicis,
3349 3608 3472 3648 cum
3508 3594 3614 3647 illa:

2021 3692 2369 3753 cogerentur,
2409 3693 2464 3738 et
2496 3694 2635 3747 ante,
2651 3701 2841 3741 earum
2884 3685 3336 3749 celebrationem.
3372 3685 3613 3753 etplane

2020 3775 2289 3836 indicant,
2319 3784 2377 3830 ut
2408 3777 2612 3831 dictum
2639 3786 2745 3843 est,
2786 3777 2863 3833 uti
2913 3779 2981 3832 ab
3012 3778 3169 3831 initio
3198 3792 3316 3832 mus
3349 3777 3613 3832 obtinue-

2021 3876 2123 3932 rat,
2155 3882 2593 3937 quaquaversum
2635 3870 2786 3923 illum
2849 3873 3090 3932 mittere,
3124 3870 3250 3923 dum
3301 3886 3443 3923 nova
3485 3885 3617 3925 con-

2022 3956 2259 4011 tinuaret
2285 3958 2601 4012 eorumdem
2625 3958 2927 4014 secundum
2945 3960 3352 4025 surcessionem
3385 3962 3612 4021 creatio.

2020 4058 2075 4102 et
2104 4051 2171 4101 ad
2224 4050 2339 4104 haec
2398 4066 2574 4122 usque
2623 4058 2872 4119 tempora
2921 4050 2988 4104 ad
3022 4050 3125 4104 sibi
3172 4050 3472 4120 subjectos,
3519 4052 3614 4106 sed

2021 4141 2269 4196 veritatis
2346 4144 2521 4213 magis
2582 4156 2649 4196 ex
2691 4143 2778 4196 his
2845 4142 3116 4197 irradians
3164 4143 3410 4213 dignotio
3456 4143 3616 4213 plane

2020 4231 2361 4301 comprobat,
2392 4241 2521 4302 post
2573 4234 2871 4288 salutarem
2909 4233 3027 4286 orbi
3081 4233 3340 4288 universo
3373 4235 3612 4289 horren-

2026 4321 2265 4392 damque
2297 4324 2685 4388 (economiam,
2718 4332 2775 4377 et
2801 4323 3224 4393 prmdicationes
3257 4325 3613 4394 apostolicas,

2024 4424 2079 4473 et
2134 4426 2385 4481 conatus,
2438 4417 2640 4486 quibus
2688 4432 2796 4470 una
2843 4416 3084 4471 Ecclesia
3120 4416 3387 4480 substitit,
3419 4426 3474 4471 et
3536 4418 3612 4473 ita

330 4524 509 4576 μενοι,
544 4508 640 4560 καὶ
703 4508 789 4559 τὸν
842 4508 940 4577 τῆς
972 4507 1256 4571 εὐσεϐείας
1293 4509 1354 4560 ἐν
1415 4509 1553 4579 αὐτῇ
1590 4508 1746 4576 λόγον
1771 4509 1916 4581 ἐδρά-

2033 4506 2261 4562 fundata
2328 4505 2455 4572 fuit,
2521 4506 2917 4576 discipulorum
2972 4506 3188 4561 Domini
3241 4522 3613 4573 successores,

332 4614 547 4661 σαντες,
581 4597 688 4660 ἓως
719 4590 863 4666 οὗτοι
897 4599 1177 4668 παρῆσαν,
1212 4600 1262 4651 οἱ
1302 4598 1461 4669 τήνδε
1494 4598 1810 4670 θεαρέστοις
1834 4602 1923 4673 ἐρ-

330 4708 448 4759 γοις
488 4680 603 4743 καί
633 4689 814 4759 λόγοις
874 4689 1171 4753 ἰθύνοντες,
1226 4689 1476 4760 οὐδαμῶς
1516 4691 1735 4760 ἴσχυσεν
1763 4694 1791 4745 6
1825 4693 1923 4761 τῆς

332 4780 530 4843 κακίας
562 4780 863 4851 ἐφευρετὴς
891 4781 951 4833 τὸ
975 4780 1325 4851 συνημμένον
1358 4780 1798 4851 παρασαλεῦσαι,
1826 4785 1923 4837 καὶ

329 4875 391 4932 τὸ
416 4873 474 4928 ἓν
505 4874 679 4944 αὐτῆς
709 4875 845 4936 ὅλως
878 4872 1253 4945 λυμήνασθαι,
1306 4874 1401 4925 καὶ
1430 4873 1604 4927 ταῦτα
1641 4873 1729 4928 διά
1764 4893 1924 4929 τινων

333 4966 640 5038 πειραθεὶς,
687 4966 748 5019 οὐ
780 4966 924 5035 λέγω
959 4968 1082 5035 περὶ
1109 4959 1239 5037 ὧνή
1279 4965 1509 5039 ρηθείσα
1543 4967 1801 5039 ἐπιστολὴ
1830 4968 1922 5022 τοῦ

337 5060 791 5131 μεγαλοκήρυκος
818 5058 1160 5129 όμολογητοῦ
1207 5057 1590 5129 διαλαμϐάνει,
1616 5059 1818 5130 ἐτέρων
1867 5060 1923 5113 δὲ

332 5152 473 5224 πρὸς
506 5152 701 5216 τοῖσδε,
763 5151 882 5207 ἀλλ’
939 5149 1298 5220 ἐκκρουσθεὶς
1343 5152 1579 5222 ταχέως,
1643 5151 1823 5216 καθὼς
1858 5153 1923 5207 ἂν

332 5244 432 5316 ἔχῃ
481 5245 684 5313 γνῶναι
721 5245 749 5298 ό
800 5243 1179 5311 ἐξεταστικόςο
1213 5242 1511 5314 ἐπειδήπερ
1545 5239 1685 5314 ἦσαν
1737 5246 1787 5298 οἰ
1818 5246 1916 5316 τῆς

334 5338 533 5399 κακίας
560 5337 860 5409 ριζοτόμοι,
895 5339 989 5389 καὶ
1017 5336 1119 5404 τῆς
1152 5338 1293 5390 τατὰ
1338 5335 1471 5389 Θεὸν
1498 5337 1722 5409 εἰρήνης
1754 5339 1926 5406 φύλα-

333 5445 431 5491 κες
458 5429 551 5481 καὶ
593 5428 855 5498 θεμέλιοι.
912 5427 1030 5497 Ἀφ’
1062 5425 1126 5480 οῦ
1153 5427 1198 5480 δ’
1230 5427 1281 5479 oi
1324 5426 1556 5480 τοιοῦτοι
1585 5428 1923 5500 μετέστησαν

335 5523 415 5583 εἰς
449 5519 631 5589 ἀγαθὰ
661 5520 728 5572 τά
777 5518 992 5584 αίώνια,
1047 5519 1165 5572 τότε
1224 5517 1318 5570 καὶ
1348 5517 1555 5582 Φὼτιος
1612 5520 1705 5572 καί
1743 5519 1922 5572 λοιποὶ

336 5612 573 5680 καθεξῆς
601 5613 692 5665 τὸν
728 5610 1024 5682 σύνδεσμον
1072 5609 1368 5681 διαρρῆξαι
1417 5611 1777 5681 κατίσχυσαν.
1828 5611 1924 5663 καὶ

336 5705 606 5757 διελέσθαι
637 5704 730 5759 καὶ
787 5704 1118 5772 κατατεμεῖν
1182 5702 1573 5772 ὑπερίσχυσαν.
1631 5704 1755 5756 Ἐπὶ
1796 5704 1923 5775 ποίᾳ

339 5793 597 5865 ὠφελείᾳ,
635 5794 665 5862 ἢ
698 5793 823 5867 ποίᾳ
853 5792 1030 5865 λύμης
1064 5792 1242 5847 ἴσασιν
1273 5793 1321 5844 οἱ
1359 5792 1578 5859 εἰδότες,
1607 5795 1653 5844 εί
1696 5794 1921 5848 καὶτῶν

2028 4603 2126 4675 qui
2182 4600 2469 4656 subsecuti
2522 4610 2653 4656 sunt
2700 4610 2982 4670 pastores,
3042 4612 3095 4655 et
3141 4617 3172 4655 a
3212 4601 3322 4655 Deo
3376 4601 3615 4671 promoti

2025 4694 2345 4768 myslagogi,
2389 4695 2482 4765 qui
2531 4709 2626 4763 per
2669 4694 3009 4748 universales
3051 4702 3260 4762 septem
3307 4694 3389 4750 sic
3437 4695 3616 4750 dictos

2030 4803 2363 4859 congressus
2392 4803 2512 4843 eam
2552 4787 2699 4842 hunc
2746 4786 2801 4840 in
2836 4788 3055 4843 modum
3093 4788 3612 4854 constabiliverunt,

2029 4890 2088 4935 et
2124 4896 2345 4935 omnem
2371 4880 2622 4935 hazresim
2657 4879 2991 4951 relegarunt.
3015 4889 3070 4934 et
3101 4880 3320 4951 pietatis
3341 4880 3396 4934 in
3421 4881 3615 4935 eadem

2026 4986 2247 5027 causam
2281 4973 2590 5035 ﬁrmarunt,
2632 4971 2809 5026 donec
2840 4972 2896 5025 hi
2947 4980 3246 5041 praesentes
3293 4983 3471 5035 erant,
3522 4971 3614 5041 qui

2032 5078 2152 5118 eam
2203 5063 2314 5118 Deo
2342 5063 2685 5134 complacitis
2717 5064 2980 5133 operibus
3006 5075 3062 5120 et
3110 5064 3460 5119 sermonibus
3485 5064 3616 5118 diri-

2025 5159 2244 5227 gebant,
2278 5157 2427 5210 nullo
2450 5156 2613 5212 modo
2643 5157 2821 5227 potuit
2854 5156 3222 5227 improbitatis
3262 5165 3454 5211 auctor
3483 5172 3616 5211 con-

2018 5246 2366 5318 junctionem
2406 5246 2709 5321 dimovere,
2765 5256 2821 5302 et
2873 5247 3146 5301 unitatem
3200 5247 3347 5302 illius
3392 5263 3618 5317 prorsus

2028 5340 2251 5403 laedere,
2296 5339 2427 5394 licet
2480 5340 2762 5393 nonnullis
2794 5339 2846 5394 id
2885 5347 3290 5408 pertentasset,
3338 5355 3448 5395 non
3496 5341 3621 5396 dico

2037 5434 2169 5497 illis,
2198 5448 2320 5503 quae
2354 5432 2500 5488 dicta
2536 5432 2757 5487 maximi
2796 5432 3067 5501 praeconis
3108 5432 3466 5503 homologeta:
3496 5434 3615 5503 ορί-

2027 5525 2166 5578 stola
2209 5525 2651 5594 comprehendit,
2688 5524 2784 5578 sed
2821 5540 2931 5594 prae
2981 5524 3066 5580 bis
3122 5526 3246 5581 aliis
3291 5528 3478 5591 etiam,
3524 5544 3618 5582 ve-

2026 5627 2336 5672 rumtamen
2367 5618 2632 5688 expulsus
2667 5633 2830 5687 quam
2884 5617 3091 5686 subito,
3140 5619 3219 5674 uti
3259 5636 3439 5675 rerum
3490 5635 3618 5675 exa-

2025 5709 2266 5763 minator
2317 5709 2638 5779 cognoscit;
2712 5723 2833 5762 cum
2882 5718 3066 5763 essent
3106 5709 3199 5779 qui
3244 5711 3616 5782 improbitatis

2029 5800 2244 5856 radices
2289 5799 2629 5865 exciderent,
2666 5806 2719 5855 et
2764 5799 2912 5871 pacis
2949 5801 3250 5858 secundum
3309 5803 3477 5860 Deum
3527 5819 3620 5859 cu-
