3972 6580
397 414 418 479 1
432 416 540 480 463

1610 423 1935 487 GEORGII
1980 428 2444 490 METOCHITE

3508 425 3644 492 140%

395 515 582 592 studes
614 543 668 589 et
700 533 1097 592 fundamenta:
1136 553 1260 593 cum
1293 554 1423 594 vero
1456 540 1509 595 lii
1542 542 1608 597 ad
1635 544 1968 615 sempiterna

2074 548 2268 617 ὀλίγων
2302 547 2447 602 οὗτοι
2487 546 2580 601 καὶ
2609 545 2670 600 ού
2702 543 2935 601 πολλῶν.
2983 544 3183 615 Ἡμεῖς
3214 544 3271 599 δέ
3305 544 3566 617 κατάπερ
3596 547 3653 599 ἐν

388 627 534 682 bona
570 628 1053 697 transmigrarnnt,
1083 638 1197 685 tum
1229 629 1479 698 Photius,
1517 645 1569 690 et
1593 636 1683 690 alii
1719 638 1810 706 qui
1839 653 1968 693 eum

389 719 671 774 subsecuti
705 730 851 782 sunt,
894 720 1172 775 vinculum
1216 723 1519 779 dissolvere
1554 736 1874 796 potuerunt,
1912 738 1970 783 et

388 811 747 879 discindere,,
768 820 823 865 ct
852 811 903 863 in
931 821 1118 882 partes
1146 815 1547 876 comminuere.
1585 833 1692 887 qua
1733 820 1970 875 utilitate

390 914 486 956 aut
516 904 697 958 noxa?
727 903 867 957 bene
903 904 1105 959 callent
1144 905 1237 976 qui
1284 916 1583 973 noverunt,
1629 909 1761 965 licet
1803 910 1967 980 pauci

389 995 505 1061 isti,
537 1012 645 1050 non
682 996 836 1050 multi
878 1005 1026 1051 sunt.
1068 996 1179 1053 Nos
1203 1015 1367 1070 porro
1404 1017 1465 1055 ea
1496 1018 1713 1073 quoque
1757 1020 1877 1074 quae
1913 1004 1968 1059 in

381 1088 594 1157 judicio
656 1087 783 1145 fassi
826 1098 955 1144 sunt
983 1100 1293 1146 nostrorum
1323 1094 1771 1150 adversariorum
1795 1097 1965 1152 duces

386 1177 532 1229 circa
560 1177 958 1243 defensionem,
1004 1181 1160 1249 cujus
1210 1184 1544 1239 mentionem
1590 1185 1843 1252 fecimus,
1881 1187 1968 1241 iu-

392 1268 553 1322 dicati
611 1270 780 1324 divini
844 1270 1021 1327 Patris
1080 1290 1231 1328 more
1285 1276 1509 1345 proprio
1551 1293 1651 1332 suo
1727 1294 1815 1332 res
1868 1294 1969 1333 no-

390 1375 486 1413 vas
526 1362 1033 1428 comminiscentes,
1069 1367 1196 1435 quid
1224 1367 1367 1421 enim
1414 1368 1759 1426 manifestius
1796 1386 1966 1439 appa-

391 1456 585 1511 ruerit.
612 1454 740 1508 dum
777 1466 1001 1511 sanctus
1051 1459 1177 1520 hoc,
1209 1460 1353 1527 quod
1383 1460 1459 1513 illi
1508 1462 1964 1531 criminabantur,

387 1544 696 1610 appositum
725 1544 855 1611 ipsis
883 1547 1064 1601 verbis
1099 1548 1274 1616 palam
1304 1548 1582 1605 defendit?
1609 1552 1662 1606 in
1688 1555 1967 1611 nonnullis

386 1634 590 1688 nostr's
623 1636 994 1701 sermonibus,
1036 1649 1091 1692 et
1120 1638 1174 1692 in
1197 1655 1261 1695 ea
1301 1642 1690 1710 responsiones
1731 1660 1795 1699 ex
1828 1644 1964 1716 ipsis

383 1724 724 1780 defensionis
764 1729 971 1792 verbis,
1025 1739 1079 1785 et
1119 1731 1241 1786 aliis
1285 1731 1508 1788 Patrum
1561 1734 1724 1790 dictis
1776 1745 1965 1791 contra

384 1817 686 1883 pOsnimtts.
723 1816 799 1870 De
838 1834 900 1872 ea
927 1834 1059 1874 vero
1082 1821 1332 1891 epistola,
1357 1833 1411 1878 et
1443 1826 1748 1879 necessaria
1782 1843 1965 1883 rerum

2074 642 2188 702 τοῖς
2221 639 2590 711 δικαστηρίοις
2616 637 2858 708 ἔφθασαν
2893 638 3130 704 ἐξειπεῖν
3178 635 3231 690 οί
3254 635 3364 691 τῶν
3419 637 3655 691 ἀντικει-

2076 733 2256 801 μένων
2285 733 2416 802 ήμῖν
2461 732 2715 803 προαγοὶ,
2768 731 2854 800 ἐφ’
2891 723 3033 806 ᾗπερ
3064 728 3421 801 ἐμνήσθημεν
3447 728 3655 798 ὑπερη-

2075 826 2237 897 γορίᾳ
2274 825 2366 879 τοῦ
2390 823 2724 895 δηλωθέντος
2752 823 2897 878 θείου
2930 821 3146 894 Πατρδς
3179 820 3654 893 εύρεσιλογοῦντες

2072 917 2216 971 κατά
2246 917 2339 972 τὸν
2371 915 2572 988 συνήθη
2605 914 2806 983 τρόπον
2841 915 3025 979 αὐτοῖς
3050 929 3066 946 ο
3106 914 3161 967 τί
3194 913 3304 983 γάρ
3334 912 3402 966 ἂν
3457 911 3650 982 φανείη

2074 1027 2178 1063 που
2206 1008 2593 1079 προδηλότερον
2636 1006 2730 1062 τοῦ
2760 1007 2849 1060 τὸν
2878 1006 3036 1076 ἅγιον
3066 1005 3198 1060 αὐτὸ
3230 1004 3295 1058 τὸ
3320 1004 3649 1073 αἰτιώμενον

2072 1103 2298 1172 θέμενον
2326 1102 2470 1155 κατά
2495 1101 2647 1171 ῥῆμα
2685 1098 2875 1153 τούτου
2909 1098 3162 1169 φανερῶς
3192 1096 3649 1167 ύπερηγορῆσαις

2071 1196 2222 1260 ὅμως
2250 1192 2307 1248 ἐν
2336 1210 2447 1247 τισι
2494 1192 2828 1264 παραθέντες
2857 1191 2967 1245 τῶν
3005 1191 3293 1263 ἡμετέρων
3349 1190 3528 1257 λόγων
3557 1188 3650 1241 καὶ

2069 1288 2197 1350 τοὺς
2232 1285 2382 1355 σφῶν
2413 1283 2665 1356 ἐλέγχους
2693 1283 2749 1349 ἐξ
2775 1285 2953 1339 αὐτῶν
2990 1284 3098 1338 τῶν
3145 1284 3243 1355 τῆς
3273 1281 3650 1351 ὕπερηγορῖας

2073 1378 2335 1450 ῥημάτων
2372 1379 2463 1431 καὶ
2514 1378 2716 1432 λοιπῶν
2767 1377 3056 1448 πατρικῶν
3101 1375 3646 1444 ἀντιπαρεθήκαμεν.

2073 1473 2206 1542 Περὶ
2248 1472 2305 1526 δὲ
2356 1473 2455 1540 τῆς
2507 1471 2797 1542 ἐπιστολῆς
2841 1471 2934 1526 καὶ
2962 1472 3060 1541 τῆς
3087 1464 3156 1543 ἦς
3195 1471 3408 1539 ἔφημεν
3437 1468 3504 1521 ὲκ
3536 1465 3646 1518 τῶν

2072 1562 2413 1632 πραγμάτων
2444 1562 2745 1630 ἀναγκαίας
2774 1560 3115 1625 ἀκολουθίας,
3167 1557 3404 1628 ἀλλαχοῦ
3442 1554 3648 1611 πλατύ-

2069 1671 2226 1722 τερον
2251 1653 2609 1717 διαλαϐόντων
2637 1654 2818 1726 ήμῶν,
2850 1654 2929 1707 ἐτι
2954 1650 3388 1722 διεξοδικώτερον
3421 1650 3648 1721 εὑρήσει

2070 1746 2245 1799 ταῦτα
2271 1745 2365 1799 καὶ
2389 1743 2712 1815 τελεώτερον
2743 1742 2771 1799 ὀ
2795 1743 3117 1815 βουλόμενος
3153 1744 3212 1797 ἐν
3242 1741 3448 1812 βίϐλοις
3480 1740 3647 1810 αἴπερ

2077 1837 2340 1915 ἡμέτεραι
2365 1838 2460 1891 καὶ
2486 1837 2594 1910 τῶν
2626 1836 3049 1908 ήμετέρωνείσί.
3085 1835 3233 1906 Πλὴν
3257 1836 3375 1888 ἐπεὶ
3408 1832 3652 1898 τοπαράο

385 1906 548 1970 δοιὶε,
582 1924 745 1976 quam
788 1910 1090 1972 innuimus.
1120 1929 1242 1968 cum
1274 1915 1392 1969 fuse
1434 1918 1542 1971 alio
1580 1917 1634 1972 in
1686 1920 1806 1975 loco
1856 1930 1968 1976 tra-

2072 1895 2176 1983 τὲξὶν
2200 1895 2280 1991 εἰς
2307 1929 2499 1998 λόγους
2528 1895 2702 1983 ἐλθεῖν
2730 1895 3337 2004 ούυᾷπαραχωρούμεθα,
3370 1924 3402 1996 ἢ
3429 1895 3651 1995 παρρη-

387 1998 747 2066 ctavcrimus,
790 2001 969 2056 adhuc
1007 2003 1171 2057 latius
1195 2005 1605 2077 perfectiusque
1642 2025 1726 2074 ea,
1781 2011 1869 2067 cui
1913 2013 1965 2068 id

392 2087 698 2143 collibitum
734 2089 920 2154 fuerit.
953 2100 1008 2147 et
1039 2092 1269 2150 inlibris
1301 2099 1523 2163 nostris,
1549 2109 1606 2155 et
1641 2116 1835 2156 eorum
1871 2104 1967 2172 qui

381 2193 509 2234 eum
565 2182 722 2236 nobis
774 2199 880 2237 una
932 2185 1198 2251 sentiunt,
1257 2190 1514 2259 reperiet.
1575 2192 1965 2250 Verumtamen

381 2288 507 2327 cum
547 2273 602 2327 in
632 2275 967 2345 colloquium
1013 2281 1205 2335 venire
1249 2284 1408 2339 nobis
1447 2301 1560 2340 non
1607 2288 1965 2354 concedatur,

383 2369 479 2416 aut
525 2362 692 2419 libere
725 2373 781 2419 et
804 2366 1038 2434 publice,
1059 2379 1106 2423 et
1141 2372 1195 2424 in
1239 2372 1629 2443 imperatorum
1660 2378 1964 2444 audientia,

382 2459 479 2503 aut
506 2467 629 2506 cum
657 2452 936 2523 aliquibus
958 2459 1231 2527 privatim,
1264 2474 1319 2519 et
1361 2464 1415 2518 in
1439 2481 1685 2533 secessu,
1728 2470 1821 2524 sed
1846 2485 1968 2526 sors

321 2554 327 2561 ’
382 2543 544 2597 nobis
576 2544 664 2599 illa
688 2548 937 2619 contigit,
973 2563 1031 2605 ut
1060 2556 1340 2623 perpetuis
1388 2560 1703 2616 carceribus
1754 2564 1967 2617 manci-

382 2650 597 2705 pemur,
628 2645 685 2694 et
724 2642 791 2694 ab
836 2644 1095 2699 omnibus
1136 2646 1354 2718 injuriis
1400 2650 1702 2708 adiciantur
1745 2655 1966 2725 illisque

380 2728 473 2797 qui
504 2746 605 2785 nos
639 2736 1072 2803 superemineat,
1111 2741 1452 2798 satisfactum
1493 2760 1616 2801 esse
1649 2757 1965 2818 reputetur,

381 2824 607 2884 propter
631 2833 749 2873 eam
782 2837 905 2891 qua:
936 2823 989 2878 in
1026 2828 1284 2883 omnibus
1326 2831 1577 2902 inspersa
1610 2845 1715 2899 est,
1754 2846 1809 2891 et
1857 2853 1959 2908 po-

384 2908 654 2964 tissimum
693 2913 742 2966 in
776 2914 1024 2984 papulari
1073 2920 1233 2976 turba
1268 2928 1826 2996 prreoccupationcm,
1856 2929 1963 2982 ali-

383 3000 604 3066 quando
631 3004 788 3057 nobis
823 3004 1128 3076 inopinato,
1181 3011 1225 3065 si
1270 3012 1485 3083 aliquos
1534 3016 1738 3086 alloqui
1792 3018 1967 3073 conti-

381 3091 544 3163 gerit,
575 3100 636 3146 ut
679 3094 730 3149 in
761 3112 957 3168 magna
992 3101 1141 3155 curia
1174 3104 1342 3158 semel
1375 3104 1519 3160 forte
1561 3107 1780 3163 fortuna
1827 3110 1968 3165 acci-

379 3183 478 3249 dit,
510 3193 605 3239 aut
626 3187 832 3257 scripta
869 3189 923 3244 in
956 3193 1212 3249 manibus
1246 3196 1315 3251 ab
1339 3197 1613 3267 aliquibus
1642 3210 1828 3256 contra
1861 3202 1965 3258 hoc

379 3287 760 3345 argumentum
792 3280 995 3336 dictata
1021 3284 1074 3339 in
1103 3287 1323 3344 occulto
1368 3289 1644 3361 accipere,
1689 3292 1962 3350 dictiones

378 3383 444 3427 ex
485 3368 596 3426 Deo
641 3370 819 3430 ductis
887 3373 1143 3433 Patribus
1200 3393 1574 3452 proponentcs
1603 3422 1619 3448 .
1670 3384 1968 3441 ostenden-

382 3469 576 3530 tesque
602 3478 697 3518 eos
729 3464 835 3521 illis
863 3469 1137 3525 contraria
1186 3473 1439 3540 reboare,
1474 3484 1529 3529 et
1564 3476 1790 3546 alloqui,
1821 3486 1875 3532 et
1911 3478 1964 3532 in

380 3556 527 3624 quod
571 3572 691 3612 sese
739 3560 1109 3632 prmcipitium
1158 3574 1343 3637 agant,
1403 3564 1471 3623 de
1512 3568 1599 3623 liis
1625 3569 1967 3625 considerata

384 3648 807 3722 examinataque
842 3669 1028 3710 rerum
1075 3656 1241 3723 serie,
1273 3658 1562 3716 veritatem
1614 3661 1964 3718 irradiantem

347 3736 497 3796 ~sive
529 3741 649 3797 fuse
686 3743 803 3800 sive
830 3745 1092 3815 breviter,
1126 3758 1181 3805 et
1209 3750 1267 3805 in
1308 3753 1643 3823 compendio
1668 3752 1964 3810 edicimus.

384 3834 642 3897 Attamen
672 3836 727 3891 lii
760 3839 999 3894 maximo
1033 3841 1317 3896 dominatu
1368 3844 1687 3916 constipati,
1722 3845 1839 3902 sive
1873 3845 1967 3917 qui

379 3926 549 3981 vitam
571 3944 697 3984 cum
730 3942 905 3986 morte
957 3945 1390 4000 commutarunt,
1441 3937 1535 4006 qui
1589 3938 1969 4008 maximopere

382 4023 440 4075 ln
473 4037 573 4075 nos
597 4023 857 4078 commoti
882 4023 1057 4090 fuere,
1094 4026 1211 4082 sive
1248 4027 1341 4098 qui
1391 4031 1538 4086 inter
1586 4029 1743 4087 vivos
1790 4030 1971 4088 adhuc

381 4112 591 4182 degunt
630 4122 888 4184 tanquam
933 4116 1025 4185 qui
1051 4116 1560 4187 deprehendantur,
1602 4137 1770 4178 voces
1798 4138 1969 4179 novas

382 4203 741 4273 blasphemiis
799 4206 1028 4262 refertas
1074 4206 1458 4275 introducere,
1506 4212 1559 4267 in
1588 4212 1737 4270 tonio
1776 4222 1972 4271 contra

380 4312 484 4350 nos
518 4306 847 4368 nostrosque
875 4300 1116 4356 asseclas
1149 4302 1356 4372 scripto
1403 4303 1813 4374 publicatoque,
1846 4315 1970 4359 tau-

383 4392 617 4463 demque
666 4400 723 4447 et
779 4393 989 4448 calamo
1044 4404 1099 4448 et
1137 4404 1445 4451 att-amento
1489 4397 1789 4466 composita
1844 4412 1968 4451 cum

384 4486 554 4538 semel
587 4486 1031 4553 recognoverint,
1081 4488 1283 4557 quibus
1328 4488 1642 4561 intelligunt
1681 4489 1970 4560 colloquiis

2070 2023 2182 2092 σία,
2213 2022 2310 2075 καὶ
2338 2021 2446 2075 τῶν
2495 2021 2921 2092 αὐτοκρατόρων
2975 2018 3228 2084 ἐνώπιον,
3283 2017 3316 2089 ἦ
3356 2017 3473 2087 μετ’
3498 2017 3653 2069 ἐνίων

2071 2111 2406 2177 ἰδιαζόντως,
2453 2108 2554 2165 καὶ
2606 2112 2708 2165 ἀνὰ
2774 2111 2963 2181 μέρος,
3017 2109 3153 2163 ἀλλά
3192 2109 3393 2179 κλῆρος
3428 2108 3564 2175 ήμίν
3594 2104 3652 2158 τὸ
3724 2166 3730 2171 η

2066 2201 2244 2256 διόλου
2303 2202 2797 2273 ἐγκεκλεισμένους
2873 2198 3016 2254 εἶναι
3069 2201 3168 2255 καὶ
3221 2201 3376 2270 παρὰ
3434 2197 3654 2249 πάντων

2069 2292 2258 2363 ὕϐρεσι
2282 2292 2708 2358 πλύνεσθαι,καὶ
2733 2291 2943 2356 τούτοις
2971 2293 3100 2355 τοὺς
3116 2290 3240 2346 καθ’
3266 2291 3424 2360 ήμῶν
3453 2287 3653 2357 ὑπερέ-

2066 2400 2261 2453 χοντας
2322 2382 2659 2449 ἱκανοῦσθαι,
2692 2383 2788 2438 καὶ
2817 2385 2881 2453 τῇ
2913 2384 3006 2452 ἀφ’
3034 2377 3101 2454 ἦς
3126 2381 3298 2434 ταῦτα
3330 2381 3499 2434 πᾶσιν
3524 2379 3652 2431 ἁτε-

2067 2474 2213 2544 χνῶς
2238 2473 2654 2545 ἐνσκεδασθείση
2687 2472 2977 2544 προλήψει,
3020 2474 3115 2525 καὶ
3147 2472 3382 2542 μάλιστα
3414 2471 3522 2531 τοῖς
3556 2465 3650 2521 τοῦ

2067 2565 2305 2630 λαώδους
2339 2567 2705 2637 συστήματος,
2743 2566 2907 2637 ἡνίκα
2938 2565 3101 2619 ποθὲν
3138 2565 3270 2634 ἡμῖν
3300 2560 3648 2631 ἀπροσδοκήο

2066 2675 2196 2721 τως,
2229 2657 2262 2729 ἦ
2294 2658 2434 2728 μετά
2464 2675 2628 2710 τινων
2656 2656 3004 2727 διαλεχθῆναι
3034 2654 3296 2726 συμϐαίη,
3351 2654 3428 2716 ὡς
3452 2655 3511 2706 ἐν
3539 2652 3652 2715 τοῖς

2071 2750 2326 2823 μεγάλοις
2364 2750 2610 2821 ἀρχείοις
2656 2749 2804 2815 ἅπαξ
2854 2748 3047 2819 γέγονε
3076 2747 3218 2801 κατά
3260 2744 3587 2814 συγκυρίαν,
3616 2744 3651 2814 ἢ

2069 2842 2288 2916 γραφὰς
2315 2843 2394 2907 είς
2443 2846 2629 2914 χεῖρας
2657 2841 2843 2897 λαϐεῖν
2879 2842 3010 2913 παρ’
3038 2840 3193 2893 ἐνίων
3216 2840 3358 2893 κατά
3387 2838 3489 2907 τῆς
3521 2837 3656 2889 ὕειο-

2068 2936 2271 2999 θέσεως
2301 2936 2607 3005 γραφείσας
2637 2936 2695 2988 ἐν
2732 2935 3092 3006 παραϐύστῳ,
3117 2934 3212 2996 τὰς
3230 2932 3276 2987 δ’
3305 2932 3655 3003 ἀντιρρήσεις

2068 3026 2250 3081 ἐκτῶν
2272 3026 2618 3098 θεοφορήτων
2642 3028 3033 3098 προφέροντες,
3056 3025 3150 3078 καὶ
3169 3024 3478 3084 δεικνύντες
3509 3021 3658 3081 ὅπως

2069 3115 2129 3177 οὗ
2140 3139 2214 3174 τοι
2232 3120 2416 3190 σφίσιν
2440 3121 2772 3183 ἀπεναντίας
2792 3121 2887 3173 καὶ
2913 3117 3149 3189 φωνοῦσι
3175 3118 3268 3171 xi!
3295 3116 3655 3186 φθέγγονται,

2069 3216 2163 3268 καὶ
2192 3215 2272 3277 είς
2297 3210 2407 3266 οἷον
2451 3212 2700 3266 ἐντεῦθεν
2731 3211 2945 3264 ὄλισθον
2970 3208 3360 3271 ὀλισθαίνουσι,
3392 3206 3491 3258 καὶ
3526 3201 3659 3272 περὶ

2068 3306 2238 3361 τῶνδε
2260 3304 2368 3359 τῶν
2398 3306 2464 3358 ἐκ
2485 3304 2584 3374 τῆς
2620 3301 2943 3365 ἀκολουθίας
2970 3301 3079 3355 τῶν
3133 3300 3481 3369 πραγμάτων
3517 3297 3659 3351 θεω-

2074 3398 2377 3471 ρουμένων,
2404 3397 2501 3451 καὶ
2528 3395 2629 3467 τήν
2660 3397 2716 3463 ἐξ
2741 3395 2921 3448 αὐτῶν
2945 3390 3490 3464 ἀπαστραπτομένην
3524 3388 3660 3458 ἀλήο

2072 3492 2246 3557 θειαν,
2272 3488 2419 3543 κατά
2439 3506 2493 3541 τι
2530 3487 2785 3558 ἐκτάδην,
2809 3487 2904 3540 καὶ
2930 3486 3071 3540 κατά
3102 3484 3279 3556 βραχὺ
3312 3484 3406 3538 καὶ
3425 3485 3661 3535 ἐστενωο

2074 3583 2251 3656 μένως
2278 3577 2754 3651 ἀνακηρύττομεν.
2805 3578 2943 3634 Ἀλλ’
2980 3578 3032 3632 οἱ
3088 3578 3191 3648 μὲν
3228 3575 3478 3647 μεγάλην
3498 3590 3660 3643 περι-

2072 3675 2381 3745 ζωσάμενοι
2434 3673 2779 3737 δυναστείακ,
2814 3671 2956 3725 οἵτε
2998 3669 3091 3724 τδν
3122 3668 3237 3739 βίον
3284 3665 3661 3738 μετηλαχὸτες

2070 3769 2181 3824 τῶν
2219 3767 2342 3823 καθ’
2373 3764 2535 3838 ήμῶν
2587 3763 3037 3835 ὑπερϐαλλόντως
3067 3761 3465 3829 κεκινημένων,
3520 3758 3659 3811 οἵτε

2070 3862 2184 3924 τοῖς
2217 3857 2353 3924 ζῶσι
2389 3854 2896 3926 συνεξεταζόμενοι,
2936 3855 3011 3918 ὡς
3043 3852 3351 3914 ὲαλωκότες
3383 3865 3665 3918 καινοφω-

2070 3953 2188 4016 νίας
2226 3953 2322 4007 καὶ
2355 3950 2711 4022 βλασφημίας
2766 3947 2850 4017 ἐφ’
2886 3940 2920 4022 ᾗ
2965 3943 3315 4017 τομογραφία
3352 3943 3661 4013 ἐχρήσαντο

2073 4044 2195 4102 καθ’
2222 4044 2401 4116 ήμῶν,
2430 4042 2529 4097 καὶ
2557 4041 2695 4115 πρὸς
2721 4041 2831 4095 τῶν
2858 4037 3095 4106 οἰκείων,
3131 4037 3228 4092 καὶ
3256 4036 3356 4106 τῆς
3387 4034 3661 4105 σφετέρας

2077 4138 2294 4209 μοίρας,
2327 4136 2423 4191 καὶ
2455 4134 2565 4189 τῶν
2599 4132 2945 4203 συνθεμένων
2967 4127 3202 4201 καλάμῳ
3231 4130 3328 4183 καὶ
3363 4126 3662 4198 μέλανιείς

2074 4229 2429 4301 συναίσθησιν
2469 4227 2620 4299 μόλις
2671 4224 2955 4289 ἐλθόντων,
2999 4217 3163 4290 EE.th
3190 4221 3489 4291 φθάνουσιν
3527 4219 3666 4283 ἀκη-

2075 4323 2262 4377 κοέναι
2296 4323 2414 4386 ταῖς
2444 4319 2752 4391 πανδήμοις
2782 4316 3020 4379 ἐκείναις
3051 4312 3400 4376 δικαστικαϊς
3424 4311 3651 4375 διαλέξει

2078 4431 2181 4475 σ.ν,
2230 4413 2311 4467 ἐτι
2342 4429 2401 4469 τε
2434 4410 2564 4482 παρ’
2597 4409 2756 4482 ἡμῶν
2789 4408 2883 4462 καὶ
2938 4404 3239 4477 ἐγγράφοις
3293 4402 3665 4473 ἀπαντήσεσιν

2075 4496 2442 4577 ἐλεγχθέντες,
2467 4502 2800 4566 ἀπείπαντες
2838 4499 2978 4571 πρὸς
2998 4498 3295 4565 ἀπολογίας
3329 4491 3663 4567 χωρῆσαι,ή

386 4576 490 4629 illis
519 4576 660 4643 apud
708 4577 921 4642 iudices
974 4577 1025 4630 in
1076 4577 1413 4635 audientiam
1475 4579 1717 4634 universi
1774 4581 1963 4650 populi

2072 4599 2169 4660 τὰς
2199 4574 2257 4649 ἐν
2284 4595 2554 4663 διαλόγοις
2588 4589 3056 4664 αύτοπροσώποις,
3094 4588 3126 4662 ἢ
3164 4585 3389 4652 τάς,διά
3431 4583 3667 4671 γραφῶν

389 4667 615 4729 habitis,
641 4675 695 4720 et
729 4675 988 4735 pru'lerca
1022 4682 1117 4737 per
1145 4684 1245 4722 nos
1274 4674 1479 4739 scripto
1508 4671 1720 4725 traditis
1739 4687 1965 4741 respon-

393 4757 646 4812 sioniiius
671 4768 940 4812 refutatos
965 4774 1105 4820 esse,
1142 4761 1525 4837 renuntiantes
1548 4763 1832 4833 apologiis,
1855 4765 1969 4818 sive

386 4866 509 4919 qua:
539 4851 592 4903 in
631 4850 862 4921 dialogis
898 4853 1260 4920 pra-sentibus
1299 4854 1739 4924 colloquentibus
1777 4854 1969 4926 dispu-

389 4951 595 4999 tantur.
626 4944 741 4995 sive
772 4943 824 4995 in
858 4944 1091 5012 scriptis
1108 4960 1298 5000 eorum
1326 4946 1416 5015 qui
1446 4947 1617 5016 gloria
1670 4956 1725 5003 ct
1762 4948 1971 5017 magni-

388 5035 603 5089 licentia
654 5050 767 5088 non
805 5036 1101 5091 admodum
1158 5038 1398 5094 illustres
1439 5055 1617 5109 neque
1660 5040 1966 5111 conspicui,

385 5128 480 5184 sed
508 5129 858 5184 sermonibus
893 5130 1202 5187 scribendis
1240 5133 1455 5187 laudem
1498 5134 1777 5188 consecuti
1819 5143 1970 5198 sunt,

386 5220 763 5287 continentur,
811 5220 1040 5290 hujusce
1091 5220 1158 5277 de
1202 5238 1311 5293 quo
1365 5239 1513 5278 nunc
1572 5224 1872 5295 loquimur,
1917 5234 1973 5280 et

386 5313 619 5368 alterius
659 5321 715 5368 et
760 5314 1019 5367 omnibus
1071 5315 1380 5386 disciplinis
1429 5316 1620 5386 logicis
1672 5327 1726 5372 et
1775 5316 1974 5371 instru-

387 5406 663 5461 ction-bus
713 5408 884 5477 magis
954 5407 1226 5472 illustris,
1284 5423 1516 5478 quorum
1583 5410 1970 5462 commentaria

390 5498 675 5567 inopinato
723 5498 787 5552 ad
825 5515 1021 5554 manus
1050 5510 1268 5555 nostras
1307 5516 1633 5570 pervenere,
1678 5516 1740 5554 ex
1780 5512 1973 5555 ventre

390 5590 568 5645 erutis
618 5590 955 5646 dictionibus
1019 5592 1433 5647 corroborantia
1490 5592 1753 5647 Ecclesia:
1804 5592 1974 5647 dissi-

395 5685 547 5740 dium
579 5701 591 5738 :
625 5684 756 5756 quin
784 5695 839 5740 et
866 5686 1328 5741 dissei'tationesa
1352 5685 1511 5740 nobis
1532 5687 1583 5739 in
1614 5702 1803 5755 magna
1825 5687 1975 5742 curia

400 5776 617 5833 habitas
642 5778 851 5848 scripto
878 5793 981 5849 pro
1012 5777 1227 5833 viribus
1276 5779 1598 5832 tradidimus
1632 5781 1746 5833 zelo
1778 5784 1976 5834 verita-

399 5872 466 5927 tis
487 5870 617 5931 acti.
650 5884 759 5944 quo
787 5880 843 5927 et
884 5871 949 5927 ad
988 5871 1195 5948 reliqua
1238 5871 1461 5939 similia,
1530 5871 1574 5925 si
1617 5888 1737 5944 qua:
1798 5888 1997 5959 ιψνες,

2069 4688 2177 4741 τῶν
2204 4686 2378 4749 ἄλλως
2412 4687 2509 4757 μὲν
2538 4685 2612 4755 μὴ
2643 4684 2956 4754 περιόπτων
2986 4683 3052 4751 τῇ
3091 4679 3399 4750 φαινομένῃ
3443 4677 3572 4747 δόξῃ
3603 4692 3663 4728 τε

2070 4781 2165 4834 καὶ
2194 4777 2594 4849 μεγαλειότητι,
2625 4775 2768 4844 λόγῳ
2785 4773 2838 4826 δέ
2860 4790 2922 4840 γε
2957 4768 3284 4841 περικλεῶν,
3312 4767 3408 4820 τοῦ
3438 4784 3498 4819 τε
3535 4763 3665 4837 περὶ

2069 4865 2132 4924 οἶ)
2162 4869 2254 4921 νῦν
2282 4869 2330 4920 oi
2356 4867 2521 4934 λόγοι,
2544 4865 2640 4919 καὶ
2668 4863 2856 4932 ἐτέρου
2889 4856 3358 4931 περιφανεστέρου
3382 4856 3665 4918 παντοίοις

2070 4962 2308 5029 λογικοῖς
2335 4958 2619 5029 μαθήμασι
2646 4955 2742 5009 καὶ
2774 4951 3157 5021 παιδεύμασιν,
3190 4948 3346 5003 ἆτινα
3374 4947 3665 5017 συγγράμ-

2077 5069 2221 5125 ματα
2250 5051 2377 5121 παρ’
2435 5048 2655 5111 ἐλπίδας
2688 5046 2791 5100 ἀνά
2834 5046 3026 5116 χεῖρας
3070 5040 3261 5094 λαϐεῖν
3291 5039 3666 5110 ἠδυνήθημεν,

2076 5141 2285 5212 ῥήμασι
2342 5139 2452 5201 τοῖς
2482 5138 2589 5190 ἀπὸ
2621 5135 2832 5198 κοιλίας
2876 5133 2975 5205 τὴν
3019 5130 3117 5201 τῆς
3158 5129 3488 5200 Ἕκκλησίας
3524 5145 3665 5200 κραο

2072 5229 2330 5285 ταιοῦντα
2371 5228 2674 5295 διάστασιν]
2698 5242 2713 5259 ο
2745 5224 2882 5280 ἀλλά
2933 5225 3029 5278 καὶ
3074 5223 3140 5286 ἃς
3170 5221 3433 5285 διαλέξεις
3464 5220 3523 5272 ἐν
3551 5221 3670 5282 τοίς

2076 5320 2432 5390 καλουμένοις
2469 5316 2726 5389 μεγάλοις
2761 5313 3058 5385 βασιλείοις
3096 5312 3237 5381 μετά
3264 5309 3519 5363 τοιούτων
3540 5310 3668 5362 ἐτέ-

2079 5432 2185 5487 ρων
2223 5409 2619 5481 ὲποιησάμεθᾳ,
2649 5408 2890 5479 γραφαῖς
2946 5404 3347 5487 παρεδώκαμεν
3380 5402 3457 5464 ὡς
3502 5400 3667 5470 ἐξῆν,

2074 5486 2221 5575 ζήλῳ
2244 5501 2321 5573 τῷ
2357 5501 2495 5571 ὑπὲρ
2532 5498 2785 5570 ἀληθείας
2815 5496 3125 5568 φερόμενοι,
3156 5495 3251 5564 ὑφ’
3284 5486 3345 5546 οὗ
3377 5493 3472 5547 καὶ
3519 5492 3670 5561 πρὸς

2076 5598 2237 5649 λοιπὰ
2268 5592 2623 5666 παραπλήσια
2667 5588 2720 5642 εί
2747 5607 2847 5643 που
2910 5587 3102 5657 φανείη
3144 5583 3673 5657 παρεσκευάσμεθα,

2077 5689 2306 5755 δυνάμει
2371 5680 2773 5754 τεθαρρηκότες
2806 5678 2901 5733 τοῦ
2934 5677 3000 5733 τὰ
3031 5675 3344 5750 παρειμένα
3376 5678 3471 5728 καὶ
3498 5673 3672 5726 ἀσθε-

2080 5780 2143 5847 νῆ
2175 5773 2534 5844 ὲνισχύοντος.
2570 5770 2694 5826 Τῶν
2727 5769 3078 5841 παρειμένων
3106 5768 3216 5837 γὰρ
3249 5768 3411 5837 ήμείς
3449 5762 3675 5833 ἀληθῶς

2082 5869 2183 5939 ἤδη
2213 5868 2410 5938 τηλίκῃ
2463 5863 2811 5934 συνεχόμενοι
2843 5864 2911 5933 τῇ
2965 5859 3331 5931 ἀμΰλυωπίᾳ,
3386 5857 3461 5921 ὡς
3490 5857 3550 5909 ἐν
3590 5849 3677 5917 οἷς
