3972 6642
373 417 392 468 l
406 413 512 474 405

1742 390 2230 473 FRAGMENTA.

3497 408 3636 475 1436

369 527 503 598 ἡμῖν
528 525 588 581 τὸ
615 526 863 597 γράφειν,
907 527 1261 597 κακουμένων
1302 525 1505 598 σφόδρα
1530 525 1640 581 τῶν
1687 525 1948 596 ὀμμάτων

2053 526 2283 589 ruerint,
2315 521 2487 594 parati
2509 536 2723 590 sumus,
2760 523 2967 580 virtute
3008 523 3278 579 delassata
3317 533 3484 595 atque
3532 527 3625 580 in-

366 618 696 688 ἀφιστασθαι
725 619 819 673 τοῦ
856 619 1020 691 ἔργου
1050 620 1144 675 καὶ
1177 618 1332 689 μύειν
1360 619 1520 684 αὐτὰ,
1572 619 1667 673 καὶ
1695 617 1839 671 οὕτω
1886 618 1946 672 τὸ

370 710 554 764 πλεῖον
605 710 705 781 τῆς
752 712 966 783 ἡμέρας
1021 711 1228 777 ἀνύειν,
1286 711 1360 781 μὴ
1417 710 1568 779 σφῶν
1617 711 1947 780 τοπαράπαν

366 799 753 871 ἀνεῳγμένων,
778 801 969 855 ἔπειτα
997 800 1319 870 κεκύφαμεν
1344 801 1521 871 πάντη
1557 799 1634 872 μὴ
1662 803 1729 873 τῇ
1762 799 1949 855 ἐπιτά-

369 908 453 947 σει
479 891 569 945 τοῦ
599 894 707 945 τῶν
734 893 948 964 νεφρῶν
977 894 1174 961 ἄλγους
1202 892 1477 962 ἀνακύψαι
1512 893 1817 962 δυνάμενοι,
1853 892 1949 944 καὶ

370 981 616 1055 ὁπραξίᾳ
661 987 724 1055 τῇ
755 986 865 1037 τῶν
899 985 1076 1038 ποδῶν
1118 985 1539 1055 συνεσχέθημεν.
1572 985 1681 1038 Καὶ
1711 982 1772 1036 οὗ
1803 1000 1948 1053 φημι

369 1076 465 1144 τὴν
498 1077 637 1126 κατὰ
667 1075 733 1126 τὰ
761 1075 913 1137 ἐκτὸς
946 1076 1231 1147 ἀκινησίαν
1252 1077 1347 1146 τὴν
1378 1079 1442 1129 ὲκ
1469 1075 1560 1129 τοῦ
1593 1074 1947 1145 ὲγκλεισμοῦ,

370 1168 504 1221 ἀλλὰ
532 1170 628 1233 τὴν
660 1167 796 1219 κατὰ
828 1168 893 1221 τὰ
927 1168 1092 1232 ἐντὸς,
1121 1168 1212 1220 καὶ
1238 1168 1336 1239 τὴν
1370 1170 1435 1220 ἐκ
1463 1168 1562 1237 τῆς
1585 1168 1817 1236 φύσεως.
1841 1166 1948 1220 Καὶ

368 1258 539 1311 ταῦτα
567 1261 696 1326 ἡμῖν
728 1258 788 1309 ἔκ
821 1275 877 1309 τε
907 1258 1002 1310 τοῦ
1049 1260 1254 1327 γήρως,
1287 1262 1382 1311 καὶ
1413 1259 1521 1312 τῶν
1560 1260 1654 1311 ἐπὶ
1675 1257 1950 1320 τοσούτοις

370 1351 543 1402 ἔτεσιν
576 1350 1028 1420 ἀλληλοδιαδόχων
1055 1350 1404 1421 καθείρξεων,
1426 1353 1519 1405 καὶ
1540 1351 1951 1423 ταλαιπωριῶν,

370 1459 457 1491 xz;
487 1443 815 1509 σεερήτεων,
850 1436 929 1502 οἷς
958 1445 1012 1492 ἐν
1042 1442 1253 1512 νεότητι
1277 1443 1511 1512 χρῆσθαι
1532 1442 1817 1511 εἰώθειμεν
1842 1441 1950 1494 τῶν

369 1534 428 1595 ἐξ
461 1534 701 1602 ίλτρείας
759 1533 1212 1602 θεραπευμάτων,
1274 1535 1368 1587 καὶ
1426 1534 1630 1589 λοιπῶν
1656 1534 1765 1587 τῶν
1812 1532 1952 1603 πρὸς

369 1624 703 1691 ἐπιμέλειαν,
728 1619 802 1677 ὧν
826 1626 886 1679 τὸ
911 1625 1171 1695 δύστηνον
1200 1626 1370 1679 δεῖται
1392 1627 1573 1695 σῶμα,
1596 1627 1689 1678 καὶ
1720 1625 1952 1695 μάλιστα.

350 1708 428 1769 ⁴τὸ
458 1716 757 1787 ἐπιρρεπὲς
783 1719 861 1778 εἰς
916 1717 1217 1789 νοσήματα..
1258 1718 1492 1787 Οἴδαμεν
1548 1717 1605 1769 δὲ
1634 1719 1727 1769 καὶ
1752 1716 1826 1778 ὡς
1852 1716 1950 1785 ζῆ-

367 1808 459 1862 λον
513 1808 807 1879 ἀκηκοότες
848 1809 897 1861 οἱ
951 1811 1041 1861 ὲπὶ
1104 1809 1252 1880 ζήλῳ
1318 1808 1947 1879 μεγαλορῤημονοῦντες,

371 1900 570 1971 μᾶλλον
625 1901 755 1969 ἡμῖν
808 1904 927 1963 ταῖς
960 1899 1245 1970 λοιδορίαις
1276 1901 1709 1968 ὲπιτεοήσονται,
1763 1897 1828 1959 ἃς
1865 1899 1946 1950 εἰ·
1973 1880 2023 1941 Β

369 1980 613 2061 θισμένοι
652 1993 920 2062 στέργειν,
978 1990 1271 2062 στέρξομεν
1324 1992 1422 2061 οὐχ
1452 1985 1631 2062 ἧττον,
1666 1990 1759 2041 καὶ
1793 1985 1950 2050 αὖθις

368 2087 436 2138 τὰ
467 2084 624 2155 ἡμῶν
654 2072 986 2152 συνορῶντες
1024 2085 1167 2152 ὑπὲρ
1196 2083 1305 2136 τῶν
1333 2082 1620 2151 ὁμοφύλων
1642 2081 1697 2134 ἐν
1726 2097 1785 2134 τε
1814 2097 1949 2151 πρε-

372 2176 579 2237 σόεἰαις
610 2178 730 2239 ταῖς
760 2177 817 2228 ὲν
843 2176 1074 2244 νεότητι,
1108 2174 1201 2228 καὶ
1227 2177 1295 2245 τῇ
1330 2173 1423 2226 νῦν
1455 2174 1511 2225 ὲν
1546 2173 1657 2236 τοῖς
1684 2171 1946 2234 τοιούτοις

368 2263 536 2317 ὄντων
570 2263 804 2316 διαθέσει
832 2281 892 2317 τε
923 2264 1015 2316 καὶ
1039 2264 1315 2333 προθέσει.

2052 619 2207 673 ﬁrma
2256 617 2665 673 corroborantis
2719 617 2935 672 conﬁsi.
2988 617 3192 673 Sumus
3268 617 3417 671 enim
3479 618 3635 689 gravi

2052 718 2217 777 atque
2249 707 2465 762 inlirma
2517 708 2837 764 valetudine
2865 723 3011 775 ,vere
3046 707 3308 773 conlecti.
3335 717 3390 763 et
3444 709 3637 764 oculo-

2051 813 2171 852 rum
2208 797 2356 853 acies
2377 798 2517 854 adeo
2543 807 2729 854 retusa
2751 807 2855 865 est,
2898 806 2959 853 ut
2988 800 3118 854 dum
3152 799 3470 864 scribimus,
3503 815 3637 854 ocu—

2050 890 2132 945 los
2162 891 2536 945 imbecillitate
2557 890 2852 945 admodum
2875 892 3224 956 perturbatos
3244 907 3348 946 nos
3376 892 3443 946 ab
3470 907 3638 961 opere

2051 993 2331 1037 cessantes
2374 982 2713 1047 claudamus,
2751 982 2939 1053 sicque
2991 983 3258 1038 continuo
3314 983 3423 1039 illis
3475 984 3637 1038 obse-

2052 1077 2186 1130 ratis
2227 1075 2519 1131 maximam
2572 1075 2682 1131 diei
2728 1086 2932 1146 partem
2985 1091 3230 1147 agamus,
3284 1079 3633 1148 postmodum

2054 1168 2298 1238 resupini
2342 1168 2593 1224 inclinati
2644 1183 2713 1222 ex
2761 1183 2952 1221 renum
3002 1169 3268 1239 gravitate
3333 1169 3636 1238 doloreque

2053 1276 2257 1331 corpus
2292 1261 2508 1331 erigere
2536 1276 2647 1315 non
2674 1261 2943 1324 valemus,
2974 1260 3174 1329 pedum
3216 1276 3435 1331 quoque
3460 1260 3637 1315 imbe-

2052 1350 2279 1406 cillitate
2317 1362 2592 1415 tenemur,
2620 1366 2747 1405 cum
2771 1350 2881 1405 sint
2906 1350 2985 1404 illi
3016 1350 3084 1403 ad
3114 1365 3237 1405 sese
3270 1351 3634 1404 dimovendos

2052 1443 2403 1514 ineptissimi,
2438 1459 2542 1496 nec
2575 1457 2757 1497 sermo
2794 1451 2880 1496 est
2925 1442 2993 1496 de
3037 1441 3405 1495 membrorum
3452 1450 3635 1495 exter-

2053 1552 2251 1592 norum
2274 1548 2426 1591 motu
2453 1535 2683 1599 diﬂicili,
2720 1550 2880 1605 quem
2905 1550 2971 1589 ex
3002 1533 3318 1589 carceribus
3357 1533 3634 1589 contraxi-

2054 1642 2199 1691 mus,
2229 1628 2324 1681 sed
2353 1627 2421 1681 de
2451 1627 2821 1691 internorum,
2853 1635 2908 1680 et
2935 1640 3099 1694 quam
3128 1634 3322 1679 natura
3349 1624 3463 1692 ipsa
3488 1623 3634 1694 parit

2055 1718 2453 1789 mgritudinem.
2491 1717 2556 1771 Et
2586 1718 2703 1772 haec
2728 1717 2888 1773 nobis
2908 1718 3183 1773 obvenere
3210 1731 3278 1771 ex
3308 1716 3466 1771 senio
3492 1717 3629 1785 ipso,

2057 1816 2111 1861 et
2145 1823 2426 1876 nunquam
2458 1808 2807 1862 cessantibus
2862 1807 3100 1864 vinculis
3125 1816 3180 1862 et
3211 1807 3494 1869 arumnis,
3530 1819 3632 1859 nec

2049 1915 2160 1953 non
2192 1900 2718 1954 medicamentorum
2757 1909 2813 1953 et
2854 1900 3248 1962 remediorum,
3288 1907 3342 1953 et
3392 1897 3634 1967 reliquo-

2055 2005 2181 2045 rum
2205 2006 2325 2061 quze
2356 1990 2423 2044 ad
2469 2006 2656 2044 curam
2687 1991 3071 2053 conferebant,
3121 2001 3388 2059 erantque
3437 1991 3491 2042 in
3529 2003 3634 2043 usu

2056 2098 2183 2138 cum
2241 2083 2525 2154 juventam
2583 2082 2850 2152 integram
2898 2098 3227 2151 ageremus,
3305 2079 3629 2151 privatione,

2054 2173 2255 2242 quibus
2283 2173 2547 2227 miserum
2583 2189 2806 2242 corpus,
2841 2182 2896 2228 et
2918 2175 3198 2243 praecipue
3230 2174 3275 2227 si
3318 2174 3372 2226 in
3412 2170 3635 2226 morbos

2054 2264 2267 2320 declive
2300 2267 2392 2329 sit,
2424 2266 2658 2338 indiget.
2693 2265 2807 2321 Nec
2846 2282 2948 2321 nos
2984 2266 3141 2336 fugit,
3176 2267 3267 2337 qui
3310 2265 3489 2320 zelum
3528 2278 3631 2317 au-

373 2360 551 2425 diunt,
591 2360 659 2414 de
688 2359 805 2413 zelo
835 2375 955 2414 sese
985 2359 1273 2430 gloriosius
1308 2359 1581 2428 jactantes
1608 2372 1711 2413 nos
1740 2357 2068 2419 fmdioribus
2097 2360 2354 2416 convitiis
2415 2362 2810 2432 proscissuros,
2848 2363 3049 2430 quibus
3080 2378 3206 2416 cum
3262 2360 3373 2430 jam
3446 2374 3638 2414 assue-

370 2454 551 2505 vimus
576 2451 948 2522 acquiescere,
979 2465 1091 2504 non
1129 2450 1309 2505 minus
1351 2450 1802 2519 acquiescemus:
1842 2450 1932 2504 .sic
1967 2450 2135 2505 etiam
2196 2463 2383 2507 nostra
2437 2467 2556 2522 qua:
2627 2468 2724 2522 pro
2777 2462 2962 2507 nostra
3016 2451 3235 2506 natione
3304 2452 3634 2522 pertulimus

371 2547 804 2609 considerantes,
840 2552 896 2598 et
940 2543 995 2597 in
1045 2542 1413 2614 legationibus
1456 2541 1752 2607 obeundis,
1806 2555 1934 2597 cum
2009 2551 2171 2600 aetate
2234 2543 2582 2608 ﬂoreremus,
2632 2553 2687 2599 et
2718 2552 2910 2599 nostra
2947 2545 3083 2609 haec,
3136 2545 3193 2599 in
3244 2545 3445 2614 quibus
3479 2525 3635 2601 nunc

369 2655 679 2707 versamur,
708 2639 1091 2710 dispositionis
1113 2648 1168 2694 et
1196 2638 1463 2708 propositi
1488 2637 1691 2692 studia.

404 2871 435 2882 '—
451 2877 457 2882 .

2134 2614 2156 2651 \

1034 3214 1039 3219 η
1132 2999 1880 3177 ΓΕΩΡΓΙΟΥ
1954 3060 2871 3183 ΜΕΤΟΧΙΤΟΥ

1903 3288 1971 3326 ΕΚ
1992 3282 2086 3324 ΪΟΥ

934 3416 1097 3474 ΠΕΡΙ
1133 3418 1271 3474 THE
1315 3419 1454 3475 ΤΟΥ
1480 3419 1691 3477 ΔΠοΥ
1715 3421 2148 3479 ΠΝΕΥΜΑΤΟΣ
2198 3421 2699 3482 ΕΚΠΟΡΕΥΣΕΩΣ
2736 3424 2964 3481 ΛΟΓΟΥ
2990 3422 3066 3479 Δ’.

1089 3783 1677 3900 GEORGII
1838 3786 2733 3905 METOCHITZE
2830 3770 2915 3851 (υ

723 4016 842 4078 EX
912 4003 1206 4081 LIB'R‘O
1290 4020 1383 4084 IV
1444 4021 1556 4081 DE
1644 4020 2315 4086 PROCESSIONE
2382 4024 2847 4088 SPIRITUS
2914 4025 3275 4092 SANC'I‘I.

1421 4151 1702 4237 (Combelis.
1737 4174 1943 4225 Auctar.
1965 4189 2078 4226 nov.
2110 4182 2228 4225 tom.
2253 4176 2313 4237 ll,
2340 4191 2391 4239 p.
2422 4176 2582 4241 1017.)

447 4474 559 4528 Καὶ
600 4473 926 4545 παραφθορᾷ
967 4474 1063 4545 μὲν
1115 4471 1340 4546 ῥηθείσῃ
1386 4471 1806 4546 τεθαρρηκότες.
1854 4474 1948 4529 καὶ

2126 4474 2357 4531 Pra-l‘ata
2393 4491 2524 4532 vero
2558 4476 2944 4545 depravatione
2979 4477 3137 4543 freti,
3174 4491 3238 4533 ac
3271 4478 3471 4548 quibus
3505 4479 3637 4535 inde

378 4566 456 4640 τῷ
477 4565 722 4620 ἐντεῦθεν
755 4564 1084 4636 δελεάσματι
1114 4565 1222 4619 τῶν
1251 4566 1634 4638 ἀκροωμένων,
1672 4571 1766 4623 καὶ
1807 4568 1943 4621 ταύ-

455 4743 531 4816 (ι)
569 4740 798 4816 Fuit_hic
830 4743 1115 4800 Metochita
1135 4760 1278 4799 unus
1301 4758 1365 4796 ex
1390 4743 1517 4808 illis,
1543 4759 1791 4816 perquos
1811 4743 1950 4816 facta

381 4811 475 4871 est
502 4815 635 4868 unio
672 4811 984 4868 Griecorum
1023 4831 1145 4869 cum
1186 4815 1392 4868 Latinis
1416 4852 1430 4876 ,
1466 4811 1569 4869 sub
1605 4811 1865 4883 Gregorio
1900 4813 1947 4867 Χ

380 4887 632 4954 serieque
664 4886 941 4939 consensit
973 4886 1025 4940 iu
1063 4884 1374 4938 Latinorum
1410 4886 1601 4953 dogma
1635 4884 1701 4937 de
1733 4900 1953 4952 proces-

381 4953 805 5023 sione’Spiritus
833 4957 1006 5009 sancti
1038 4972 1099 5010 ex
1135 4953 1300 5015 Filio,
1331 4959 1477 5022 quod
1509 4955 1728 5023 perinde
1763 4956 1834 5008 sit
1868 4964 1949 5009 at-

379 5044 488 5097 que
518 5024 855 5097 perl‘filium,
885 5034 943 5079 ut
970 5027 1092 5081 inde
1118 5026 1221 5080 sibi
1251 5024 1482 5080 conﬂata
1511 5026 1792 5094 gentilzum
1822 5041 1949 5079 suo.

380 5095 498 5154 rum
529 5095 752 5159 invidia,
777 5111 1022 5152 carceres
1044 5098 1114 5151 ab
1137 5097 1241 5151 illis
1263 5108 1552 5166 perpessus
1576 5099 1646 5149 sit
1669 5112 1731 5148 ae
1755 5110 1946 5162 pinnas

381 5171 518 5222 alias
548 5183 563 5221 :
592 5166 646 5219 in
674 5167 883 5238 quibus,
898 5168 1119 5238 scripsit
1147 5168 1314 5221 libros
1342 5167 1587 5238 quinque
1614 5166 1707 5235 qui
1735 5174 1950 5221 exstant

381 5255 448 5293 eo
472 5246 810 5307 argumento.
839 5237 995 5303 plane
1014 5235 1284 5301 eruditos,
1310 5247 1368 5291 ut
1394 5236 1527 5289 nihil
1556 5235 1951 5307 hactenusexi-

382 5305 598 5364 stimein
642 5307 913 5376 prodiisse
953 5309 1007 5362 in
1045 5323 1114 5363 eo
1150 5323 1347 5377 genere
1380 5307 1488 5377 illjs
1520 5306 1747 5377 aequale.
1787 5305 1952 5376 Urget

381 5375 667 5450 praecipue;
685 5378 1061 5450 traditionem,
1095 5375 1237 5433 et‘ut
1263 5378 1408 5450 olim_
1424 5375 1674 5450 Romana
1706 5375 1950 5450 Ecclesia

381 5446 498 5505 eam
540 5448 802 5517 proﬁtens
841 5449 1030 5512 ﬁdem,
1066 5449 1269 5503 nullam
1306 5463 1337 5501 a
1370 5446 1575 5502 Graecis
1597 5448 1729 5518 ejus
1762 5447 1948 5518 gnaris

382 5523 455 5577 sit
482 5516 640 5590 passa
668 5518 993 5590 calumniam
1026 5530 1150 5573 ante
1181 5518 1465 5590 Photium,
1487 5516 1825 5590 suhindeque
1853 5516 1950 5571 Mi-

383 5588 629 5645 chaelem
686 5588 1028 5643 Cerularium
1068 5607 1084 5645 :
1125 5588 1321 5659 quietis
1364 5588 1649 5659 utriusque
1690 5588 1948 5643 Ecclesiae

383 5663 569 5723 rebus,
597 5659 742 5728 quod
773 5661 839 5713 ad
872 5675 994 5713 eum
1026 5657 1315 5714 articulum
1350 5668 1585 5727 spectat.
1612 5657 1947 5728 Gravissime

383 5734 510 5787 item
540 5727 849 5787 Griecorum
886 5730 1360 5785 schismaticorum
1392 5730 1720 5783 solutionem
1751 5727 1947 5783 confu-

384 5813 490 5862 tot,
523 5817 628 5871 qua
664 5816 722 5855 se
754 5797 970 5854 Patrum
1004 5801 1119 5856 loca
1150 5802 1367 5871 eludere
1394 5801 1708 5871 existimant
1727 5810 1834 5871 Lut
1862 5799 1947 5852 di-

385 5868 553 5927 t-atur'
570 5872 805 5940 Spiritus
838 5880 1063 5926 sanctus
1093 5886 1214 5927 esse
1246 5887 1275 5925 a
1311 5870 1449 5926 Filio
1483 5870 1565 5923 vel
1603 5886 1698 5940 per
1727 5868 1946 5933 Filium,

386 5946 595 6001 ratione
627 5952 834 5997 tantum
866 5941 1089 6001 eﬂcctus
1118 5943 1457 6015 temporalis,
1494 5941 1606 5997 sive
1641 5941 1949 5999 donationis

2052 4572 2329 4629 auditores
2367 4573 2591 4644 capiunt
2626 4573 2899 4629 illecebris
2922 4616 2937 4640 ,
2976 4575 3116 4631 hanc
3150 4590 3368 4645 quoque
3403 4574 3638 4644 reliquis

2056 4752 2108 4800 et
2142 4744 2637 4809 manifestationis;
2671 4761 2776 4798 non
2809 4746 2938 4801 item
2974 4746 3185 4801 ratione
3215 4746 3536 4802 substantiae
3565 4763 3633 4806 ac

2055 4816 2360 4887 existentiae
2395 4834 2409 4870 :
2443 4818 2542 4884 τῆς
2576 4816 2867 4887 ὑπάρξεως
2897 4818 3043 4887 λόγῳ
3064 4834 3077 4848 ο
3110 4818 3309 4885 quibus
3341 4816 3630 4885 confectis,

2055 4900 2142 4938 res
2176 4886 2334 4953 plane
2363 4887 2610 4941 confecta
2643 4887 2733 4940 sit.
2766 4885 2939 4942 Locus
2967 4885 3126 4956 quem
3158 4890 3512 4955 depravatum
3548 4891 3634 4943 in-

2053 4955 2232 5020 dicat,
2273 4973 2335 5009 ac
2380 4958 2564 5010 multis
2595 4965 2754 5010 vexat
2788 4960 2841 5010 iu
2880 4959 2959 5011 iis.
2981 4955 3103 5023 qua:
3137 4958 3447 5026 praecedunt
3481 4959 3629 5014 istud

2051 5037 2367 5093 excerptum
2397 5036 2667 5090 nostrum,
2696 5027 2940 5093 Gregorii
2971 5027 3229 5093 Theologi
3259 5039 3340 5082 est
3365 5038 3505 5084 orat.
3534 5030 3626 5092 24.

2053 5096 2145 5167 ubi
2189 5098 2439 5162 habetur,
2475 5097 2704 5163 Omnia,
2742 5114 2863 5167 qua:
2896 5110 3021 5154 snnt
3054 5098 3267 5159 Patris,
3305 5099 3469 5151 etiam
3509 5114 3631 5154 esse

2050 5164 2196 5239 Filii,
2229 5167 2371 5239 πλὴν
2400 5168 2501 5237 τῆς
2532 5168 2732 5239 αἰτίας,
2759 5164 2979 5235 excepta
3010 5171 3217 5223 ratione
3247 5185 3422 5221 cauare
3448 5184 3466 5222 :
3493 5185 3630 5233 quo-

2048 5237 2212 5292 modo
2240 5236 2537 5291 etiamnum
2568 5236 2712 5292 edita
2741 5239 2964 5295 habent.
2992 5239 3285 5293 Contendit
3314 5238 3403 5292 ille
3432 5239 3632 5306 proba-

2051 5308 2398 5380 tos_codices
2445 5309 2666 5380 habere,
2715 5308 2854 5379 ’πλὴν
2898 5311 3000 5380 τῆς
3046 5308 3416 5377 ἀγεννησξας’
3463 5324 3628 5380 quam

2049 5377 2336 5450 lectionem
2363 5395 2428 5433 ex
2457 5379 2581 5433 aliis
2611 5377 2919 5446 conlirmat,
2948 5377 3147 5450 quibus
3180 5380 3268 5433 ille
3299 5378 3629 5450 ubiquerijv

2048 5448 2382 5521 ἀγεννησίᾳν
2425 5450 2660 5521 excipit;
2706 5447 2983 5520 nunquam
3026 5451 3131 5521 τὴν
3173 5450 3377 5521 ᾳιτξαν.
3420 5447 3524 5502 Sed
3560 5447 3629 5503 ex

2053 5520 2214 5589 editis
2235 5519 2492 5589 habetur,
2519 5519 2873 5589 Anglicanum
2905 5519 3344 5589 unum’codicem
3373 5534 3438 5574 ac
3463 5534 3631 5587 quos-

2054 5588 2177 5641 dam
2235 5587 2525 5646 Vaticanns
2580 5587 2780 5644 habere
2830 5591 3180 5661 ἀγεννησξαν.
3235 5588 3400 5644 Valde
3453 5592 3629 5661 placet

2055 5675 2220 5730 quam
2251 5661 2576 5715 solutionem
2612 5676 2677 5713 ex
2710 5664 2945 5730 propriis
2975 5663 3233 5726 adhibet,
3267 5676 3390 5713 cum
3424 5660 3628 5730 silentii

2054 5729 2292 5798 plurium
2326 5731 2577 5794 Patrum,
2603 5729 2723 5785 tum
2746 5729 2943 5787 diversi
2977 5733 3120 5786 modi
3153 5730 3405 5798 loquendi
3437 5731 3489 5783 in
3522 5729 3630 5783 Pa-

2058 5810 2137 5853 tre
2168 5809 2219 5854 et
2248 5799 2408 5868 Filio,
2439 5803 2491 5855 in
2524 5803 2763 5869 subjecta
2797 5803 3024 5857 materia
3054 5802 3423 5873 processiouis
3456 5800 3630 5873 ﬁnirif-

2054 5877 2145 5924 tus
2195 5873 2367 5925 sancti
2416 5892 2430 5925 :
2476 5882 2534 5926 ut
2587 5873 2841 5926 nimirum
2895 5870 3171 5941 peculiare
3221 5870 3424 5942 aliquid
3480 5870 3625 5942 Patri
3672 5904 3677 5909 -

2058 5941 2324 5997 voluerint
2363 5944 2629 6007 indicare,
2664 5959 2726 6000 ac
2758 5940 2916 6007 quale
2950 5951 3017 6000 ab
3054 5945 3169 6003 ipso
3207 5940 3431 5999 Omnino
3467 5940 3623 6000 intel-
