  <div class='ocr_page' id='page_1' title='image "/cluster/home/n/w/nwhite01/storage/ocr_20150623/141/hvd.32044019208313/712.png"; bbox 0 0 3972 6570; ppageno 0'>
   <div class='ocr_carea' id='block_1_1' title="bbox 338 375 1934 440">
    <p class='ocr_par' dir='ltr' id='par_1_1' title="bbox 338 375 1934 439">
     <span class='ocr_line' id='line_1_1' title="bbox 338 375 1934 439; baseline 0.003 -4"><span class='ocrx_word' id='word_1_1' title='bbox 338 375 475 436; x_wconf 68' lang='grc'>1409</span> <span class='ocrx_word' id='word_1_2' title='bbox 650 429 656 435; x_wconf 90' lang='grc'><strong>.</strong></span> <span class='ocrx_word' id='word_1_3' title='bbox 1712 380 1934 439; x_wconf 70' lang='grc' dir='ltr'><strong>ἘΙὶᾹΟ]</strong></span> 
     </span>
    </p>
   </div>
   <div class='ocr_carea' id='block_1_2' title="bbox 2040 375 2201 440">
    <p class='ocr_par' dir='ltr' id='par_1_2' title="bbox 2040 378 2201 440">
     <span class='ocr_line' id='line_1_2' title="bbox 2040 378 2201 440; baseline 0 0"><span class='ocrx_word' id='word_1_4' title='bbox 2040 378 2201 440; x_wconf 64' lang='grc' dir='ltr'><strong>ΝΓΛ.</strong></span> 
     </span>
    </p>
   </div>
   <div class='ocr_carea' id='block_1_3' title="bbox 3452 382 3589 447">
    <p class='ocr_par' dir='ltr' id='par_1_3' title="bbox 3452 382 3589 447">
     <span class='ocr_line' id='line_1_3' title="bbox 3452 382 3589 447; baseline -0.022 0"><span class='ocrx_word' id='word_1_5' title='bbox 3452 382 3589 447; x_wconf 74' lang='grc' dir='ltr'>ιιιο</span> 
     </span>
    </p>
   </div>
   <div class='ocr_carea' id='block_1_4' title="bbox 336 488 1934 562">
    <p class='ocr_par' dir='ltr' id='par_1_4' title="bbox 336 488 1925 562">
     <span class='ocr_line' id='line_1_4' title="bbox 336 488 1925 562; baseline 0.004 -22"><span class='ocrx_word' id='word_1_6' title='bbox 336 488 642 556; x_wconf 73' lang='grc' dir='ltr'><strong>αχθέντων</strong></span> <span class='ocrx_word' id='word_1_7' title='bbox 700 491 800 545; x_wconf 80' lang='grc' dir='ltr'><strong>ὑπ’</strong></span> <span class='ocrx_word' id='word_1_8' title='bbox 849 490 1050 548; x_wconf 81' lang='grc' dir='ltr'>αὐτῶν</span> <span class='ocrx_word' id='word_1_9' title='bbox 1099 492 1379 562; x_wconf 71' lang='grc' dir='ltr'><strong>ἐκϐολήν.</strong></span> <span class='ocrx_word' id='word_1_10' title='bbox 1445 494 1925 562; x_wconf 74' lang='grc' dir='ltr'>Μεθερμηνεύειν</span> 
     </span>
    </p>
   </div>
   <div class='ocr_carea' id='block_1_5' title="bbox 2040 488 3609 562">
    <p class='ocr_par' dir='ltr' id='par_1_5' title="bbox 2040 494 3609 554">
     <span class='ocr_line' id='line_1_5' title="bbox 2040 494 3609 554; baseline 0.006 -9"><span class='ocrx_word' id='word_1_11' title='bbox 2040 505 2386 548; x_wconf 76' lang='lat' dir='ltr'><strong>oretarcntur.</strong></span> <span class='ocrx_word' id='word_1_12' title='bbox 2444 494 2633 550; x_wconf 71' lang='lat' dir='ltr'><strong>Verum</strong></span> <span class='ocrx_word' id='word_1_13' title='bbox 2687 514 2802 550; x_wconf 86' lang='lat' dir='ltr'><strong>cum</strong></span> <span class='ocrx_word' id='word_1_14' title='bbox 2858 516 2920 552; x_wconf 78' lang='lat' dir='ltr'><strong>cn</strong></span> <span class='ocrx_word' id='word_1_15' title='bbox 2975 497 3239 553; x_wconf 68' lang='lat' dir='ltr'><strong>scribendi</strong></span> <span class='ocrx_word' id='word_1_16' title='bbox 3289 500 3609 554; x_wconf 73' lang='lat' dir='ltr'><strong>consuetudo</strong></span> 
     </span>
    </p>
   </div>
   <div class='ocr_carea' id='block_1_6' title="bbox 336 582 1934 660">
    <p class='ocr_par' dir='ltr' id='par_1_6' title="bbox 336 582 1918 655">
     <span class='ocr_line' id='line_1_6' title="bbox 336 582 1918 655; baseline 0.004 -21"><span class='ocrx_word' id='word_1_17' title='bbox 336 582 404 635; x_wconf 80' lang='grc' dir='ltr'>δὲ</span> <span class='ocrx_word' id='word_1_18' title='bbox 434 582 732 648; x_wconf 79' lang='grc' dir='ltr'>τάοίκεῖα,</span> <span class='ocrx_word' id='word_1_19' title='bbox 784 585 888 638; x_wconf 87' lang='grc' dir='ltr'><strong>τοῦ</strong></span> <span class='ocrx_word' id='word_1_20' title='bbox 937 587 1043 651; x_wconf 83' lang='grc' dir='ltr'>τὰς</span> <span class='ocrx_word' id='word_1_21' title='bbox 1090 585 1444 651; x_wconf 71' lang='grc' dir='ltr'><em>ὑποκλοπὰς</em></span> <span class='ocrx_word' id='word_1_22' title='bbox 1501 586 1677 655; x_wconf 78' lang='grc' dir='ltr'>χάριν</span> <span class='ocrx_word' id='word_1_23' title='bbox 1710 586 1918 654; x_wconf 71' lang='grc' dir='ltr'>διαφυ-</span> 
     </span>
    </p>
   </div>
   <div class='ocr_carea' id='block_1_7' title="bbox 2040 582 3607 660">
    <p class='ocr_par' dir='ltr' id='par_1_7' title="bbox 2040 585 3607 660">
     <span class='ocr_line' id='line_1_7' title="bbox 2040 585 3607 660; baseline 0.006 -24"><span class='ocrx_word' id='word_1_24' title='bbox 2040 585 2173 649; x_wconf 71' lang='lat' dir='ltr'><strong>rrpud</strong></span> <span class='ocrx_word' id='word_1_25' title='bbox 2210 602 2295 639; x_wconf 82' lang='lat' dir='ltr'><strong>eos</strong></span> <span class='ocrx_word' id='word_1_26' title='bbox 2332 587 2586 643; x_wconf 77' lang='lat' dir='ltr'><strong>obtineat.</strong></span> <span class='ocrx_word' id='word_1_27' title='bbox 2625 589 2765 641; x_wconf 69' lang='lat' dir='ltr'><strong>haud</strong></span> <span class='ocrx_word' id='word_1_28' title='bbox 2803 590 2913 643; x_wconf 77' lang='lat' dir='ltr'><strong>scio</strong></span> <span class='ocrx_word' id='word_1_29' title='bbox 2951 590 3087 658; x_wconf 78' lang='lat' dir='ltr'><strong>forte</strong></span> <span class='ocrx_word' id='word_1_30' title='bbox 3120 600 3355 660; x_wconf 80' lang='lat' dir='ltr'><strong>gesturos</strong></span> <span class='ocrx_word' id='word_1_31' title='bbox 3389 607 3607 646; x_wconf 83' lang='lat' dir='ltr'><strong>morem.</strong></span> 
     </span>
    </p>
   </div>
   <div class='ocr_carea' id='block_1_8' title="bbox 336 675 1934 752">
    <p class='ocr_par' dir='ltr' id='par_1_8' title="bbox 336 675 1918 748">
     <span class='ocr_line' id='line_1_8' title="bbox 336 675 1918 748; baseline 0.002 -19"><span class='ocrx_word' id='word_1_32' title='bbox 336 675 469 745; x_wconf 75' lang='grc' dir='ltr'>τεῒν</span> <span class='ocrx_word' id='word_1_33' title='bbox 511 675 632 729; x_wconf 78' lang='grc' dir='ltr'><strong>τῶν</strong></span> <span class='ocrx_word' id='word_1_34' title='bbox 663 679 1148 743; x_wconf 75' lang='grc' dir='ltr'><strong>ὑποπιπτόντων,</strong></span> <span class='ocrx_word' id='word_1_35' title='bbox 1184 680 1332 734; x_wconf 83' lang='grc' dir='ltr'>κατὰ</span> <span class='ocrx_word' id='word_1_36' title='bbox 1362 679 1478 746; x_wconf 81' lang='grc' dir='ltr'><strong>τὴν</strong></span> <span class='ocrx_word' id='word_1_37' title='bbox 1503 680 1795 748; x_wconf 76' lang='grc' dir='ltr'><strong>ὑμετέραν</strong></span> <span class='ocrx_word' id='word_1_38' title='bbox 1820 679 1918 733; x_wconf 71' lang='grc' dir='ltr'><strong>κέ·</strong></span> 
     </span>
    </p>
   </div>
   <div class='ocr_carea' id='block_1_9' title="bbox 2040 675 3607 752">
    <p class='ocr_par' dir='ltr' id='par_1_9' title="bbox 2040 678 3607 752">
     <span class='ocr_line' id='line_1_9' title="bbox 2040 678 3607 752; baseline 0.003 -19"><span class='ocrx_word' id='word_1_39' title='bbox 2040 678 2240 734; x_wconf 61' lang='lat' dir='ltr'><strong>Accedit</strong></span> <span class='ocrx_word' id='word_1_40' title='bbox 2274 691 2324 733; x_wconf 82' lang='grc' dir='ltr'><strong>ει</strong></span> <span class='ocrx_word' id='word_1_41' title='bbox 2361 681 2517 741; x_wconf 75' lang='lat' dir='ltr'><strong>illud.</strong></span> <span class='ocrx_word' id='word_1_42' title='bbox 2554 682 2693 752; x_wconf 88' lang='lat' dir='ltr'><strong>quod</strong></span> <span class='ocrx_word' id='word_1_43' title='bbox 2728 698 2827 735; x_wconf 85' lang='lat' dir='ltr'><strong>non</strong></span> <span class='ocrx_word' id='word_1_44' title='bbox 2867 683 2942 735; x_wconf 82' lang='lat' dir='ltr'><strong>ita</strong></span> <span class='ocrx_word' id='word_1_45' title='bbox 2977 693 3279 751; x_wconf 83' lang='lat' dir='ltr'><strong>promptum</strong></span> <span class='ocrx_word' id='word_1_46' title='bbox 3313 684 3381 737; x_wconf 80' lang='lat' dir='ltr'><strong>sit</strong></span> <span class='ocrx_word' id='word_1_47' title='bbox 3417 683 3607 737; x_wconf 79' lang='lat' dir='ltr'><strong>alienis</strong></span> 
     </span>
    </p>
   </div>
   <div class='ocr_carea' id='block_1_10' title="bbox 335 771 1934 844">
    <p class='ocr_par' dir='ltr' id='par_1_10' title="bbox 335 771 1918 841">
     <span class='ocr_line' id='line_1_10' title="bbox 335 771 1918 841; baseline 0.002 -18"><span class='ocrx_word' id='word_1_48' title='bbox 335 771 555 823; x_wconf 68' lang='grc' dir='ltr'>λευσιν</span> <span class='ocrx_word' id='word_1_49' title='bbox 580 772 963 837; x_wconf 76' lang='grc' dir='ltr'>παρεκάλεσα</span> <span class='ocrx_word' id='word_1_50' title='bbox 982 772 1126 838; x_wconf 84' lang='grc' dir='ltr'><strong>τοὺς</strong></span> <span class='ocrx_word' id='word_1_51' title='bbox 1165 772 1513 841; x_wconf 76' lang='grc' dir='ltr'>Ῥωμαίους·</span> <span class='ocrx_word' id='word_1_52' title='bbox 1549 773 1719 836; x_wconf 72' lang='grc' dir='ltr'><em>πλὴν</em></span> <span class='ocrx_word' id='word_1_53' title='bbox 1741 771 1918 837; x_wconf 81' lang='grc' dir='ltr'><em>ἔθους</em></span> 
     </span>
    </p>
   </div>
   <div class='ocr_carea' id='block_1_11' title="bbox 2040 771 3609 844">
    <p class='ocr_par' dir='ltr' id='par_1_11' title="bbox 2040 773 3609 844">
     <span class='ocr_line' id='line_1_11' title="bbox 2040 773 3609 844; baseline 0.003 -21"><span class='ocrx_word' id='word_1_54' title='bbox 2040 773 2237 826; x_wconf 64' lang='lat' dir='ltr'><strong>vocibus</strong></span> <span class='ocrx_word' id='word_1_55' title='bbox 2270 790 2331 826; x_wconf 88' lang='lat' dir='ltr'><strong>ac</strong></span> <span class='ocrx_word' id='word_1_56' title='bbox 2365 774 2547 843; x_wconf 83' lang='lat' dir='ltr'><strong>lingua</strong></span> <span class='ocrx_word' id='word_1_57' title='bbox 2577 791 2727 827; x_wconf 84' lang='lat' dir='ltr'><strong>suam</strong></span> <span class='ocrx_word' id='word_1_58' title='bbox 2759 785 2981 828; x_wconf 78' lang='lat' dir='ltr'><strong><em>mentem</em></strong></span> <span class='ocrx_word' id='word_1_59' title='bbox 3011 777 3306 844; x_wconf 74' lang='lat' dir='ltr'><strong>exprimere</strong></span> <span class='ocrx_word' id='word_1_60' title='bbox 3327 815 3342 834; x_wconf 86' lang='lat'><strong>,</strong></span> <span class='ocrx_word' id='word_1_61' title='bbox 3374 776 3452 827; x_wconf 88' lang='lat' dir='ltr'><strong>uti</strong></span> <span class='ocrx_word' id='word_1_62' title='bbox 3482 792 3609 843; x_wconf 86' lang='lat' dir='ltr'><strong>pro-</strong></span> 
     </span>
    </p>
   </div>
   <div class='ocr_carea' id='block_1_12' title="bbox 337 862 1934 939">
    <p class='ocr_par' dir='ltr' id='par_1_12' title="bbox 337 862 1915 929">
     <span class='ocr_line' id='line_1_12' title="bbox 337 862 1915 929; baseline 0.001 -15"><span class='ocrx_word' id='word_1_63' title='bbox 337 862 774 927; x_wconf 76' lang='grc' dir='ltr'><strong>κεκρατηκότος</strong></span> <span class='ocrx_word' id='word_1_64' title='bbox 827 862 981 915; x_wconf 78' lang='grc' dir='ltr'><em>οὕτω</em></span> <span class='ocrx_word' id='word_1_65' title='bbox 1040 862 1235 917; x_wconf 82' lang='grc' dir='ltr'><em>ποιεῖν</em></span> <span class='ocrx_word' id='word_1_66' title='bbox 1290 862 1753 929; x_wconf 19' lang='grc' dir='ltr'>καὶνστέλλειν,</span> <span class='ocrx_word' id='word_1_67' title='bbox 1803 864 1915 917; x_wconf 81' lang='grc' dir='ltr'><strong>οὐκ</strong></span> 
     </span>
    </p>
   </div>
   <div class='ocr_carea' id='block_1_13' title="bbox 2040 862 3607 939">
    <p class='ocr_par' dir='ltr' id='par_1_13' title="bbox 2040 863 3607 939">
     <span class='ocr_line' id='line_1_13' title="bbox 2040 863 3607 939; baseline 0.005 -26"><span class='ocrx_word' id='word_1_68' title='bbox 2040 863 2141 915; x_wconf 67' lang='lat' dir='ltr'><strong>tria</strong></span> <span class='ocrx_word' id='word_1_69' title='bbox 2186 879 2249 916; x_wconf 86' lang='lat' dir='ltr'><strong>ac</strong></span> <span class='ocrx_word' id='word_1_70' title='bbox 2288 866 2499 930; x_wconf 81' lang='lat' dir='ltr'><strong>nativa;</strong></span> <span class='ocrx_word' id='word_1_71' title='bbox 2537 866 2978 939; x_wconf 66' lang='lat' dir='ltr'><strong>quemadmodum</strong></span> <span class='ocrx_word' id='word_1_72' title='bbox 3023 869 3180 921; x_wconf 77' lang='lat' dir='ltr'><strong>etiant</strong></span> <span class='ocrx_word' id='word_1_73' title='bbox 3228 869 3330 935; x_wconf 82' lang='lat' dir='ltr'><strong>ipsi</strong></span> <span class='ocrx_word' id='word_1_74' title='bbox 3371 878 3607 921; x_wconf 72' lang='lat' dir='ltr'><strong>nostram</strong></span> 
     </span>
    </p>
   </div>
   <div class='ocr_carea' id='block_1_14' title="bbox 336 946 1934 1026">
    <p class='ocr_par' dir='ltr' id='par_1_14' title="bbox 336 946 1913 1026">
     <span class='ocr_line' id='line_1_14' title="bbox 336 946 1913 1026; baseline 0.003 -21"><span class='ocrx_word' id='word_1_75' title='bbox 336 946 468 1005; x_wconf 78' lang='grc' dir='ltr'>οἶδα</span> <span class='ocrx_word' id='word_1_76' title='bbox 489 952 678 1019; x_wconf 84' lang='grc' dir='ltr'>τυχὸν</span> <span class='ocrx_word' id='word_1_77' title='bbox 703 955 754 1006; x_wconf 77' lang='grc' dir='ltr'>εἶ</span> <span class='ocrx_word' id='word_1_78' title='bbox 783 954 1103 1010; x_wconf 80' lang='grc' dir='ltr'>πεισθεῖεν.</span> <span class='ocrx_word' id='word_1_79' title='bbox 1133 955 1366 1020; x_wconf 75' lang='grc' dir='ltr'><em>’Ἄλλως</em></span> <span class='ocrx_word' id='word_1_80' title='bbox 1398 971 1462 1008; x_wconf 80' lang='grc' dir='ltr'>τε</span> <span class='ocrx_word' id='word_1_81' title='bbox 1516 955 1615 1011; x_wconf 82' lang='grc' dir='ltr'>καὶ</span> <span class='ocrx_word' id='word_1_82' title='bbox 1669 955 1777 1009; x_wconf 82' lang='grc' dir='ltr'><strong>τοῦ</strong></span> <span class='ocrx_word' id='word_1_83' title='bbox 1827 954 1913 1026; x_wconf 75' lang='grc' dir='ltr'><strong>μὴ</strong></span> 
     </span>
    </p>
   </div>
   <div class='ocr_carea' id='block_1_15' title="bbox 2040 946 3608 1026">
    <p class='ocr_par' dir='ltr' id='par_1_15' title="bbox 2040 954 3608 1023">
     <span class='ocr_line' id='line_1_15' title="bbox 2040 954 3608 1023; baseline 0.004 -17"><span class='ocrx_word' id='word_1_84' title='bbox 2040 954 2240 1008; x_wconf 69' lang='lat' dir='ltr'><strong>&#39;acilius</strong></span> <span class='ocrx_word' id='word_1_85' title='bbox 2268 957 2611 1023; x_wconf 70' lang='lat' dir='ltr'><strong>exprimimus</strong></span> <span class='ocrx_word' id='word_1_86' title='bbox 2645 957 2698 1009; x_wconf 84' lang='lat' dir='ltr'><strong>in</strong></span> <span class='ocrx_word' id='word_1_87' title='bbox 2732 968 2935 1011; x_wconf 83' lang='lat' dir='ltr'><strong>nostra.</strong></span> <span class='ocrx_word' id='word_1_88' title='bbox 2970 957 3137 1013; x_wconf 81' lang='lat' dir='ltr'><strong>Plane</strong></span> <span class='ocrx_word' id='word_1_89' title='bbox 3170 976 3285 1013; x_wconf 81' lang='lat' dir='ltr'><strong>vero</strong></span> <span class='ocrx_word' id='word_1_90' title='bbox 3315 969 3467 1012; x_wconf 84' lang='lat' dir='ltr'><strong>erunt</strong></span> <span class='ocrx_word' id='word_1_91' title='bbox 3499 960 3608 1012; x_wconf 83' lang='lat' dir='ltr'><strong>illis</strong></span> 
     </span>
    </p>
   </div>
   <div class='ocr_carea' id='block_1_16' title="bbox 334 1041 1934 1120">
    <p class='ocr_par' dir='ltr' id='par_1_16' title="bbox 334 1041 1915 1114">
     <span class='ocr_line' id='line_1_16' title="bbox 334 1041 1915 1114; baseline 0.003 -21"><span class='ocrx_word' id='word_1_92' title='bbox 334 1042 524 1106; x_wconf 80' lang='grc' dir='ltr'><em>οὕτως</em></span> <span class='ocrx_word' id='word_1_93' title='bbox 553 1041 848 1097; x_wconf 85' lang='grc' dir='ltr'>δύνασθαι</span> <span class='ocrx_word' id='word_1_94' title='bbox 880 1044 1486 1114; x_wconf 74' lang='grc' dir='ltr'><strong>διακριϐοῦνὲνᾶλλῃ</strong></span> <span class='ocrx_word' id='word_1_95' title='bbox 1520 1044 1682 1108; x_wconf 73' lang='grc' dir='ltr'><em>λέξει</em></span> <span class='ocrx_word' id='word_1_96' title='bbox 1724 1061 1789 1098; x_wconf 80' lang='grc' dir='ltr'>τε</span> <span class='ocrx_word' id='word_1_97' title='bbox 1815 1044 1915 1098; x_wconf 77' lang='grc' dir='ltr'><strong>καί</strong></span> 
     </span>
    </p>
   </div>
   <div class='ocr_carea' id='block_1_17' title="bbox 2040 1041 3495 1120">
    <p class='ocr_par' dir='ltr' id='par_1_17' title="bbox 2040 1042 3495 1120">
     <span class='ocr_line' id='line_1_17' title="bbox 2040 1042 3495 1120; baseline 0.004 -22"><span class='ocrx_word' id='word_1_98' title='bbox 2040 1050 2133 1099; x_wconf 71' lang='lat' dir='ltr'><strong>nec</strong></span> <span class='ocrx_word' id='word_1_99' title='bbox 2168 1062 2343 1111; x_wconf 73' lang='lat' dir='ltr'><strong>curre,</strong></span> <span class='ocrx_word' id='word_1_100' title='bbox 2377 1065 2495 1101; x_wconf 88' lang='lat' dir='ltr'><strong>cum</strong></span> <span class='ocrx_word' id='word_1_101' title='bbox 2533 1042 2925 1113; x_wconf 77' lang='lat' dir='ltr'><strong>improbitatem</strong></span> <span class='ocrx_word' id='word_1_102' title='bbox 2960 1055 3161 1120; x_wconf 75' lang='lat' dir='ltr'><strong>experti</strong></span> <span class='ocrx_word' id='word_1_103' title='bbox 3194 1054 3495 1106; x_wconf 76' lang='lat' dir='ltr'><strong>didicerint.</strong></span> 
     </span>
    </p>
   </div>
   <div class='ocr_carea' id='block_1_18' title="bbox 334 1135 3608 1213">
    <p class='ocr_par' dir='ltr' id='par_1_18' title="bbox 334 1135 3608 1213">
     <span class='ocr_line' id='line_1_18' title="bbox 334 1135 3608 1213; baseline 0.004 -26"><span class='ocrx_word' id='word_1_104' title='bbox 334 1137 503 1203; x_wconf 62' lang='grc' dir='ltr'><em>φωνῇ</em></span> <span class='ocrx_word' id='word_1_105' title='bbox 534 1135 638 1189; x_wconf 82' lang='grc' dir='ltr'><strong>τόν</strong></span> <span class='ocrx_word' id='word_1_106' title='bbox 670 1136 900 1190; x_wconf 81' lang='grc' dir='ltr'><strong>ἑαυτῶν</strong></span> <span class='ocrx_word' id='word_1_107' title='bbox 938 1137 1110 1203; x_wconf 85' lang='grc' dir='ltr'><em>νοῦν,</em></span> <span class='ocrx_word' id='word_1_108' title='bbox 1152 1137 1356 1205; x_wconf 83' lang='grc' dir='ltr'>ὥσπερ</span> <span class='ocrx_word' id='word_1_109' title='bbox 1404 1137 1475 1190; x_wconf 80' lang='grc' dir='ltr'><em>ἐν</em></span> <span class='ocrx_word' id='word_1_110' title='bbox 1515 1136 1587 1207; x_wconf 73' lang='grc' dir='ltr'><em>τῇ</em></span> <span class='ocrx_word' id='word_1_111' title='bbox 1628 1137 1751 1205; x_wconf 70' lang='grc' dir='ltr'>ἰδίᾳ</span> <span class='ocrx_word' id='word_1_112' title='bbox 1807 1139 1906 1190; x_wconf 80' lang='grc' dir='ltr'>καὶ</span> <span class='ocrx_word' id='word_1_113' title='bbox 1949 1141 2295 1209; x_wconf 71' lang='grc' dir='ltr'><strong>θρεψαμένῃ</strong></span> <span class='ocrx_word' id='word_1_114' title='bbox 2322 1158 2339 1175; x_wconf 78' lang='grc' dir='ltr'><strong><em>ο</em></strong></span> <span class='ocrx_word' id='word_1_115' title='bbox 2405 1143 2673 1209; x_wconf 82' lang='grc' dir='ltr'>καθάπερ</span> <span class='ocrx_word' id='word_1_116' title='bbox 2707 1138 2820 1197; x_wconf 82' lang='grc' dir='ltr'><em>οὖν</em></span> <span class='ocrx_word' id='word_1_117' title='bbox 2865 1145 2962 1196; x_wconf 77' lang='grc' dir='ltr'>καὶ</span> <span class='ocrx_word' id='word_1_118' title='bbox 3015 1145 3167 1213; x_wconf 75' lang='grc' dir='ltr'>ἡμᾶς</span> <span class='ocrx_word' id='word_1_119' title='bbox 3227 1146 3299 1199; x_wconf 74' lang='grc' dir='ltr'><strong>ἐν</strong></span> <span class='ocrx_word' id='word_1_120' title='bbox 3339 1145 3414 1213; x_wconf 79' lang='grc' dir='ltr'><em>τῇ</em></span> <span class='ocrx_word' id='word_1_121' title='bbox 3478 1145 3608 1200; x_wconf 78' lang='grc' dir='ltr'>καθ’</span> 
     </span>
    </p>
   </div>
   <div class='ocr_carea' id='block_1_19' title="bbox 335 1232 3613 1309">
    <p class='ocr_par' dir='ltr' id='par_1_19' title="bbox 335 1232 3613 1309">
     <span class='ocr_line' id='line_1_19' title="bbox 335 1232 3613 1309; baseline 0.002 -19"><span class='ocrx_word' id='word_1_122' title='bbox 335 1232 493 1303; x_wconf 77' lang='grc' dir='ltr'>ἡμᾶς</span> <span class='ocrx_word' id='word_1_123' title='bbox 520 1234 627 1288; x_wconf 81' lang='grc' dir='ltr'><strong>τόν</strong></span> <span class='ocrx_word' id='word_1_124' title='bbox 658 1234 970 1304; x_wconf 71' lang='grc' dir='ltr'><strong>ἡμέτερον.</strong></span> <span class='ocrx_word' id='word_1_125' title='bbox 997 1236 1333 1303; x_wconf 77' lang='grc' dir='ltr'>Γενήσεται</span> <span class='ocrx_word' id='word_1_126' title='bbox 1363 1235 1431 1288; x_wconf 81' lang='grc' dir='ltr'>δὲ</span> <span class='ocrx_word' id='word_1_127' title='bbox 1488 1232 1726 1300; x_wconf 81' lang='grc' dir='ltr'><em>πάντως</em></span> <span class='ocrx_word' id='word_1_128' title='bbox 1754 1234 1984 1301; x_wconf 82' lang='grc' dir='ltr'>αὐτοῖς,</span> <span class='ocrx_word' id='word_1_129' title='bbox 2019 1235 2235 1303; x_wconf 75' lang='grc' dir='ltr'>πεῖραν</span> <span class='ocrx_word' id='word_1_130' title='bbox 2262 1236 2377 1304; x_wconf 84' lang='grc' dir='ltr'><strong>τὴν</strong></span> <span class='ocrx_word' id='word_1_131' title='bbox 2396 1237 2683 1307; x_wconf 79' lang='grc' dir='ltr'>ἐπήρειαν</span> <span class='ocrx_word' id='word_1_132' title='bbox 2704 1241 2986 1307; x_wconf 84' lang='grc' dir='ltr'>μαθοῦσι,</span> <span class='ocrx_word' id='word_1_133' title='bbox 3019 1240 3116 1295; x_wconf 83' lang='grc' dir='ltr'><strong>καί</strong></span> <span class='ocrx_word' id='word_1_134' title='bbox 3153 1242 3191 1308; x_wconf 81' lang='grc' dir='ltr'>ἡ</span> <span class='ocrx_word' id='word_1_135' title='bbox 3225 1244 3355 1309; x_wconf 75' lang='grc' dir='ltr'>περὶ</span> <span class='ocrx_word' id='word_1_136' title='bbox 3386 1244 3613 1295; x_wconf 81' lang='grc' dir='ltr'><em>τούτων</em></span> 
     </span>
    </p>
   </div>
   <div class='ocr_carea' id='block_1_20' title="bbox 420 1331 606 1385">
    <p class='ocr_par' dir='ltr' id='par_1_20' title="bbox 420 1331 606 1385">
     <span class='ocr_line' id='line_1_20' title="bbox 420 1331 606 1385; baseline 0.016 -3"><span class='ocrx_word' id='word_1_137' title='bbox 420 1331 552 1383; x_wconf 83' lang='grc' dir='ltr'><em>οντί</em></span> <span class='ocrx_word' id='word_1_138' title='bbox 555 1352 606 1385; x_wconf 79' lang='lat' dir='ltr'><strong>c.</strong></span> 
     </span>
    </p>
   </div>
   <div class='ocr_carea' id='block_1_21' title="bbox 334 1346 1921 1490">
    <p class='ocr_par' dir='ltr' id='par_1_21' title="bbox 334 1346 1921 1490">
     <span class='ocr_line' id='line_1_21' title="bbox 420 1346 606 1385; baseline 0.016 -3"><span class='ocrx_word' id='word_1_139' title='bbox 420 1346 546 1383; x_wconf 86' lang='grc' dir='ltr'><em>οντι</em></span> <span class='ocrx_word' id='word_1_140' title='bbox 591 1371 606 1385; x_wconf 93' lang='grc'><strong>.</strong></span> 
     </span>
     <span class='ocr_line' id='line_1_22' title="bbox 334 1346 1921 1490; baseline -0.002 -16"><span class='ocrx_word' id='word_1_141' title='bbox 334 1346 586 1486; x_wconf 54' lang='grc' dir='ltr'>φρἘξδξ</span> <span class='ocrx_word' id='word_1_142' title='bbox 600 1421 783 1475; x_wconf 79' lang='grc' dir='ltr'><strong>τοίνυν</strong></span> <span class='ocrx_word' id='word_1_143' title='bbox 811 1422 1063 1476; x_wconf 79' lang='grc' dir='ltr'>ἐντεῦθεν</span> <span class='ocrx_word' id='word_1_144' title='bbox 1091 1421 1217 1485; x_wconf 76' lang='grc' dir='ltr'>τοὺς</span> <span class='ocrx_word' id='word_1_145' title='bbox 1256 1419 1679 1490; x_wconf 81' lang='grc' dir='ltr'><strong>διειλημμένους</strong></span> <span class='ocrx_word' id='word_1_146' title='bbox 1709 1418 1779 1472; x_wconf 88' lang='grc' dir='ltr'><strong>τά</strong></span> <span class='ocrx_word' id='word_1_147' title='bbox 1819 1418 1921 1488; x_wconf 77' lang='grc' dir='ltr'>τῆς</span> 
     </span>
    </p>
   </div>
   <div class='ocr_carea' id='block_1_22' title="bbox 338 1506 1921 1584">
    <p class='ocr_par' dir='ltr' id='par_1_22' title="bbox 338 1506 1921 1584">
     <span class='ocr_line' id='line_1_23' title="bbox 338 1506 1921 1584; baseline -0.001 -19"><span class='ocrx_word' id='word_1_148' title='bbox 338 1512 492 1581; x_wconf 77' lang='grc' dir='ltr'>σφῶν</span> <span class='ocrx_word' id='word_1_149' title='bbox 518 1512 644 1565; x_wconf 87' lang='grc' dir='ltr'>καθ’</span> <span class='ocrx_word' id='word_1_150' title='bbox 672 1506 746 1565; x_wconf 81' lang='grc' dir='ltr'><strong>ὧν</strong></span> <span class='ocrx_word' id='word_1_151' title='bbox 782 1516 815 1583; x_wconf 77' lang='grc' dir='ltr'><strong>ἠ</strong></span> <span class='ocrx_word' id='word_1_152' title='bbox 881 1512 1096 1579; x_wconf 85' lang='grc' dir='ltr'>κίνησις</span> <span class='ocrx_word' id='word_1_153' title='bbox 1156 1512 1541 1584; x_wconf 77' lang='grc' dir='ltr'><strong>πραγματείας</strong></span> <span class='ocrx_word' id='word_1_154' title='bbox 1591 1513 1741 1576; x_wconf 84' lang='grc' dir='ltr'>ὃπως</span> <span class='ocrx_word' id='word_1_155' title='bbox 1808 1512 1921 1581; x_wconf 77' lang='grc' dir='ltr'>ἔχει</span> 
     </span>
    </p>
   </div>
   <div class='ocr_carea' id='block_1_23' title="bbox 338 1603 1923 1674">
    <p class='ocr_par' dir='ltr' id='par_1_23' title="bbox 338 1603 1923 1674">
     <span class='ocr_line' id='line_1_24' title="bbox 338 1603 1923 1674; baseline 0 -18"><span class='ocrx_word' id='word_1_156' title='bbox 338 1604 698 1674; x_wconf 84' lang='grc' dir='ltr'><strong>κατανοῆσαι,</strong></span> <span class='ocrx_word' id='word_1_157' title='bbox 731 1605 857 1674; x_wconf 71' lang='grc' dir='ltr'>περὶ</span> <span class='ocrx_word' id='word_1_158' title='bbox 892 1605 989 1673; x_wconf 82' lang='grc' dir='ltr'>τῆς</span> <span class='ocrx_word' id='word_1_159' title='bbox 1017 1604 1086 1669; x_wconf 76' lang='grc' dir='ltr'>ἐξ</span> <span class='ocrx_word' id='word_1_160' title='bbox 1123 1604 1283 1667; x_wconf 78' lang='grc' dir='ltr'><strong>Υὶοῦ,</strong></span> <span class='ocrx_word' id='word_1_161' title='bbox 1316 1603 1391 1657; x_wconf 82' lang='grc' dir='ltr'>δι’</span> <span class='ocrx_word' id='word_1_162' title='bbox 1441 1603 1580 1659; x_wconf 82' lang='grc' dir='ltr'><strong>Υίοῦ</strong></span> <span class='ocrx_word' id='word_1_163' title='bbox 1633 1621 1692 1658; x_wconf 86' lang='grc' dir='ltr'><strong>τε</strong></span> <span class='ocrx_word' id='word_1_164' title='bbox 1743 1603 1923 1657; x_wconf 86' lang='grc' dir='ltr'>θεολο-</span> 
     </span>
    </p>
   </div>
   <div class='ocr_carea' id='block_1_24' title="bbox 336 1695 1920 1768">
    <p class='ocr_par' dir='ltr' id='par_1_24' title="bbox 336 1695 1920 1768">
     <span class='ocr_line' id='line_1_25' title="bbox 336 1695 1920 1768; baseline -0.001 -19"><span class='ocrx_word' id='word_1_165' title='bbox 336 1700 464 1765; x_wconf 82' lang='grc' dir='ltr'>γίας</span> <span class='ocrx_word' id='word_1_166' title='bbox 486 1712 501 1726; x_wconf 83' lang='grc'>⁶</span> <span class='ocrx_word' id='word_1_167' title='bbox 536 1698 666 1768; x_wconf 70' lang='grc' dir='ltr'>περὶ</span> <span class='ocrx_word' id='word_1_168' title='bbox 687 1699 786 1765; x_wconf 81' lang='grc' dir='ltr'>τῆς</span> <span class='ocrx_word' id='word_1_169' title='bbox 822 1696 1022 1763; x_wconf 83' lang='grc' dir='ltr'>αίτίας,</span> <span class='ocrx_word' id='word_1_170' title='bbox 1051 1697 1181 1766; x_wconf 56' lang='grc' dir='ltr'><strong>περ)⁵</strong></span> <span class='ocrx_word' id='word_1_171' title='bbox 1217 1695 1312 1749; x_wconf 77' lang='grc' dir='ltr'><strong>τοῦ</strong></span> <span class='ocrx_word' id='word_1_172' title='bbox 1337 1696 1522 1767; x_wconf 82' lang='grc' dir='ltr'>μόνος,</span> <span class='ocrx_word' id='word_1_173' title='bbox 1557 1696 1586 1750; x_wconf 83' lang='grc' dir='ltr'><strong>ὃ</strong></span> <span class='ocrx_word' id='word_1_174' title='bbox 1630 1695 1826 1750; x_wconf 81' lang='grc' dir='ltr'>ταυτὸν</span> <span class='ocrx_word' id='word_1_175' title='bbox 1854 1698 1920 1764; x_wconf 83' lang='grc' dir='ltr'>τῇ</span> 
     </span>
    </p>
   </div>
   <div class='ocr_carea' id='block_1_25' title="bbox 2094 1420 3584 1492">
    <p class='ocr_par' dir='ltr' id='par_1_25' title="bbox 2094 1420 3584 1492">
     <span class='ocr_line' id='line_1_26' title="bbox 2094 1420 3584 1492; baseline 0 -19"><span class='ocrx_word' id='word_1_176' title='bbox 2094 1420 2234 1477; x_wconf 81' lang='lat' dir='ltr'><strong>Hinc</strong></span> <span class='ocrx_word' id='word_1_177' title='bbox 2278 1422 2463 1492; x_wconf 90' lang='lat' dir='ltr'><strong>itaque</strong></span> <span class='ocrx_word' id='word_1_178' title='bbox 2510 1433 2672 1475; x_wconf 70' lang='lat' dir='ltr'><strong>moue</strong></span> <span class='ocrx_word' id='word_1_179' title='bbox 2714 1425 3035 1489; x_wconf 76' lang='lat' dir='ltr'><strong>qua-stionis</strong></span> <span class='ocrx_word' id='word_1_180' title='bbox 3080 1430 3358 1476; x_wconf 88' lang='lat' dir='ltr'><strong>momenta</strong></span> <span class='ocrx_word' id='word_1_181' title='bbox 3403 1423 3584 1475; x_wconf 76' lang='lat' dir='ltr'><strong>discer</strong></span> 
     </span>
    </p>
   </div>
   <div class='ocr_carea' id='block_1_26' title="bbox 2023 1512 3610 1581">
    <p class='ocr_par' dir='ltr' id='par_1_26' title="bbox 2023 1512 3610 1581">
     <span class='ocr_line' id='line_1_27' title="bbox 2023 1512 3610 1581; baseline -0.003 -14"><span class='ocrx_word' id='word_1_182' title='bbox 2023 1513 2280 1569; x_wconf 71' lang='lat' dir='ltr'><strong>tuentibus</strong></span> <span class='ocrx_word' id='word_1_183' title='bbox 2322 1513 2623 1581; x_wconf 83' lang='lat' dir='ltr'><strong>intelligere</strong></span> <span class='ocrx_word' id='word_1_184' title='bbox 2679 1515 2837 1569; x_wconf 78' lang='lat' dir='ltr'><strong>liceat</strong></span> <span class='ocrx_word' id='word_1_185' title='bbox 2876 1516 2942 1569; x_wconf 89' lang='lat' dir='ltr'><strong>de</strong></span> <span class='ocrx_word' id='word_1_186' title='bbox 2995 1516 3100 1568; x_wconf 81' lang='lat' dir='ltr'><strong><em>illis</em></strong></span> <span class='ocrx_word' id='word_1_187' title='bbox 3134 1515 3185 1567; x_wconf 89' lang='lat' dir='ltr'><strong>in</strong></span> <span class='ocrx_word' id='word_1_188' title='bbox 3220 1513 3491 1580; x_wconf 71' lang='lat' dir='ltr'><strong>theologia</strong></span> <span class='ocrx_word' id='word_1_189' title='bbox 3526 1512 3610 1564; x_wconf 82' lang='lat' dir='ltr'><strong>lo-</strong></span> 
     </span>
    </p>
   </div>
   <div class='ocr_carea' id='block_1_27' title="bbox 2021 1603 3612 1676">
    <p class='ocr_par' dir='ltr' id='par_1_27' title="bbox 2021 1603 3612 1676">
     <span class='ocr_line' id='line_1_28' title="bbox 2021 1603 3612 1676; baseline -0.001 -18"><span class='ocrx_word' id='word_1_190' title='bbox 2021 1604 2358 1670; x_wconf 88' lang='lat' dir='ltr'><strong>cutionibus,</strong></span> <span class='ocrx_word' id='word_1_191' title='bbox 2392 1620 2457 1658; x_wconf 79' lang='lat' dir='ltr'><strong>ea:</strong></span> <span class='ocrx_word' id='word_1_192' title='bbox 2492 1603 2658 1665; x_wconf 84' lang='lat' dir='ltr'><strong>Filio,</strong></span> <span class='ocrx_word' id='word_1_193' title='bbox 2695 1620 2883 1676; x_wconf 83' lang='lat' dir='ltr'><strong><em>perque</em></strong></span> <span class='ocrx_word' id='word_1_194' title='bbox 2918 1605 3160 1670; x_wconf 70' lang='lat' dir='ltr'><strong>Filium;</strong></span> <span class='ocrx_word' id='word_1_195' title='bbox 3189 1605 3255 1659; x_wconf 88' lang='lat' dir='ltr'><strong>de</strong></span> <span class='ocrx_word' id='word_1_196' title='bbox 3289 1621 3450 1658; x_wconf 75' lang='lat' dir='ltr'><strong>causa</strong></span> <span class='ocrx_word' id='word_1_197' title='bbox 3492 1623 3505 1658; x_wconf 86' lang='lat'><strong>:</strong></span> <span class='ocrx_word' id='word_1_198' title='bbox 3542 1606 3612 1657; x_wconf 88' lang='lat' dir='ltr'><strong>de</strong></span> 
     </span>
    </p>
   </div>
   <div class='ocr_carea' id='block_1_28' title="bbox 2021 1695 3610 1766">
    <p class='ocr_par' dir='ltr' id='par_1_28' title="bbox 2021 1695 3610 1766">
     <span class='ocr_line' id='line_1_29' title="bbox 2021 1695 3610 1766; baseline -0.003 -15"><span class='ocrx_word' id='word_1_199' title='bbox 2021 1696 2162 1761; x_wconf 79' lang='lat' dir='ltr'><strong>solo,</strong></span> <span class='ocrx_word' id='word_1_200' title='bbox 2199 1696 2346 1766; x_wconf 85' lang='lat' dir='ltr'><strong>quod</strong></span> <span class='ocrx_word' id='word_1_201' title='bbox 2390 1696 2529 1750; x_wconf 90' lang='lat' dir='ltr'><strong>idem</strong></span> <span class='ocrx_word' id='word_1_202' title='bbox 2573 1707 2657 1750; x_wconf 76' lang='lat' dir='ltr'><strong>est</strong></span> <span class='ocrx_word' id='word_1_203' title='bbox 2698 1712 2763 1751; x_wconf 92' lang='lat' dir='ltr'><strong>ac</strong></span> <span class='ocrx_word' id='word_1_204' title='bbox 2802 1698 2914 1751; x_wconf 87' lang='lat' dir='ltr'><strong>sola</strong></span> <span class='ocrx_word' id='word_1_205' title='bbox 2960 1713 3159 1762; x_wconf 87' lang='lat' dir='ltr'><strong>causa;</strong></span> <span class='ocrx_word' id='word_1_206' title='bbox 3199 1708 3366 1760; x_wconf 83' lang='lat' dir='ltr'><strong>utque</strong></span> <span class='ocrx_word' id='word_1_207' title='bbox 3411 1711 3474 1748; x_wconf 80' lang='lat' dir='ltr'><strong>ex</strong></span> <span class='ocrx_word' id='word_1_208' title='bbox 3524 1695 3610 1748; x_wconf 86' lang='lat' dir='ltr'><strong>his</strong></span> 
     </span>
    </p>
   </div>
   <div class='ocr_carea' id='block_1_29' title="bbox 340 1784 1934 1872">
    <p class='ocr_par' dir='ltr' id='par_1_29' title="bbox 340 1786 1918 1861">
     <span class='ocr_line' id='line_1_30' title="bbox 340 1786 1918 1861; baseline -0.003 -18"><span class='ocrx_word' id='word_1_209' title='bbox 340 1792 462 1861; x_wconf 80' lang='grc' dir='ltr'>μιᾷ,</span> <span class='ocrx_word' id='word_1_210' title='bbox 494 1790 622 1860; x_wconf 74' lang='grc' dir='ltr'>περὶ</span> <span class='ocrx_word' id='word_1_211' title='bbox 646 1788 739 1841; x_wconf 81' lang='grc' dir='ltr'><strong>τοῦ</strong></span> <span class='ocrx_word' id='word_1_212' title='bbox 767 1789 916 1851; x_wconf 83' lang='grc' dir='ltr'>ὅπως</span> <span class='ocrx_word' id='word_1_213' title='bbox 961 1789 1068 1841; x_wconf 87' lang='grc' dir='ltr'><strong>κάκ</strong></span> <span class='ocrx_word' id='word_1_214' title='bbox 1122 1786 1291 1840; x_wconf 86' lang='grc' dir='ltr'>τῶνδε</span> <span class='ocrx_word' id='word_1_215' title='bbox 1324 1789 1433 1850; x_wconf 86' lang='grc' dir='ltr'>τοῖς</span> <span class='ocrx_word' id='word_1_216' title='bbox 1464 1787 1853 1859; x_wconf 80' lang='grc' dir='ltr'>θεοφάντορσιν</span> <span class='ocrx_word' id='word_1_217' title='bbox 1884 1788 1918 1855; x_wconf 80' lang='grc' dir='ltr'><strong>ἡ</strong></span> 
     </span>
    </p>
   </div>
   <div class='ocr_carea' id='block_1_30' title="bbox 2040 1784 3612 1872">
    <p class='ocr_par' dir='ltr' id='par_1_30' title="bbox 2040 1784 3612 1853">
     <span class='ocr_line' id='line_1_31' title="bbox 2040 1784 3612 1853; baseline -0.002 -17"><span class='ocrx_word' id='word_1_218' title='bbox 2040 1798 2242 1853; x_wconf 66' lang='lat' dir='ltr'><strong>[noque</strong></span> <span class='ocrx_word' id='word_1_219' title='bbox 2282 1798 2518 1838; x_wconf 87' lang='lat' dir='ltr'><strong>concors</strong></span> <span class='ocrx_word' id='word_1_220' title='bbox 2555 1798 2620 1838; x_wconf 85' lang='lat' dir='ltr'><strong>ac</strong></span> <span class='ocrx_word' id='word_1_221' title='bbox 2657 1786 2792 1837; x_wconf 86' lang='lat' dir='ltr'><strong><em>nihil</em></strong></span> <span class='ocrx_word' id='word_1_222' title='bbox 2832 1786 3131 1845; x_wconf 83' lang='lat' dir='ltr'><strong>adversans</strong></span> <span class='ocrx_word' id='word_1_223' title='bbox 3174 1786 3483 1839; x_wconf 74' lang='lat' dir='ltr'><strong>divinorum</strong></span> <span class='ocrx_word' id='word_1_224' title='bbox 3524 1784 3612 1835; x_wconf 86' lang='lat' dir='ltr'><strong>ir.-</strong></span> 
     </span>
    </p>
   </div>
   <div class='ocr_carea' id='block_1_31' title="bbox 339 1874 1920 1952">
    <p class='ocr_par' dir='ltr' id='par_1_31' title="bbox 339 1874 1920 1952">
     <span class='ocr_line' id='line_1_32' title="bbox 339 1874 1920 1952; baseline -0.004 -17"><span class='ocrx_word' id='word_1_225' title='bbox 339 1881 631 1952; x_wconf 77' lang='grc' dir='ltr'>σύμφωνος</span> <span class='ocrx_word' id='word_1_226' title='bbox 658 1878 1047 1948; x_wconf 85' lang='grc' dir='ltr'>ἁπαστράπτει</span> <span class='ocrx_word' id='word_1_227' title='bbox 1084 1877 1178 1930; x_wconf 78' lang='grc' dir='ltr'>καὶ</span> <span class='ocrx_word' id='word_1_228' title='bbox 1225 1877 1300 1946; x_wconf 84' lang='grc' dir='ltr'>μὴ</span> <span class='ocrx_word' id='word_1_229' title='bbox 1356 1877 1744 1946; x_wconf 79' lang='grc' dir='ltr'>ἐναντιουμένη</span> <span class='ocrx_word' id='word_1_230' title='bbox 1802 1874 1920 1929; x_wconf 85' lang='grc' dir='ltr'>διά-</span> 
     </span>
    </p>
   </div>
   <div class='ocr_carea' id='block_1_32' title="bbox 337 1966 1927 2038">
    <p class='ocr_par' dir='ltr' id='par_1_32' title="bbox 337 1966 1927 2038">
     <span class='ocr_line' id='line_1_33' title="bbox 337 1966 1927 2038; baseline -0.003 -14"><span class='ocrx_word' id='word_1_231' title='bbox 337 1988 477 2025; x_wconf 87' lang='grc' dir='ltr'>νοια.</span> <span class='ocrx_word' id='word_1_232' title='bbox 514 1971 577 2023; x_wconf 88' lang='grc' dir='ltr'><strong>Οἱ</strong></span> <span class='ocrx_word' id='word_1_233' title='bbox 607 1969 660 2023; x_wconf 88' lang='grc' dir='ltr'><strong>δέ</strong></span> <span class='ocrx_word' id='word_1_234' title='bbox 691 1969 788 2024; x_wconf 75' lang='grc' dir='ltr'>καὶ</span> <span class='ocrx_word' id='word_1_235' title='bbox 816 1967 989 2022; x_wconf 83' lang='grc' dir='ltr'>ταῦτα</span> <span class='ocrx_word' id='word_1_236' title='bbox 1017 1966 1151 2038; x_wconf 77' lang='grc' dir='ltr'>πρὸς</span> <span class='ocrx_word' id='word_1_237' title='bbox 1190 1967 1395 2037; x_wconf 79' lang='grc' dir='ltr'>ἄλληλα</span> <span class='ocrx_word' id='word_1_238' title='bbox 1447 1966 1557 2021; x_wconf 86' lang='grc' dir='ltr'>τῶν</span> <span class='ocrx_word' id='word_1_239' title='bbox 1613 1966 1927 2037; x_wconf 82' lang='grc' dir='ltr'>ἀντικειμέ-</span> 
     </span>
    </p>
   </div>
   <div class='ocr_carea' id='block_1_33' title="bbox 336 2056 1927 2129">
    <p class='ocr_par' dir='ltr' id='par_1_33' title="bbox 336 2056 1927 2129">
     <span class='ocr_line' id='line_1_34' title="bbox 336 2056 1927 2129; baseline -0.004 -12"><span class='ocrx_word' id='word_1_240' title='bbox 336 2080 445 2117; x_wconf 87' lang='grc' dir='ltr'><strong>νων</strong></span> <span class='ocrx_word' id='word_1_241' title='bbox 500 2059 855 2125; x_wconf 84' lang='grc' dir='ltr'>δεικνύουσι,</span> <span class='ocrx_word' id='word_1_242' title='bbox 925 2058 1020 2113; x_wconf 77' lang='grc' dir='ltr'>καὶ</span> <span class='ocrx_word' id='word_1_243' title='bbox 1077 2057 1144 2111; x_wconf 79' lang='grc' dir='ltr'>τὰ</span> <span class='ocrx_word' id='word_1_244' title='bbox 1194 2056 1424 2129; x_wconf 71' lang='grc' dir='ltr'>δεύτερα</span> <span class='ocrx_word' id='word_1_245' title='bbox 1484 2057 1594 2111; x_wconf 86' lang='grc' dir='ltr'>τῶν</span> <span class='ocrx_word' id='word_1_246' title='bbox 1646 2056 1927 2129; x_wconf 80' lang='grc' dir='ltr'><em>προτέρων</em></span> 
     </span>
    </p>
   </div>
   <div class='ocr_carea' id='block_1_34' title="bbox 337 2147 1927 2223">
    <p class='ocr_par' dir='ltr' id='par_1_34' title="bbox 337 2147 1927 2223">
     <span class='ocr_line' id='line_1_35' title="bbox 337 2147 1927 2223; baseline -0.005 -15"><span class='ocrx_word' id='word_1_247' title='bbox 337 2151 660 2223; x_wconf 70' lang='grc' dir='ltr'>ἀναιρετικά</span> <span class='ocrx_word' id='word_1_248' title='bbox 715 2148 1095 2221; x_wconf 82' lang='grc' dir='ltr'>σφοδροτάτως</span> <span class='ocrx_word' id='word_1_249' title='bbox 1145 2147 1533 2220; x_wconf 84' lang='grc' dir='ltr'>παραδιδόασι.</span> <span class='ocrx_word' id='word_1_250' title='bbox 1584 2147 1695 2200; x_wconf 77' lang='grc' dir='ltr'><strong>Καὶ</strong></span> <span class='ocrx_word' id='word_1_251' title='bbox 1734 2147 1927 2218; x_wconf 83' lang='grc' dir='ltr'>πρῶτα</span> 
     </span>
    </p>
   </div>
   <div class='ocr_carea' id='block_1_35' title="bbox 342 2238 1929 2314">
    <p class='ocr_par' dir='ltr' id='par_1_35' title="bbox 342 2238 1929 2314">
     <span class='ocr_line' id='line_1_36' title="bbox 342 2238 1929 2314; baseline -0.004 -15"><span class='ocrx_word' id='word_1_252' title='bbox 342 2244 442 2314; x_wconf 86' lang='grc' dir='ltr'><strong>μέν</strong></span> <span class='ocrx_word' id='word_1_253' title='bbox 464 2243 539 2308; x_wconf 84' lang='grc' dir='ltr'>ὡς</span> <span class='ocrx_word' id='word_1_254' title='bbox 569 2243 800 2298; x_wconf 79' lang='grc' dir='ltr'>καθόλου</span> <span class='ocrx_word' id='word_1_255' title='bbox 852 2242 1113 2312; x_wconf 75' lang='grc' dir='ltr'><strong>φαίημεν,</strong></span> <span class='ocrx_word' id='word_1_256' title='bbox 1147 2241 1230 2304; x_wconf 89' lang='grc' dir='ltr'><strong>τίς</strong></span> <span class='ocrx_word' id='word_1_257' title='bbox 1260 2240 1378 2311; x_wconf 77' lang='grc' dir='ltr'><strong>ἠέκ</strong></span> <span class='ocrx_word' id='word_1_258' title='bbox 1408 2240 1517 2293; x_wconf 84' lang='grc' dir='ltr'>τῶν</span> <span class='ocrx_word' id='word_1_259' title='bbox 1552 2238 1929 2301; x_wconf 76' lang='grc' dir='ltr'><strong>προτεθέντων</strong></span> 
     </span>
    </p>
   </div>
   <div class='ocr_carea' id='block_1_36' title="bbox 338 2329 1930 2403">
    <p class='ocr_par' dir='ltr' id='par_1_36' title="bbox 338 2329 1930 2403">
     <span class='ocr_line' id='line_1_37' title="bbox 338 2329 1930 2403; baseline -0.004 -16"><span class='ocrx_word' id='word_1_260' title='bbox 338 2332 576 2388; x_wconf 79' lang='grc' dir='ltr'>ἐνταῦθα</span> <span class='ocrx_word' id='word_1_261' title='bbox 614 2332 753 2403; x_wconf 77' lang='grc' dir='ltr'>πρὸς</span> <span class='ocrx_word' id='word_1_262' title='bbox 777 2330 873 2385; x_wconf 84' lang='grc' dir='ltr'><strong>τοῦ</strong></span> <span class='ocrx_word' id='word_1_263' title='bbox 909 2331 1160 2401; x_wconf 83' lang='grc' dir='ltr'>μάκαρος</span> <span class='ocrx_word' id='word_1_264' title='bbox 1188 2329 1495 2396; x_wconf 87' lang='grc' dir='ltr'>σύστασις;</span> <span class='ocrx_word' id='word_1_265' title='bbox 1552 2330 1650 2394; x_wconf 86' lang='grc' dir='ltr'>Τίς</span> <span class='ocrx_word' id='word_1_266' title='bbox 1684 2330 1717 2401; x_wconf 81' lang='grc' dir='ltr'>ἠ</span> <span class='ocrx_word' id='word_1_267' title='bbox 1755 2329 1930 2384; x_wconf 83' lang='grc' dir='ltr'>δικαί-</span> 
     </span>
    </p>
   </div>
   <div class='ocr_carea' id='block_1_37' title="bbox 339 2420 1928 2494">
    <p class='ocr_par' dir='ltr' id='par_1_37' title="bbox 339 2420 1928 2494">
     <span class='ocr_line' id='line_1_38' title="bbox 339 2420 1928 2494; baseline -0.003 -15"><span class='ocrx_word' id='word_1_268' title='bbox 339 2442 474 2489; x_wconf 86' lang='grc' dir='ltr'>ωσις</span> <span class='ocrx_word' id='word_1_269' title='bbox 501 2424 611 2477; x_wconf 84' lang='grc' dir='ltr'>τῶν</span> <span class='ocrx_word' id='word_1_270' title='bbox 639 2423 873 2494; x_wconf 80' lang='grc' dir='ltr'><strong>πρώτως</strong></span> <span class='ocrx_word' id='word_1_271' title='bbox 899 2421 1294 2493; x_wconf 72' lang='grc' dir='ltr'>ἐργασαμένων</span> <span class='ocrx_word' id='word_1_272' title='bbox 1345 2421 1405 2473; x_wconf 81' lang='grc' dir='ltr'>τὸ</span> <span class='ocrx_word' id='word_1_273' title='bbox 1447 2420 1671 2492; x_wconf 82' lang='grc' dir='ltr'>σχίσμα,</span> <span class='ocrx_word' id='word_1_274' title='bbox 1703 2423 1801 2475; x_wconf 76' lang='grc' dir='ltr'>καὶ</span> <span class='ocrx_word' id='word_1_275' title='bbox 1822 2421 1928 2475; x_wconf 85' lang='grc' dir='ltr'><strong>τῶν</strong></span> 
     </span>
    </p>
   </div>
   <div class='ocr_carea' id='block_1_38' title="bbox 340 2512 1930 2586">
    <p class='ocr_par' dir='ltr' id='par_1_38' title="bbox 340 2512 1930 2586">
     <span class='ocr_line' id='line_1_39' title="bbox 340 2512 1930 2586; baseline -0.004 -14"><span class='ocrx_word' id='word_1_276' title='bbox 340 2516 436 2572; x_wconf 81' lang='grc' dir='ltr'>νῦν</span> <span class='ocrx_word' id='word_1_277' title='bbox 496 2514 869 2586; x_wconf 82' lang='grc' dir='ltr'>αὐξησάντων,</span> <span class='ocrx_word' id='word_1_278' title='bbox 929 2514 1024 2567; x_wconf 69' lang='grc' dir='ltr'>καὶ</span> <span class='ocrx_word' id='word_1_279' title='bbox 1058 2513 1411 2582; x_wconf 74' lang='grc' dir='ltr'>καθεκάστην</span> <span class='ocrx_word' id='word_1_280' title='bbox 1464 2512 1833 2579; x_wconf 80' lang='grc' dir='ltr'>αὐξανόντων,</span> <span class='ocrx_word' id='word_1_281' title='bbox 1874 2513 1930 2577; x_wconf 90' lang='grc' dir='ltr'><strong>ἐς</strong></span> 
     </span>
    </p>
   </div>
   <div class='ocr_carea' id='block_1_39' title="bbox 340 2604 1931 2678">
    <p class='ocr_par' dir='ltr' id='par_1_39' title="bbox 340 2604 1931 2678">
     <span class='ocr_line' id='line_1_40' title="bbox 340 2604 1931 2678; baseline -0.003 -15"><span class='ocrx_word' id='word_1_282' title='bbox 340 2608 622 2671; x_wconf 82' lang='grc' dir='ltr'>τοσοῦτον,</span> <span class='ocrx_word' id='word_1_283' title='bbox 652 2607 728 2670; x_wconf 82' lang='grc' dir='ltr'><strong>ὡς</strong></span> <span class='ocrx_word' id='word_1_284' title='bbox 762 2606 836 2678; x_wconf 83' lang='grc' dir='ltr'>μὴ</span> <span class='ocrx_word' id='word_1_285' title='bbox 872 2606 932 2660; x_wconf 81' lang='grc' dir='ltr'>τὺ</span> <span class='ocrx_word' id='word_1_286' title='bbox 959 2605 1055 2660; x_wconf 77' lang='grc' dir='ltr'>ἀπ’</span> <span class='ocrx_word' id='word_1_287' title='bbox 1109 2605 1335 2659; x_wconf 79' lang='grc' dir='ltr'>ἐκείνων</span> <span class='ocrx_word' id='word_1_288' title='bbox 1387 2604 1698 2672; x_wconf 78' lang='grc' dir='ltr'>λογίζεσθαι</span> <span class='ocrx_word' id='word_1_289' title='bbox 1726 2604 1931 2676; x_wconf 80' lang='grc' dir='ltr'>σχίσμα</span> 
     </span>
    </p>
   </div>
   <div class='ocr_carea' id='block_1_40' title="bbox 343 2696 1929 2771">
    <p class='ocr_par' dir='ltr' id='par_1_40' title="bbox 343 2696 1929 2771">
     <span class='ocr_line' id='line_1_41' title="bbox 343 2696 1929 2771; baseline -0.003 -17"><span class='ocrx_word' id='word_1_290' title='bbox 343 2700 558 2771; x_wconf 84' lang='grc' dir='ltr'>σχεδὸν,</span> <span class='ocrx_word' id='word_1_291' title='bbox 595 2698 710 2753; x_wconf 83' lang='grc' dir='ltr'>ἀλλ’</span> <span class='ocrx_word' id='word_1_292' title='bbox 740 2699 775 2769; x_wconf 82' lang='grc' dir='ltr'>ἢ</span> <span class='ocrx_word' id='word_1_293' title='bbox 804 2698 1140 2769; x_wconf 87' lang='grc' dir='ltr'>λογομαχίαν</span> <span class='ocrx_word' id='word_1_294' title='bbox 1161 2697 1300 2769; x_wconf 88' lang='grc' dir='ltr'>μετά</span> <span class='ocrx_word' id='word_1_295' title='bbox 1315 2715 1475 2751; x_wconf 85' lang='grc' dir='ltr'>τινων</span> <span class='ocrx_word' id='word_1_296' title='bbox 1506 2696 1741 2765; x_wconf 79' lang='grc' dir='ltr'>ὒὸρεων,</span> <span class='ocrx_word' id='word_1_297' title='bbox 1770 2697 1929 2750; x_wconf 89' lang='grc' dir='ltr'>όποία</span> 
     </span>
    </p>
   </div>
   <div class='ocr_carea' id='block_1_41' title="bbox 341 2787 1933 2860">
    <p class='ocr_par' dir='ltr' id='par_1_41' title="bbox 341 2787 1933 2860">
     <span class='ocr_line' id='line_1_42' title="bbox 341 2787 1933 2860; baseline -0.003 -15"><span class='ocrx_word' id='word_1_298' title='bbox 341 2792 436 2845; x_wconf 76' lang='grc' dir='ltr'>καὶ</span> <span class='ocrx_word' id='word_1_299' title='bbox 466 2792 648 2855; x_wconf 78' lang='grc' dir='ltr'>αὐτοῖς</span> <span class='ocrx_word' id='word_1_300' title='bbox 703 2791 814 2853; x_wconf 81' lang='grc' dir='ltr'>τοῖς</span> <span class='ocrx_word' id='word_1_301' title='bbox 868 2789 927 2855; x_wconf 80' lang='grc' dir='ltr'>ἐξ</span> <span class='ocrx_word' id='word_1_302' title='bbox 980 2788 1210 2860; x_wconf 76' lang='grc' dir='ltr'>αἵματος</span> <span class='ocrx_word' id='word_1_303' title='bbox 1267 2788 1542 2858; x_wconf 86' lang='grc' dir='ltr'>όμογνίοις</span> <span class='ocrx_word' id='word_1_304' title='bbox 1578 2788 1735 2841; x_wconf 87' lang='grc' dir='ltr'>είωθε</span> <span class='ocrx_word' id='word_1_305' title='bbox 1786 2787 1933 2857; x_wconf 84' lang='grc' dir='ltr'>γίνε-</span> 
     </span>
    </p>
   </div>
   <div class='ocr_carea' id='block_1_42' title="bbox 344 2872 1931 2950">
    <p class='ocr_par' dir='ltr' id='par_1_42' title="bbox 344 2872 1931 2950">
     <span class='ocr_line' id='line_1_43' title="bbox 344 2872 1931 2950; baseline -0.002 -14"><span class='ocrx_word' id='word_1_306' title='bbox 344 2882 508 2936; x_wconf 81' lang='grc' dir='ltr'>σθαι’</span> <span class='ocrx_word' id='word_1_307' title='bbox 560 2880 868 2946; x_wconf 83' lang='grc' dir='ltr'>κοινωνίαις</span> <span class='ocrx_word' id='word_1_308' title='bbox 925 2880 983 2934; x_wconf 84' lang='grc' dir='ltr'><strong>δέ</strong></span> <span class='ocrx_word' id='word_1_309' title='bbox 1040 2872 1444 2949; x_wconf 69' lang='grc' dir='ltr'>στοιχεῖν’τα⁴ίς</span> <span class='ocrx_word' id='word_1_310' title='bbox 1508 2878 1569 2944; x_wconf 78' lang='grc' dir='ltr'>ἐξ</span> <span class='ocrx_word' id='word_1_311' title='bbox 1618 2878 1797 2950; x_wconf 75' lang='grc' dir='ltr'>ἔργων</span> <span class='ocrx_word' id='word_1_312' title='bbox 1851 2881 1931 2942; x_wconf 86' lang='grc' dir='ltr'><strong>είς</strong></span> 
     </span>
    </p>
   </div>
   <div class='ocr_carea' id='block_1_43' title="bbox 344 2970 1931 3045">
    <p class='ocr_par' dir='ltr' id='par_1_43' title="bbox 344 2970 1931 3045">
     <span class='ocr_line' id='line_1_44' title="bbox 344 2970 1931 3045; baseline -0.002 -17"><span class='ocrx_word' id='word_1_313' title='bbox 344 2973 513 3038; x_wconf 78' lang='grc' dir='ltr'>ἀπαν,</span> <span class='ocrx_word' id='word_1_314' title='bbox 547 2974 644 3029; x_wconf 68' lang='grc' dir='ltr'><strong>καὶ</strong></span> <span class='ocrx_word' id='word_1_315' title='bbox 674 2974 866 3045; x_wconf 80' lang='grc' dir='ltr'><strong>μέχρις</strong></span> <span class='ocrx_word' id='word_1_316' title='bbox 896 2972 1078 3027; x_wconf 83' lang='grc' dir='ltr'>αὐτῶν</span> <span class='ocrx_word' id='word_1_317' title='bbox 1108 2971 1421 3043; x_wconf 76' lang='grc' dir='ltr'>ἱερατικῶν,</span> <span class='ocrx_word' id='word_1_318' title='bbox 1453 2970 1482 3025; x_wconf 80' lang='grc' dir='ltr'>ὃ</span> <span class='ocrx_word' id='word_1_319' title='bbox 1508 2971 1666 3038; x_wconf 79' lang='grc' dir='ltr'>δῆλον</span> <span class='ocrx_word' id='word_1_320' title='bbox 1712 2972 1762 3024; x_wconf 71' lang='grc' dir='ltr'>εἰ</span> <span class='ocrx_word' id='word_1_321' title='bbox 1816 2978 1931 3040; x_wconf 87' lang='grc' dir='ltr'>μετ’</span> 
     </span>
    </p>
   </div>
   <div class='ocr_carea' id='block_1_44' title="bbox 342 3063 1933 3137">
    <p class='ocr_par' dir='ltr' id='par_1_44' title="bbox 342 3063 1933 3137">
     <span class='ocr_line' id='line_1_45' title="bbox 342 3063 1933 3137; baseline -0.003 -16"><span class='ocrx_word' id='word_1_322' title='bbox 342 3067 576 3137; x_wconf 79' lang='grc' dir='ltr'>ἀληθοῦς</span> <span class='ocrx_word' id='word_1_323' title='bbox 601 3066 899 3131; x_wconf 72' lang='grc' dir='ltr'><strong>ἐξετάσεως</strong></span> <span class='ocrx_word' id='word_1_324' title='bbox 932 3064 1174 3119; x_wconf 77' lang='grc' dir='ltr'>κατιδεῖν</span> <span class='ocrx_word' id='word_1_325' title='bbox 1212 3063 1500 3135; x_wconf 78' lang='grc' dir='ltr'><strong>βουληθείη</strong></span> <span class='ocrx_word' id='word_1_326' title='bbox 1536 3080 1644 3126; x_wconf 90' lang='grc' dir='ltr'>τις.</span> <span class='ocrx_word' id='word_1_327' title='bbox 1679 3063 1819 3116; x_wconf 89' lang='grc' dir='ltr'>Ποία</span> <span class='ocrx_word' id='word_1_328' title='bbox 1848 3080 1933 3127; x_wconf 90' lang='grc' dir='ltr'><strong>τις</strong></span> 
     </span>
    </p>
   </div>
   <div class='ocr_carea' id='block_1_45' title="bbox 2030 1872 3616 1945">
    <p class='ocr_par' dir='ltr' id='par_1_45' title="bbox 2030 1872 3616 1945">
     <span class='ocr_line' id='line_1_46' title="bbox 2030 1872 3616 1945; baseline -0.003 -15"><span class='ocrx_word' id='word_1_329' title='bbox 2030 1885 2333 1945; x_wconf 89' lang='lat' dir='ltr'><strong>terpretum</strong></span> <span class='ocrx_word' id='word_1_330' title='bbox 2386 1878 2656 1931; x_wconf 90' lang='lat' dir='ltr'><strong>sententia</strong></span> <span class='ocrx_word' id='word_1_331' title='bbox 2709 1878 2931 1931; x_wconf 83' lang='lat' dir='ltr'><strong>clareat.</strong></span> <span class='ocrx_word' id='word_1_332' title='bbox 2982 1874 3061 1929; x_wconf 89' lang='lat' dir='ltr'><strong>Illi</strong></span> <span class='ocrx_word' id='word_1_333' title='bbox 3114 1889 3275 1935; x_wconf 80' lang='lat' dir='ltr'><strong>vero,</strong></span> <span class='ocrx_word' id='word_1_334' title='bbox 3323 1890 3446 1928; x_wconf 73' lang='lat' dir='ltr'><strong>rum</strong></span> <span class='ocrx_word' id='word_1_335' title='bbox 3494 1872 3616 1926; x_wconf 77' lang='lat' dir='ltr'><strong>bace</strong></span> 
     </span>
    </p>
   </div>
   <div class='ocr_carea' id='block_1_46' title="bbox 2030 1965 3612 2034">
    <p class='ocr_par' dir='ltr' id='par_1_46' title="bbox 2030 1965 3612 2034">
     <span class='ocr_line' id='line_1_47' title="bbox 2030 1965 3612 2034; baseline -0.001 -15"><span class='ocrx_word' id='word_1_336' title='bbox 2030 1965 2261 2020; x_wconf 88' lang='lat' dir='ltr'><strong>invicem</strong></span> <span class='ocrx_word' id='word_1_337' title='bbox 2313 1968 2588 2020; x_wconf 84' lang='lat' dir='ltr'><strong>contraria</strong></span> <span class='ocrx_word' id='word_1_338' title='bbox 2633 1967 2963 2028; x_wconf 87' lang='lat' dir='ltr'><strong>ostendunt,</strong></span> <span class='ocrx_word' id='word_1_339' title='bbox 3012 1975 3123 2020; x_wconf 86' lang='lat' dir='ltr'><strong>tum</strong></span> <span class='ocrx_word' id='word_1_340' title='bbox 3174 1965 3466 2034; x_wconf 81' lang='lat' dir='ltr'><strong>postremis</strong></span> <span class='ocrx_word' id='word_1_341' title='bbox 3513 1965 3612 2018; x_wconf 91' lang='lat' dir='ltr'><strong>de-</strong></span> 
     </span>
    </p>
   </div>
   <div class='ocr_carea' id='block_1_47' title="bbox 2028 2056 3611 2127">
    <p class='ocr_par' dir='ltr' id='par_1_47' title="bbox 2028 2056 3611 2127">
     <span class='ocr_line' id='line_1_48' title="bbox 2028 2056 3611 2127; baseline -0.002 -17"><span class='ocrx_word' id='word_1_342' title='bbox 2028 2057 2169 2111; x_wconf 88' lang='lat' dir='ltr'><strong>strui</strong></span> <span class='ocrx_word' id='word_1_343' title='bbox 2202 2056 2386 2127; x_wconf 85' lang='lat' dir='ltr'><strong>priora</strong></span> <span class='ocrx_word' id='word_1_344' title='bbox 2418 2059 2684 2112; x_wconf 80' lang='lat' dir='ltr'><strong>acerrime</strong></span> <span class='ocrx_word' id='word_1_345' title='bbox 2714 2058 3074 2113; x_wconf 90' lang='lat' dir='ltr'><strong>contendunt.</strong></span> <span class='ocrx_word' id='word_1_346' title='bbox 3107 2058 3183 2111; x_wconf 84' lang='lat' dir='ltr'><strong>Ac</strong></span> <span class='ocrx_word' id='word_1_347' title='bbox 3216 2058 3451 2127; x_wconf 86' lang='lat' dir='ltr'><strong>primum</strong></span> <span class='ocrx_word' id='word_1_348' title='bbox 3485 2056 3611 2124; x_wconf 78' lang='lat' dir='ltr'><strong>qni-</strong></span> 
     </span>
    </p>
   </div>
   <div class='ocr_carea' id='block_1_48' title="bbox 2029 2147 3613 2220">
    <p class='ocr_par' dir='ltr' id='par_1_48' title="bbox 2029 2147 3613 2220">
     <span class='ocr_line' id='line_1_49' title="bbox 2029 2147 3613 2220; baseline -0.001 -18"><span class='ocrx_word' id='word_1_349' title='bbox 2029 2147 2149 2202; x_wconf 90' lang='lat' dir='ltr'><strong>dem</strong></span> <span class='ocrx_word' id='word_1_350' title='bbox 2196 2157 2256 2202; x_wconf 91' lang='grc' dir='ltr'><strong>ιιι</strong></span> <span class='ocrx_word' id='word_1_351' title='bbox 2293 2148 2593 2203; x_wconf 85' lang='lat' dir='ltr'><strong>universim</strong></span> <span class='ocrx_word' id='word_1_352' title='bbox 2641 2149 2911 2213; x_wconf 84' lang='lat' dir='ltr'><strong>dicamus,</strong></span> <span class='ocrx_word' id='word_1_353' title='bbox 2954 2164 3204 2220; x_wconf 69' lang='lat' dir='ltr'><strong>quaenam</strong></span> <span class='ocrx_word' id='word_1_354' title='bbox 3253 2148 3340 2202; x_wconf 87' lang='lat' dir='ltr'><strong>hic</strong></span> <span class='ocrx_word' id='word_1_355' title='bbox 3379 2163 3408 2201; x_wconf 89' lang='lat' dir='ltr'><strong>a</strong></span> <span class='ocrx_word' id='word_1_356' title='bbox 3456 2148 3613 2201; x_wconf 58' lang='lat' dir='ltr'><strong>beato</strong></span> 
     </span>
    </p>
   </div>
   <div class='ocr_carea' id='block_1_49' title="bbox 2031 2238 3609 2309">
    <p class='ocr_par' dir='ltr' id='par_1_49' title="bbox 2031 2238 3609 2309">
     <span class='ocr_line' id='line_1_50' title="bbox 2031 2238 3609 2309; baseline -0.001 -16"><span class='ocrx_word' id='word_1_357' title='bbox 2031 2238 2148 2294; x_wconf 89' lang='lat' dir='ltr'><strong>viro</strong></span> <span class='ocrx_word' id='word_1_358' title='bbox 2180 2240 2569 2309; x_wconf 90' lang='lat' dir='ltr'><strong>productornm</strong></span> <span class='ocrx_word' id='word_1_359' title='bbox 2608 2240 2785 2293; x_wconf 83' lang='lat' dir='ltr'><strong>ratio?</strong></span> <span class='ocrx_word' id='word_1_360' title='bbox 2815 2239 3074 2306; x_wconf 65' lang='lat' dir='ltr'><strong>Quaenam</strong></span> <span class='ocrx_word' id='word_1_361' title='bbox 3111 2255 3301 2295; x_wconf 87' lang='lat' dir='ltr'><strong>eorum</strong></span> <span class='ocrx_word' id='word_1_362' title='bbox 3333 2238 3609 2306; x_wconf 81' lang='lat' dir='ltr'><strong>jnstilica-</strong></span> 
     </span>
    </p>
   </div>
   <div class='ocr_carea' id='block_1_50' title="bbox 2031 2331 3610 2402">
    <p class='ocr_par' dir='ltr' id='par_1_50' title="bbox 2031 2331 3610 2402">
     <span class='ocr_line' id='line_1_51' title="bbox 2031 2331 3610 2402; baseline -0.002 -16"><span class='ocrx_word' id='word_1_363' title='bbox 2031 2332 2107 2387; x_wconf 90' lang='lat' dir='ltr'><strong>tio</strong></span> <span class='ocrx_word' id='word_1_364' title='bbox 2150 2347 2164 2387; x_wconf 86' lang='lat'><strong>:</strong></span> <span class='ocrx_word' id='word_1_365' title='bbox 2207 2333 2299 2402; x_wconf 90' lang='lat' dir='ltr'><strong>qui</strong></span> <span class='ocrx_word' id='word_1_366' title='bbox 2346 2333 2509 2401; x_wconf 85' lang='lat' dir='ltr'><strong>primi</strong></span> <span class='ocrx_word' id='word_1_367' title='bbox 2555 2333 2866 2388; x_wconf 84' lang='lat' dir='ltr'><strong>conﬂarunt</strong></span> <span class='ocrx_word' id='word_1_368' title='bbox 2908 2331 3173 2399; x_wconf 73' lang='lat' dir='ltr'><strong>schisma,</strong></span> <span class='ocrx_word' id='word_1_369' title='bbox 3217 2331 3421 2400; x_wconf 81' lang='lat' dir='ltr'><strong>quique</strong></span> <span class='ocrx_word' id='word_1_370' title='bbox 3463 2344 3610 2383; x_wconf 82' lang='lat' dir='ltr'><strong>nunc</strong></span> 
     </span>
    </p>
   </div>
   <div class='ocr_carea' id='block_1_51' title="bbox 2031 2420 3613 2493">
    <p class='ocr_par' dir='ltr' id='par_1_51' title="bbox 2031 2420 3613 2493">
     <span class='ocr_line' id='line_1_52' title="bbox 2031 2420 3613 2493; baseline -0.004 -14"><span class='ocrx_word' id='word_1_371' title='bbox 2031 2432 2338 2486; x_wconf 79' lang='lat' dir='ltr'><strong>auxerunt,</strong></span> <span class='ocrx_word' id='word_1_372' title='bbox 2375 2424 2565 2492; x_wconf 90' lang='lat' dir='ltr'><strong>sicque</strong></span> <span class='ocrx_word' id='word_1_373' title='bbox 2601 2432 2799 2493; x_wconf 81' lang='lat' dir='ltr'><strong>augent</strong></span> <span class='ocrx_word' id='word_1_374' title='bbox 2836 2423 3111 2492; x_wconf 87' lang='lat' dir='ltr'><strong>quotidie,</strong></span> <span class='ocrx_word' id='word_1_375' title='bbox 3153 2430 3214 2475; x_wconf 92' lang='lat' dir='ltr'><strong>ut</strong></span> <span class='ocrx_word' id='word_1_376' title='bbox 3247 2436 3313 2474; x_wconf 90' lang='lat' dir='ltr'><strong>ne</strong></span> <span class='ocrx_word' id='word_1_377' title='bbox 3347 2423 3429 2474; x_wconf 82' lang='lat' dir='ltr'><strong>vel</strong></span> <span class='ocrx_word' id='word_1_378' title='bbox 3464 2420 3613 2474; x_wconf 79' lang='lat' dir='ltr'><strong>schi-</strong></span> 
     </span>
    </p>
   </div>
   <div class='ocr_carea' id='block_1_52' title="bbox 2032 2513 3614 2586">
    <p class='ocr_par' dir='ltr' id='par_1_52' title="bbox 2032 2513 3614 2586">
     <span class='ocr_line' id='line_1_53' title="bbox 2032 2513 3614 2586; baseline -0.008 -13"><span class='ocrx_word' id='word_1_379' title='bbox 2032 2532 2151 2573; x_wconf 88' lang='lat' dir='ltr'><strong>sma</strong></span> <span class='ocrx_word' id='word_1_380' title='bbox 2184 2516 2297 2571; x_wconf 80' lang='lat' dir='ltr'><strong>fere</strong></span> <span class='ocrx_word' id='word_1_381' title='bbox 2323 2517 2570 2571; x_wconf 86' lang='lat' dir='ltr'><strong>videatur</strong></span> <span class='ocrx_word' id='word_1_382' title='bbox 2598 2517 2742 2586; x_wconf 85' lang='lat' dir='ltr'><strong>quod</strong></span> <span class='ocrx_word' id='word_1_383' title='bbox 2772 2516 3126 2578; x_wconf 84' lang='lat' dir='ltr'><strong>induxerunt,</strong></span> <span class='ocrx_word' id='word_1_384' title='bbox 3158 2514 3250 2568; x_wconf 88' lang='lat' dir='ltr'><strong>sed</strong></span> <span class='ocrx_word' id='word_1_385' title='bbox 3286 2513 3457 2582; x_wconf 82' lang='lat' dir='ltr'><strong>magis</strong></span> <span class='ocrx_word' id='word_1_386' title='bbox 3486 2527 3614 2564; x_wconf 83' lang='lat' dir='ltr'><strong>ver-</strong></span> 
     </span>
    </p>
   </div>
   <div class='ocr_carea' id='block_1_53' title="bbox 2033 2605 3613 2679">
    <p class='ocr_par' dir='ltr' id='par_1_53' title="bbox 2033 2605 3613 2679">
     <span class='ocr_line' id='line_1_54' title="bbox 2033 2605 3613 2679; baseline -0.004 -16"><span class='ocrx_word' id='word_1_387' title='bbox 2033 2610 2225 2663; x_wconf 90' lang='lat' dir='ltr'><strong>borum</strong></span> <span class='ocrx_word' id='word_1_388' title='bbox 2258 2623 2438 2679; x_wconf 86' lang='lat' dir='ltr'><strong>pugna</strong></span> <span class='ocrx_word' id='word_1_389' title='bbox 2468 2608 2794 2679; x_wconf 87' lang='lat' dir='ltr'><strong>quibusdam</strong></span> <span class='ocrx_word' id='word_1_390' title='bbox 2818 2608 3051 2662; x_wconf 87' lang='lat' dir='ltr'><strong>admista</strong></span> <span class='ocrx_word' id='word_1_391' title='bbox 3075 2606 3352 2662; x_wconf 85' lang='lat' dir='ltr'><strong>atrocibus</strong></span> <span class='ocrx_word' id='word_1_392' title='bbox 3379 2605 3613 2672; x_wconf 86' lang='lat' dir='ltr'><strong>injuriis,</strong></span> 
     </span>
    </p>
   </div>
   <div class='ocr_carea' id='block_1_54' title="bbox 2035 2696 3614 2770">
    <p class='ocr_par' dir='ltr' id='par_1_54' title="bbox 2035 2696 3614 2770">
     <span class='ocr_line' id='line_1_55' title="bbox 2035 2696 3614 2770; baseline -0.006 -15"><span class='ocrx_word' id='word_1_393' title='bbox 2035 2702 2215 2770; x_wconf 84' lang='lat' dir='ltr'><strong>qualis</strong></span> <span class='ocrx_word' id='word_1_394' title='bbox 2244 2701 2405 2755; x_wconf 85' lang='lat' dir='ltr'><strong>etiam</strong></span> <span class='ocrx_word' id='word_1_395' title='bbox 2438 2701 2580 2755; x_wconf 89' lang='lat' dir='ltr'><strong>inter</strong></span> <span class='ocrx_word' id='word_1_396' title='bbox 2609 2711 2875 2770; x_wconf 85' lang='lat' dir='ltr'><strong>cognatos</strong></span> <span class='ocrx_word' id='word_1_397' title='bbox 2906 2716 2968 2752; x_wconf 86' lang='lat' dir='ltr'><strong>ac</strong></span> <span class='ocrx_word' id='word_1_398' title='bbox 3002 2699 3200 2752; x_wconf 82' lang='lat' dir='ltr'><strong>fratres</strong></span> <span class='ocrx_word' id='word_1_399' title='bbox 3231 2699 3371 2751; x_wconf 86' lang='lat' dir='ltr'><strong>solet</strong></span> <span class='ocrx_word' id='word_1_400' title='bbox 3398 2696 3614 2749; x_wconf 89' lang='lat' dir='ltr'><strong>contin-</strong></span> 
     </span>
    </p>
   </div>
   <div class='ocr_carea' id='block_1_55' title="bbox 2034 2789 3614 2863">
    <p class='ocr_par' dir='ltr' id='par_1_55' title="bbox 2034 2789 3614 2863">
     <span class='ocr_line' id='line_1_56' title="bbox 2034 2789 3614 2863; baseline -0.006 -17"><span class='ocrx_word' id='word_1_401' title='bbox 2034 2807 2180 2863; x_wconf 79' lang='lat' dir='ltr'><strong>gere,</strong></span> <span class='ocrx_word' id='word_1_402' title='bbox 2208 2807 2546 2863; x_wconf 85' lang='lat' dir='ltr'><strong>operumque</strong></span> <span class='ocrx_word' id='word_1_403' title='bbox 2571 2793 2794 2847; x_wconf 87' lang='lat' dir='ltr'><strong>omnino</strong></span> <span class='ocrx_word' id='word_1_404' title='bbox 2822 2791 3119 2855; x_wconf 88' lang='lat' dir='ltr'><strong>consortia,</strong></span> <span class='ocrx_word' id='word_1_405' title='bbox 3151 2789 3215 2843; x_wconf 87' lang='lat' dir='ltr'><strong>ad</strong></span> <span class='ocrx_word' id='word_1_406' title='bbox 3248 2803 3419 2857; x_wconf 79' lang='lat' dir='ltr'><strong>usque</strong></span> <span class='ocrx_word' id='word_1_407' title='bbox 3446 2789 3614 2841; x_wconf 86' lang='lat' dir='ltr'><strong>etiam</strong></span> 
     </span>
    </p>
   </div>
   <div class='ocr_carea' id='block_1_56' title="bbox 2036 2880 3619 2955">
    <p class='ocr_par' dir='ltr' id='par_1_56' title="bbox 2036 2880 3619 2955">
     <span class='ocr_line' id='line_1_57' title="bbox 2036 2880 3619 2955; baseline -0.007 -14"><span class='ocrx_word' id='word_1_408' title='bbox 2036 2885 2401 2941; x_wconf 79' lang='lat' dir='ltr'><strong>sacerdotalia</strong></span> <span class='ocrx_word' id='word_1_409' title='bbox 2435 2886 2685 2955; x_wconf 86' lang='lat' dir='ltr'><strong>sequitur</strong></span> <span class='ocrx_word' id='word_1_410' title='bbox 2722 2902 2736 2939; x_wconf 89' lang='lat'><strong>:</strong></span> <span class='ocrx_word' id='word_1_411' title='bbox 2773 2899 2838 2941; x_wconf 89' lang='lat' dir='ltr'><strong>ac</strong></span> <span class='ocrx_word' id='word_1_412' title='bbox 2876 2883 3079 2952; x_wconf 87' lang='lat' dir='ltr'><strong>liquet,</strong></span> <span class='ocrx_word' id='word_1_413' title='bbox 3116 2890 3175 2936; x_wconf 91' lang='lat' dir='ltr'><strong>ut</strong></span> <span class='ocrx_word' id='word_1_414' title='bbox 3210 2881 3331 2949; x_wconf 87' lang='lat' dir='ltr'><strong>quis</strong></span> <span class='ocrx_word' id='word_1_415' title='bbox 3367 2894 3492 2933; x_wconf 85' lang='lat' dir='ltr'><strong>vera</strong></span> <span class='ocrx_word' id='word_1_416' title='bbox 3535 2880 3619 2930; x_wconf 81' lang='lat' dir='ltr'><strong>in-</strong></span> 
     </span>
    </p>
   </div>
   <div class='ocr_carea' id='block_1_57' title="bbox 2035 2972 3619 3048">
    <p class='ocr_par' dir='ltr' id='par_1_57' title="bbox 2035 2972 3619 3048">
     <span class='ocr_line' id='line_1_58' title="bbox 2035 2972 3619 3048; baseline -0.003 -19"><span class='ocrx_word' id='word_1_417' title='bbox 2035 2975 2331 3048; x_wconf 84' lang='lat' dir='ltr'><strong>quisitione</strong></span> <span class='ocrx_word' id='word_1_418' title='bbox 2352 2976 2480 3031; x_wconf 77' lang='lat' dir='ltr'><strong>velit</strong></span> <span class='ocrx_word' id='word_1_419' title='bbox 2505 2976 2835 3046; x_wconf 84' lang='lat' dir='ltr'><strong>perspicere.</strong></span> <span class='ocrx_word' id='word_1_420' title='bbox 2859 2974 3117 3040; x_wconf 62' lang='lat' dir='ltr'><strong>Quaenam</strong></span> <span class='ocrx_word' id='word_1_421' title='bbox 3148 2972 3227 3027; x_wconf 65' lang='lat' dir='ltr'><strong>vel</strong></span> <span class='ocrx_word' id='word_1_422' title='bbox 3254 2973 3432 3040; x_wconf 85' lang='lat' dir='ltr'><strong>specie</strong></span> <span class='ocrx_word' id='word_1_423' title='bbox 3458 2980 3619 3024; x_wconf 77' lang='lat' dir='ltr'><strong>tenus</strong></span> 
     </span>
    </p>
   </div>
   <div class='ocr_carea' id='block_1_58' title="bbox 2036 3050 3619 3144">
    <p class='ocr_par' dir='ltr' id='par_1_58' title="bbox 2036 3050 3619 3144">
     <span class='ocr_line' id='line_1_59' title="bbox 2036 3050 3619 3144; baseline -0.005 -23"><span class='ocrx_word' id='word_1_424' title='bbox 2036 3080 2276 3135; x_wconf 78' lang='lat' dir='ltr'><strong>congrua</strong></span> <span class='ocrx_word' id='word_1_425' title='bbox 2314 3067 2452 3120; x_wconf 88' lang='lat' dir='ltr'><strong>ratio</strong></span> <span class='ocrx_word' id='word_1_426' title='bbox 2496 3083 2560 3144; x_wconf 63' lang='grc' dir='ltr'><strong>(ᾳ</strong></span> <span class='ocrx_word' id='word_1_427' title='bbox 2615 3068 2724 3135; x_wconf 84' lang='lat' dir='ltr'><strong>jam</strong></span> <span class='ocrx_word' id='word_1_428' title='bbox 2760 3050 3095 3137; x_wconf 67' lang='lat' dir='ltr'><strong>propositis?</strong></span> <span class='ocrx_word' id='word_1_429' title='bbox 3124 3064 3254 3120; x_wconf 87' lang='lat' dir='ltr'><strong>Post</strong></span> <span class='ocrx_word' id='word_1_430' title='bbox 3287 3072 3367 3118; x_wconf 87' lang='lat' dir='ltr'><strong>tot</strong></span> <span class='ocrx_word' id='word_1_431' title='bbox 3401 3064 3619 3133; x_wconf 81' lang='lat' dir='ltr'><strong>pietatis</strong></span> 
     </span>
    </p>
   </div>
   <div class='ocr_carea' id='block_1_59' title="bbox 345 3148 1934 3236">
    <p class='ocr_par' dir='ltr' id='par_1_59' title="bbox 345 3148 1933 3228">
     <span class='ocr_line' id='line_1_60' title="bbox 345 3148 1933 3228; baseline -0.004 -17"><span class='ocrx_word' id='word_1_432' title='bbox 345 3161 379 3228; x_wconf 76' lang='grc' dir='ltr'>ἡ</span> <span class='ocrx_word' id='word_1_433' title='bbox 419 3156 785 3228; x_wconf 77' lang='grc' dir='ltr'>εὐλογοφανῆς</span> <span class='ocrx_word' id='word_1_434' title='bbox 808 3155 958 3211; x_wconf 82' lang='grc' dir='ltr'>αίτία</span> <span class='ocrx_word' id='word_1_435' title='bbox 987 3155 1047 3221; x_wconf 82' lang='grc' dir='ltr'>ἐξ</span> <span class='ocrx_word' id='word_1_436' title='bbox 1074 3148 1148 3208; x_wconf 82' lang='grc' dir='ltr'>ὧν</span> <span class='ocrx_word' id='word_1_437' title='bbox 1173 3154 1607 3227; x_wconf 73' lang='grc' dir='ltr'>παρεθήκαμενς</span> <span class='ocrx_word' id='word_1_438' title='bbox 1632 3152 1789 3208; x_wconf 82' lang='grc' dir='ltr'><strong>Μετὰ</strong></span> <span class='ocrx_word' id='word_1_439' title='bbox 1806 3151 1933 3216; x_wconf 78' lang='grc' dir='ltr'>τοὺς</span> 
     </span>
    </p>
   </div>
   <div class='ocr_carea' id='block_1_60' title="bbox 2040 3148 3616 3236">
    <p class='ocr_par' dir='ltr' id='par_1_60' title="bbox 2040 3153 3616 3236">
     <span class='ocr_line' id='line_1_61' title="bbox 2040 3153 3616 3236; baseline -0.005 -25"><span class='ocrx_word' id='word_1_440' title='bbox 2040 3171 2166 3226; x_wconf 83' lang='lat' dir='ltr'><strong>ergo</strong></span> <span class='ocrx_word' id='word_1_441' title='bbox 2193 3157 2489 3212; x_wconf 78' lang='lat' dir='ltr'><strong>certamina</strong></span> <span class='ocrx_word' id='word_1_442' title='bbox 2519 3158 2835 3236; x_wconf 81' lang='lat' dir='ltr'><strong>luctasque,</strong></span> <span class='ocrx_word' id='word_1_443' title='bbox 2860 3171 2924 3211; x_wconf 86' lang='lat' dir='ltr'><strong>ac</strong></span> <span class='ocrx_word' id='word_1_444' title='bbox 2950 3156 3326 3227; x_wconf 85' lang='lat' dir='ltr'><strong>migrationem</strong></span> <span class='ocrx_word' id='word_1_445' title='bbox 3352 3154 3419 3208; x_wconf 89' lang='lat' dir='ltr'><strong>ad</strong></span> <span class='ocrx_word' id='word_1_446' title='bbox 3450 3153 3616 3206; x_wconf 83' lang='lat' dir='ltr'><strong>Deum</strong></span> 
     </span>
    </p>
   </div>
   <div class='ocr_carea' id='block_1_61' title="bbox 345 3244 1930 3322">
    <p class='ocr_par' dir='ltr' id='par_1_61' title="bbox 345 3244 1930 3322">
     <span class='ocr_line' id='line_1_62' title="bbox 345 3244 1930 3322; baseline -0.004 -18"><span class='ocrx_word' id='word_1_447' title='bbox 345 3250 488 3322; x_wconf 79' lang='grc' dir='ltr'>ὑπὲρ</span> <span class='ocrx_word' id='word_1_448' title='bbox 520 3248 802 3311; x_wconf 76' lang='grc' dir='ltr'>εὐσεϐείας</span> <span class='ocrx_word' id='word_1_449' title='bbox 841 3246 1082 3316; x_wconf 84' lang='grc' dir='ltr'>ἀγῶνας,</span> <span class='ocrx_word' id='word_1_450' title='bbox 1127 3246 1223 3298; x_wconf 77' lang='grc' dir='ltr'>καὶ</span> <span class='ocrx_word' id='word_1_451' title='bbox 1273 3245 1341 3298; x_wconf 81' lang='grc' dir='ltr'><strong>τὰ</strong></span> <span class='ocrx_word' id='word_1_452' title='bbox 1403 3244 1781 3315; x_wconf 82' lang='grc' dir='ltr'>παλαίσματα,</span> <span class='ocrx_word' id='word_1_453' title='bbox 1835 3244 1930 3297; x_wconf 74' lang='grc' dir='ltr'>καὶ</span> 
     </span>
    </p>
   </div>
   <div class='ocr_carea' id='block_1_62' title="bbox 345 3334 1927 3412">
    <p class='ocr_par' dir='ltr' id='par_1_62' title="bbox 345 3334 1927 3412">
     <span class='ocr_line' id='line_1_63' title="bbox 345 3334 1927 3412; baseline -0.003 -19"><span class='ocrx_word' id='word_1_454' title='bbox 345 3341 448 3412; x_wconf 79' lang='grc' dir='ltr'>τὴν</span> <span class='ocrx_word' id='word_1_455' title='bbox 477 3341 613 3412; x_wconf 74' lang='grc' dir='ltr'>πρὸς</span> <span class='ocrx_word' id='word_1_456' title='bbox 642 3339 773 3393; x_wconf 78' lang='grc' dir='ltr'>Θεὸν</span> <span class='ocrx_word' id='word_1_457' title='bbox 813 3337 1084 3408; x_wconf 73' lang='grc' dir='ltr'>ἐκδημίαν</span> <span class='ocrx_word' id='word_1_458' title='bbox 1109 3336 1364 3405; x_wconf 76' lang='grc' dir='ltr'>Μαξίμου</span> <span class='ocrx_word' id='word_1_459' title='bbox 1387 3335 1481 3390; x_wconf 78' lang='grc' dir='ltr'><strong>τοῦ</strong></span> <span class='ocrx_word' id='word_1_460' title='bbox 1507 3334 1927 3408; x_wconf 78' lang='grc' dir='ltr'>οὐρανόφρονος,</span> 
     </span>
    </p>
   </div>
   <div class='ocr_carea' id='block_1_63' title="bbox 346 3428 1932 3504">
    <p class='ocr_par' dir='ltr' id='par_1_63' title="bbox 346 3428 1932 3504">
     <span class='ocr_line' id='line_1_64' title="bbox 346 3428 1932 3504; baseline -0.002 -19"><span class='ocrx_word' id='word_1_461' title='bbox 346 3433 537 3504; x_wconf 76' lang='grc' dir='ltr'>χρόνος</span> <span class='ocrx_word' id='word_1_462' title='bbox 561 3430 851 3501; x_wconf 79' lang='grc' dir='ltr'>παρερρύη</span> <span class='ocrx_word' id='word_1_463' title='bbox 870 3429 1221 3501; x_wconf 77' lang='grc' dir='ltr'>τριακοστὸς,</span> <span class='ocrx_word' id='word_1_464' title='bbox 1251 3428 1348 3482; x_wconf 69' lang='grc' dir='ltr'>καὶ</span> <span class='ocrx_word' id='word_1_465' title='bbox 1388 3429 1421 3499; x_wconf 84' lang='grc' dir='ltr'>ἠ</span> <span class='ocrx_word' id='word_1_466' title='bbox 1460 3429 1545 3481; x_wconf 60' lang='grc' dir='ltr'><strong>ἐν,</strong></span> <span class='ocrx_word' id='word_1_467' title='bbox 1579 3428 1817 3492; x_wconf 80' lang='grc' dir='ltr'>συνόδοις</span> <span class='ocrx_word' id='word_1_468' title='bbox 1853 3429 1932 3482; x_wconf 88' lang='grc' dir='ltr'><strong>οί-</strong></span> 
     </span>
    </p>
   </div>
   <div class='ocr_carea' id='block_1_64' title="bbox 348 3519 1930 3592">
    <p class='ocr_par' dir='ltr' id='par_1_64' title="bbox 348 3519 1930 3592">
     <span class='ocr_line' id='line_1_65' title="bbox 348 3519 1930 3592; baseline -0.003 -17"><span class='ocrx_word' id='word_1_469' title='bbox 348 3524 704 3590; x_wconf 84' lang='grc' dir='ltr'>κουμενικαῖς</span> <span class='ocrx_word' id='word_1_470' title='bbox 742 3521 877 3592; x_wconf 76' lang='grc' dir='ltr'>ἕκτη</span> <span class='ocrx_word' id='word_1_471' title='bbox 917 3521 1287 3591; x_wconf 85' lang='grc' dir='ltr'>συνεκροτήθη</span> <span class='ocrx_word' id='word_1_472' title='bbox 1338 3519 1428 3572; x_wconf 81' lang='grc' dir='ltr'>τὸν</span> <span class='ocrx_word' id='word_1_473' title='bbox 1481 3519 1735 3591; x_wconf 75' lang='grc' dir='ltr'>ἀριθμὸν,</span> <span class='ocrx_word' id='word_1_474' title='bbox 1789 3519 1930 3590; x_wconf 78' lang='grc' dir='ltr'>ὑπὲρ</span> 
     </span>
    </p>
   </div>
   <div class='ocr_carea' id='block_1_65' title="bbox 350 3607 1932 3685">
    <p class='ocr_par' dir='ltr' id='par_1_65' title="bbox 350 3607 1932 3685">
     <span class='ocr_line' id='line_1_66' title="bbox 350 3607 1932 3685; baseline -0.002 -17"><span class='ocrx_word' id='word_1_475' title='bbox 350 3607 411 3669; x_wconf 73' lang='grc' dir='ltr'>οὗ</span> <span class='ocrx_word' id='word_1_476' title='bbox 438 3615 706 3683; x_wconf 79' lang='grc' dir='ltr'>δόγματος</span> <span class='ocrx_word' id='word_1_477' title='bbox 734 3608 887 3677; x_wconf 74' lang='grc' dir='ltr'>οὗτος</span> <span class='ocrx_word' id='word_1_478' title='bbox 924 3613 1218 3685; x_wconf 71' lang='grc' dir='ltr'>ὴνδρίτατο</span> <span class='ocrx_word' id='word_1_479' title='bbox 1247 3629 1259 3643; x_wconf 90' lang='grc'><strong>·</strong></span> <span class='ocrx_word' id='word_1_480' title='bbox 1292 3611 1413 3681; x_wconf 77' lang='grc' dir='ltr'>μεθ’</span> <span class='ocrx_word' id='word_1_481' title='bbox 1434 3611 1502 3682; x_wconf 80' lang='grc' dir='ltr'>ἢν</span> <span class='ocrx_word' id='word_1_482' title='bbox 1526 3613 1560 3681; x_wconf 83' lang='grc' dir='ltr'><strong>ἡ</strong></span> <span class='ocrx_word' id='word_1_483' title='bbox 1599 3612 1804 3683; x_wconf 78' lang='grc' dir='ltr'>ἐῦδόμη</span> <span class='ocrx_word' id='word_1_484' title='bbox 1837 3612 1932 3665; x_wconf 73' lang='grc' dir='ltr'>καὶ</span> 
     </span>
    </p>
   </div>
   <div class='ocr_carea' id='block_1_66' title="bbox 351 3700 1929 3776">
    <p class='ocr_par' dir='ltr' id='par_1_66' title="bbox 351 3700 1929 3776">
     <span class='ocr_line' id='line_1_67' title="bbox 351 3700 1929 3776; baseline -0.003 -16"><span class='ocrx_word' id='word_1_485' title='bbox 351 3706 659 3769; x_wconf 79' lang='grc' dir='ltr'>τελευταία,</span> <span class='ocrx_word' id='word_1_486' title='bbox 690 3706 784 3759; x_wconf 76' lang='grc' dir='ltr'><strong>καὶ</strong></span> <span class='ocrx_word' id='word_1_487' title='bbox 811 3705 1016 3776; x_wconf 81' lang='grc' dir='ltr'>χρόνων</span> <span class='ocrx_word' id='word_1_488' title='bbox 1041 3703 1451 3774; x_wconf 82' lang='grc' dir='ltr'>παρῳχηκότων</span> <span class='ocrx_word' id='word_1_489' title='bbox 1483 3702 1541 3769; x_wconf 81' lang='grc' dir='ltr'>ἐξ</span> <span class='ocrx_word' id='word_1_490' title='bbox 1577 3702 1802 3773; x_wconf 79' lang='grc' dir='ltr'>ἡμερῶν</span> <span class='ocrx_word' id='word_1_491' title='bbox 1833 3700 1929 3756; x_wconf 79' lang='grc' dir='ltr'><strong>τοῦ</strong></span> 
     </span>
    </p>
   </div>
   <div class='ocr_carea' id='block_1_67' title="bbox 353 3796 1932 3869">
    <p class='ocr_par' dir='ltr' id='par_1_67' title="bbox 353 3796 1932 3869">
     <span class='ocr_line' id='line_1_68' title="bbox 353 3796 1932 3869; baseline -0.001 -18"><span class='ocrx_word' id='word_1_492' title='bbox 353 3797 692 3869; x_wconf 75' lang='grc' dir='ltr'>φερωνύμως</span> <span class='ocrx_word' id='word_1_493' title='bbox 724 3797 1225 3868; x_wconf 69' lang='grc' dir='ltr'>μεγίστουοτούτου</span> <span class='ocrx_word' id='word_1_494' title='bbox 1261 3796 1491 3867; x_wconf 68' lang='grc' dir='ltr'>Πατρὶς,</span> <span class='ocrx_word' id='word_1_495' title='bbox 1552 3796 1747 3865; x_wconf 83' lang='grc' dir='ltr'>διπλῆς</span> <span class='ocrx_word' id='word_1_496' title='bbox 1801 3797 1932 3849; x_wconf 81' lang='grc' dir='ltr'>ἐκαο</span> 
     </span>
    </p>
   </div>
   <div class='ocr_carea' id='block_1_68' title="bbox 353 3884 1929 3958">
    <p class='ocr_par' dir='ltr' id='par_1_68' title="bbox 353 3884 1929 3958">
     <span class='ocr_line' id='line_1_69' title="bbox 353 3884 1929 3958; baseline -0.001 -17"><span class='ocrx_word' id='word_1_497' title='bbox 353 3886 602 3951; x_wconf 87' lang='grc' dir='ltr'>τοντάδος</span> <span class='ocrx_word' id='word_1_498' title='bbox 629 3889 719 3941; x_wconf 74' lang='grc' dir='ltr'>ἐπὶ</span> <span class='ocrx_word' id='word_1_499' title='bbox 754 3887 891 3941; x_wconf 80' lang='grc' dir='ltr'>πολὺ</span> <span class='ocrx_word' id='word_1_500' title='bbox 929 3888 998 3958; x_wconf 70' lang='grc' dir='ltr'>τῇ</span> <span class='ocrx_word' id='word_1_501' title='bbox 1049 3885 1312 3955; x_wconf 85' lang='grc' dir='ltr'>ποσότητι</span> <span class='ocrx_word' id='word_1_502' title='bbox 1357 3884 1728 3956; x_wconf 84' lang='grc' dir='ltr'>προηκόντων,</span> <span class='ocrx_word' id='word_1_503' title='bbox 1762 3885 1929 3957; x_wconf 72' lang='grc' dir='ltr'>Είρήσ</span> 
     </span>
    </p>
   </div>
   <div class='ocr_carea' id='block_1_69' title="bbox 354 3975 1932 4049">
    <p class='ocr_par' dir='ltr' id='par_1_69' title="bbox 354 3975 1932 4049">
     <span class='ocr_line' id='line_1_70' title="bbox 354 3975 1932 4049; baseline -0.001 -19"><span class='ocrx_word' id='word_1_504' title='bbox 354 3996 450 4048; x_wconf 87' lang='grc' dir='ltr'><strong>νης</strong></span> <span class='ocrx_word' id='word_1_505' title='bbox 479 3976 900 4049; x_wconf 80' lang='grc' dir='ltr'>ἐπικρατούσης,</span> <span class='ocrx_word' id='word_1_506' title='bbox 928 3977 1014 4030; x_wconf 82' lang='grc' dir='ltr'><strong>διὰ</strong></span> <span class='ocrx_word' id='word_1_507' title='bbox 1049 3977 1230 4043; x_wconf 83' lang='grc' dir='ltr'>μέσων</span> <span class='ocrx_word' id='word_1_508' title='bbox 1260 3976 1369 4029; x_wconf 84' lang='grc' dir='ltr'>τῶν</span> <span class='ocrx_word' id='word_1_509' title='bbox 1425 3975 1769 4048; x_wconf 84' lang='grc' dir='ltr'>δηλωθεισῶν</span> <span class='ocrx_word' id='word_1_510' title='bbox 1826 3978 1932 4047; x_wconf 88' lang='grc' dir='ltr'>ἀμ-</span> 
     </span>
    </p>
   </div>
   <div class='ocr_carea' id='block_1_70' title="bbox 356 4065 1934 4136">
    <p class='ocr_par' dir='ltr' id='par_1_70' title="bbox 356 4065 1934 4136">
     <span class='ocr_line' id='line_1_71' title="bbox 356 4065 1934 4136; baseline 0.003 -19"><span class='ocrx_word' id='word_1_511' title='bbox 356 4066 599 4135; x_wconf 73' lang='grc' dir='ltr'>φοτέρων</span> <span class='ocrx_word' id='word_1_512' title='bbox 629 4066 862 4119; x_wconf 82' lang='grc' dir='ltr'>συνόδων</span> <span class='ocrx_word' id='word_1_513' title='bbox 883 4080 897 4095; x_wconf 74' lang='grc'><strong><em>⁸</em></strong></span> <span class='ocrx_word' id='word_1_514' title='bbox 926 4065 1035 4119; x_wconf 84' lang='grc' dir='ltr'>τῶν</span> <span class='ocrx_word' id='word_1_515' title='bbox 1061 4082 1120 4118; x_wconf 89' lang='grc' dir='ltr'><strong>τε</strong></span> <span class='ocrx_word' id='word_1_516' title='bbox 1149 4065 1292 4118; x_wconf 80' lang='grc' dir='ltr'>κατὰ</span> <span class='ocrx_word' id='word_1_517' title='bbox 1325 4065 1577 4135; x_wconf 84' lang='grc' dir='ltr'>διαδοχάς</span> <span class='ocrx_word' id='word_1_518' title='bbox 1632 4066 1731 4136; x_wconf 82' lang='grc' dir='ltr'>τῆς</span> <span class='ocrx_word' id='word_1_519' title='bbox 1800 4066 1934 4122; x_wconf 83' lang='grc' dir='ltr'><strong>Ῥω-</strong></span> 
     </span>
    </p>
   </div>
   <div class='ocr_carea' id='block_1_71' title="bbox 359 4155 1933 4228">
    <p class='ocr_par' dir='ltr' id='par_1_71' title="bbox 359 4155 1933 4228">
     <span class='ocr_line' id='line_1_72' title="bbox 359 4155 1933 4228; baseline 0.003 -20"><span class='ocrx_word' id='word_1_520' title='bbox 359 4156 537 4228; x_wconf 81' lang='grc' dir='ltr'>μαίων</span> <span class='ocrx_word' id='word_1_521' title='bbox 579 4156 911 4227; x_wconf 86' lang='grc' dir='ltr'>Ἐκκλησίας</span> <span class='ocrx_word' id='word_1_522' title='bbox 960 4155 1457 4226; x_wconf 83' lang='grc' dir='ltr'>προεδρευσάντων.</span> <span class='ocrx_word' id='word_1_523' title='bbox 1494 4158 1554 4212; x_wconf 90' lang='grc' dir='ltr'><strong>ἐν</strong></span> <span class='ocrx_word' id='word_1_524' title='bbox 1603 4160 1723 4221; x_wconf 83' lang='grc' dir='ltr'>ταῖς</span> <span class='ocrx_word' id='word_1_525' title='bbox 1781 4158 1933 4228; x_wconf 80' lang='grc' dir='ltr'>σφῶν</span> 
     </span>
    </p>
   </div>
   <div class='ocr_carea' id='block_1_72' title="bbox 357 4234 1935 4318">
    <p class='ocr_par' dir='ltr' id='par_1_72' title="bbox 357 4234 1935 4318">
     <span class='ocr_line' id='line_1_73' title="bbox 357 4234 1935 4318; baseline 0.002 -18"><span class='ocrx_word' id='word_1_526' title='bbox 357 4248 689 4318; x_wconf 78' lang='grc' dir='ltr'>άναρῤήσεσι</span> <span class='ocrx_word' id='word_1_527' title='bbox 714 4248 854 4302; x_wconf 76' lang='grc' dir='ltr'>κατὰ</span> <span class='ocrx_word' id='word_1_528' title='bbox 882 4247 942 4301; x_wconf 81' lang='grc' dir='ltr'>τὸ</span> <span class='ocrx_word' id='word_1_529' title='bbox 963 4234 1249 4317; x_wconf 83' lang='grc' dir='ltr'>κρατῆσαν</span> <span class='ocrx_word' id='word_1_530' title='bbox 1273 4247 1378 4310; x_wconf 76' lang='grc' dir='ltr'>ἕως</span> <span class='ocrx_word' id='word_1_531' title='bbox 1411 4248 1505 4301; x_wconf 61' lang='grc' dir='ltr'><strong>καὶ⁸</strong></span> <span class='ocrx_word' id='word_1_532' title='bbox 1534 4248 1629 4301; x_wconf 82' lang='grc' dir='ltr'><strong>νῦν</strong></span> <span class='ocrx_word' id='word_1_533' title='bbox 1659 4246 1781 4313; x_wconf 71' lang='grc' dir='ltr'>ἔθος</span> <span class='ocrx_word' id='word_1_534' title='bbox 1815 4251 1935 4303; x_wconf 88' lang='grc' dir='ltr'>ἐπι-</span> 
     </span>
    </p>
   </div>
   <div class='ocr_carea' id='block_1_73' title="bbox 357 4333 1933 4413">
    <p class='ocr_par' dir='ltr' id='par_1_73' title="bbox 357 4333 1933 4413">
     <span class='ocr_line' id='line_1_74' title="bbox 357 4333 1933 4413; baseline 0.001 -19"><span class='ocrx_word' id='word_1_535' title='bbox 357 4340 684 4394; x_wconf 72' lang='grc' dir='ltr'>πελλὸντων</span> <span class='ocrx_word' id='word_1_536' title='bbox 713 4340 787 4404; x_wconf 85' lang='grc' dir='ltr'>ὠς</span> <span class='ocrx_word' id='word_1_537' title='bbox 823 4339 1161 4409; x_wconf 78' lang='grc' dir='ltr'>ἁπανταχοῦ,</span> <span class='ocrx_word' id='word_1_538' title='bbox 1196 4340 1299 4393; x_wconf 87' lang='grc' dir='ltr'><strong>κάν</strong></span> <span class='ocrx_word' id='word_1_539' title='bbox 1334 4342 1443 4405; x_wconf 83' lang='grc' dir='ltr'>τοῖς</span> <span class='ocrx_word' id='word_1_540' title='bbox 1474 4333 1576 4395; x_wconf 81' lang='grc' dir='ltr'>ὧδε</span> <span class='ocrx_word' id='word_1_541' title='bbox 1610 4340 1933 4413; x_wconf 78' lang='grc' dir='ltr'>τηνικαῦτα,</span> 
     </span>
    </p>
   </div>
   <div class='ocr_carea' id='block_1_74' title="bbox 357 4430 1940 4505">
    <p class='ocr_par' dir='ltr' id='par_1_74' title="bbox 357 4430 1940 4505">
     <span class='ocr_line' id='line_1_75' title="bbox 357 4430 1940 4505; baseline 0.003 -20"><span class='ocrx_word' id='word_1_542' title='bbox 357 4435 451 4485; x_wconf 75' lang='grc' dir='ltr'><strong>καὶ</strong></span> <span class='ocrx_word' id='word_1_543' title='bbox 479 4433 905 4505; x_wconf 83' lang='grc' dir='ltr'>διατρανούντων</span> <span class='ocrx_word' id='word_1_544' title='bbox 936 4432 1010 4496; x_wconf 86' lang='grc' dir='ltr'><strong>ὡς</strong></span> <span class='ocrx_word' id='word_1_545' title='bbox 1039 4432 1262 4504; x_wconf 83' lang='grc' dir='ltr'>ἐξετέθη</span> <span class='ocrx_word' id='word_1_546' title='bbox 1291 4433 1357 4487; x_wconf 77' lang='grc' dir='ltr'><strong>τά</strong></span> <span class='ocrx_word' id='word_1_547' title='bbox 1388 4434 1517 4504; x_wconf 81' lang='grc' dir='ltr'>περὶ</span> <span class='ocrx_word' id='word_1_548' title='bbox 1548 4434 1808 4499; x_wconf 87' lang='grc' dir='ltr'>πίστεως,</span> <span class='ocrx_word' id='word_1_549' title='bbox 1839 4430 1940 4490; x_wconf 67' lang='grc' dir='ltr'><strong>καῖ</strong></span> 
     </span>
    </p>
   </div>
   <div class='ocr_carea' id='block_1_75' title="bbox 2038 3246 3619 3316">
    <p class='ocr_par' dir='ltr' id='par_1_75' title="bbox 2038 3246 3619 3316">
     <span class='ocr_line' id='line_1_76' title="bbox 2038 3246 3619 3316; baseline -0.001 -14"><span class='ocrx_word' id='word_1_550' title='bbox 2038 3247 2256 3302; x_wconf 81' lang='lat' dir='ltr'><strong>Maximi</strong></span> <span class='ocrx_word' id='word_1_551' title='bbox 2289 3249 2434 3305; x_wconf 88' lang='lat' dir='ltr'><strong>illius</strong></span> <span class='ocrx_word' id='word_1_552' title='bbox 2462 3248 2647 3304; x_wconf 84' lang='lat' dir='ltr'><strong>divino</strong></span> <span class='ocrx_word' id='word_1_553' title='bbox 2676 3265 2841 3304; x_wconf 90' lang='lat' dir='ltr'><strong>sensu</strong></span> <span class='ocrx_word' id='word_1_554' title='bbox 2873 3248 2995 3314; x_wconf 86' lang='lat' dir='ltr'><strong>viri,</strong></span> <span class='ocrx_word' id='word_1_555' title='bbox 3028 3246 3406 3316; x_wconf 71' lang='lat' dir='ltr'><strong>perculuxerat</strong></span> <span class='ocrx_word' id='word_1_556' title='bbox 3438 3260 3619 3300; x_wconf 82' lang='lat' dir='ltr'><strong>annos</strong></span> 
     </span>
    </p>
   </div>
   <div class='ocr_carea' id='block_1_76' title="bbox 2039 3337 3625 3407">
    <p class='ocr_par' dir='ltr' id='par_1_76' title="bbox 2039 3337 3625 3407">
     <span class='ocr_line' id='line_1_77' title="bbox 2039 3337 3625 3407; baseline -0.004 -15"><span class='ocrx_word' id='word_1_557' title='bbox 2039 3338 2373 3400; x_wconf 86' lang='lat' dir='ltr'><strong>tricesimus.</strong></span> <span class='ocrx_word' id='word_1_558' title='bbox 2399 3355 2524 3394; x_wconf 89' lang='lat' dir='ltr'><strong>cum</strong></span> <span class='ocrx_word' id='word_1_559' title='bbox 2552 3338 2886 3394; x_wconf 73' lang='lat' dir='ltr'><strong>meumenica</strong></span> <span class='ocrx_word' id='word_1_560' title='bbox 2919 3347 3070 3393; x_wconf 78' lang='lat' dir='ltr'><strong>sexta</strong></span> <span class='ocrx_word' id='word_1_561' title='bbox 3100 3338 3342 3407; x_wconf 80' lang='lat' dir='ltr'><strong>synodus</strong></span> <span class='ocrx_word' id='word_1_562' title='bbox 3368 3337 3485 3403; x_wconf 78' lang='lat' dir='ltr'><strong>ejus</strong></span> <span class='ocrx_word' id='word_1_563' title='bbox 3515 3345 3625 3389; x_wconf 77' lang='lat' dir='ltr'><strong>sta-</strong></span> 
     </span>
    </p>
   </div>
   <div class='ocr_carea' id='block_1_77' title="bbox 2041 3429 3615 3500">
    <p class='ocr_par' dir='ltr' id='par_1_77' title="bbox 2041 3429 3615 3500">
     <span class='ocr_line' id='line_1_78' title="bbox 2041 3429 3615 3500; baseline -0.004 -14"><span class='ocrx_word' id='word_1_564' title='bbox 2041 3431 2263 3486; x_wconf 88' lang='lat' dir='ltr'><strong>biliendi</strong></span> <span class='ocrx_word' id='word_1_565' title='bbox 2293 3432 2563 3500; x_wconf 80' lang='lat' dir='ltr'><strong>dogmatis</strong></span> <span class='ocrx_word' id='word_1_566' title='bbox 2592 3446 2756 3487; x_wconf 90' lang='lat' dir='ltr'><strong>causa</strong></span> <span class='ocrx_word' id='word_1_567' title='bbox 2788 3430 3018 3487; x_wconf 71' lang='lat' dir='ltr'><strong>coliﬂata</strong></span> <span class='ocrx_word' id='word_1_568' title='bbox 3047 3439 3151 3494; x_wconf 89' lang='lat' dir='ltr'><strong>est,</strong></span> <span class='ocrx_word' id='word_1_569' title='bbox 3178 3429 3325 3498; x_wconf 87' lang='lat' dir='ltr'><strong>quod</strong></span> <span class='ocrx_word' id='word_1_570' title='bbox 3357 3429 3444 3481; x_wconf 88' lang='lat' dir='ltr'><strong>ille</strong></span> <span class='ocrx_word' id='word_1_571' title='bbox 3473 3438 3615 3481; x_wconf 89' lang='lat' dir='ltr'><strong>stre-</strong></span> 
     </span>
    </p>
   </div>
   <div class='ocr_carea' id='block_1_78' title="bbox 2038 3521 3622 3592">
    <p class='ocr_par' dir='ltr' id='par_1_78' title="bbox 2038 3521 3622 3592">
     <span class='ocr_line' id='line_1_79' title="bbox 2038 3521 3622 3592; baseline -0.002 -16"><span class='ocrx_word' id='word_1_572' title='bbox 2038 3537 2146 3577; x_wconf 87' lang='lat' dir='ltr'><strong>nue</strong></span> <span class='ocrx_word' id='word_1_573' title='bbox 2171 3521 2486 3577; x_wconf 80' lang='lat' dir='ltr'><strong>defenderat</strong></span> <span class='ocrx_word' id='word_1_574' title='bbox 2512 3541 2525 3579; x_wconf 89' lang='lat'>:</span> <span class='ocrx_word' id='word_1_575' title='bbox 2554 3534 2781 3592; x_wconf 85' lang='lat' dir='ltr'><strong>postque</strong></span> <span class='ocrx_word' id='word_1_576' title='bbox 2806 3538 2948 3586; x_wconf 84' lang='lat' dir='ltr'><strong>eam,</strong></span> <span class='ocrx_word' id='word_1_577' title='bbox 2976 3522 3204 3589; x_wconf 84' lang='lat' dir='ltr'><strong>septima</strong></span> <span class='ocrx_word' id='word_1_578' title='bbox 3234 3537 3299 3575; x_wconf 91' lang='lat' dir='ltr'><strong>ac</strong></span> <span class='ocrx_word' id='word_1_579' title='bbox 3326 3531 3622 3586; x_wconf 85' lang='lat' dir='ltr'><strong>postrema,</strong></span> 
     </span>
    </p>
   </div>
   <div class='ocr_carea' id='block_1_79' title="bbox 2040 3613 3620 3684">
    <p class='ocr_par' dir='ltr' id='par_1_79' title="bbox 2040 3613 3620 3684">
     <span class='ocr_line' id='line_1_80' title="bbox 2040 3613 3620 3684; baseline -0.002 -16"><span class='ocrx_word' id='word_1_580' title='bbox 2040 3614 2203 3684; x_wconf 83' lang='lat' dir='ltr'><strong>idque</strong></span> <span class='ocrx_word' id='word_1_581' title='bbox 2225 3630 2350 3668; x_wconf 90' lang='lat' dir='ltr'><strong>cum</strong></span> <span class='ocrx_word' id='word_1_582' title='bbox 2377 3615 2444 3670; x_wconf 89' lang='lat' dir='ltr'><strong>ab</strong></span> <span class='ocrx_word' id='word_1_583' title='bbox 2469 3614 2614 3670; x_wconf 90' lang='lat' dir='ltr'><strong>illius</strong></span> <span class='ocrx_word' id='word_1_584' title='bbox 2638 3630 2735 3684; x_wconf 90' lang='lat' dir='ltr'><strong>pro</strong></span> <span class='ocrx_word' id='word_1_585' title='bbox 2760 3614 2996 3668; x_wconf 86' lang='lat' dir='ltr'><strong>nominis</strong></span> <span class='ocrx_word' id='word_1_586' title='bbox 3019 3614 3227 3668; x_wconf 89' lang='lat' dir='ltr'><strong>ratione</strong></span> <span class='ocrx_word' id='word_1_587' title='bbox 3248 3628 3374 3667; x_wconf 81' lang='lat' dir='ltr'><strong>vere</strong></span> <span class='ocrx_word' id='word_1_588' title='bbox 3399 3613 3620 3666; x_wconf 80' lang='lat' dir='ltr'><strong>maximi</strong></span> 
     </span>
    </p>
   </div>
   <div class='ocr_carea' id='block_1_80' title="bbox 2038 3704 3621 3774">
    <p class='ocr_par' dir='ltr' id='par_1_80' title="bbox 2038 3704 3621 3774">
     <span class='ocr_line' id='line_1_81' title="bbox 2038 3704 3621 3774; baseline -0.002 -14"><span class='ocrx_word' id='word_1_589' title='bbox 2038 3706 2218 3762; x_wconf 85' lang='lat' dir='ltr'><strong>Patris</strong></span> <span class='ocrx_word' id='word_1_590' title='bbox 2268 3707 2482 3770; x_wconf 87' lang='lat' dir='ltr'><strong>diebus,</strong></span> <span class='ocrx_word' id='word_1_591' title='bbox 2517 3722 2782 3761; x_wconf 88' lang='lat' dir='ltr'><strong>annorum</strong></span> <span class='ocrx_word' id='word_1_592' title='bbox 2820 3716 3041 3761; x_wconf 88' lang='lat' dir='ltr'><strong>centena</strong></span> <span class='ocrx_word' id='word_1_593' title='bbox 3078 3704 3187 3759; x_wconf 88' lang='lat' dir='ltr'><strong>duo</strong></span> <span class='ocrx_word' id='word_1_594' title='bbox 3222 3720 3357 3774; x_wconf 86' lang='lat' dir='ltr'><strong>pene</strong></span> <span class='ocrx_word' id='word_1_595' title='bbox 3390 3704 3621 3757; x_wconf 79' lang='lat' dir='ltr'><strong>decursa</strong></span> 
     </span>
    </p>
   </div>
   <div class='ocr_carea' id='block_1_81' title="bbox 2038 3796 3628 3868">
    <p class='ocr_par' dir='ltr' id='par_1_81' title="bbox 2038 3796 3628 3868">
     <span class='ocr_line' id='line_1_82' title="bbox 2038 3796 3628 3868; baseline -0.003 -13"><span class='ocrx_word' id='word_1_596' title='bbox 2038 3807 2243 3865; x_wconf 88' lang='lat' dir='ltr'><strong>essent,</strong></span> <span class='ocrx_word' id='word_1_597' title='bbox 2274 3798 2619 3868; x_wconf 88' lang='lat' dir='ltr'><strong>imperatrice</strong></span> <span class='ocrx_word' id='word_1_598' title='bbox 2651 3798 2837 3864; x_wconf 84' lang='lat' dir='ltr'><strong>lrcne;</strong></span> <span class='ocrx_word' id='word_1_599' title='bbox 2875 3799 3015 3852; x_wconf 90' lang='lat' dir='ltr'><strong>inter</strong></span> <span class='ocrx_word' id='word_1_600' title='bbox 3042 3798 3301 3851; x_wconf 89' lang='lat' dir='ltr'><strong>nimirum</strong></span> <span class='ocrx_word' id='word_1_601' title='bbox 3334 3797 3473 3851; x_wconf 83' lang='lat' dir='ltr'><strong>duas</strong></span> <span class='ocrx_word' id='word_1_602' title='bbox 3505 3796 3628 3850; x_wconf 88' lang='lat' dir='ltr'><strong>illas</strong></span> 
     </span>
    </p>
   </div>
   <div class='ocr_carea' id='block_1_82' title="bbox 2039 3879 3625 3961">
    <p class='ocr_par' dir='ltr' id='par_1_82' title="bbox 2039 3879 3625 3961">
     <span class='ocr_line' id='line_1_83' title="bbox 2039 3879 3625 3961; baseline -0.003 -16"><span class='ocrx_word' id='word_1_603' title='bbox 2039 3879 2295 3960; x_wconf 71' lang='lat' dir='ltr'><strong>praafatas</strong></span> <span class='ocrx_word' id='word_1_604' title='bbox 2328 3890 2566 3961; x_wconf 87' lang='lat' dir='ltr'><strong>synodos</strong></span> <span class='ocrx_word' id='word_1_605' title='bbox 2601 3906 2614 3943; x_wconf 92' lang='lat'><strong>:</strong></span> <span class='ocrx_word' id='word_1_606' title='bbox 2648 3903 2883 3958; x_wconf 89' lang='lat' dir='ltr'><strong>cumque</strong></span> <span class='ocrx_word' id='word_1_607' title='bbox 2916 3888 3167 3943; x_wconf 65' lang='lat' dir='ltr'><strong>Ecclesiae</strong></span> <span class='ocrx_word' id='word_1_608' title='bbox 3200 3887 3461 3941; x_wconf 76' lang='lat' dir='ltr'><strong>Romana:</strong></span> <span class='ocrx_word' id='word_1_609' title='bbox 3492 3902 3625 3940; x_wconf 72' lang='grc' dir='ltr'>(σοιιο</span> 
     </span>
    </p>
   </div>
   <div class='ocr_carea' id='block_1_83' title="bbox 2038 3979 3626 4049">
    <p class='ocr_par' dir='ltr' id='par_1_83' title="bbox 2038 3979 3626 4049">
     <span class='ocr_line' id='line_1_84' title="bbox 2038 3979 3626 4049; baseline -0.001 -14"><span class='ocrx_word' id='word_1_610' title='bbox 2038 3983 2192 4035; x_wconf 85' lang='lat' dir='ltr'><strong>tinua</strong></span> <span class='ocrx_word' id='word_1_611' title='bbox 2213 3981 2356 4036; x_wconf 88' lang='lat' dir='ltr'><strong>serie</strong></span> <span class='ocrx_word' id='word_1_612' title='bbox 2376 3995 2441 4035; x_wconf 91' lang='lat' dir='ltr'><strong>ac</strong></span> <span class='ocrx_word' id='word_1_613' title='bbox 2460 3980 2808 4035; x_wconf 83' lang='lat' dir='ltr'><strong>successione</strong></span> <span class='ocrx_word' id='word_1_614' title='bbox 2841 3980 3149 4047; x_wconf 76' lang='lat' dir='ltr'><strong>pontiﬁces,</strong></span> <span class='ocrx_word' id='word_1_615' title='bbox 3182 3995 3280 4049; x_wconf 88' lang='lat' dir='ltr'><strong>pro</strong></span> <span class='ocrx_word' id='word_1_616' title='bbox 3316 3995 3465 4033; x_wconf 84' lang='lat' dir='ltr'><strong>more</strong></span> <span class='ocrx_word' id='word_1_617' title='bbox 3494 3979 3626 4033; x_wconf 87' lang='lat' dir='ltr'><strong>bac-</strong></span> 
     </span>
    </p>
   </div>
   <div class='ocr_carea' id='block_1_84' title="bbox 2040 4072 3629 4142">
    <p class='ocr_par' dir='ltr' id='par_1_84' title="bbox 2040 4072 3629 4142">
     <span class='ocr_line' id='line_1_85' title="bbox 2040 4072 3629 4142; baseline -0.003 -13"><span class='ocrx_word' id='word_1_618' title='bbox 2040 4083 2201 4129; x_wconf 86' lang='lat' dir='ltr'><strong>tenus</strong></span> <span class='ocrx_word' id='word_1_619' title='bbox 2275 4074 2547 4142; x_wconf 89' lang='lat' dir='ltr'><strong>hodieque</strong></span> <span class='ocrx_word' id='word_1_620' title='bbox 2593 4074 2733 4142; x_wconf 88' lang='lat' dir='ltr'><strong>apud</strong></span> <span class='ocrx_word' id='word_1_621' title='bbox 2782 4088 2878 4127; x_wconf 92' lang='lat' dir='ltr'><strong>eos</strong></span> <span class='ocrx_word' id='word_1_622' title='bbox 2923 4073 3229 4135; x_wconf 88' lang='lat' dir='ltr'><strong>obtinente,</strong></span> <span class='ocrx_word' id='word_1_623' title='bbox 3276 4074 3329 4125; x_wconf 88' lang='lat' dir='ltr'><strong>in</strong></span> <span class='ocrx_word' id='word_1_624' title='bbox 3378 4072 3444 4126; x_wconf 90' lang='lat' dir='ltr'><strong>iis</strong></span> <span class='ocrx_word' id='word_1_625' title='bbox 3487 4086 3629 4141; x_wconf 88' lang='lat' dir='ltr'><strong>quas</strong></span> 
     </span>
    </p>
   </div>
   <div class='ocr_carea' id='block_1_85' title="bbox 2040 4163 3625 4233">
    <p class='ocr_par' dir='ltr' id='par_1_85' title="bbox 2040 4163 3625 4233">
     <span class='ocr_line' id='line_1_86' title="bbox 2040 4163 3625 4233; baseline -0.004 -12"><span class='ocrx_word' id='word_1_626' title='bbox 2040 4164 2265 4221; x_wconf 79' lang='lat' dir='ltr'><strong>ederent</strong></span> <span class='ocrx_word' id='word_1_627' title='bbox 2330 4163 2804 4233; x_wconf 80' lang='lat' dir='ltr'><strong>professionibus,</strong></span> <span class='ocrx_word' id='word_1_628' title='bbox 2867 4164 3090 4233; x_wconf 88' lang='lat' dir='ltr'><strong>perinde</strong></span> <span class='ocrx_word' id='word_1_629' title='bbox 3153 4163 3625 4230; x_wconf 81' lang='lat' dir='ltr'><strong>Constantinopoli</strong></span> 
     </span>
    </p>
   </div>
   <div class='ocr_carea' id='block_1_86' title="bbox 2039 4255 3624 4326">
    <p class='ocr_par' dir='ltr' id='par_1_86' title="bbox 2039 4255 3624 4326">
     <span class='ocr_line' id='line_1_87' title="bbox 2039 4255 3624 4326; baseline -0.003 -14"><span class='ocrx_word' id='word_1_630' title='bbox 2039 4255 2347 4326; x_wconf 81' lang='lat' dir='ltr'><strong>agentibus,</strong></span> <span class='ocrx_word' id='word_1_631' title='bbox 2375 4256 2756 4324; x_wconf 81' lang='lat' dir='ltr'><strong>atquenbiqne</strong></span> <span class='ocrx_word' id='word_1_632' title='bbox 2784 4256 3026 4326; x_wconf 83' lang='lat' dir='ltr'><strong>gentium</strong></span> <span class='ocrx_word' id='word_1_633' title='bbox 3060 4255 3385 4315; x_wconf 81' lang='lat' dir='ltr'><strong>scriberent,</strong></span> <span class='ocrx_word' id='word_1_634' title='bbox 3417 4270 3480 4309; x_wconf 88' lang='lat' dir='ltr'><strong>ac</strong></span> <span class='ocrx_word' id='word_1_635' title='bbox 3510 4256 3624 4309; x_wconf 70' lang='lat' dir='ltr'><strong>sic-</strong></span> 
     </span>
    </p>
   </div>
   <div class='ocr_carea' id='block_1_87' title="bbox 2043 4344 3627 4418">
    <p class='ocr_par' dir='ltr' id='par_1_87' title="bbox 2043 4344 3627 4418">
     <span class='ocr_line' id='line_1_88' title="bbox 2043 4344 3627 4418; baseline -0.003 -14"><span class='ocrx_word' id='word_1_636' title='bbox 2043 4358 2103 4404; x_wconf 87' lang='lat' dir='ltr'><strong>ut</strong></span> <span class='ocrx_word' id='word_1_637' title='bbox 2155 4348 2461 4418; x_wconf 77' lang='lat' dir='ltr'><strong>expOsitum</strong></span> <span class='ocrx_word' id='word_1_638' title='bbox 2493 4355 2595 4411; x_wconf 86' lang='lat' dir='ltr'><strong>est,</strong></span> <span class='ocrx_word' id='word_1_639' title='bbox 2625 4346 2783 4400; x_wconf 78' lang='lat' dir='ltr'><strong>fidem</strong></span> <span class='ocrx_word' id='word_1_640' title='bbox 2819 4362 2974 4400; x_wconf 87' lang='lat' dir='ltr'><strong>suam</strong></span> <span class='ocrx_word' id='word_1_641' title='bbox 3007 4362 3069 4400; x_wconf 88' lang='lat' dir='ltr'><strong>ac</strong></span> <span class='ocrx_word' id='word_1_642' title='bbox 3103 4344 3504 4412; x_wconf 80' lang='lat' dir='ltr'><strong>professionem</strong></span> <span class='ocrx_word' id='word_1_643' title='bbox 3534 4345 3627 4399; x_wconf 85' lang='lat' dir='ltr'><strong>de-</strong></span> 
     </span>
    </p>
   </div>
   <div class='ocr_carea' id='block_1_88' title="bbox 2043 4437 3632 4507">
    <p class='ocr_par' dir='ltr' id='par_1_88' title="bbox 2043 4437 3632 4507">
     <span class='ocr_line' id='line_1_89' title="bbox 2043 4437 3632 4507; baseline -0.005 -10"><span class='ocrx_word' id='word_1_644' title='bbox 2043 4441 2349 4503; x_wconf 89' lang='lat' dir='ltr'><strong>clararent,</strong></span> <span class='ocrx_word' id='word_1_645' title='bbox 2378 4437 2583 4491; x_wconf 90' lang='lat' dir='ltr'><strong>nullam</strong></span> <span class='ocrx_word' id='word_1_646' title='bbox 2622 4452 2852 4507; x_wconf 90' lang='lat' dir='ltr'><strong>prorsus</strong></span> <span class='ocrx_word' id='word_1_647' title='bbox 2882 4438 3373 4492; x_wconf 83' lang='lat' dir='ltr'><strong>contradictionem</strong></span> <span class='ocrx_word' id='word_1_648' title='bbox 3407 4444 3632 4505; x_wconf 85' lang='lat' dir='ltr'><strong>apparet</strong></span> 
     </span>
    </p>
   </div>
   <div class='ocr_carea' id='block_1_89' title="bbox 357 4518 1934 4597">
    <p class='ocr_par' dir='ltr' id='par_1_89' title="bbox 357 4525 1934 4597">
     <span class='ocr_line' id='line_1_90' title="bbox 357 4525 1934 4597; baseline 0.002 -17"><span class='ocrx_word' id='word_1_649' title='bbox 357 4528 459 4595; x_wconf 81' lang='grc' dir='ltr'>τῆς</span> <span class='ocrx_word' id='word_1_650' title='bbox 482 4526 615 4588; x_wconf 80' lang='grc' dir='ltr'>ἰδίας</span> <span class='ocrx_word' id='word_1_651' title='bbox 642 4525 1060 4597; x_wconf 81' lang='grc' dir='ltr'>ἀναγορεύσεως</span> <span class='ocrx_word' id='word_1_652' title='bbox 1122 4525 1350 4595; x_wconf 81' lang='grc' dir='ltr'>οὐδεμία</span> <span class='ocrx_word' id='word_1_653' title='bbox 1391 4543 1475 4590; x_wconf 86' lang='grc' dir='ltr'><strong>τις</strong></span> <span class='ocrx_word' id='word_1_654' title='bbox 1537 4527 1817 4597; x_wconf 83' lang='grc' dir='ltr'>ἀντιλογία</span> <span class='ocrx_word' id='word_1_655' title='bbox 1878 4530 1934 4583; x_wconf 58' lang='lat' dir='ltr'><strong>“rb</strong></span> 
     </span>
    </p>
   </div>
   <div class='ocr_carea' id='block_1_90' title="bbox 2040 4518 3633 4597">
    <p class='ocr_par' dir='ltr' id='par_1_90' title="bbox 2045 4528 3633 4597">
     <span class='ocr_line' id='line_1_91' title="bbox 2045 4528 3633 4597; baseline -0.006 -9"><span class='ocrx_word' id='word_1_656' title='bbox 2045 4532 2322 4588; x_wconf 80' lang='lat' dir='ltr'><strong>exstitisse</strong></span> <span class='ocrx_word' id='word_1_657' title='bbox 2356 4547 2372 4584; x_wconf 89' lang='lat'><strong>:</strong></span> <span class='ocrx_word' id='word_1_658' title='bbox 2406 4530 2633 4594; x_wconf 88' lang='lat' dir='ltr'><strong>nullam,</strong></span> <span class='ocrx_word' id='word_1_659' title='bbox 2668 4538 2811 4597; x_wconf 83' lang='lat' dir='ltr'><strong>quod</strong></span> <span class='ocrx_word' id='word_1_660' title='bbox 2845 4529 2911 4582; x_wconf 88' lang='lat' dir='ltr'><strong>ad</strong></span> <span class='ocrx_word' id='word_1_661' title='bbox 2954 4530 3146 4597; x_wconf 86' lang='lat' dir='ltr'><strong>dogma</strong></span> <span class='ocrx_word' id='word_1_662' title='bbox 3177 4542 3241 4582; x_wconf 88' lang='lat' dir='ltr'><strong>ac</strong></span> <span class='ocrx_word' id='word_1_663' title='bbox 3273 4528 3393 4581; x_wconf 83' lang='lat' dir='ltr'><strong>tidei</strong></span> <span class='ocrx_word' id='word_1_664' title='bbox 3428 4529 3633 4581; x_wconf 78' lang='lat' dir='ltr'><strong>doctri-</strong></span> 
     </span>
    </p>
   </div>
   <div class='ocr_carea' id='block_1_91' title="bbox 268 4615 1940 4689">
    <p class='ocr_par' dir='ltr' id='par_1_91' title="bbox 268 4615 1940 4689">
     <span class='ocr_line' id='line_1_92' title="bbox 268 4615 1940 4689; baseline 0.002 -20"><span class='ocrx_word' id='word_1_665' title='bbox 268 4618 275 4624; x_wconf 80' lang='grc'><em>’</em></span> <span class='ocrx_word' id='word_1_666' title='bbox 359 4616 619 4686; x_wconf 84' lang='grc' dir='ltr'>παράπαν</span> <span class='ocrx_word' id='word_1_667' title='bbox 646 4616 936 4669; x_wconf 84' lang='grc' dir='ltr'>ὀπτάνεται</span> <span class='ocrx_word' id='word_1_668' title='bbox 965 4618 1218 4684; x_wconf 77' lang='grc' dir='ltr'>γεγονυῖα</span> <span class='ocrx_word' id='word_1_669' title='bbox 1247 4632 1261 4647; x_wconf 79' lang='grc' dir='ltr'><strong>ο</strong></span> <span class='ocrx_word' id='word_1_670' title='bbox 1315 4615 1376 4669; x_wconf 92' lang='grc' dir='ltr'>οὐ</span> <span class='ocrx_word' id='word_1_671' title='bbox 1404 4615 1615 4686; x_wconf 86' lang='grc' dir='ltr'>κίνησις</span> <span class='ocrx_word' id='word_1_672' title='bbox 1650 4619 1940 4689; x_wconf 80' lang='grc' dir='ltr'>οίαδηποτ-</span> 
     </span>
    </p>
   </div>
   <div class='ocr_carea' id='block_1_92' title="bbox 361 4707 1939 4784">
    <p class='ocr_par' dir='ltr' id='par_1_92' title="bbox 361 4707 1939 4784">
     <span class='ocr_line' id='line_1_93' title="bbox 361 4707 1939 4784; baseline 0.003 -22"><span class='ocrx_word' id='word_1_673' title='bbox 361 4708 455 4763; x_wconf 77' lang='grc' dir='ltr'><strong>οὖν</strong></span> <span class='ocrx_word' id='word_1_674' title='bbox 515 4709 606 4759; x_wconf 81' lang='grc' dir='ltr'>ἐπὶ</span> <span class='ocrx_word' id='word_1_675' title='bbox 633 4709 863 4778; x_wconf 83' lang='grc' dir='ltr'>δόγματι</span> <span class='ocrx_word' id='word_1_676' title='bbox 899 4707 1157 4762; x_wconf 80' lang='grc' dir='ltr'>τοσούτου</span> <span class='ocrx_word' id='word_1_677' title='bbox 1186 4708 1541 4777; x_wconf 77' lang='grc' dir='ltr'>δεικνυμένου</span> <span class='ocrx_word' id='word_1_678' title='bbox 1564 4710 1657 4762; x_wconf 80' lang='grc' dir='ltr'><strong>τοῦ</strong></span> <span class='ocrx_word' id='word_1_679' title='bbox 1683 4709 1939 4784; x_wconf 83' lang='grc' dir='ltr'>καιρικοῢ</span> 
     </span>
    </p>
   </div>
   <div class='ocr_carea' id='block_1_93' title="bbox 360 4799 1941 4873">
    <p class='ocr_par' dir='ltr' id='par_1_93' title="bbox 360 4799 1941 4873">
     <span class='ocr_line' id='line_1_94' title="bbox 360 4799 1941 4873; baseline 0.003 -21"><span class='ocrx_word' id='word_1_680' title='bbox 360 4800 747 4871; x_wconf 83' lang='grc' dir='ltr'>διαστήματος,</span> <span class='ocrx_word' id='word_1_681' title='bbox 779 4799 941 4870; x_wconf 78' lang='grc' dir='ltr'>μέχρι</span> <span class='ocrx_word' id='word_1_682' title='bbox 966 4800 1363 4873; x_wconf 78' lang='grc' dir='ltr'>πατριάρχείας</span> <span class='ocrx_word' id='word_1_683' title='bbox 1402 4802 1504 4873; x_wconf 82' lang='grc' dir='ltr'>τῆς</span> <span class='ocrx_word' id='word_1_684' title='bbox 1550 4801 1645 4857; x_wconf 77' lang='grc' dir='ltr'>τοῦ</span> <span class='ocrx_word' id='word_1_685' title='bbox 1684 4804 1891 4860; x_wconf 79' lang='grc' dir='ltr'>Φωτίου</span> <span class='ocrx_word' id='word_1_686' title='bbox 1919 4820 1941 4838; x_wconf 76' lang='grc' dir='ltr'><strong>σ</strong></span> 
     </span>
    </p>
   </div>
   <div class='ocr_carea' id='block_1_94' title="bbox 364 4891 1944 4966">
    <p class='ocr_par' dir='ltr' id='par_1_94' title="bbox 364 4891 1944 4966">
     <span class='ocr_line' id='line_1_95' title="bbox 364 4891 1944 4966; baseline 0.003 -21"><span class='ocrx_word' id='word_1_687' title='bbox 364 4894 459 4945; x_wconf 73' lang='grc' dir='ltr'><strong>καὶ</strong></span> <span class='ocrx_word' id='word_1_688' title='bbox 492 4891 685 4945; x_wconf 88' lang='grc' dir='ltr'>τούτου</span> <span class='ocrx_word' id='word_1_689' title='bbox 712 4892 780 4946; x_wconf 85' lang='grc' dir='ltr'><strong>τά</strong></span> <span class='ocrx_word' id='word_1_690' title='bbox 815 4891 916 4961; x_wconf 82' lang='grc' dir='ltr'>τῆς</span> <span class='ocrx_word' id='word_1_691' title='bbox 951 4892 1226 4964; x_wconf 77' lang='grc' dir='ltr'>διαμάχης</span> <span class='ocrx_word' id='word_1_692' title='bbox 1261 4894 1407 4948; x_wconf 80' lang='grc' dir='ltr'>κατὰ</span> <span class='ocrx_word' id='word_1_693' title='bbox 1444 4893 1507 4946; x_wconf 80' lang='grc' dir='ltr'><strong>τὸ</strong></span> <span class='ocrx_word' id='word_1_694' title='bbox 1535 4894 1709 4966; x_wconf 86' lang='grc' dir='ltr'>πάντη</span> <span class='ocrx_word' id='word_1_695' title='bbox 1740 4897 1944 4966; x_wconf 84' lang='grc' dir='ltr'>πρόδη-</span> 
     </span>
    </p>
   </div>
   <div class='ocr_carea' id='block_1_95' title="bbox 360 4984 1950 5060">
    <p class='ocr_par' dir='ltr' id='par_1_95' title="bbox 360 4984 1950 5060">
     <span class='ocr_line' id='line_1_96' title="bbox 360 4984 1950 5060; baseline 0.003 -20"><span class='ocrx_word' id='word_1_696' title='bbox 360 4987 474 5049; x_wconf 90' lang='grc' dir='ltr'>λον,</span> <span class='ocrx_word' id='word_1_697' title='bbox 502 4985 577 5049; x_wconf 83' lang='grc' dir='ltr'>ὠς</span> <span class='ocrx_word' id='word_1_698' title='bbox 606 4986 666 5038; x_wconf 91' lang='grc' dir='ltr'><strong>οὐ</strong></span> <span class='ocrx_word' id='word_1_699' title='bbox 693 4986 833 5038; x_wconf 77' lang='grc' dir='ltr'><strong>κατά</strong></span> <span class='ocrx_word' id='word_1_700' title='bbox 860 4984 1019 5052; x_wconf 80' lang='grc' dir='ltr'>ζῆλον</span> <span class='ocrx_word' id='word_1_701' title='bbox 1043 4985 1187 5040; x_wconf 78' lang='grc' dir='ltr'>θεῖον</span> <span class='ocrx_word' id='word_1_702' title='bbox 1216 5027 1233 5053; x_wconf 93' lang='grc'><strong>,</strong></span> <span class='ocrx_word' id='word_1_703' title='bbox 1283 4986 1419 5041; x_wconf 82' lang='grc' dir='ltr'>ἀλλὰ</span> <span class='ocrx_word' id='word_1_704' title='bbox 1452 4989 1573 5041; x_wconf 83' lang='grc' dir='ltr'>κατ’</span> <span class='ocrx_word' id='word_1_705' title='bbox 1620 4988 1805 5059; x_wconf 70' lang='grc' dir='ltr'>ἔφεσιν</span> <span class='ocrx_word' id='word_1_706' title='bbox 1836 4990 1950 5060; x_wconf 82' lang='grc' dir='ltr'>φιλ·</span> 
     </span>
    </p>
   </div>
   <div class='ocr_carea' id='block_1_96' title="bbox 364 5080 1950 5155">
    <p class='ocr_par' dir='ltr' id='par_1_96' title="bbox 364 5080 1950 5155">
     <span class='ocr_line' id='line_1_97' title="bbox 364 5080 1950 5155; baseline 0.002 -19"><span class='ocrx_word' id='word_1_707' title='bbox 364 5081 583 5153; x_wconf 83' lang='grc' dir='ltr'>αρχίας,</span> <span class='ocrx_word' id='word_1_708' title='bbox 641 5081 893 5151; x_wconf 82' lang='grc' dir='ltr'>μεγάλης</span> <span class='ocrx_word' id='word_1_709' title='bbox 921 5080 1132 5145; x_wconf 84' lang='grc' dir='ltr'>ἀδικίας</span> <span class='ocrx_word' id='word_1_710' title='bbox 1163 5082 1615 5153; x_wconf 81' lang='grc' dir='ltr'>ἀποτελεστικὴν,</span> <span class='ocrx_word' id='word_1_711' title='bbox 1670 5086 1704 5155; x_wconf 83' lang='grc' dir='ltr'><strong>ἡ</strong></span> <span class='ocrx_word' id='word_1_712' title='bbox 1740 5086 1950 5140; x_wconf 81' lang='grc' dir='ltr'>συνθεῖ-</span> 
     </span>
    </p>
   </div>
   <div class='ocr_carea' id='block_1_97' title="bbox 366 5172 1950 5247">
    <p class='ocr_par' dir='ltr' id='par_1_97' title="bbox 366 5172 1950 5247">
     <span class='ocr_line' id='line_1_98' title="bbox 366 5172 1950 5247; baseline 0.002 -19"><span class='ocrx_word' id='word_1_713' title='bbox 366 5174 437 5228; x_wconf 89' lang='grc' dir='ltr'><strong>σά</strong></span> <span class='ocrx_word' id='word_1_714' title='bbox 465 5190 555 5243; x_wconf 91' lang='grc' dir='ltr'><strong>μοι</strong></span> <span class='ocrx_word' id='word_1_715' title='bbox 604 5172 804 5243; x_wconf 79' lang='grc' dir='ltr'>βίϐλος,</span> <span class='ocrx_word' id='word_1_716' title='bbox 834 5172 909 5236; x_wconf 83' lang='grc' dir='ltr'><strong>ὡς</strong></span> <span class='ocrx_word' id='word_1_717' title='bbox 939 5174 1033 5226; x_wconf 71' lang='grc' dir='ltr'>καὶ</span> <span class='ocrx_word' id='word_1_718' title='bbox 1078 5173 1146 5227; x_wconf 80' lang='grc' dir='ltr'><strong>τά</strong></span> <span class='ocrx_word' id='word_1_719' title='bbox 1187 5173 1373 5239; x_wconf 86' lang='grc' dir='ltr'>λοιπά,</span> <span class='ocrx_word' id='word_1_720' title='bbox 1408 5173 1560 5228; x_wconf 79' lang='grc' dir='ltr'>τοῦδε</span> <span class='ocrx_word' id='word_1_721' title='bbox 1616 5175 1711 5229; x_wconf 84' lang='grc' dir='ltr'>τοῦ</span> <span class='ocrx_word' id='word_1_722' title='bbox 1750 5177 1950 5247; x_wconf 82' lang='grc' dir='ltr'>μέρους</span> 
     </span>
    </p>
   </div>
   <div class='ocr_carea' id='block_1_98' title="bbox 366 5265 1945 5341">
    <p class='ocr_par' dir='ltr' id='par_1_98' title="bbox 366 5265 1945 5341">
     <span class='ocr_line' id='line_1_99' title="bbox 366 5265 1945 5341; baseline 0.003 -22"><span class='ocrx_word' id='word_1_723' title='bbox 366 5267 685 5338; x_wconf 88' lang='grc' dir='ltr'>παρίστησι.</span> <span class='ocrx_word' id='word_1_724' title='bbox 720 5265 830 5341; x_wconf 54' lang='grc' dir='ltr'>Καὶ</span> <span class='ocrx_word' id='word_1_725' title='bbox 851 5265 1018 5319; x_wconf 83' lang='grc' dir='ltr'>πόθεν</span> <span class='ocrx_word' id='word_1_726' title='bbox 1046 5268 1074 5319; x_wconf 86' lang='grc' dir='ltr'><strong>ό</strong></span> <span class='ocrx_word' id='word_1_727' title='bbox 1104 5266 1374 5337; x_wconf 83' lang='grc' dir='ltr'>ἐδρασμός</span> <span class='ocrx_word' id='word_1_728' title='bbox 1403 5283 1418 5329; x_wconf 85' lang='lat'><strong>;</strong></span> <span class='ocrx_word' id='word_1_729' title='bbox 1456 5268 1627 5322; x_wconf 84' lang='grc' dir='ltr'>Πόθεν</span> <span class='ocrx_word' id='word_1_730' title='bbox 1656 5268 1717 5321; x_wconf 82' lang='grc' dir='ltr'>τὺ</span> <span class='ocrx_word' id='word_1_731' title='bbox 1758 5270 1945 5340; x_wconf 80' lang='grc' dir='ltr'>ἀσφα-</span> 
     </span>
    </p>
   </div>
   <div class='ocr_carea' id='block_1_99' title="bbox 366 5357 1947 5433">
    <p class='ocr_par' dir='ltr' id='par_1_99' title="bbox 366 5357 1947 5433">
     <span class='ocr_line' id='line_1_100' title="bbox 366 5357 1947 5433; baseline 0.003 -22"><span class='ocrx_word' id='word_1_732' title='bbox 366 5359 455 5424; x_wconf 75' lang='grc' dir='ltr'>λὶς</span> <span class='ocrx_word' id='word_1_733' title='bbox 491 5360 590 5429; x_wconf 85' lang='grc' dir='ltr'>τῆς</span> <span class='ocrx_word' id='word_1_734' title='bbox 654 5358 1054 5429; x_wconf 80' lang='grc' dir='ltr'>ἐπιχειρήσεως</span> <span class='ocrx_word' id='word_1_735' title='bbox 1098 5357 1208 5411; x_wconf 86' lang='grc' dir='ltr'><strong>τῶν</strong></span> <span class='ocrx_word' id='word_1_736' title='bbox 1268 5359 1613 5429; x_wconf 79' lang='grc' dir='ltr'>στερξάντων</span> <span class='ocrx_word' id='word_1_737' title='bbox 1660 5360 1801 5415; x_wconf 86' lang='grc' dir='ltr'>κατά</span> <span class='ocrx_word' id='word_1_738' title='bbox 1847 5362 1947 5433; x_wconf 83' lang='grc' dir='ltr'><strong>τῆς</strong></span> 
     </span>
    </p>
   </div>
   <div class='ocr_carea' id='block_1_100' title="bbox 364 5448 1942 5521">
    <p class='ocr_par' dir='ltr' id='par_1_100' title="bbox 364 5448 1942 5521">
     <span class='ocr_line' id='line_1_101' title="bbox 364 5448 1942 5521; baseline -0.001 -16"><span class='ocrx_word' id='word_1_739' title='bbox 364 5450 475 5505; x_wconf 82' lang='grc' dir='ltr'>τῶν</span> <span class='ocrx_word' id='word_1_740' title='bbox 499 5449 834 5521; x_wconf 82' lang='grc' dir='ltr'>Ἐκκλησιῶν</span> <span class='ocrx_word' id='word_1_741' title='bbox 859 5448 1214 5512; x_wconf 80' lang='grc' dir='ltr'>διαστάσεως.</span> <span class='ocrx_word' id='word_1_742' title='bbox 1248 5451 1346 5503; x_wconf 71' lang='grc' dir='ltr'><strong>καὶ</strong></span> <span class='ocrx_word' id='word_1_743' title='bbox 1383 5450 1506 5521; x_wconf 85' lang='grc' dir='ltr'>δίχα</span> <span class='ocrx_word' id='word_1_744' title='bbox 1566 5451 1664 5504; x_wconf 82' lang='grc' dir='ltr'>τοῦ</span> <span class='ocrx_word' id='word_1_745' title='bbox 1718 5450 1942 5505; x_wconf 82' lang='grc' dir='ltr'>τοιῶσδε</span> 
     </span>
    </p>
   </div>
   <div class='ocr_carea' id='block_1_101' title="bbox 367 5538 1943 5614">
    <p class='ocr_par' dir='ltr' id='par_1_101' title="bbox 367 5538 1943 5614">
     <span class='ocr_line' id='line_1_102' title="bbox 367 5538 1943 5614; baseline -0.001 -17"><span class='ocrx_word' id='word_1_746' title='bbox 367 5540 850 5614; x_wconf 82' lang='grc' dir='ltr'>δραματουργῆσαι</span> <span class='ocrx_word' id='word_1_747' title='bbox 873 5539 1045 5593; x_wconf 84' lang='grc' dir='ltr'>ταῦτα</span> <span class='ocrx_word' id='word_1_748' title='bbox 1071 5539 1163 5593; x_wconf 82' lang='grc' dir='ltr'><strong>τὸν</strong></span> <span class='ocrx_word' id='word_1_749' title='bbox 1181 5539 1385 5595; x_wconf 64' lang='lat' dir='ltr'><strong>tide</strong></span> <span class='ocrx_word' id='word_1_750' title='bbox 1404 5582 1421 5606; x_wconf 93' lang='lat'><strong>,</strong></span> <span class='ocrx_word' id='word_1_751' title='bbox 1449 5540 1558 5596; x_wconf 84' lang='grc' dir='ltr'>τῶν</span> <span class='ocrx_word' id='word_1_752' title='bbox 1578 5538 1943 5612; x_wconf 82' lang='grc' dir='ltr'>ἐγκλημάτων</span> 
     </span>
    </p>
   </div>
   <div class='ocr_carea' id='block_1_102' title="bbox 368 5626 1944 5705">
    <p class='ocr_par' dir='ltr' id='par_1_102' title="bbox 368 5626 1944 5705">
     <span class='ocr_line' id='line_1_103' title="bbox 368 5626 1944 5705; baseline -0.003 -15"><span class='ocrx_word' id='word_1_753' title='bbox 368 5633 407 5691; x_wconf 68' lang='grc' dir='ltr'><strong>ὃ.</strong></span> <span class='ocrx_word' id='word_1_754' title='bbox 436 5633 752 5705; x_wconf 83' lang='grc' dir='ltr'>προτίθησιν</span> <span class='ocrx_word' id='word_1_755' title='bbox 779 5626 954 5697; x_wconf 76' lang='grc' dir='ltr'>οὗτος,</span> <span class='ocrx_word' id='word_1_756' title='bbox 977 5631 1072 5685; x_wconf 80' lang='grc' dir='ltr'>καὶ</span> <span class='ocrx_word' id='word_1_757' title='bbox 1104 5632 1212 5703; x_wconf 77' lang='grc' dir='ltr'><strong>πρὸ</strong></span> <span class='ocrx_word' id='word_1_758' title='bbox 1256 5633 1369 5687; x_wconf 86' lang='grc' dir='ltr'>τῶν</span> <span class='ocrx_word' id='word_1_759' title='bbox 1398 5633 1638 5705; x_wconf 86' lang='grc' dir='ltr'>τηλίκων</span> <span class='ocrx_word' id='word_1_760' title='bbox 1668 5633 1944 5705; x_wconf 73' lang='grc' dir='ltr'>ἑκατέρων</span> 
     </span>
    </p>
   </div>
   <div class='ocr_carea' id='block_1_103' title="bbox 372 5722 1947 5794">
    <p class='ocr_par' dir='ltr' id='par_1_103' title="bbox 372 5722 1947 5794">
     <span class='ocr_line' id='line_1_104' title="bbox 372 5722 1947 5794; baseline -0.003 -13"><span class='ocrx_word' id='word_1_761' title='bbox 372 5726 627 5790; x_wconf 82' lang='grc' dir='ltr'>συνόδων,</span> <span class='ocrx_word' id='word_1_762' title='bbox 648 5724 742 5779; x_wconf 75' lang='grc' dir='ltr'>καὶ</span> <span class='ocrx_word' id='word_1_763' title='bbox 772 5722 922 5793; x_wconf 82' lang='grc' dir='ltr'>σφῶν</span> <span class='ocrx_word' id='word_1_764' title='bbox 947 5722 1035 5777; x_wconf 77' lang='grc' dir='ltr'>διὰ</span> <span class='ocrx_word' id='word_1_765' title='bbox 1069 5724 1257 5793; x_wconf 79' lang='grc' dir='ltr'>μέσου,</span> <span class='ocrx_word' id='word_1_766' title='bbox 1296 5725 1392 5779; x_wconf 70' lang='grc' dir='ltr'><strong>καὶ</strong></span> <span class='ocrx_word' id='word_1_767' title='bbox 1423 5725 1541 5794; x_wconf 83' lang='grc' dir='ltr'>μετ’</span> <span class='ocrx_word' id='word_1_768' title='bbox 1571 5727 1763 5788; x_wconf 82' lang='grc' dir='ltr'>αὐτας,</span> <span class='ocrx_word' id='word_1_769' title='bbox 1811 5723 1947 5778; x_wconf 84' lang='grc' dir='ltr'><strong>Ῥω-</strong></span> 
     </span>
    </p>
   </div>
   <div class='ocr_carea' id='block_1_104' title="bbox 378 5818 1953 5889">
    <p class='ocr_par' dir='ltr' id='par_1_104' title="bbox 378 5818 1953 5889">
     <span class='ocr_line' id='line_1_105' title="bbox 378 5818 1953 5889; baseline 0 -17"><span class='ocrx_word' id='word_1_770' title='bbox 378 5818 557 5889; x_wconf 83' lang='grc' dir='ltr'>μαίοις</span> <span class='ocrx_word' id='word_1_771' title='bbox 618 5818 1041 5889; x_wconf 82' lang='grc' dir='ltr'>κηρυττομὲνων</span> <span class='ocrx_word' id='word_1_772' title='bbox 1097 5818 1441 5889; x_wconf 86' lang='grc' dir='ltr'>τρανότατα;</span> <span class='ocrx_word' id='word_1_773' title='bbox 1483 5818 1594 5873; x_wconf 75' lang='grc' dir='ltr'><strong>Καὶ</strong></span> <span class='ocrx_word' id='word_1_774' title='bbox 1640 5818 1811 5873; x_wconf 80' lang='grc' dir='ltr'>ταῦτα</span> <span class='ocrx_word' id='word_1_775' title='bbox 1854 5818 1953 5888; x_wconf 74' lang='grc' dir='ltr'><strong>μὲν</strong></span> 
     </span>
    </p>
   </div>
   <div class='ocr_carea' id='block_1_105' title="bbox 2051 4618 3636 4691">
    <p class='ocr_par' dir='ltr' id='par_1_105' title="bbox 2051 4618 3636 4691">
     <span class='ocr_line' id='line_1_106' title="bbox 2051 4618 3636 4691; baseline -0.003 -15"><span class='ocrx_word' id='word_1_776' title='bbox 2051 4636 2178 4677; x_wconf 87' lang='lat' dir='ltr'><strong>nam</strong></span> <span class='ocrx_word' id='word_1_777' title='bbox 2210 4630 2437 4691; x_wconf 88' lang='lat' dir='ltr'><strong>spectat,</strong></span> <span class='ocrx_word' id='word_1_778' title='bbox 2470 4630 2671 4673; x_wconf 84' lang='lat' dir='ltr'><strong>motam</strong></span> <span class='ocrx_word' id='word_1_779' title='bbox 2700 4621 3079 4688; x_wconf 65' lang='lat' dir='ltr'><strong>quasstionem,</strong></span> <span class='ocrx_word' id='word_1_780' title='bbox 3109 4618 3271 4687; x_wconf 73' lang='grc' dir='ltr'>ιονιςο</span> <span class='ocrx_word' id='word_1_781' title='bbox 3301 4618 3437 4671; x_wconf 88' lang='lat' dir='ltr'><strong>adeo</strong></span> <span class='ocrx_word' id='word_1_782' title='bbox 3469 4618 3636 4671; x_wconf 83' lang='lat' dir='ltr'><strong>inter-</strong></span> 
     </span>
    </p>
   </div>
   <div class='ocr_carea' id='block_1_106' title="bbox 2049 4708 3634 4781">
    <p class='ocr_par' dir='ltr' id='par_1_106' title="bbox 2049 4708 3634 4781">
     <span class='ocr_line' id='line_1_107' title="bbox 2049 4708 3634 4781; baseline -0.006 -11"><span class='ocrx_word' id='word_1_783' title='bbox 2049 4723 2304 4770; x_wconf 84' lang='lat' dir='ltr'><strong>currente</strong></span> <span class='ocrx_word' id='word_1_784' title='bbox 2328 4712 2588 4781; x_wconf 89' lang='lat' dir='ltr'><strong>temporis</strong></span> <span class='ocrx_word' id='word_1_785' title='bbox 2611 4712 2810 4781; x_wconf 87' lang='lat' dir='ltr'><strong>spatio,</strong></span> <span class='ocrx_word' id='word_1_786' title='bbox 2837 4712 2903 4764; x_wconf 89' lang='lat' dir='ltr'><strong>ad</strong></span> <span class='ocrx_word' id='word_1_787' title='bbox 2929 4726 3102 4779; x_wconf 84' lang='lat' dir='ltr'><strong>usque</strong></span> <span class='ocrx_word' id='word_1_788' title='bbox 3122 4708 3377 4763; x_wconf 78' lang='lat' dir='ltr'><strong>Pltotium</strong></span> <span class='ocrx_word' id='word_1_789' title='bbox 3404 4710 3634 4778; x_wconf 87' lang='lat' dir='ltr'><strong>patriar-</strong></span> 
     </span>
    </p>
   </div>
   <div class='ocr_carea' id='block_1_107' title="bbox 2049 4802 3631 4873">
    <p class='ocr_par' dir='ltr' id='par_1_107' title="bbox 2049 4802 3631 4873">
     <span class='ocr_line' id='line_1_108' title="bbox 2049 4802 3631 4873; baseline -0.004 -11"><span class='ocrx_word' id='word_1_790' title='bbox 2049 4807 2234 4863; x_wconf 89' lang='lat' dir='ltr'><strong>cham.</strong></span> <span class='ocrx_word' id='word_1_791' title='bbox 2273 4802 2344 4860; x_wconf 93' lang='lat' dir='ltr'><strong>Ut</strong></span> <span class='ocrx_word' id='word_1_792' title='bbox 2374 4814 2553 4859; x_wconf 90' lang='lat' dir='ltr'><strong>autem</strong></span> <span class='ocrx_word' id='word_1_793' title='bbox 2587 4804 2708 4873; x_wconf 86' lang='lat' dir='ltr'><strong>ejus</strong></span> <span class='ocrx_word' id='word_1_794' title='bbox 2737 4806 3016 4858; x_wconf 88' lang='lat' dir='ltr'><strong>contentio</strong></span> <span class='ocrx_word' id='word_1_795' title='bbox 3041 4843 3055 4865; x_wconf 91' lang='lat'><strong>,</strong></span> <span class='ocrx_word' id='word_1_796' title='bbox 3088 4802 3231 4872; x_wconf 86' lang='lat' dir='ltr'><strong>quod</strong></span> <span class='ocrx_word' id='word_1_797' title='bbox 3266 4803 3424 4871; x_wconf 85' lang='lat' dir='ltr'><strong>plane</strong></span> <span class='ocrx_word' id='word_1_798' title='bbox 3455 4803 3631 4872; x_wconf 90' lang='lat' dir='ltr'><strong>ipsum</strong></span> 
     </span>
    </p>
   </div>
   <div class='ocr_carea' id='block_1_108' title="bbox 2047 4883 3634 4975">
    <p class='ocr_par' dir='ltr' id='par_1_108' title="bbox 2047 4883 3634 4975">
     <span class='ocr_line' id='line_1_109' title="bbox 2047 4883 3634 4975; baseline -0.005 -20"><span class='ocrx_word' id='word_1_799' title='bbox 2047 4900 2255 4970; x_wconf 81' lang='lat' dir='ltr'><strong>liquet,</strong></span> <span class='ocrx_word' id='word_1_800' title='bbox 2301 4914 2408 4953; x_wconf 91' lang='lat' dir='ltr'><strong>non</strong></span> <span class='ocrx_word' id='word_1_801' title='bbox 2443 4914 2505 4965; x_wconf 77' lang='lat' dir='ltr'><strong>ex</strong></span> <span class='ocrx_word' id='word_1_802' title='bbox 2540 4912 2697 4975; x_wconf 64' lang='lat' dir='ltr'><strong>sacro</strong></span> <span class='ocrx_word' id='word_1_803' title='bbox 2728 4883 2866 4958; x_wconf 57' lang='lat' dir='ltr'><strong>seio.</strong></span> <span class='ocrx_word' id='word_1_804' title='bbox 2898 4898 2987 4952; x_wconf 86' lang='lat' dir='ltr'><strong>sed</strong></span> <span class='ocrx_word' id='word_1_805' title='bbox 3022 4912 3087 4950; x_wconf 79' lang='lat' dir='ltr'><strong>ex</strong></span> <span class='ocrx_word' id='word_1_806' title='bbox 3119 4896 3433 4948; x_wconf 83' lang='lat' dir='ltr'><strong>dominandi</strong></span> <span class='ocrx_word' id='word_1_807' title='bbox 3469 4912 3634 4964; x_wconf 83' lang='lat' dir='ltr'><strong>appe-</strong></span> 
     </span>
    </p>
   </div>
   <div class='ocr_carea' id='block_1_109' title="bbox 2048 4978 3633 5061">
    <p class='ocr_par' dir='ltr' id='par_1_109' title="bbox 2048 4978 3633 5061">
     <span class='ocr_line' id='line_1_110' title="bbox 2048 4978 3633 5061; baseline -0.005 -14"><span class='ocrx_word' id='word_1_808' title='bbox 2048 4992 2149 5047; x_wconf 86' lang='lat' dir='ltr'><strong>titu</strong></span> <span class='ocrx_word' id='word_1_809' title='bbox 2186 5006 2397 5061; x_wconf 84' lang='lat' dir='ltr'><strong>magnae</strong></span> <span class='ocrx_word' id='word_1_810' title='bbox 2432 4978 2523 5045; x_wconf 87' lang='lat' dir='ltr'><strong>illo</strong></span> <span class='ocrx_word' id='word_1_811' title='bbox 2558 5000 2783 5061; x_wconf 88' lang='lat' dir='ltr'><strong>parente</strong></span> <span class='ocrx_word' id='word_1_812' title='bbox 2818 4990 3058 5059; x_wconf 76' lang='lat' dir='ltr'><strong>injurizc,</strong></span> <span class='ocrx_word' id='word_1_813' title='bbox 3095 4990 3351 5050; x_wconf 79' lang='lat' dir='ltr'><strong>oriretur,</strong></span> <span class='ocrx_word' id='word_1_814' title='bbox 3393 4998 3502 5040; x_wconf 85' lang='lat' dir='ltr'><strong>tum</strong></span> <span class='ocrx_word' id='word_1_815' title='bbox 3539 5003 3633 5039; x_wconf 84' lang='lat' dir='ltr'><strong>os-</strong></span> 
     </span>
    </p>
   </div>
   <div class='ocr_carea' id='block_1_110' title="bbox 2048 5077 3637 5152">
    <p class='ocr_par' dir='ltr' id='par_1_110' title="bbox 2048 5077 3637 5152">
     <span class='ocr_line' id='line_1_111' title="bbox 2048 5077 3637 5152; baseline -0.003 -15"><span class='ocrx_word' id='word_1_816' title='bbox 2048 5082 2242 5149; x_wconf 88' lang='lat' dir='ltr'><strong>tendit,</strong></span> <span class='ocrx_word' id='word_1_817' title='bbox 2288 5097 2447 5152; x_wconf 88' lang='lat' dir='ltr'><strong>quem</strong></span> <span class='ocrx_word' id='word_1_818' title='bbox 2494 5081 2800 5149; x_wconf 83' lang='lat' dir='ltr'><strong>composui,</strong></span> <span class='ocrx_word' id='word_1_819' title='bbox 2850 5081 3018 5144; x_wconf 86' lang='lat' dir='ltr'><strong>liber;</strong></span> <span class='ocrx_word' id='word_1_820' title='bbox 3069 5090 3182 5133; x_wconf 85' lang='lat' dir='ltr'><strong>tum</strong></span> <span class='ocrx_word' id='word_1_821' title='bbox 3235 5097 3354 5149; x_wconf 71' lang='lat' dir='ltr'><strong>qum</strong></span> <span class='ocrx_word' id='word_1_822' title='bbox 3406 5077 3637 5147; x_wconf 71' lang='lat' dir='ltr'><strong>IIlljllSt&#39;e</strong></span> 
     </span>
    </p>
   </div>
   <div class='ocr_carea' id='block_1_111' title="bbox 2048 5168 3638 5241">
    <p class='ocr_par' dir='ltr' id='par_1_111' title="bbox 2048 5168 3638 5241">
     <span class='ocr_line' id='line_1_112' title="bbox 2048 5168 3638 5241; baseline -0.004 -16"><span class='ocrx_word' id='word_1_823' title='bbox 2048 5172 2218 5241; x_wconf 85' lang='lat' dir='ltr'><strong>partis</strong></span> <span class='ocrx_word' id='word_1_824' title='bbox 2272 5180 2401 5227; x_wconf 90' lang='lat' dir='ltr'><strong>sunt</strong></span> <span class='ocrx_word' id='word_1_825' title='bbox 2452 5172 2683 5240; x_wconf 88' lang='lat' dir='ltr'><strong>reliqua.</strong></span> <span class='ocrx_word' id='word_1_826' title='bbox 2737 5168 3016 5225; x_wconf 87' lang='lat' dir='ltr'><strong>Undenam</strong></span> <span class='ocrx_word' id='word_1_827' title='bbox 3071 5184 3196 5224; x_wconf 86' lang='lat' dir='ltr'><strong>vero</strong></span> <span class='ocrx_word' id='word_1_828' title='bbox 3250 5170 3403 5221; x_wconf 81' lang='lat' dir='ltr'><strong>ﬁrma</strong></span> <span class='ocrx_word' id='word_1_829' title='bbox 3460 5169 3638 5220; x_wconf 80' lang='lat' dir='ltr'><strong>ratio?</strong></span> 
     </span>
    </p>
   </div>
   <div class='ocr_carea' id='block_1_112' title="bbox 2050 5260 3630 5334">
    <p class='ocr_par' dir='ltr' id='par_1_112' title="bbox 2050 5260 3630 5334">
     <span class='ocr_line' id='line_1_113' title="bbox 2050 5260 3630 5334; baseline -0.004 -14"><span class='ocrx_word' id='word_1_830' title='bbox 2050 5263 2321 5330; x_wconf 85' lang='lat' dir='ltr'><strong>Quidnam</strong></span> <span class='ocrx_word' id='word_1_831' title='bbox 2355 5278 2545 5318; x_wconf 86' lang='lat' dir='ltr'><strong>eorum</strong></span> <span class='ocrx_word' id='word_1_832' title='bbox 2584 5266 2934 5334; x_wconf 82' lang='lat' dir='ltr'><strong>aggressione</strong></span> <span class='ocrx_word' id='word_1_833' title='bbox 2973 5271 3146 5316; x_wconf 87' lang='lat' dir='ltr'><strong>tutum</strong></span> <span class='ocrx_word' id='word_1_834' title='bbox 3171 5303 3185 5327; x_wconf 91' lang='lat'><strong>,</strong></span> <span class='ocrx_word' id='word_1_835' title='bbox 3223 5260 3313 5330; x_wconf 89' lang='lat' dir='ltr'><strong>qui</strong></span> <span class='ocrx_word' id='word_1_836' title='bbox 3352 5260 3630 5314; x_wconf 70' lang='lat' dir='ltr'><strong>Ecclesia-</strong></span> 
     </span>
    </p>
   </div>
   <div class='ocr_carea' id='block_1_113' title="bbox 2052 5353 3633 5422">
    <p class='ocr_par' dir='ltr' id='par_1_113' title="bbox 2052 5353 3633 5422">
     <span class='ocr_line' id='line_1_114' title="bbox 2052 5353 3633 5422; baseline -0.005 -10"><span class='ocrx_word' id='word_1_837' title='bbox 2052 5373 2173 5412; x_wconf 89' lang='lat' dir='ltr'><strong>rum</strong></span> <span class='ocrx_word' id='word_1_838' title='bbox 2203 5356 2386 5412; x_wconf 79' lang='lat' dir='ltr'><strong>fovent</strong></span> <span class='ocrx_word' id='word_1_839' title='bbox 2417 5356 2726 5422; x_wconf 88' lang='lat' dir='ltr'><strong>dissidium,</strong></span> <span class='ocrx_word' id='word_1_840' title='bbox 2757 5369 2982 5421; x_wconf 76' lang='lat' dir='ltr'><strong>excepto</strong></span> <span class='ocrx_word' id='word_1_841' title='bbox 3011 5355 3175 5407; x_wconf 89' lang='lat' dir='ltr'><strong>etiam</strong></span> <span class='ocrx_word' id='word_1_842' title='bbox 3207 5362 3265 5407; x_wconf 84' lang='lat' dir='ltr'><strong>ut</strong></span> <span class='ocrx_word' id='word_1_843' title='bbox 3298 5369 3363 5406; x_wconf 86' lang='lat' dir='ltr'><strong>ne</strong></span> <span class='ocrx_word' id='word_1_844' title='bbox 3395 5353 3475 5406; x_wconf 86' lang='lat' dir='ltr'><strong>sic</strong></span> <span class='ocrx_word' id='word_1_845' title='bbox 3506 5354 3633 5419; x_wconf 70' lang='lat' dir='ltr'><strong>qtt&#39;t—</strong></span> 
     </span>
    </p>
   </div>
   <div class='ocr_carea' id='block_1_114' title="bbox 2052 5445 3637 5513">
    <p class='ocr_par' dir='ltr' id='par_1_114' title="bbox 2052 5445 3637 5513">
     <span class='ocr_line' id='line_1_115' title="bbox 2052 5445 3637 5513; baseline -0.004 -10"><span class='ocrx_word' id='word_1_846' title='bbox 2052 5450 2175 5504; x_wconf 90' lang='lat' dir='ltr'><strong>dem</strong></span> <span class='ocrx_word' id='word_1_847' title='bbox 2218 5450 2396 5505; x_wconf 77' lang='lat' dir='ltr'><strong>Pltotii</strong></span> <span class='ocrx_word' id='word_1_848' title='bbox 2438 5448 2528 5503; x_wconf 85' lang='lat' dir='ltr'><strong>illa</strong></span> <span class='ocrx_word' id='word_1_849' title='bbox 2570 5447 2752 5502; x_wconf 78' lang='lat' dir='ltr'><strong>fabula</strong></span> <span class='ocrx_word' id='word_1_850' title='bbox 2793 5446 3023 5511; x_wconf 86' lang='lat' dir='ltr'><strong>habeat;</strong></span> <span class='ocrx_word' id='word_1_851' title='bbox 3062 5461 3184 5498; x_wconf 85' lang='lat' dir='ltr'><strong>cum</strong></span> <span class='ocrx_word' id='word_1_852' title='bbox 3226 5460 3345 5513; x_wconf 74' lang='lat' dir='ltr'><strong>qua:</strong></span> <span class='ocrx_word' id='word_1_853' title='bbox 3384 5445 3474 5499; x_wconf 88' lang='lat' dir='ltr'><strong>ille</strong></span> <span class='ocrx_word' id='word_1_854' title='bbox 3513 5445 3637 5497; x_wconf 86' lang='lat' dir='ltr'><strong>cri—</strong></span> 
     </span>
    </p>
   </div>
   <div class='ocr_carea' id='block_1_115' title="bbox 2050 5535 3635 5611">
    <p class='ocr_par' dir='ltr' id='par_1_115' title="bbox 2050 5535 3635 5611">
     <span class='ocr_line' id='line_1_116' title="bbox 2050 5535 3635 5611; baseline -0.004 -15"><span class='ocrx_word' id='word_1_855' title='bbox 2050 5540 2186 5596; x_wconf 89' lang='lat' dir='ltr'><strong>mini</strong></span> <span class='ocrx_word' id='word_1_856' title='bbox 2224 5540 2431 5611; x_wconf 84' lang='lat' dir='ltr'><strong>objicit,</strong></span> <span class='ocrx_word' id='word_1_857' title='bbox 2450 5548 2575 5595; x_wconf 89' lang='lat' dir='ltr'><strong>ante</strong></span> <span class='ocrx_word' id='word_1_858' title='bbox 2597 5541 2787 5592; x_wconf 85' lang='lat' dir='ltr'><strong>ambas</strong></span> <span class='ocrx_word' id='word_1_859' title='bbox 2811 5547 2987 5591; x_wconf 84' lang='lat' dir='ltr'><strong>tantas</strong></span> <span class='ocrx_word' id='word_1_860' title='bbox 3012 5537 3132 5589; x_wconf 88' lang='lat' dir='ltr'><strong>illas</strong></span> <span class='ocrx_word' id='word_1_861' title='bbox 3158 5536 3356 5604; x_wconf 89' lang='lat' dir='ltr'><strong>pariter</strong></span> <span class='ocrx_word' id='word_1_862' title='bbox 3374 5535 3635 5605; x_wconf 78' lang='lat' dir='ltr'><strong>synodos,</strong></span> 
     </span>
    </p>
   </div>
   <div class='ocr_carea' id='block_1_116' title="bbox 2050 5626 3635 5703">
    <p class='ocr_par' dir='ltr' id='par_1_116' title="bbox 2050 5626 3635 5703">
     <span class='ocr_line' id='line_1_117' title="bbox 2050 5626 3635 5703; baseline -0.005 -14"><span class='ocrx_word' id='word_1_863' title='bbox 2050 5632 2484 5703; x_wconf 85' lang='lat' dir='ltr'><strong>intermedioque</strong></span> <span class='ocrx_word' id='word_1_864' title='bbox 2515 5640 2780 5699; x_wconf 85' lang='lat' dir='ltr'><strong>tempore.</strong></span> <span class='ocrx_word' id='word_1_865' title='bbox 2815 5646 2878 5683; x_wconf 87' lang='lat' dir='ltr'><strong>ac</strong></span> <span class='ocrx_word' id='word_1_866' title='bbox 2910 5639 3030 5697; x_wconf 85' lang='lat' dir='ltr'><strong>post</strong></span> <span class='ocrx_word' id='word_1_867' title='bbox 3062 5643 3153 5681; x_wconf 73' lang='lat' dir='ltr'><strong>eas</strong></span> <span class='ocrx_word' id='word_1_868' title='bbox 3187 5627 3489 5681; x_wconf 79' lang='lat' dir='ltr'><strong>clarissime</strong></span> <span class='ocrx_word' id='word_1_869' title='bbox 3522 5626 3635 5681; x_wconf 70' lang='lat' dir='ltr'><strong>lto-</strong></span> 
     </span>
    </p>
   </div>
   <div class='ocr_carea' id='block_1_117' title="bbox 2043 5718 3631 5796">
    <p class='ocr_par' dir='ltr' id='par_1_117' title="bbox 2043 5718 3631 5796">
     <span class='ocr_line' id='line_1_118' title="bbox 2043 5718 3631 5796; baseline -0.006 -15"><span class='ocrx_word' id='word_1_870' title='bbox 2043 5727 2199 5788; x_wconf 69' lang='lat' dir='ltr'><strong>,mani</strong></span> <span class='ocrx_word' id='word_1_871' title='bbox 2232 5725 2589 5796; x_wconf 69' lang='lat' dir='ltr'><strong>praedicarent</strong></span> <span class='ocrx_word' id='word_1_872' title='bbox 2618 5738 2682 5777; x_wconf 89' lang='lat' dir='ltr'><strong>ac</strong></span> <span class='ocrx_word' id='word_1_873' title='bbox 2713 5720 3145 5792; x_wconf 72' lang='lat' dir='ltr'><strong>profiterentur?</strong></span> <span class='ocrx_word' id='word_1_874' title='bbox 3175 5719 3242 5778; x_wconf 84' lang='lat' dir='ltr'><strong>Et</strong></span> <span class='ocrx_word' id='word_1_875' title='bbox 3270 5720 3386 5773; x_wconf 74' lang='lat' dir='ltr'><strong>haec</strong></span> <span class='ocrx_word' id='word_1_876' title='bbox 3416 5718 3631 5787; x_wconf 86' lang='lat' dir='ltr'><strong>quidem</strong></span> 
     </span>
    </p>
   </div>
   <div class='ocr_carea' id='block_1_118' title="bbox 2060 5809 3633 5884">
    <p class='ocr_par' dir='ltr' id='par_1_118' title="bbox 2060 5809 3633 5884">
     <span class='ocr_line' id='line_1_119' title="bbox 2060 5809 3633 5884; baseline -0.008 -11"><span class='ocrx_word' id='word_1_877' title='bbox 2060 5817 2360 5873; x_wconf 77' lang='lat' dir='ltr'><strong>universim</strong></span> <span class='ocrx_word' id='word_1_878' title='bbox 2397 5830 2461 5870; x_wconf 90' lang='lat' dir='ltr'><strong>ac</strong></span> <span class='ocrx_word' id='word_1_879' title='bbox 2497 5812 2825 5884; x_wconf 86' lang='lat' dir='ltr'><strong>compendio</strong></span> <span class='ocrx_word' id='word_1_880' title='bbox 2860 5812 2925 5868; x_wconf 87' lang='lat' dir='ltr'><strong>ad</strong></span> <span class='ocrx_word' id='word_1_881' title='bbox 2970 5827 3089 5878; x_wconf 70' lang='lat' dir='ltr'><strong>eos,</strong></span> <span class='ocrx_word' id='word_1_882' title='bbox 3126 5812 3216 5882; x_wconf 84' lang='lat' dir='ltr'><strong>qui</strong></span> <span class='ocrx_word' id='word_1_883' title='bbox 3255 5809 3423 5864; x_wconf 79' lang='lat' dir='ltr'><strong>divini</strong></span> <span class='ocrx_word' id='word_1_884' title='bbox 3464 5809 3633 5862; x_wconf 82' lang='lat' dir='ltr'><strong>inter-</strong></span> 
     </span>
    </p>
   </div>
  </div>
