3972 6616
347 431 478 495 iiii

1558 424 1879 494 GEORGII
1908 433 1957 491 M
1971 430 2215 529 ETOC/Il
2226 430 2370 492 l'i‘JE

3475 419 3617 487 14:2

334 553 505 624 pratis
537 551 754 606 Maximi
789 548 1114 608 sententiam
1151 546 1437 619 proferunt
1469 555 1729 620 tanquam
1767 548 1926 604 nobis

2045 547 2289 612 καθόλου,
2320 546 2415 600 καὶ
2446 545 2564 599 κατ’
2595 540 2865 614 ἐπιτομὴν
2898 539 3035 614 πρὸς
3070 542 3196 607 τοὺς
3225 540 3294 595 τὰ
3351 540 3445 596 τοῦ
3504 542 3620 595 θεο-

337 650 741 702 a.ircrsantem.
815 699 819 703 .

407 738 562 803 Quod
599 752 729 790 vero
764 737 831 790 ad
870 735 1002 791 illud
1040 744 1285 805 spectat,
1320 745 1380 790 ut
1415 748 1526 789 non
1563 748 1783 790 causam
1807 771 1823 798 ,
1856 748 1923 788 ac

336 847 502 885 unam
545 831 689 883 dicat
729 845 974 892 causam,
1020 830 1401 899 objiciuntque
1445 837 1504 883 ut
1550 827 1923 894 ineluctabile,

338 922 687 990 peculiariter
718 922 1116 989 respondemus
1141 962 1157 986 ,
1194 921 1337 992 quod
1372 920 1477 991 ipsi
1512 920 1882 990 gratissimum
1907 961 1921 983 ,

335 1013 608 1078 habeant;
646 1010 903 1065 nimirum
927 1054 941 1078 ,
974 1026 1152 1080 neque
1186 1027 1250 1065 ex
1285 1008 1427 1063 Filio
1461 1006 1770 1079 signiﬁcare
1802 1020 1925 1060 esse

338 1102 600 1172 Spiritum
634 1115 914 1166 sanctum,
949 1118 1127 1171 neque
1158 1118 1254 1172 per
1284 1100 1481 1155 Filium
1505 1142 1519 1165 ,
1554 1097 1697 1169 quod
1734 1098 1799 1151 ad
1832 1112 1928 1150 cx-

337 1196 569 1250 sistendi
608 1195 876 1249 rationem
914 1198 1107 1249 attinet
1143 1211 1157 1249 :
1196 1195 1286 1250 sed
1323 1194 1470 1265 quod
1508 1194 1572 1246 ad
1616 1193 1917 1257 rationem,

334 1302 526 1339 eorum
565 1286 857 1349 sententia,
895 1286 1041 1341 illius
1076 1286 1529 1355 peremptricem;
1566 1298 1762 1352 nempe
1796 1281 1918 1335 sub-

332 1376 792 1441 ministrationis,
826 1375 1065 1430 dationis
1100 1390 1163 1429 ac
1202 1372 1687 1429 manifestationis.
1720 1371 1927 1438 Quam-

333 1466 521 1522 obrem
555 1468 719 1520 etiam
754 1466 883 1520 illud
908 1507 923 1530 ,
957 1468 1107 1521 solus
1138 1483 1304 1521 causa
1327 1509 1340 1531 ,
1376 1466 1639 1521 traditum
1672 1471 1927 1519 asserunt

334 1564 402 1615 ad
453 1560 885 1627 excludendum.
930 1570 988 1616 ut
1037 1562 1332 1631 productor
1379 1574 1602 1615 causam
1653 1558 1926 1612 diversam

333 1652 647 1722 significare
679 1652 1034 1722 intelligatur,
1066 1667 1171 1722 qua
1202 1666 1298 1721 per
1326 1651 1564 1706 Verbum
1592 1647 1774 1705 divina
1805 1661 1930 1716 pro-

331 1744 520 1799 ductio
555 1743 668 1798 ﬁeri
701 1744 1005 1813 explicatur
1041 1760 1055 1797 :
1086 1744 1351 1814 illudque,
1383 1744 1560 1799 solum
1597 1741 1825 1802 fontem,
1859 1737 1925 1792 ad

333 1835 469 1891 illud
503 1834 922 1903 confutandam,
955 1847 1014 1893 ut
1046 1836 1362 1908 procedere,
1391 1838 1666 1892 divorsum
1701 1833 1925 1890 modum

2027 642 2290 712 φάντορος
2321 636 2577 707 Μαξίμου
2615 635 3069 706 προτεινομένους
3088 634 3164 698 ὡς
3196 633 3317 688 καθ’
3339 635 3521 704 ἡμῶν.

2099 730 2242 800 Πρὸς
2270 730 2326 783 δὲ
2346 729 2429 791 τὸ,
2450 730 2553 781 οὐκ
2587 728 2789 793 αἰτίαν,
2840 728 2934 781 καὶ
2970 726 3102 798 μίαν
3149 727 3332 781 αἰτίαν
3365 727 3429 780 τὸ
3485 742 3623 794 προ-

2030 821 2359 891 ϐαλλόμενον
2407 819 2481 882 ὡς
2516 818 2989 886 ἀκαταγώνιστον,
3024 817 3133 889 ίδίᾳ
3164 812 3347 888 φαμὲν
3377 818 3531 887 σφίσι
3562 818 3619 870 τὸ

2030 913 2530 980 περισπούδαστον⁸
2562 911 2644 973 τὸ,
2677 910 2805 980 μήτ’
2835 910 2894 970 EE
2938 909 3096 975 Υίοῦ,
3154 910 3291 978 μήτε
3349 908 3621 961 δεικνύναι

2027 1007 2095 1060 δι’
2128 1006 2259 1059 Υίοῦ
2300 1006 2359 1058 τὸ
2384 1004 2612 1073 Πνεῦμα
2642 1004 2702 1057 τὸ
2742 1004 2897 1070 ἆγιον
2929 1000 3071 1055 κατά
3098 1001 3259 1069 λόγον
3293 991 3579 1069 deripiam:
3604 1041 3620 1065 ,

2032 1099 2169 1154 ἀλλὰ
2201 1097 2342 1151 κατά
2367 1099 2467 1166 τὴν
2502 1095 2674 1167 αὐτῆς
2702 1093 3057 1165 ἀναιρετικὴν
3087 1094 3209 1146 κατ’
3236 1093 3437 1154 αὐτοὺς
3466 1108 3629 1163 χορη-

2029 1193 2179 1262 γίαν,
2211 1192 2358 1245 δόσιν
2384 1208 2442 1243 τε
2475 1190 2567 1243 καὶ
2602 1189 2933 1258 φανέρωσιν.
2999 1187 3165 1241 Ὅθεν
3198 1187 3295 1240 καὶ
3347 1186 3410 1239 τὸ
3468 1189 3625 1253 μόνος

2029 1286 2202 1343 αἴτιος
2260 1275 2400 1353 πρὸς
2430 1280 2774 1349 ἀποσόῦησιν
2801 1278 3199 1348 ἀποφαίνονται
3224 1272 3628 1345 παραδεδόσθαι

2030 1377 2124 1430 τοῦ
2154 1377 2216 1429 τὸ
2252 1376 2514 1443 διάφορον
2541 1374 2716 1427 αἴτιον
2742 1372 3031 1441 σημαίνειν
3077 1370 3140 1422 τδ
3194 1370 3518 1440 προεοὶεὺς,
3571 1369 3628 1420 ἐν

2030 1465 2109 1531 οἷς
2128 1467 2220 1520 διὰ
2245 1464 2420 1535 Λόγου
2440 1462 2845 1533 τεθεολόγηται⁸
2875 1461 2972 1514 καὶ
2989 1459 3050 1512 τὸ
3070 1460 3239 1529 μόνην
3253 1458 3461 1527 πηγὴν,
3492 1462 3629 1527 πρὸς

2028 1558 2337 1629 ἀνασκευὴν
2394 1556 2489 1609 τοῦ
2528 1554 2587 1609 τὸ
2611 1552 2989 1625 ὲκπορεῦσθαι
3016 1552 3107 1605 τὸν
3133 1552 3394 1621 διάφορον
3423 1551 3628 1621 τρόπον

2041 1657 2130 1724 τῆς
2146 1654 2240 1709 τοῦ
2272 1650 2413 1707 Πνεύ
2424 1668 2592 1721 ματος
2614 1649 2904 1719 ὑπάρξεως
2927 1646 3286 1717 παριστάνειν
3314 1685 3330 1708 ,
3356 1646 3421 1697 ὲν
3445 1639 3528 1705 οἷς
3562 1630 3632 1695 δι’
3688 1688 3710 1724 ξ

2044 1716 2168 1801 Υίοῦ
2199 1716 2631 1812 καταγγέλλεται
2665 1716 2848 1803 καθὼς
2871 1740 2905 1810 ἡ
2943 1716 3277 1809 θεσμοθεσία
3332 1735 3634 1808 διαρρήδην
3690 1716 3714 1731 Ἰ

2035 1838 2394 1910 διαλαμϐάνει
2421 1835 2515 1890 τοῦ
2541 1834 2791 1897 κώδικος.
2818 1831 3121 1886 Κάνταῦθα
3152 1827 3559 1902 παραπλησίως
3595 1829 3630 1899 ή

334 1928 636 1984 exsistendi
675 1929 913 1999 Spiritus
948 1906 1190 1994 denotet,
1228 1945 1335 2000 qua
1370 1945 1468 1999 per
1496 1927 1696 1984 Filium
1734 1927 1926 1998 perhi-

2045 1933 2173 2001 ιύτὴ
2199 1906 2627 2001 περισπέρχεια,
2653 1925 2721 1979 δι’
2753 1924 2872 1988 ἑνὸς
2902 1920 3241 1995 ἀναστρέψαι
3288 1924 3350 1977 τὸ
3381 1922 3576 1993 ἕτερον
3614 1938 3631 1952 ⁸

335 2020 513 2080 betur.
550 2023 1014 2089 quemadmodum
1052 2021 1231 2090 palam
1267 2021 1473 2076 codicis
1510 2021 1647 2074 ratio
1682 2032 1933 2089 compre-

334 2112 547 2175 hendit.
592 2111 770 2167 Simili
810 2127 938 2168 vero
981 2112 1069 2167 hic
1115 2114 1344 2177 ratione,
1389 2127 1483 2166 sus
1527 2106 1703 2181 deque
1745 2111 1930 2164 omnia

332 2203 493 2269 ﬁunt,
525 2214 583 2257 ut
615 2220 786 2259 unum
819 2204 1052 2258 alterum
1082 2213 1329 2269 evertat;
1362 2219 1426 2258 ac
1459 2203 1714 2258 secundis
1745 2205 1930 2274 priora

2030 2023 2121 2076 διὰ
2144 2014 2253 2075 τῶν
2282 2021 2551 2091 δευτέρων
2584 2018 2654 2072 τὰ
2684 2018 2926 2090 πρότερα
2959 2032 2974 2048 ⁸
3003 2016 3100 2071 διὰ
3129 2016 3223 2070 τοῦ
3260 2014 3391 2088 μίαν
3424 2014 3631 2078 αἰτίαν,

2028 2116 2090 2169 τὸ
2147 2114 2206 2181 ἐξ
2269 2113 2428 2179 Υίοῦ,
2480 2113 2619 2182 ὅπερ
2649 2113 2677 2164 ό
2709 2109 2851 2174 θεῖος
2915 2102 3017 2163 ὧδε
3059 2109 3448 2182 μυσταγωγὸς,
3489 2105 3633 2161 καθά

2039 2210 2333 2280 Ῥωμαίοις
2388 2208 2536 2261 ἐστὶν
2591 2205 3042 2276 ὲκφωνούμενον,
3119 2200 3288 2274 μηδὲν
3345 2204 3633 2274 διαφέρειν

333 2296 688 2353 destruantur
733 2316 747 2352 :
788 2300 1085 2365 nimirum,
1132 2315 1227 2370 per
1270 2314 1435 2354 unam
1482 2315 1739 2366 causam,
1782 2301 1927 2369 quod

2045 2302 2122 2357 τοῦ
2153 2300 2229 2356 δι’
2267 2299 2407 2355 Υἱοῦ
2435 2298 2650 2371 τίθησιν
2681 2297 2762 2360 είς
2794 2296 3087 2363 ἀπόλογον.
3127 2294 3187 2349 ὐ
3220 2293 3354 2365 γοῦν
3396 2296 3455 2349 ὲν
3482 2293 3633 2347 ὲκεί-

333 2398 415 2443 est
449 2406 514 2443 ex
552 2388 723 2456 Filio;
750 2392 902 2465 quod
941 2391 1160 2447 divinus
1197 2392 1284 2446 hic
1320 2392 1536 2453 doctor,
1572 2405 1676 2458 qua
1714 2391 1928 2446 ratione

2045 2412 2136 2456 νοις
2162 2391 2384 2463 ἐλεγχος
2411 2390 2507 2445 καὶ
2535 2389 2748 2453 τούτοις
2781 2380 3194 2461 ἁρμοδιώτατος

337 2483 569 2541 Romani
617 2486 749 2540 illud
797 2487 1122 2556 proﬁtentur
1156 2503 1221 2543 ac
1261 2488 1516 2552 eﬂerunt,
1556 2487 1694 2542 nihil
1737 2489 1805 2542 ab
1848 2501 1915 2543 eo
1955 2488 2209 2557 differre,
2241 2489 2385 2560 quod
2422 2496 2506 2545 est
2539 2504 2633 2558 per
2664 2486 2898 2553 Filium,
2929 2483 3272 2541 defensionis
3341 2482 3462 2538 loco
3533 2497 3631 2554 po-
3714 2514 3727 2520 ο

333 2581 436 2656 nit.
475 2581 608 2648 Qua:
647 2596 774 2652 ergo
821 2582 875 2635 in
923 2582 1032 2638 illis
1077 2582 1398 2649 confutatio,
1441 2584 1493 2637 in
1541 2584 1663 2639 iSIis
1708 2598 1926 2653 quoque
1963 2600 2128 2654 quam
2168 2584 2405 2640 maxime
2440 2582 2717 2652 congruit.

405 2674 772 2741 Quamobrem
824 2676 989 2731 etiam
1041 2678 1237 2732 iterum
1288 2678 1546 2743 dicimus,
1597 2694 1657 2733 ca
1706 2680 1922 2734 ratione

3058 2670 3075 2698 ι

2098 2682 2191 2734 Διὸ
2223 2681 2317 2734 καὶ
2348 2680 2509 2735 πάλιν
2543 2678 2780 2750 λέγομεν
2818 2677 2894 2738 ὡς
2949 2671 3075 2729 κατ’
3129 2674 3342 2729 ἐκεῖνον
3368 2671 3479 2743 ἄρα
3539 2672 3632 2729 τὸν

335 2784 460 2836 quae
489 2769 709 2838 proprie
741 2769 886 2823 Patri
919 2770 1141 2825 definita
1174 2782 1280 2832 est.
1310 2788 1411 2827 nec
1443 2773 1555 2826 uiio
1587 2772 1751 2827 modo
1784 2772 1927 2825 inest

2045 2774 2211 2842 ιόγον,
2241 2772 2299 2833 ὃς
2322 2772 2465 2835 ἰδίως
2483 2770 2792 2842 ἀφώρισται
2804 2769 2880 2838 τῷ
2901 2770 3095 2837 Πατρὶ,
3119 2769 3214 2820 καὶ
3236 2768 3314 2837 τῷ
3335 2767 3451 2836 Υἱῷ
3472 2766 3632 2834 πρόσ-

335 2858 525 2925 Fiii0°r
554 2876 662 2915 non
700 2876 804 2930 qua
843 2862 896 2916 in
939 2863 1209 2917 ambobus
1249 2864 1568 2932 intelligitur
1603 2864 1745 2929 hoc,
1780 2865 1926 2932 quod

337 2962 422 3006 est
452 2953 739 3017 declarari,
771 2970 835 3007 ac
866 2954 1217 3020 annuntiari;
1264 2972 1370 3009 non
1403 2958 1508 3009 dici
1542 2956 1737 3011 Filium
1770 2956 1933 3011 abso-

2033 2883 2182 2922 εστιν
2212 2864 2488 2937 οὐδαμῶς,
2518 2866 2614 2917 καὶ
2640 2862 2700 2915 οὑ
2724 2862 2897 2930 δήπου
2939 2859 3061 2913 καθ’
3097 2859 3156 2912 δν
3190 2860 3397 2927 ἀμφοῖν
3436 2859 3631 2909 iaetu).-

2041 2962 2215 3032 ρεῖται
2248 2959 2311 3013 τὸ
2365 2955 2697 3029 τρανοῦσθαι
2762 2954 2862 3008 καὶ
2900 2951 3344 3021 διαγγέλλεσθαι,
3373 2949 3631 3017 καθαρῶς

339 3043 460 3104 Ιιιῐθ,
499 3044 759 3109 causam;
806 3045 1133 3114 Patremque
1177 3063 1342 3100 unam
1389 3063 1452 3101 ac
1495 3047 1663 3101 solam
1709 3062 1932 3101 causam

2045 3054 2138 3108 οὐκ
2170 3052 2349 3105 αἰτίαν
2373 3050 2630 3118 λέγεσθαι
2660 3047 2752 3100 τὸν
2782 3047 2910 3099 Υίόν
2949 3060 2961 3071 ·
2993 3045 3092 3098 καὶ
3122 3045 3212 3097 τὸν
3245 3042 3467 3113 Πατέρα
3501 3041 3629 3109 μίαν

342 3136 483 3217 dici,
525 3150 589 3189 ex
642 3135 865 3190 Patrum
920 3138 1082 3192 nobis
1135 3138 1396 3205 atl'uigere
1451 3138 1744 3209 theologia.
1797 3137 1936 3204 Quia

339 3242 471 3297 ergo
518 3227 773 3282 universa
821 3244 941 3298 qua:
983 3228 1175 3284 insunt
1218 3228 1378 3291 Filio,
1420 3246 1484 3283 ac
1524 3243 1865 3300 quaecunque
1907 3244 1939 3282 a

338 3318 501 3386 Filio,
547 3336 611 3375 ac
656 3337 751 3390 per
796 3320 995 3375 Filium
1040 3323 1309 3379 discimus
1346 3338 1503 3389 esse;
1550 3325 1682 3393 quin
1728 3333 1782 3376 et
1826 3324 1943 3391 ipse

340 3429 503 3481 quem
538 3414 818 3482 proprium
849 3412 917 3467 de
950 3413 1069 3482 ipso
1097 3423 1151 3467 et
1183 3430 1280 3484 per
1311 3416 1510 3483 ipsum,
1547 3412 1809 3482 Spiritum
1841 3413 1941 3466 do-

342 3516 504 3569 cent,
540 3523 604 3561 ex
640 3506 796 3561 Patre
826 3515 955 3561 sunt
980 3546 994 3571 ,
1030 3516 1291 3576 tanquam
1322 3523 1387 3562 ex
1423 3508 1604 3561 radice
1627 3548 1641 3571 ,
1674 3521 1738 3559 ac
1768 3504 1944 3574 prima

343 3612 545 3661 causa,
584 3596 918 3667 minimeque
952 3613 1049 3669 per
1081 3614 1203 3652 enin
1243 3599 1466 3652 modum
1504 3606 1629 3653 sunt
1665 3612 1731 3651 ex
1768 3595 1940 3656 Filio;

342 3690 490 3759 quod
525 3690 572 3744 is
604 3706 713 3744 non
748 3691 820 3744 sit
852 3689 1006 3744 radix
1040 3705 1140 3745 nec
1169 3706 1335 3745 causa
1366 3692 1591 3746 omnino
1620 3669 1820 3761 prima,
1850 3689 1946 3744 scd

346 3781 438 3836 illa
468 3782 691 3851 proprie
722 3798 787 3836 ac
821 3782 1054 3837 seorsiiu
1088 3784 1318 3837 exsistat
1348 3780 1529 3846 Pater,
1560 3782 1612 3836 in
1642 3799 1751 3852 quo
1779 3782 1943 3835 etiam

345 3883 492 3945 inest
526 3874 728 3929 radicis
765 3876 927 3940 ratio,
968 3875 1019 3929 id
1060 3884 1233 3929 totum
1270 3875 1640 3945 complectens
1676 3876 1822 3943 quod
1860 3883 1947 3931 est

344 3964 582 4019 rationis
623 3979 840 4028 causae,
880 3964 1026 4033 quod
1073 3973 1281 4032 Spectat
1321 3965 1385 4018 ad
1430 3965 1853 4033 primaiitatem;
1891 3973 1951 4019 ut

346 4063 403 4110 et
433 4054 631 4119 Filius,
663 4056 755 4124 qui
790 4070 946 4109 suam
985 4054 1112 4108 inde
1171 4055 1352 4109 inesse
1386 4055 1794 4124 processiouem
1827 4055 1947 4125 gloo

349 4150 544 4214 rietur,
578 4147 843 4219 quidquid
879 4156 985 4214 est,
1018 4162 1083 4202 co
1118 4147 1319 4202 referat
1354 4165 1366 4202 :
1399 4148 1555 4216 juxta
1591 4148 1703 4202 haec
1737 4147 1946 4217 utique,

349 4251 478 4310 apte
515 4255 870 4310 congrueque
908 4250 1112 4310 mystes
1149 4241 1237 4294 ille
1273 4239 1545 4295 maximus
1575 4239 1731 4310 juxta
1764 4237 1950 4292 nomi-

354 4334 444 4390 nis
480 4334 786 4400 notionem,
822 4333 1018 4387 Filium
1056 4332 1242 4388 docuit
1304 4348 1410 4388 non
1449 4334 1554 4387 dici
1590 4346 1853 4394 causam;
1886 4345 1951 4385 ac

356 4427 554 4497 reliqui
603 4427 774 4481 divini
823 4429 1078 4482 ductores
1117 4427 1311 4480 crebro
1358 4427 1410 4479 in
1458 4424 1673 4480 Patrem
1720 4438 1944 4479 causam

326 4520 602 4573 referunt
635 4536 649 4572 :
684 4534 791 4572 non
829 4532 915 4582 eo,
949 4525 1009 4571 ut
1041 4530 1107 4570 ex
1142 4514 1282 4570 Filio
1316 4533 1378 4570 ac
1414 4533 1508 4586 per
1538 4517 1735 4571 Filium
1772 4513 1948 4585 Spiri-

2046 3145 2227 3199 αἰτίαν
2266 3146 2330 3197 ἐκ
2368 3141 2469 3212 τῆς
2507 3142 2615 3194 τῶν
2642 3139 2903 3209 Πατέρων
2930 3137 3251 3204 θεολογικῆς
3282 3133 3631 3196 διδασκαλίας

2044 3237 2578 3307 ὲναπαστράπτεται.
2620 3231 2925 3301 Τοιγαροῦν
2984 3231 3107 3283 ἐπεὶ
3151 3230 3329 3282 πάντα
3389 3226 3468 3296 τῷ
3520 3225 3631 3294 Υἱῷ

2047 3328 2343 3402 προσόντα,
2375 3326 2471 3381 καὶ
2506 3324 2664 3378 πάνθ’
2698 3324 2800 3376 ὅσα
2854 3322 3007 3391 παρά
3057 3318 3189 3374 Υίοῦ
3223 3322 3322 3372 καὶ
3381 3316 3450 3370 δι’
3503 3317 3630 3370 Tia;

2051 3422 2492 3495 μυσταγωγείται
2521 3434 2534 3448 ⁸
2577 3416 2673 3470 καὶ
2698 3414 2831 3468 αὐτὸ
2856 3414 2917 3465 τδ
2949 3413 3079 3482 παρ’
3112 3410 3281 3465 αὐτοῦ
3307 3411 3403 3464 καὶ
3438 3410 3507 3462 δι’
3536 3411 3633 3461 αὖ·

2046 3512 2141 3567 τοῦ
2167 3508 2634 3579 δογματιζὸμενον
2664 3507 2796 3558 ἴδιον
2858 3503 3109 3570 Πνεῦμα,
3167 3501 3245 3565 ὡς
3290 3502 3398 3554 ἀπὸ
3458 3500 3633 3570 ῥίζης,

2048 3606 2125 3667 ὡς
2158 3602 2264 3655 ἀπὸ
2292 3601 2516 3671 πρώτης
2547 3598 2725 3659 αἰτίας
2756 3598 2865 3649 eis).
2887 3595 2985 3649 τοῦ
3025 3595 3259 3664 Πατρδς,
3290 3596 3388 3647 καὶ
3434 3594 3632 3663 ἣκιστα

2047 3697 2480 3768 τοιουτοτρόπως
2511 3696 2575 3746 ὲκ
2604 3693 2696 3747 τοῦ
2727 3692 2892 3745 Υίοῦ⁸
2925 3692 3010 3744 ὅτι
3046 3690 3121 3760 μὴ
3154 3690 3301 3760 ῥίζα,
3340 3689 3476 3757 μηδὲ
3542 3690 3634 3757 ἁρ-

2050 3793 2204 3865 χικδν
2226 3791 2398 3843 αἴτιον
2429 3804 2445 3820 ⁸
2476 3787 2595 3840 ἀλλ’
2627 3786 2732 3839 ἰδία
2765 3785 2860 3839 καὶ
2895 3782 3457 3852 ἀποκεκληρωμένως
3482 3780 3631 3833 ταῦθ’

2050 3888 2079 3938 ὁ
2111 3882 2320 3953 Πατὴρ,
2372 3879 2457 3947 ἐφ’
2560 3880 2651 3931 καὶ
2682 3879 2780 3945 τῆς
2834 3876 2990 3946 ῥίζης
3042 3876 3103 3929 τὸ
3165 3877 3273 3927 πᾶν
3315 3875 3418 3940 τῆς
3461 3874 3632 3936 αἰτίας

2051 3975 2283 4044 ἐχούσης
2314 3970 2455 4024 κατὰ
2483 3968 2733 4039 ἀρχικὸν,
2766 3967 2843 4031 ὡς
2871 3968 2966 4020 καὶ
3003 3965 3099 4019 τοῦ
3126 3966 3258 4018 Υίοῦ
3303 3965 3405 4034 τῆν
3429 3965 3633 4017 οἰκείαν

2052 4068 2132 4132 είς
2163 4066 2224 4120 τὸ
2253 4061 2393 4118 εἶναι
2424 4062 2652 4135 πρόοδον
2685 4062 2896 4115 ἐκεῖθεν
2934 4059 3250 4129 αὐχοῦντος,
3304 4060 3414 4111 πᾶν
3465 4059 3634 4109 ὲκείεε

2050 4158 2253 4215 τὸκατ’
2286 4159 2453 4212 αὐτὸν
2489 4155 2789 4223 ἀνάγεσθαι
2824 4170 2839 4186 ⁸
2898 4154 3042 4206 κατὰ
3106 4151 3281 4205 ταῦτα
3338 4149 3632 4220 προσφυῶς

2053 4253 2162 4323 ἄρα
2192 4251 2288 4304 καὶ
2320 4247 2669 4321 ἁρμοζόντως
2696 4248 2724 4300 ὁ
2759 4245 2900 4301 κατὰ
2956 4244 3317 4312 φερωνυμίαν
3379 4243 3633 4310 μέγιστος

2058 4344 2386 4417 μυστιπόλος
2421 4342 2495 4412 μὴ
2526 4334 2785 4411 λέγεσθαι
2838 4340 2930 4394 τὸν
2960 4340 3091 4393 Υίδν
3147 4341 3330 4392 αἰτίαν
3384 4334 3585 4398 ἐδίδαξε
3616 4349 3633 4365 ⁸

2055 4440 2149 4492 καὶ
2165 4439 2214 4491 οἱ
2232 4437 2412 4489 λοιποὶ
2438 4436 2693 4506 θεηγόρσι
2719 4434 2925 4502 ταύτην
2954 4434 3034 4496 είς
3058 4436 3149 4484 «cm
3180 4431 3401 4497 Πατέρα
3434 4427 3636 4495 συχνῶς

2058 4530 2423 4599 ἀναφέρουσιν
2459 4543 2472 4557 ⁸
2499 4528 2600 4580 οὐκ
2630 4528 2708 4589 είς
2738 4526 3034 4596 ἀφαίρεσιν
3081 4524 3113 4593 ἦ
3142 4523 3431 4575 ἀλλοίωσιν
3460 4519 3553 4571 τοῦ
3580 4517 3635 4582 ἐξ

354 4624 444 4668 tus
476 4614 649 4669 sancti
681 4612 922 4667 divinam
954 4612 1360 4682 processionem
1392 4610 1582 4664 tollant
1611 4628 1625 4665 :
1656 4610 1936 4680 perspicue

2055 4619 2190 4674 Υίοῦ
2220 4621 2319 4674 καὶ
2350 4618 2418 4671 δι’
2440 4617 2572 4672 Υἰοῦ
2604 4617 2977 4684 θεολογείσθαι
3004 4614 3065 4669 τὸ
3104 4613 3334 4680 Πνεῦμα
3357 4613 3421 4663 τὸ
3461 4611 3632 4673 ἅγιον⁸

354 4692 500 4759 enim
535 4705 639 4758 hoc
671 4704 790 4757 loco
811 4744 825 4769 ,
857 4718 998 4756 verae
1028 4701 1310 4771 sapientire
1342 4702 1535 4770 plenus
1567 4701 1653 4755 hic
1685 4718 1752 4757 ex
1787 4710 1943 4771 utro-

355 4812 462 4867 que
492 4795 641 4848 iiium
672 4796 959 4863 praedicat,
988 4809 1050 4848 ac
1081 4770 1316 4847 dilucide
1346 4792 1608 4846 Romanis
1631 4770 1941 4862 patrocina-

355 4899 466 4952 tur,
513 4889 668 4956 juxta
722 4888 869 4957 quod
922 4900 1111 4940 eorum
1165 4892 1401 4940 mentem
1456 4884 1697 4953 exponit.
1751 4883 1939 4938 l’aiam

355 4997 576 5052 quoque
598 5019 613 5043 ,
648 4980 782 5033 nihil
813 4993 875 5032 ea
907 4977 1156 5041 differre,
1189 4994 1251 5032 ex
1284 4977 1462 5042 Filio,
1497 4986 1551 5032 et
1578 4993 1670 5046 per
1700 4975 1942 5043 Filium;

354 5075 431 5128 uti
471 5089 570 5127 nec
601 5072 893 5141 procedere
915 5112 928 5137 ,
963 5085 1026 5125 ac
1058 5071 1278 5141 prodire
1300 5110 1315 5135 ,
1351 5070 1589 5126 ostendit
1619 5088 1633 5125 :
1669 5070 1941 5139 siquidem

353 5165 472 5233 ejus
503 5179 567 5219 ea
599 5164 764 5217 verba
797 5172 960 5219 sunt:
990 5162 1175 5217 Dicere
1206 5180 1298 5233 per
1328 5161 1553 5228 Filium,
1584 5162 1773 5229 quibus
1805 5162 1946 5217 dixit

355 5274 420 5312 ea:
457 5257 630 5322 Filio;
668 5274 727 5310 ac
762 5257 1009 5327 prodire,
1046 5255 1232 5319 quibus
1267 5254 1404 5309 dixit
1440 5255 1722 5324 procedere
1753 5270 1771 5310 .'
1804 5253 1945 5321 Sed,

355 5352 562 5419 inquit,
602 5358 656 5402 ut
695 5364 785 5416 per
818 5365 936 5401 eum
969 5350 1181 5419 prodire
1215 5348 1532 5416 signi/irent.
1574 5348 1693 5401 Alio
1728 5363 1946 5419 quoque

356 5444 476 5496 loco
513 5439 647 5493 dicit
685 5455 701 5493 :
745 5439 973 5508 Spiritus
1018 5452 1233 5495 saucius
1269 5443 1359 5508 qui
1399 5454 1463 5491 ea:
1501 5438 1663 5492 Patre
1704 5456 1796 5508 per
1841 5438 1944 5492 Fi-

308 5590 317 5615 ,
355 5532 511 5594 lium,
535 5531 626 5602 qui
648 5532 849 5599 genitus
874 5542 970 5596 est,
997 5528 1254 5599 ineffabili
1283 5530 1487 5583 ratione
1513 5531 1767 5597 procedit.
1792 5530 1942 5596 Quo-

354 5624 503 5677 circa
550 5622 772 5693 prOpria
817 5623 956 5675 ratio
991 5631 1076 5677 est
1105 5621 1263 5691 juxta
1300 5636 1463 5689 quam
1498 5621 1670 5678 Filius
1706 5638 1813 5678 non
1860 5631 1945 5678 est

359 5732 529 5772 causa
576 5734 589 5771 :
636 5731 967 5786 rursumque
1008 5715 1258 5786 propria,
1295 5716 1455 5795 juxta
1495 5732 1660 5787 quam
1705 5716 1943 5787 Spiritus

359 5816 589 5864 sanctus
622 5819 706 5863 est
737 5823 801 5863 ex
839 5818 1107 5879 utroque,
1143 5808 1246 5862 hoc
1278 5819 1398 5875 est,
1433 5827 1495 5865 ex
1532 5811 1691 5865 Patre
1726 5825 1818 5881 per
1851 5808 1943 5864 Fi-

363 5897 493 5954 iium
528 5917 541 5953 :
574 5900 841 5971 longeque
872 5900 1020 5957 abest
1050 5916 1079 5955 a
1114 5910 1261 5956 recto
1291 5917 1476 5969 sensu,
1513 5915 1567 5957 ut
1599 5904 1831 5959 alterum
1864 5904 1944 5957 ai-

2052 4713 2111 4779 ὲξ
2135 4713 2340 4780 ἀμφοῖν
2366 4710 2477 4781 γὰρ
2499 4710 2632 4763 aii-.5
2663 4707 2939 4774 διαφανῶς
2987 4706 3173 4760 ἐνθάδε
3208 4705 3309 4774 τῆς
3335 4703 3505 4764 ὅντως
3548 4718 3638 4753 σο-

2050 4801 2177 4870 φίας
2226 4799 2664 4871 πεπληρωμένος
2726 4793 2880 4861 οὗτος
2931 4797 3119 4867 Πατὴρ
3176 4794 3485 4866 κηρύττει·
3543 4793 3635 4844 καὶ

2048 4892 2351 4965 διαρρήδην
2423 4893 2786 4961 ὐπερηγορῶν
2852 4889 3177 4959 Ῥωμαίοις,
3243 4885 3430 4950 καθὼς
3485 4884 3633 4952 σφίσι

2049 4985 2416 5057 τρανούμενον
2446 4982 2969 5054 νὲγκαταστρωννῦει
3011 4982 3105 5035 καὶ
3130 4980 3195 5033 τὸ
3218 4980 3516 5047 ἀῖιάφορον
3543 4975 3632 5028 τοῦ

2047 5077 2117 5141 ἐξ
2139 5075 2275 5130 Υίοῦ
2300 5076 2435 5147 πρὸς
2469 5076 2530 5128 τὸ
2556 5075 2628 5129 δι’
2650 5074 2785 5133 Υίοῦ
2811 5114 2827 5138 ,
2858 5074 2949 5127 τοῦ
2977 5076 3024 5126 τ’
3046 5070 3447 5141 ἐκπορεύεσθαι
3500 5068 3631 5134 πρὸς

2048 5169 2110 5222 τὸ
2161 5171 2411 5234 προϊέναι
2461 5169 2738 5223 δείκνυσιν
2797 5167 3045 5236 ἐναργῶς
3080 5182 3095 5197 ⁸
3150 5166 3313 5234 εἴπερ
3352 5160 3542 5221 αὑτοῦ,
3572 5161 3631 5210 τὸ

2048 5261 2311 5331 φάσκειν
2359 5259 2433 5314 δι’
2495 5260 2633 5315 Υίοῦ
2703 5254 2795 5323 οἷς
2845 5261 3091 5327 εἴρηκεν
3141 5257 3212 5321 ἐξ
3281 5254 3421 5310 Υίοῦ
3458 5269 3475 5285 ⁸
3533 5251 3626 5304 καί

2048 5354 2316 5423 προϊέναι
2345 5348 2437 5420 οἷς
2469 5353 2710 5421 εἴρηκεν
2743 5352 3147 5419 ἐκπορεύεται,
3182 5349 3380 5415 λέγων
3409 5363 3425 5377 ⁸
3461 5344 3623 5401 Ἀλλ’

2048 5444 2147 5498 ἵνα
2177 5442 2243 5495 τὸ
2274 5442 2349 5496 δι’
2370 5443 2558 5497 αὐτοῦ
2579 5442 2847 5510 προϊέναι
2870 5438 3214 5507 δηλώσωσι.
3241 5439 3351 5490 Καὶ
3380 5436 3543 5489 πάλιν
3570 5437 3627 5486 ἐν

2047 5533 2227 5597 ἄλλοις
2251 5548 2265 5565 ⁸
2302 5535 2367 5586 τὸ
2412 5533 2658 5602 Πνεῦμα
2694 5534 2761 5587 τὸ
2802 5531 2995 5601 ἅγιον,
3032 5531 3100 5583 ἐκ
3135 5528 3243 5582 τοῦ
3279 5527 3511 5595 Πατρός
3550 5524 3629 5580 δι’

2047 5624 2183 5680 Υἱοῦ
2253 5624 2650 5696 γεννηθέντος
2727 5623 3051 5694 ἀφράστως
3126 5621 3623 5688 ἐκπορευόμενον.

2050 5716 2214 5773 Ὅθεν
2250 5717 2378 5783 ἴδιος
2402 5719 2432 5770 ό
2467 5718 2624 5786 λόγος
2656 5716 2780 5772 καθ’
2806 5718 2866 5770 ὃν
2920 5718 2948 5770 ό
2970 5715 3097 5779 Υἱὸς
3149 5716 3250 5768 οὐκ
3287 5713 3436 5766 αἰτία
3459 5729 3473 5744 ⁸
3530 5711 3627 5765 καὶ

2047 5810 2178 5873 ίδιος
2208 5810 2332 5864 καθ’
2359 5811 2418 5864 ὃν
2442 5810 2501 5875 ἐξ
2536 5812 2738 5879 ἀμφοῖν
2770 5810 2831 5863 τὸ
2854 5808 3080 5879 Πνεῦμα
3115 5825 3129 5840 ⁸
3193 5810 3367 5881 ἡγονν
3409 5805 3474 5858 ὲκ
3521 5806 3626 5857 [la-

2047 5905 2173 5974 τρδς
2221 5905 2287 5959 δι’
2339 5904 2468 5959 Υξοῦ
2506 5922 2518 5936 ⁸
2568 5906 2663 5958 καὶ
2699 5905 2888 5975 περρω
2922 5902 3020 5973 τῆς
3071 5901 3236 5973 ὀρθῆς
3285 5901 3524 5961 διανοίας
3558 5896 3629 5946 ίί
