4020 6572
403 374 543 437 ma

1747 372 2246 439 FRAGMENTA.

3536 382 3672 452 1414

399 489 593 561 ἑτέρου
624 487 685 543 τὸ
717 487 904 560 ἕτερον
930 488 1261 560 ἀνατρέπειν
1291 502 1307 518 ο
1340 487 1438 542 καὶ
1497 487 1623 553 τοὺς
1688 484 1950 559 θεόφρονα

2063 501 2211 547 .tero
2260 493 2545 561 destruas,
2599 497 2898 567 divinoque
2947 513 3112 553 sensu
3160 495 3384 567 Patres,
3437 500 3669 557 invicem

330 568 349 587 “
399 580 645 651 είσάγειν
675 583 1091 653 ιναντιόφρονας
1116 597 1130 612 ·
1161 582 1259 637 καὶ
1307 581 1368 637 τδ
1392 580 1600 652 μεῖζον,
1652 581 1789 653 πρὸς
1850 582 1986 635 ἑαυ-

398 676 547 739 τούς.

2092 586 2365 641 contraria
2411 588 2709 644 sentientes
2757 591 3005 657 inducas,
3054 591 3308 662 quodth
3353 593 3537 664 majus
3575 594 3671 664 sit,
3700 596 3719 604 “

2094 676 2200 733 sibi
2233 677 2365 749 ipsis
2395 679 2677 737 adversos.

1688 1077 1916 1164 ΤΟΥ
2002 1075 2379 1165 ΑΥΤΟΥ

842 1248 936 1305 ΕΚ
978 1251 1117 1307 ΤΩΝ
1148 1252 1306 1309 ΠΕΡΙ
1356 1255 1494 1309 ΤΗΣ
1529 1255 1668 1311 ΤΟΥ
1694 1257 1900 1313 ᾹῘἸΟΥ
1923 1256 2349 1313 ΠΝΕΥΜΑΤΟΣ
2398 1258 2673 1313 ΕΚΠΟΡΕ
2689 1258 2899 1313 ΥΣΕΩΣ
2930 1257 3158 1314 ΛΟΓΟΥ
3204 1257 3280 1316 E'.

1618 1700 1622 1704 Α
1756 1594 2304 1685 EJUSDEM

1062 1820 1170 1885 EX
1197 1822 1434 1885 LIBRO
1482 1823 1533 1886 ν
1577 1824 1678 1886 DE
1706 1807 2238 1888 PRdCESSIONE
2281 1825 2646 1887 srmrrus
2687 1826 2987 1889 SANCTI.

604 1964 760 2034 Quod
787 1986 951 2043 neque
975 1981 1191 2043 propter
1218 1974 1561 2039 sententiam,
1587 1991 1751 2045 neque
1779 1984 1996 2046 propter
2030 1974 2362 2030 additionem
2396 1985 2581 2029 natum
2623 1975 2696 2029 sit
2732 1974 3108 2032 Ecclesiarum
3133 1976 3444 2035 diuimum.

1448 2129 1613 2190 (Apud
1641 2125 1871 2180 Allath
1922 2129 1997 2179 De
2030 2129 2336 2192 purgatorio,
2366 2144 2415 2192 p.
2458 2129 2591 2193 668.)

448 2428 594 2501 Πρὸς
631 2429 801 2485 ταῦτα
836 2430 933 2498 μὲν
960 2426 1055 2484 οὖν
1078 2432 1613 2504 ἀντιπαραθήσουσιν
1641 2438 1689 2488 οἱ
1735 2434 1802 2489 τὰ
1859 2437 1950 2506 τῆς

2137 2439 2213 2491 At
2250 2438 2365 2492 lrrec
2400 2439 2619 2508 quidem
2657 2448 2845 2491 contra
2882 2446 3197 2506 opponent,
3235 2437 3328 2506 qui
3364 2438 3656 2507 epistolam

381 2526 674 2593 ξπιστολῆς
743 2524 1104 2595 πεφθακότες,
1161 2528 1380 2592 εἰδέναι,
1431 2530 1463 2601 ἢ
1518 2530 1613 2583 καὶ
1654 2530 1881 2584 διελθεῖν
1915 2531 1963 2584 οί

382 2618 618 2688 σπονδὴν
641 2619 1017 2690 ποιησάμενοι,
1040 2620 1101 2675 τδ
1135 2621 1225 2675 τδν
1254 2622 1546 2692 ἔκθέμενον
1573 2624 1629 2676 ὲν
1660 2625 1843 2688 αὐτοῖς
1865 2625 1964 2695 τὴν

380 2709 703 2780 προσθήκην
741 2710 1082 2782 καθορᾶσθαι
1113 2713 1428 2777 κακίζοντα.
1458 2715 1618 2785 Γνοίη
1648 2714 1692 2769 δ’
1733 2716 1799 2770 ἂν
1829 2718 1856 2770 δ
1888 2721 1962 2789 μὴ

377 2802 708 2872 παροδικῶς,
732 2802 848 2856 ἀλλ’
872 2805 1304 2874 ὲπεσκεμμένως
1319 2808 1413 2860 καὶ
1427 2807 1483 2860 τὺ
1503 2808 1727 2877 σύμπαν
1750 2810 1963 2881 ἀπροσ-

375 2897 566 2959 παθῶς
627 2895 854 2950 διελθὼν
875 2898 945 2950 τὰ
986 2899 1232 2960 τοιαῦτα.
1282 2900 1415 2953 καθὸ
1445 2900 1764 2972 προσθήκην
1797 2905 1853 2956 ὲν
1882 2903 1961 2971 τῷ

372 2981 655 3059 Συμϐόλῳ,
708 2990 808 3060 οὐχ
860 2989 936 3052 ὡς
970 2989 1032 3043 τὸ
1074 2990 1177 3061 τῆς
1229 2990 1512 3056 εὐσεϐείας
1555 2994 1961 3065 λυμαινομένην

372 3081 613 3153 καθαρὸν
642 3081 1052 3152 ἀπωθούμενον.
1085 3084 1279 3138 Καίτοι
1327 3085 1499 3138 ταῦτα
1542 3087 1680 3158 προς
1707 3088 1770 3141 τὰ
1806 3107 1918 3159 πρα
1939 3118 1961 3130 -

371 3175 566 3246 χθέντα
600 3192 689 3245 μοι
721 3175 1022 3246 προσεχῶς,
1072 3177 1104 3245 ἢ
1155 3178 1251 3231 καὶ
1290 3178 1427 3249 πρὸς
1458 3180 1580 3233 ὅλον
1620 3185 1838 3253 γραφῆς
1868 3200 1959 3253 μοι

369 3266 430 3321 τὸ
479 3266 925 3338 σκοπιμώτατον’
976 3269 1136 3335 εἴπερ
1189 3271 1217 3321 ὁ
1266 3271 1555 3340 εἰρημένος
1603 3274 1661 3325 ὲν
1728 3273 1863 3345 αὐτῇ
1891 3277 1956 3347 τῇ

372 3359 632 3430 ἐπιστολῇ
666 3360 862 3429 φάσκει
890 3359 1338 3431 διαπορούμενος,
1369 3362 1536 3428 ὅπως,
1566 3365 1653 3418 καὶ
1677 3366 1742 3419 δι’
1766 3367 1833 3438 ἣν
1860 3369 1959 3438 τὴν

371 3450 607 3523 αἰτίανή
642 3452 891 3521 ἀναφορά
922 3449 1020 3504 τοῦ
1046 3451 1310 3521 ὀνόματος
1341 3452 1574 3526 ἐξεκόπη
1605 3455 1698 3509 τοῦ
1731 3459 1956 3524 πάππα,

365 3546 461 3599 καὶ
490 3546 703 3612 ἀγνοεῖν
728 3545 1072 3600 διατείνεται.
1109 3546 1172 3599 El
1201 3547 1310 3615 γὰρ
1329 3546 1404 3610 ῶς
1437 3548 1470 3617 ή
1497 3549 1747 3618 Κυπρίου
1795 3568 1960 3620 τομοο

366 3636 597 3705 γραφία,
611 3634 844 3705 τάληθὲς
865 3635 1093 3689 δἐἰπεῖν
1110 3636 1513 3707 ἀνομογραφία,
1538 3638 1779 3708 περὶτῆς
1797 3655 1958 3709 προσ-

365 3729 538 3800 θήκης
554 3745 626 3797 φη
636 3728 711 3797 σῖ,
731 3730 870 3798 πέρα
885 3728 1088 3802 ταύτην
1109 3730 1360 3795 ἀσεϐείας
1382 3730 1751 3796 ἀποκαλοῦσα,
1768 3731 1864 3785 καὶ
1882 3732 1959 3796 ὡς

2074 2528 2302 2591 callent,
2336 2537 2429 2583 aut
2460 2528 2665 2596 integre
2695 2542 3048 2597 percurrere.
3077 2535 3129 2580 et
3163 2526 3254 2595 qui
3288 2526 3531 2587 studium
3564 2543 3663 2598 pu-

2073 2632 2234 2672 suere
2267 2635 2425 2673 snum
2458 2619 2523 2672 ad
2564 2618 2926 2687 probandum.
2962 2618 3108 2670 illius
3154 2625 3429 2672 auctorem
3462 2618 3660 2681 videri,

2072 2709 2405 2764 additionem
2439 2711 2670 2764 similem
2706 2726 2988 2765 accusare.
3025 2690 3324 2780 SedOplane
3359 2710 3658 2780 intelliget,

2071 2801 2163 2870 qui
2197 2816 2303 2855 non
2334 2801 2477 2856 aliud
2510 2802 2817 2865 intendens,
2846 2803 2941 2857 sed
2976 2803 3235 2857 meditate
3264 2818 3378 2857 rem
3411 2804 3661 2857 conside-

2073 2910 2225 2959 rans,
2254 2904 2304 2951 et
2336 2896 2481 2964 quod
2514 2906 2675 2965 caput
2709 2912 2893 2950 rerum
2926 2896 3111 2956 fuerit.
3145 2897 3296 2951 nullo
3326 2898 3494 2952 animi
3527 2897 3662 2952 alle—

2071 2998 2160 3044 ctu
2189 2990 2505 3060 implicitus.
2534 2991 2776 3057 epistolae
2801 2991 2962 3045 verba
2991 2991 3204 3059 legerit,
3228 2992 3480 3046 eumdem
3507 2992 3662 3045 addi-

2074 3083 2274 3138 tioncm
2305 3084 2381 3138 uti
2412 3084 2464 3137 in
2495 3083 2755 3155 Symbolo
2783 3082 3005 3145 factam,
3034 3092 3088 3137 et
3115 3099 3222 3139 non
3254 3084 3330 3138 uti
3364 3086 3658 3154 puritatem

2070 3179 2291 3247 pietatis
2319 3164 2696 3246 inquinantem
2727 3180 3071 3245 reprobasse.
3109 3177 3174 3230 Et
3204 3176 3340 3242 haec,
3368 3191 3490 3245 qua:
3519 3190 3658 3230 con-

2069 3271 2278 3326 tinuatc
2306 3280 2601 3325 exsecutus
2634 3286 2788 3333 sum,
2821 3270 2887 3324 ad
2919 3269 3240 3339 scriptionis
3273 3285 3413 3329 mea“,
3440 3267 3655 3337 potissi-

2071 3382 2221 3419 mnm
2255 3380 2479 3433 scOpnm
2516 3364 2718 3419 faciant
2746 3383 2759 3417 :
2787 3365 2831 3420 si
2863 3365 2972 3429 jam
3004 3366 3185 3420 dicttts
3213 3366 3265 3418 in
3293 3365 3514 3419 laudata
3542 3364 3660 3432 epi-

2070 3455 2204 3510 stola
2232 3456 2490 3510 ltmsit:tns
2516 3456 2734 3515 asserit.
2758 3455 3053 3523 quomodo,
3077 3464 3128 3508 et
3151 3472 3315 3524 quam
3339 3456 3409 3510 ob
3431 3471 3656 3510 causam

2067 3549 2519 3604 commemoratio
2548 3548 2784 3603 nominis
2812 3562 2963 3617 papae
2991 3549 3319 3613 cessaverit;
3347 3547 3660 3603 contendit-

2068 3656 2176 3709 que
2207 3655 2265 3693 se
2300 3639 2349 3692 id
2384 3640 2617 3694 nescire.
2650 3638 2864 3694 Etenim
2901 3638 2970 3704 si,
3003 3651 3063 3693 ut
3094 3647 3297 3706 tomus,
3329 3641 3445 3695 sive
3474 3641 3658 3694 verius

2068 3730 2291 3796 dixeris,
2318 3741 2514 3786 ventus
2539 3748 2568 3786 a
2590 3731 2791 3803 Cyprio
2814 3732 3073 3801 scriptus,
3096 3733 3163 3786 de
3188 3732 3466 3788 additione
3490 3733 3657 3788 vt‘rba

362 3823 413 3876 οῖ
433 3821 610 3875 λοιποὶ
629 3820 723 3875 νῦν
744 3821 935 3875 τούτου
953 3822 1263 3894 σύμφρονες
1281 3823 1694 3894 ἀποφαίνονται,
1712 3825 1950 3889 κάκεῖνος

2072 3824 2223 3886 facit.
2253 3824 2433 3878 omnis
2463 3824 2761 3895 impietatis
2791 3825 3248 3894 complementum
3277 3842 3396 3880 eam
3426 3840 3655 3890 vocans,

362 3918 604 3987 ἐφρόνει,
636 3919 754 3981 πῶς
785 3919 851 3972 ἂν
884 3920 1220 3992 διηπορεῖτο,
1272 3921 1369 3976 καὶ⁵
1427 3922 1502 3992 μὴ
1552 3920 1699 3993 ἔχειν
1747 3921 1955 3991 γνῶναι

362 4015 460 4084 τὴν
475 4013 655 4067 αἰτίαν
679 4012 833 4080 ἔλεγε
848 4012 947 4081 τῆς
966 4013 1208 4083 ὲκκοπῆς
1224 4014 1317 4066 τοῦ
1338 4014 1597 4085 ῥηθέντος
1625 4015 1899 4085 ὀνόματος
1932 4031 1948 4079 ;

360 4106 485 4170 Πῶς
513 4105 558 4159 δ’
591 4105 659 4161 ἂν
680 4105 843 4160 πάλιν
866 4107 960 4158 καὶ
984 4104 1185 4174 μᾶλλον
1219 4104 1361 4161 οὕτω
1393 4107 1513 4159 κατ’
1532 4088 1661 4169 ἔπος
1690 4106 1947 4177 διήγγελ-

357 4203 472 4262 λεν.
516 4197 833 4269 ’Δγαπητδν
851 4198 901 4251 εἰ
928 4198 1060 4269 παρ’
1078 4196 1260 4269 αὐτοῖς
1292 4197 1355 4251 τὸ
1387 4197 1945 4268 θεῖονόρθοτομεῖται,

357 4268 604 4363 δηλονότι
644 4288 964 4360 Ῥωμαίοις,
1013 4268 1108 4342 καὶ
1138 4268 1281 4344 add
1312 4289 1404 4343 τδν
1431 4289 1532 4360 τῆς
1562 4289 1820 4359 ἀληθείας
1860 4290 1947 4344 λό-

358 4399 455 4453 γον
503 4381 821 4453 ὁμοφρόνως
859 4382 991 4454 ⁴ἡμῖν
1038 4380 1417 4454 ύμνολογεῖται
1472 4380 1571 4435 καὶ
1620 4380 1948 4449 δοξάζεταις

358 4477 472 4531 Καὶ
502 4471 681 4538 αὖθιςσ
744 4474 926 4529 Καλὸν
951 4472 1059 4546 γὰρ
1099 4474 1237 4545 πρὸς
1282 4474 1344 4528 τὸ
1379 4473 1667 4539 καλοθελὲς
1707 4475 1951 4546 ὁρῶντας

358 4570 527 4640 ἡμᾶς,
570 4568 699 4623 ἔνθα
727 4568 802 4639 μὴ
835 4566 1056 4638 Θεὸς,ἢ
1114 4567 1298 4631 πίστις
1346 4565 1408 4620 τὸ
1471 4567 1936 4637 κινδυνευόμενον,

357 4662 532 4714 νεύειν
557 4660 644 4714 ἀεὶ
684 4659 817 4731 πρὸς
842 4658 903 4711 τὸ
926 4658 1202 4731 εἰρηνικόν
1228 4674 1287 4712 τε
1310 4659 1405 4713 καὶ¹
1426 4658 1773 4730 φιλάδελφον.
1812 4660 1940 4714 Ὀτι

356 4752 413 4807 δέ
442 4769 590 4818 τινες
619 4754 714 4806 καὶ
744 4751 926 4807 αὐτῶν
951 4751 1060 4805 τῶν
1080 4750 1142 4804 τὸ
1183 4753 1393 4823 σχίσμα
1443 4751 1551 4822 πρὸ
1598 4751 1755 4823 ἡμῶν
1803 4769 1943 4822 κρα-

355 4848 630 4900 τυνάντων
685 4845 743 4898 ἐν
780 4845 928 4916 μόνῳ
963 4844 1041 4916 τῷ
1068 4844 1333 4915 Συμϐόλῳ
1376 4844 1811 4916 κατηγοροῦντες
1843 4847 1942 4914 τὴν

363 4938 674 5009 προσθήκην
704 4937 1051 5003 ὀπτάνονται,
1085 4936 1275 5007 μέρεσι
1300 4935 1346 4990 δ’
1365 4937 1421 4990 ὲν
1461 4937 1667 5006 ἑτέροις
1698 4937 1941 4990 ούῖοπω-

365 5029 503 5097 τοῦν,
526 5029 921 5101 ζητησάτωσαν
948 5032 999 5082 οί
1030 5029 1241 5093 τούτοις
1263 5029 1491 5083 ἕπεσθαι
1525 5030 1941 5100 θρασυνόμενοι,

354 5122 446 5177 καὶ
458 5123 546 5176 τὸν
560 5124 655 5192 τῆς
671 5123 1105 5193 ἀρχιεπισκοπῆς
1126 5121 1561 5194 προεδρεύσαντα
1580 5120 1941 5192 Βουλγαρίας,

2068 3927 2125 3972 et
2161 3917 2237 3972 uti
2276 3916 2466 3986 reliqui
2508 3932 2655 3970 nunc
2691 3916 2765 3970 illi
2803 3916 3165 3971 addictissimi
3204 3917 3565 3977 contendunt,
3600 3917 3655 3972 iu

2066 4012 2209 4067 hanc
2240 4010 2328 4064 ille
2359 4008 2687 4063 sententiam
2724 4008 3141 4079 propendisset,
3172 4024 3277 4080 qua
3311 4010 3523 4062 ratione
3553 4007 3659 4061 du-

2066 4105 2322 4168 bitasset,
2358 4103 2826 4171 asseruissetque,
2860 4116 2919 4156 se
2985 4102 3229 4155 nondum
3266 4116 3460 4168 capere
3496 4116 3659 4171 posse

2062 4195 2308 4250 nominis
2352 4193 2715 4249 abscissionis
2764 4194 3028 4248 causam?
3072 4194 3348 4262 quomodo
3392 4194 3562 4259 item,
3601 4205 3659 4250 et

2063 4287 2441 4355 maximopere
2476 4284 2875 4340 adhortabatur
2908 4286 2996 4341 his
3031 4286 3164 4355 ipsis
3199 4287 3407 4351 verbis,
3443 4286 3656 4343 Sufﬁcit
3692 4294 3705 4311 κ

2059 4381 2104 4437 si
2137 4381 2279 4450 apud
2313 4394 2430 4444 eos,
2460 4379 2741 4435 Romanos
2774 4394 2989 4449 nempe,
3024 4396 3112 4435 res
3139 4380 3322 4435 divina
3355 4394 3502 4435 recte
3531 4397 3655 4452 per-

2059 4481 2347 4533 tractatur.
2382 4481 2436 4526 et
2469 4481 2527 4527 ut
2560 4471 2761 4526 veritas
2794 4472 3055 4541 postulat,
3090 4474 3280 4527 eodem
3313 4489 3504 4538 sensu,
3539 4491 3651 4542 quo

2058 4572 2113 4618 et
2151 4564 2294 4634 apud
2331 4578 2432 4617 nos
2470 4562 2520 4616 id
2562 4562 2863 4632 peragitur,
2897 4562 3152 4617 laudatur
3186 4572 3239 4617 et
3274 4564 3652 4632 gloriﬁcatur?

2057 4656 2124 4711 Et
2154 4671 2348 4711 rursus
2369 4697 2383 4722 ,
2417 4655 2623 4709 Bonum
2656 4655 2800 4709 enim
2836 4664 2952 4719 est,
2985 4671 3087 4711 nos
3118 4656 3184 4711 ad
3215 4657 3528 4727 aequitatem
3563 4658 3651 4711 in-

2056 4750 2314 4811 clinatos,
2360 4749 2451 4804 ubi
2496 4747 2580 4802 vel
2631 4747 2770 4803 Dens
2812 4748 2949 4819 ipse,
2995 4749 3077 4803 vel
3124 4749 3257 4805 ﬁdes
3303 4751 3355 4805 in
3405 4750 3648 4819 periculo

2056 4856 2165 4895 non
2204 4842 2461 4906 vertitur,
2499 4854 2714 4908 semper
2748 4849 2800 4893 et
2839 4839 2905 4893 ad
2948 4854 3166 4909 pacem,
3204 4848 3258 4895 et.
3299 4841 3365 4897 ad
3412 4841 3645 4899 fratrum

2052 4949 2295 4988 amorem
2340 4934 2639 4987 voluntatis
2690 4932 3047 4988 inclinatione
3097 4934 3461 5003 propendere.
3506 4935 3644 4991 Cum

2055 5041 2181 5079 vero
2216 5026 2463 5080 nonnulli
2497 5041 2561 5079 ex
2598 5024 2664 5080 iis
2693 5026 2786 5095 qui
2817 5036 2941 5080 ante
2971 5042 3073 5082 nos
3104 5028 3390 5083 diSsidium
3422 5038 3645 5082 Consta-

2054 5118 2371 5179 bilivcrunt,
2402 5118 2456 5171 in
2488 5119 2607 5172 solo
2637 5118 2896 5188 Symbnlo
2924 5119 3258 5174 additionem
3293 5120 3639 5190 improbasse

352 5216 446 5272 καὶ
466 5216 643 5283 λόγοις
662 5192 946 5285 περικλεῆ,
960 5214 1059 5283 τὴν
1075 5192 1266 5285 κλησίν
1282 5230 1342 5266 τε
1360 5213 1759 5283 Θεοφύλακτον,
1779 5214 1945 5284 εὑρή-

2063 5211 2149 5266 risi
2186 5218 2315 5266 sunt
2338 5250 2353 5274 ,
2387 5212 2550 5267 rebus
2585 5227 2714 5266 vero
2750 5215 2801 5267 in
2839 5213 2963 5268 aliis
2999 5229 3345 5284 nequaquam
3368 5253 3381 5277 ,
3414 5214 3640 5283 perqui-

353 5323 535 5361 σουσιν
561 5305 690 5361 ἔνθα
721 5306 817 5360 καὶ
847 5305 1097 5359 λέλεκται
1121 5305 1303 5375 μόνον,
1331 5305 1433 5371 τὴν
1466 5303 1781 5377 ἐκφῶνησιν
1806 5303 1941 5359 ταύο

350 5416 451 5470 της
487 5397 942 5469 ἀπαναινόμενον,
975 5396 1211 5469 ἀλλαχοῦ
1237 5398 1294 5452 δὲ
1319 5400 1558 5470 γραφαῖς
1581 5399 1637 5451 ὲν
1668 5397 1936 5464 ἀπάσαις,

351 5492 409 5547 ἐν
432 5490 694 5563 ὁμιλίαις,
742 5493 801 5544 ὲν
830 5490 1118 5559 διαλέξεσι,
1171 5473 1529 5559 ὲκφωνεῖσθαι
1567 5489 1796 5552 διδόντα,
1848 5492 1942 5545 καὶ

351 5582 637 5654 παρρησίᾳ
668 5581 1056 5654 κηρύττεσθαι.
1077 5582 1186 5637 Καὶ
1210 5582 1369 5652 δῆλον
1386 5581 1462 5645 ὡς
1493 5582 1595 5635 οὐκ
1622 5581 1689 5636 ἂν
1717 5582 1941 5638 ὀτοιοῦ-

350 5689 441 5738 τος
472 5672 645 5736 οὕτως
665 5673 922 5744 ἐμφανῶς
952 5675 1349 5745 ὲγνωμάτευεν,
1382 5676 1430 5727 εί
1458 5673 1517 5728 τὸ
1538 5676 1636 5744 τῆς
1658 5673 1938 5743 θεολογίας

2052 5311 2210 5367 rant,
2243 5305 2335 5373 qui
2370 5304 2570 5359 similia
2604 5305 2758 5375 sequi
2790 5306 3051 5361 audacter
3076 5318 3443 5377 praesumunt,
3477 5324 3638 5375 eum,

2046 5396 2137 5465 qui
2169 5395 2666 5466 arcltiepiscopatui
2695 5396 2961 5466 Bulgaria:
2988 5398 3225 5468 praefuit,
3250 5400 3427 5452 virum
3455 5398 3636 5454 diser-

2049 5498 2163 5542 tum
2200 5502 2263 5542 ac
2295 5487 2639 5558 eloquentem
2664 5530 2678 5553 ,
2714 5490 2792 5544 illi
2824 5504 3020 5545 nomen
3055 5491 3468 5562 TheOphylacto
3499 5491 3636 5560 fult,

2052 5597 2135 5637 me
2162 5597 2285 5637 eum
2321 5581 2601 5638 invenient
2632 5584 3033 5645 tantummodo,
3064 5585 3117 5639 in
3145 5600 3256 5656 quo
3284 5585 3491 5640 dictum
3523 5593 3631 5650 est,

2051 5671 2201 5729 illius
2226 5674 2659 5729 enuntiationem
2690 5674 3030 5744 improbasse
3058 5694 3072 5732 :
3104 5676 3158 5731 in
3187 5677 3311 5733 aliis
3332 5692 3463 5732 vero
3487 5678 3598 5734 seri
3617 5706 3632 5720 -

352 5765 643 5838 εἰλικρινὲς
673 5765 928 5820 ἐντεῦθεν
965 5767 1079 5840 ᾔδει
1109 5764 1652 5838 παραδλαπτόμενον.
1698 5764 1756 5820 '0
1788 5767 1933 5835 μέν-

2063 5767 2323 5822 ηἰοηίὺυε
2356 5766 2860 5835 εςίιὶοειζοιηηίυιιε,
2883 5769 3194 5839 colloquiis,
3227 5767 3626 5838 dissertationl,

350 5874 432 5912 τοι
469 5856 568 5931 τῆς
609 5857 884 5930 ’Δντιόχου
914 5858 1012 5932 τὴν
1041 5859 1141 5931 τῆς
1196 5856 1515 5931 προσθήκης
1546 5857 1927 5928 ἀναγόρευσιν,

2042 5863 2143 5918 bus
2171 5858 2533 5932 pronuntiari,
2560 5866 2614 5917 et
2645 5860 2825 5932 palam
2855 5869 2909 5918 et
2935 5861 3109 5920 libere
3139 5877 3324 5920 coram
3356 5861 3618 5919 omnibus
