3972 6638
373 445 515 512 λιὶἱῖ)

1559 448 1888 514 GEORGII
1934 448 2411 515 ΜΕΤΟΕΗΙΤΑζ

3500 449 3637 517 1416

367 565 652 637 praadicari
686 563 1009 623 concedere.
1045 560 1111 622 Et
1144 566 1495 625 manifestum
1527 578 1611 624 est
1633 609 1647 634 ,
1681 587 1806 627 eum
1843 588 1948 629 non

2086 573 2100 625 ί
2130 573 2224 626 καὶ
2251 572 2494 636 κακίζων
2526 568 2582 623 ἐν
2612 566 2690 638 τῷ
2721 568 2850 641 θείῳ
2902 567 3167 639 Συμϐόλῳ
3221 569 3491 637 φαίνεται,
3548 573 3640 625 καὶ
3728 616 3733 623 .

366 659 504 715 adeo
544 659 692 715 clare
733 658 1078 714 decreturum
1126 656 1331 727 fuisse,
1368 660 1414 715 si
1460 661 1743 731 theologia:
1784 666 1953 720 since-

363 766 486 807 rum
541 768 606 807 ac
656 754 921 822 integrum
973 751 1093 807 lmdi
1142 754 1509 822 cognovisset.
1564 758 1952 813 Verumtamen

365 844 764 907 Antiochi-nus,
791 845 914 898 licet
938 845 1233 901 additionis
1256 847 1690 904 enuntiationem
1721 852 1771 903 in
1801 852 1956 923 Sym-

369 936 494 989 bolo
538 936 933 1004 reprehendere
974 937 1244 1003 videatur,
1284 948 1334 992 et
1380 941 1658 997 Romanos
1700 942 1772 996 ob
1808 958 1955 997 cam-

368 1029 489 1081 dem
529 1031 847 1095 criminari,
885 1039 936 1083 et
975 1045 1003 1083 a
1041 1041 1191 1085 recta
1228 1034 1496 1087 sententia
1536 1033 1707 1088 fertur
1741 1035 1953 1104 lapsum

369 1119 504 1186 ipsis
529 1120 843 1187 appiugere,
871 1129 924 1173 et
954 1120 1037 1173 his
1066 1121 1279 1175 similia‘
1301 1122 1686 1188 internectere,
1714 1133 1952 1181 attamen

368 1226 547 1279 neque
575 1212 766 1272 Deum,
801 1228 975 1293 neque
1006 1213 1163 1267 fidem
1194 1216 1247 1268 in
1275 1215 1518 1284 periculo
1545 1218 1680 1271 verti
1710 1218 1957 1286 apprime

368 1303 610 1367 callens,
650 1314 707 1355 ut
742 1303 856 1369 ipse
892 1303 1161 1369 aliirmat,
1198 1321 1320 1360 cum
1357 1307 1525 1373 dicit,
1563 1309 1689 1363 licet
1726 1309 1869 1365 hunc
1901 1310 1954 1364 in

370 1395 833 1449 modum-additio
866 1398 1205 1463 enuntietur,
1238 1415 1355 1463 eos,
1385 1402 1477 1469 qui
1511 1417 1633 1455 cum
1666 1418 1733 1456 eo
1763 1414 1953 1469 erant,

370 1486 434 1536 ad
467 1502 652 1552 pacem
682 1496 734 1540 et
760 1488 824 1540 ad
854 1486 1084 1542 fratrum
1114 1505 1356 1543 amorem
1388 1476 1641 1545 inclinari
1672 1506 1876 1557 monet,
1902 1501 1957 1547 et

370 1578 558 1631 verbis
589 1580 950 1646 supplicibus.
982 1591 1033 1634 et
1060 1581 1275 1635 eximiis
1305 1582 1787 1638 adhortationibus
1815 1585 1960 1637 Cou-

371 1669 944 1739 stantinopolitanum,
986 1673 1052 1726 ad
1096 1675 1406 1727 concordiae
1449 1675 1647 1727 bonum
1690 1674 1959 1730 deducere

371 1776 583 1816 Summa
623 1778 722 1831 Ope
760 1763 973 1816 nititur.
1009 1764 1148 1818 Hinc
1183 1774 1236 1817 et
1280 1765 1330 1817 in
1370 1765 1675 1834 exemplum
1717 1766 1956 1831 adducit,

372 1853 516 1921 quod
553 1856 604 1907 iu
638 1856 987 1909 sanctissimo
1019 1855 1198 1909 Studii
1235 1859 1567 1910 monasterio
1600 1864 1713 1910 tum
1750 1867 1960 1923 tempo-

2074 662 2363 734 Ῥωμαίων
2414 661 2824 731 καθαπτόμενος
2856 662 2954 714 ἐπ’
3000 661 3160 730 αὐτῇ,
3190 661 3283 713 καὶ
3312 659 3412 729 τὴν
3436 660 3530 715 τοῦ
3562 662 3640 716 εί-

2058 758 2215 819 κότος
2259 755 2532 808 ἔκπτωσιν
2558 755 2739 815 αὐτοῖς
2767 753 3065 822 ἐπιφέρων.
3102 754 3197 806 καὶ
3219 753 3444 806 τοιαῦτα
3503 770 3642 825 παρ·

2057 850 2215 917 όμοια
2249 848 2608 918 παρενείρων,
2634 846 2747 900 ἀλλ’
2777 842 2870 899 οὖν
2908 848 2982 914 μῆ
3024 845 3211 915 Θεὸνῆ
3252 846 3437 898 πίστιν
3468 847 3642 900 ἐντεῦ-

2058 941 2148 993 θεν
2187 938 2324 994 εἶναι
2357 941 2416 993 τὸ
2445 941 2892 1008 κινδυνευόμενον
2928 939 2987 992 εὖ
3015 940 3195 1005 εἰδὼς,
3228 940 3303 1000 ὡς
3334 938 3496 1001 αὐτὸς
3532 939 3643 991 δια.

2025 1026 2372 1082 ’ϐεϐαιοῦται
2420 1029 2814 1097 φθεγγόμενος,
2846 1029 2942 1081 καὶ
2968 1028 3175 1095 ταύτης
3208 1024 3353 1079 οὕτω
3378 1041 3646 1093 κηρυττο-

2061 1122 2251 1191 μένης,
2296 1120 2472 1174 νεύειν
2540 1121 2670 1182 τοὺς
2730 1119 2963 1172 ἐνταῦθα
2993 1119 3127 1189 πρὸς
3162 1119 3222 1171 τὸ
3251 1117 3527 1187 εἰρηνικὸν
3557 1118 3647 1169 καὶ

2060 1216 2378 1284 φιλάδελφον
2440 1217 2767 1285 εἰσηγεῖται.
2829 1216 2934 1269 Καὶ
2988 1215 3167 1282 λόγοις
3226 1216 3507 1275 ίκετικοίς,
3557 1213 3649 1265 καὶ

2061 1307 2471 1378 παρακλήσεσιν
2519 1305 2987 1374 ὑπερϐαλλούσαις
3018 1306 3108 1359 τὸν
3143 1306 3653 1359 Κωνσταντινουπό-

2057 1397 2195 1460 λεως
2225 1399 2506 1466 ἐπείγεται
2543 1397 2857 1467 μεταθεῖναι
2889 1397 3026 1466 πρὸς
3046 1397 3109 1449 τὸ
3138 1401 3235 1465 τῆς
3268 1397 3527 1463 όμονοίας
3556 1416 3652 1451 κα-

2059 1489 2172 1543 λόν.
2213 1489 2381 1544 ’Όθεν
2414 1490 2508 1542 καὶ
2534 1488 2898 1559 παρατίθησιν
2923 1489 3004 1550 είς
3030 1488 3381 1558 παράδειγμα
3419 1488 3480 1540 τὸ
3510 1489 3564 1540 ἐν
3584 1492 3649 1559 τῇ

2061 1580 2408 1652 εὐαγεστὰτῃ
2440 1582 2575 1651 μονῇ
2615 1580 2708 1631 τοῦ
2742 1578 2992 1631 Στουδίου
3030 1578 3336 1647 τηνικαῦτα
3393 1576 3655 1649 τελούμε-

2060 1688 2151 1724 νον
2209 1670 2573 1724 ἀνακόλουθον
2617 1672 2683 1739 τῇ
2717 1669 3141 1739 ἐκκλησιαστικῇ
3193 1669 3494 1738 παραδόσει
3526 1684 3543 1700 ·
3593 1669 3655 1722 τὸ

2060 1763 2185 1827 τοὺς
2214 1764 2491 1824 διακόνους
2522 1760 2841 1827 ζώννυσθαι,
2876 1761 2967 1813 καὶ
3025 1761 3098 1829 μὴ
3150 1760 3378 1827 δυνηθὲν
3414 1759 3656 1828 ἐκκοπῆ-

2064 1874 2151 1910 ναι
2209 1858 2322 1919 τοϊς
2370 1854 2543 1908 πολλὰ
2600 1853 2898 1906 κοπιάσασι
2952 1846 3067 1905 και
3100 1851 3411 1920 μοχθήσασι
3434 1849 3528 1902 τοῦ
3583 1848 3660 1920 μὴ

372 1947 451 2002 ris
476 1948 758 2015 agebatur,
787 1949 854 2001 ab
882 1949 1137 2003 Ecclesiae
1166 1949 1458 2004 traditione
1486 1951 1743 2015 alienum,
1771 1951 1955 2005 diaco-

2079 1948 2293 2003 ῑυνατὸν
2372 1947 2683 2015 ἀποστῆσαι
2740 1943 3049 2013 Ῥωμαίους
3100 1941 3196 1995 τοῦ
3255 1943 3661 2011 κεκρατηκότος

372 2054 474 2093 nos
502 2040 711 2093 scilicet
740 2040 961 2107 cingulo
992 2057 1112 2094 sese
1147 2043 1473 2111 astringere,
1503 2051 1556 2097 et
1590 2045 1655 2097 ad
1687 2057 1751 2097 ea
1783 2059 1959 2112 usque

376 2140 617 2200 tempora
657 2132 784 2185 licet
815 2133 967 2185 multi
1002 2133 1065 2186 ad
1104 2133 1233 2186 illud
1266 2135 1685 2205 corrigendum,
1722 2136 1957 2189 laborem

374 2225 726 2289 studiumque
773 2224 1138 2286 contulerint,
1190 2224 1388 2279 frustra
1441 2240 1669 2279 navasse
1714 2240 1957 2293 operam.

375 2311 523 2374 lloc,
555 2313 774 2382 inquam
799 2354 814 2379 ,
844 2315 1094 2385 exemplo
1127 2316 1215 2369 ille
1247 2316 1559 2382 contendit,
1592 2317 1705 2370 fieri
1738 2316 1963 2370 minime

380 2418 573 2471 posse,
622 2414 681 2457 ut
730 2406 955 2459 Romani
1003 2421 1029 2458 a
1076 2422 1173 2460 sua
1207 2407 1502 2460 inveterata
1537 2406 1959 2471 consuetudine,

382 2493 711 2546 additionem
741 2495 949 2548 scilicet
996 2496 1268 2549 scribendi
1296 2506 1347 2548 et
1376 2498 1589 2565 publice
1616 2495 1961 2557 enuntiandi,

377 2586 752 2651 abducantur;
787 2589 942 2655 quasi
977 2587 1199 2645 diceret.
1231 2587 1284 2642 Si
1318 2604 1528 2647 eorum.
1560 2587 1649 2657 qui
1678 2587 1834 2661 noobis
1862 2587 1964 2639 ob-

378 2674 524 2727 novii
578 2683 722 2735 sunt.
775 2689 954 2729 mores
1003 2676 1276 2744 corrigere
1328 2677 1638 2745 nequimus,
1690 2677 1965 2745 quomodo

379 2780 474 2818 eos
513 2780 543 2818 a
588 2766 824 2833 propriis
867 2765 1359 2819 consuetudinibus
1406 2776 1719 2819 convertere
1764 2766 1965 2834 poteri-

383 2858 541 2910 mus?
558 2857 818 2911 Pr:cterca
840 2860 1078 2927 graviter
1097 2858 1161 2911 dc
1180 2858 1787 2926 Constantinopolitano
1806 2862 1964 2912 char-

382 2949 663 3026 tophylace
698 2954 968 3019 queritur,
1006 2953 1150 3020 quod
1188 2951 1278 3004 ille
1313 2945 1367 3004 ili
1404 2952 1607 3020 preprii
1646 2951 1967 3019 patriarcha:

294 3050 299 3059 ί
386 3044 450 3096 a.l
480 3059 537 3097 se
563 3044 705 3100 datis
730 3045 922 3099 litteris
947 3045 1250 3113 scripserit.
1277 3044 1343 3097 ab
1372 3046 1617 3114 antiquo,
1647 3053 1696 3099 et
1726 3061 1755 3098 a
1782 3054 1967 3099 sancta

384 3146 536 3190 sexta
576 3136 914 3192 meumeuica
950 3135 1158 3207 synodo
1192 3151 1342 3206 papte
1377 3136 1611 3190 nominis
1646 3152 1973 3191 commemo-

384 3230 651 3283 rationem
679 3230 929 3283 abrasam
963 3229 1151 3294 fuisse,
1179 3229 1365 3297 illique
1395 3228 1791 3298 improperans,
1817 3230 1963 3299 quod

2063 2041 2237 2103 ἔθους.
2287 2039 2431 2092 οὕτω
2484 2038 2716 2109 γράφειν
2766 2054 2825 2091 τε
2856 2037 2950 2091 καὶ
2998 2037 3288 2107 κηρύττειν
3315 2077 3335 2105 ,
3375 2016 3661 2103 λέγων,Εῖ

2065 2133 2448 2204 περιγενέσθαι
2506 2133 2615 2185 τῶν
2662 2133 2960 2185 τελούντων
2982 2130 3072 2201 ὑφ’
3101 2132 3249 2201 ἡμᾶς
3272 2132 3335 2182 οὐ
3362 2131 3661 2199 δυνάμεθα,

2067 2209 2183 2288 πῶς
2214 2226 2459 2287 ἐκείνους
2489 2226 2598 2278 τῶν
2658 2226 2807 2278 ίδίων
2850 2224 3058 2294 ἐθίμων
3111 2225 3379 2291 ἐκστῆσαι
3437 2224 3663 2293 δυνησό-

2069 2316 2243 2385 μεθα;
2276 2316 2397 2368 Ἔτι
2433 2333 2494 2382 γε
2520 2317 2626 2384 μὴν
2654 2317 3031 2385 ἐπιμέμφεται
3057 2317 3194 2386 προς
3228 2316 3398 2368 τῶνδε
3435 2315 3663 2369 πλεῖστα

2064 2405 2161 2458 τοῦ
2191 2402 2438 2458 τοιούτόυ
2463 2407 3097 2469 Κωνσταντινουπόλεως
3126 2405 3566 2477 χαρτοφύλακος,
3590 2406 3664 2467 ὡς

2067 2496 2125 2547 ἐν
2157 2498 2269 2558 τοῖς
2300 2496 2436 2563 πρὸς
2469 2496 2632 2550 αὐτὸν
2667 2496 2761 2549 τοῦ
2801 2496 2931 2549 ίδίου
2981 2500 3325 2566 πατριάρχου
3364 2494 3663 2567 γράμμασι

2065 2589 2364 2658 γεγραφότι
2396 2588 2563 2642 πάλαι
2591 2589 2682 2641 τοῦ
2716 2589 2916 2643 πάππα
2943 2590 3041 2659 τῆς
3060 2590 3344 2658 ἀναφορᾶς
3394 2587 3491 2641 τοῦ
3542 2587 3667 2640 όνόο

2070 2696 2239 2748 ματος
2303 2679 2409 2731 ἀπὸ
2493 2680 2595 2749 τῆς
2653 2680 2818 2748 ἁγίας
2892 2679 3433 2746 καὶ,οίκουμενικῆς
3497 2677 3666 2748 ἕκτης

2069 2769 2290 2823 συνόδου
2318 2771 2571 2833 γενέσθαι
2597 2773 2697 2841 τὴν
2722 2773 2988 2841 ἐκκοπὴν.
3024 2770 3135 2824 Καὶ
3159 2769 3347 2823 τοῦτον
3374 2770 3665 2835 ὀνειδίσας,

2067 2860 2143 2924 ὡς
2190 2863 2287 2932 τῆς
2336 2858 2656 2931 Ἑλληνικῆς
2691 2861 2880 2930 σοφίας
2940 2860 3389 2931 ἐπιμελούμενον,
3455 2861 3670 2930 ἀμελῶς

2071 2957 2203 3026 περὶ
2242 2954 2311 3007 τὰ
2338 2955 2770 3021 ἐκκλησιαστικα
2796 2954 3127 3019 διακεῖσθαι,
3177 2954 3472 3009 πιστοῦται
3536 2957 3671 3023 μάρ-

2068 3063 2210 3118 τυρα
2241 3047 2420 3110 διδοὺς
2472 3049 2665 3102 ἑαυτὸν
2697 3050 3135 3118 ἀπαράγραπτον
3183 3049 3242 3100 ἐν
3302 3050 3368 3116 τῇ
3444 3044 3676 3116 βασιλίδι

2069 3140 2177 3193 τῶν
2201 3141 2408 3194 πόλεων
2435 3140 2542 3210 πρὸ
2582 3141 2790 3211 χρόνων
2827 3140 2985 3192 πέντε
3009 3140 3103 3192 καὶ
3127 3140 3540 3209 τεσσαράκοντα
3575 3140 3670 3191 τὸν

2081 3234 2303 3303 Ῥώμης
2354 3233 2411 3285 ἐν
2466 3235 2579 3295 τοῖς
2634 3233 2799 3303 ἱεροῖς
2842 3228 3123 3302 διπτύχοις
3161 3230 3302 3299 μετα
3350 3231 3461 3283 τῶν
3499 3229 3671 3282 dilui:

385 3321 667 3389 gentilium
695 3323 974 3390 sapientiae
997 3322 1265 3387 addictus,
1294 3338 1378 3376 res
1403 3322 1802 3377 ecclesiasticas
1824 3325 1964 3378 osci-

2079 3325 2426 3398 πατριαρχῶν
2458 3324 2849 3395 ἀναφέρεσθαι.
2887 3324 2946 3377 '0
2975 3323 3105 3391 γοῦν
3138 3322 3294 3386 εἰδὼς
3318 3321 3389 3375 τὰ
3440 3322 3536 3376 τοῦ
3572 3340 3674 3391 με·

388 3418 570 3463 tauter
612 3409 926 3479 negligeret,
975 3411 1055 3465 uti
1108 3411 1322 3465 firmum
1376 3412 1563 3477 tradit,
1615 3415 1971 3481 semetipsum

390 3506 580 3553 testem
614 3498 731 3552 sine
761 3499 870 3553 tilla
902 3502 1219 3569 exceptione
1251 3500 1539 3563 exhibens.
1571 3503 1625 3555 in
1659 3503 1843 3573 regina
1879 3520 1976 3557 ur-

388 3588 536 3642 bium
565 3598 689 3644 ante
715 3604 890 3644 annos
914 3591 1156 3661 quinque
1181 3601 1229 3645 ct
1259 3593 1644 3664 quadraginta,
1673 3593 1975 3648 Romanum

390 3682 700 3749 pontificem
731 3682 785 3735 in
814 3684 987 3737 sacris
1012 3684 1284 3754 diptychis
1316 3700 1419 3738 una
1448 3701 1570 3740 cum
1598 3685 1721 3745 aliis
1748 3687 1976 3753 patriar—

390 3774 510 3828 chis
543 3775 840 3831 censitutn.
872 3774 974 3841 Qui
1013 3776 1180 3845 igitur
1213 3793 1299 3831 res
1335 3778 1513 3847 magni
1552 3778 1770 3832 Maximi
1810 3790 1976 3843 tenet,

391 3883 596 3935 easque
637 3869 823 3923 animo
856 3870 1028 3923 volvit
1093 3869 1337 3939 (revocat
1373 3887 1611 3941 namque
1649 3889 1746 3925 nos
1789 3889 1982 3928 rursus

393 3961 459 4013 ad
511 3963 663 4018 illius
707 3966 1030 4018 memoriam
1081 3966 1353 4020 dictorum
1405 3968 1751 4038 necessitas).
1784 3979 1837 4024 et
1868 3970 1979 4040 jam

394 4051 599 4107 laudati
655 4054 986 4112 Autiocheni
1041 4058 1181 4112 dicta
1245 4058 1503 4113 meditate
1556 4061 1871 4126 examinat,
1927 4061 1980 4115 in

393 4146 632 4200 Maximo
674 4148 894 4217 quidam
938 4150 1208 4221 dogmatis
1249 4152 1624 4215 defensionem
1666 4165 1849 4225 aperte
1888 4156 1984 4211 de-

394 4240 717 4307 prehendet,
749 4252 801 4295 ct
828 4256 1045 4310 causas,
1080 4243 1149 4299 ob
1181 4260 1318 4314 quas
1353 4255 1577 4311 temere,
1611 4257 1667 4302 ut
1703 4249 1887 4314 tradit,
1919 4266 1986 4305 eo

398 4339 642 4399 tempore
678 4332 959 4387 criminari
997 4335 1320 4400 studebant,
1356 4336 1503 4391 Petri
1543 4353 1671 4392 vero
1705 4353 1985 4396 sermones

398 4421 451 4475 iu
493 4424 722 4492 epistola
763 4424 829 4478 ad
870 4421 965 4480 etis
1007 4426 1099 4496 qui
1147 4428 1447 4482 scissuram
1487 4430 1802 4495 effecerant,
1841 4432 1989 4486 addi-

399 4514 603 4568 tionem
642 4516 695 4569 in
734 4514 994 4587 Symbolo
1029 4519 1517 4588 reprehendentes,
1550 4530 1607 4573 et
1642 4523 1745 4576 alia
1785 4524 1987 4591 quibus

398 4610 778 4680 imponeretur
811 4610 1096 4676 Romanis.
1138 4626 1193 4669 et
1233 4615 1517 4689 barbaries
1558 4617 1665 4671 illis
1705 4618 1985 4688 ohjieitur,

398 4711 453 4758 ct
483 4706 681 4759 mentis
707 4704 973 4768 defectus.
1005 4706 1237 4761 dictatos
1265 4723 1387 4763 esse
1417 4709 1482 4761 ad
1516 4708 1842 4763 medicinam
1876 4712 1995 4766 alis-

401 4813 508 4866 que
535 4798 705 4852 dubio
738 4798 1014 4853 ferendam
1043 4799 1130 4863 iis,
1158 4800 1360 4868 quibus
1387 4800 1587 4856 similia
1616 4802 1993 4866 mittebantur,

402 4899 663 4959 tanquam
724 4891 815 4958 qui
874 4891 1291 4947 accusatoribus
1373 4892 1757 4958 enuntiarent,
1822 4909 1998 4964 neque

390 4983 599 5047 Deum,
652 4998 826 5052 neque
884 4983 1041 5038 fidem
1100 5000 1195 5054 per
1245 4985 1577 5040 additionem
1635 4987 1685 5039 in
1746 4987 1994 5055 periculo

403 5072 563 5133 verti,
611 5087 673 5127 ea
709 5087 868 5139 vero,
902 5089 1023 5144 qua:
1055 5076 1363 5130 concordia:
1395 5086 1553 5140 sunt,
1586 5076 1840 5146 amplecti
1874 5093 1995 5132 sua-

406 5167 630 5230 derent,
662 5182 838 5236 neque
869 5183 994 5231 eos,
1026 5168 1119 5237 qui
1154 5184 1342 5238 pacem
1376 5184 1439 5223 ac
1470 5169 1705 5238 quietem
1737 5169 1991 5223 eximiam

409 5258 758 5314 introducere
785 5271 1077 5323 conantur,
1099 5262 1354 5331 abjicere.
1383 5261 1591 5316 Interea
1619 5276 1683 5315 ex
1710 5277 1775 5315 eo
1800 5261 1865 5315 ad
1897 5263 1998 5315 hoc

411 5359 628 5419 tempus
656 5352 997 5407 interval’um
1028 5355 1212 5408 animo
1239 5354 1483 5423 agitabit,
1511 5363 1564 5407 et
1593 5370 1782 5408 vanam
1813 5370 1878 5408 ac
1903 5370 2004 5409 nu-

413 5457 598 5509 gacem
634 5446 1017 5512 loquacitatem
1052 5446 1202 5500 nullo
1233 5447 1387 5499 firmo
1414 5446 1515 5499 niti
1545 5445 1898 5501 fundamento
1930 5447 2005 5501 in-

417 5535 617 5603 telliget
638 5579 651 5599 ,
689 5547 801 5589 tum
834 5553 1026 5592 eorum
1061 5540 1153 5607 qui
1187 5554 1214 5592 a
1249 5547 1438 5593 sancta
1468 5549 1621 5592 sexta
1653 5539 1872 5609 Synodo
1901 5538 1987 5593 dis

416 5626 614 5679 sidium
660 5628 1031 5683 introductum
1079 5628 1344 5690 fatentur.
1381 5638 1497 5684 tum
1534 5644 1725 5683 eorum
1762 5630 1856 5699 qui
1900 5630 2003 5685 hoc

420 5718 597 5785 ipsum
630 5728 848 5789 negant,
883 5730 935 5774 et
965 5721 1162 5776 Pbotio
1192 5721 1426 5776 similem
1463 5720 1870 5775 innovationem
1903 5736 2003 5790 ap-

422 5810 672 5880 pinguut,
699 5822 753 5867 et
782 5813 928 5869 illius
957 5814 1242 5869 eversione
1269 5812 1515 5868 eamdem
1546 5828 1763 5882 quoque
1789 5812 2006 5867 destru-

423 5913 562 5957 ctam
593 5904 941 5982 conflzentur,
974 5915 1025 5961 et
1055 5905 1387 5961 additionem
1423 5905 1475 5958 in
1510 5903 1767 5975 Symbolo
1803 5902 2003 5960 Roma-

2080 3419 2245 3486 γάλου
2279 3419 2533 3490 Μαξίμου
2560 3420 2655 3472 καὶ
2682 3418 2759 3487 τῷ
2788 3416 2868 3472 νοτ
2925 3419 3267 3488 περιφέρων,
3328 3417 3514 3484 ἐνάγει
3567 3417 3675 3486 γὰρ

2081 3514 2172 3565 καὶ
2204 3512 2364 3567 πάλιν
2396 3514 2543 3582 ἡμᾶς
2583 3513 2661 3574 είς
2688 3510 2786 3581 τὴν
2832 3512 3023 3564 τούτου
3061 3511 3285 3580 μνήμην
3335 3510 3368 3578 ή
3428 3510 3534 3561 τῶν
3586 3509 3676 3561 λε-

2081 3606 2329 3670 γομένων
2370 3605 2610 3675 ἀνάγκη,
2684 3605 2780 3657 καὶ
2831 3604 2899 3656 τὰ
2950 3602 3044 3655 τοῦ
3097 3601 3405 3670 δηλωθένος
3474 3601 3679 3654 Ἀντιο-

2082 3700 2233 3766 χείας
2265 3696 2509 3750 ἐπελθὼν
2550 3696 2936 3765 ἐσκεμμένως,
2968 3694 3178 3747 ἐκείνου
3207 3694 3303 3763 μὲν
3337 3693 3439 3762 τὴν
3486 3694 3568 3755 εἰς
3619 3694 3679 3747 τδ

2082 3790 2257 3856 δόγμα
2289 3789 2544 3857 καθαρῶς
2575 3789 2954 3858 ύπερηγορίαν
2986 3786 3383 3855 ἀναλογήσεται
3408 3826 3423 3847 ,
3452 3788 3550 3840 καὶ
3580 3786 3678 3848 τὰς

2085 3882 2266 3944 αίτίας
2296 3880 2354 3946 ἐξ
2386 3874 2461 3934 ὧν
2506 3898 2672 3952 φησιν
2706 3881 2911 3942 ἐκεῖνος
2951 3878 3062 3931 τῶν
3103 3878 3359 3945 διακενῆς
3413 3878 3535 3930 τότε
3584 3879 3679 3947 ζηο

2084 3972 2320 4027 τούντων
2342 3972 2727 4030 ἐπιλαϐέσθαι.
2761 3970 2951 4024 τούτου
2974 3971 3031 4023 δὲ
3059 3970 3253 4036 λόγους
3281 3969 3412 4031 τοὺς
3463 3971 3522 4021 ἐν
3560 3971 3678 4021 sm-

2089 4065 2246 4135 στολῇ
2289 4064 2425 4137 πρὸς
2459 4065 2584 4126 τοὺς
2619 4062 3013 4133 εἰργασμένους
3037 4063 3096 4114 τὸ
3128 4063 3338 4133 ῥῆγμα,
3374 4062 3477 4130 τὴν
3512 4078 3679 4130 προσ-

2088 4158 2265 4227 θήκην
2332 4157 2428 4227 μὲν
2489 4159 2546 4209 ἐν
2585 4156 2661 4225 τῷ
2705 4156 2969 4225 Συμὸόλῳ
3006 4154 3353 4218 κακίζοντας,
3413 4154 3506 4207 καί
3556 4171 3677 4207 τινα

2088 4248 2480 4316 καθαπτόμενα
2526 4246 2814 4316 Ῥωμαίων
2843 4248 2923 4310 ἐς
2952 4245 3336 4316 βαρὸαρότητα
3370 4245 3554 4315 δῆθεν,
3585 4247 3677 4299 καὶ

2088 4337 2340 4403 γνώσεως
2361 4337 2676 4408 ὑστέρησιν,
2708 4339 2801 4392 ἐπὶ
2826 4337 3096 4407 θεραπεία
3127 4335 3384 4406 προδήλῳ
3404 4335 3512 4388 τῶν
3544 4336 3681 4405 πρὸς

2090 4428 2182 4491 οὓς
2221 4429 2288 4482 τὰ
2322 4429 2549 4482 τοιαῦτα
2605 4430 2951 4499 συνείροντας
2981 4444 2996 4460 ο
3044 4429 3121 4492 ὡς
3170 4428 3227 4480 δὲ
3272 4427 3347 4498 μὴ
3403 4428 3555 4491 Θεδν,
3608 4427 3680 4496 μὴ

2091 4521 2274 4574 πίστιν
2306 4517 2448 4574 εἶναι
2476 4521 2535 4574 τὸ
2564 4521 3005 4591 κινδυνευόμενον
3043 4520 3114 4573 δι’
3149 4521 3321 4589 αὐτὴν
3368 4519 3679 4588 διαγγελλοο

2099 4610 2268 4680 μένην
2295 4613 2407 4673 τοῖς
2440 4610 2834 4677 διαγγέλλουσι,
2861 4611 2927 4663 τὰ
2956 4610 3057 4680 τῆς
3097 4610 3352 4679 ὁμονοίας
3410 4611 3679 4677 στέργειν,

2101 4703 2195 4756 καὶ
2221 4702 2295 4772 μὴ
2323 4702 2660 4755 ἀπωθεῖσθαι
2694 4702 2756 4755 τὸ
2784 4701 3161 4771 δυσωπητικδν
3202 4702 3526 4769 εἰσάγοντας
3588 4703 3682 4754 ἁν-

2102 4795 2460 4865 υπέρῦλητον.
2494 4791 2628 4849 Εἶτα
2657 4795 2835 4848 καὶτὸ
2866 4794 3076 4851 ἐκεῖθεν
3112 4795 3275 4865 μέχρι
3305 4794 3471 4846 τῶνδε
3503 4792 3685 4846 τοσοῦο

2099 4904 2191 4940 τον
2249 4887 2525 4958 διάστημα
2556 4887 2806 4957 χρονικδν
2844 4886 3179 4957 ἅναπολήσει
3238 4885 3380 4939 κατὰ
3427 4886 3682 4950 διάνοιαν,

2100 4981 2191 5033 καὶ
2212 4979 2272 5033 τὸ
2303 4979 2412 5032 τῶν
2440 4978 2824 5049 εύρεσιλογιῶν
2856 4980 3251 5043 ἀνυπόστατον,
3281 4979 3391 5030 τῶν
3426 4979 3547 5048 μὲν,
3583 4976 3687 5030 ἀπὸ

2098 5072 2195 5143 τῆς
2229 5072 2392 5141 ἁγίας
2425 5072 2591 5142 ’ἑκτης
2623 5072 2843 5126 συνόδου
2874 5070 2942 5125 τὰ
2966 5071 3065 5140 τῆς
3118 5070 3455 5132 διαστάσεως
3506 5070 3687 5121 ἐπεισο

2104 5165 2312 5236 φρῆσαι
2333 5166 2673 5234 φασκόντων,
2700 5167 2764 5234 τῇ
2796 5164 2841 5217 δ’
2862 5166 3142 5233 ἀνατροπῇ
3184 5163 3685 5232 συνανατραπῆναι,

2107 5257 2202 5310 καὶ
2228 5257 2337 5310 τῶν
2361 5257 2416 5309 δὲ
2437 5256 2534 5309 νῦν
2556 5256 2651 5325 οὐχ
2684 5255 2877 5320 οὕτως,
2928 5255 3064 5307 ἀλλὰ
3118 5254 3312 5325 Φωτίῳ
3364 5269 3689 5323 καινουργη-

2109 5349 2267 5417 θῆναι
2323 5348 2870 5419 καθομολογούντων,
2924 5348 3021 5402 καὶ
3070 5347 3233 5406 πάλιν
3288 5346 3689 5418 ἀνατραπῆναι,

2113 5443 2208 5495 καλ¹
2233 5439 2330 5512 τὴν
2361 5440 2680 5509 προσθήκην
2694 5439 2987 5508 Ῥωμαίοις
3010 5440 3067 5492 ἐν
3085 5439 3159 5509 τῷ
3182 5439 3251 5490 Συ
3261 5438 3447 5510 μὸόλῳ
3474 5452 3696 5505 προστι-

2110 5533 2375 5603 θεμένων,
2404 5534 2497 5586 καὶ
2529 5531 2713 5600 σφίσιν
2738 5530 2893 5593 αὖθις
2918 5530 2994 5593 ὡς
3039 5530 3435 5599 ἀνανεωθείσης
3462 5544 3698 5581 συνανι-

2111 5623 2400 5694 νεωθῆναι,
2461 5622 2558 5676 καὶ
2586 5623 2729 5675 κατὰ
2756 5622 2848 5674 τοῦ
2877 5623 3345 5692 ἐπικρατήσαντος
3374 5619 3698 5688 σχίσματος,

2112 5717 2258 5788 ἅπερ
2311 5713 2590 5784 ἀνεμώλια
2644 5715 2938 5779 δείκνυσιν,
2993 5708 3073 5776 οἷς
3138 5730 3303 5782 φησιν
3369 5713 3701 5767 ἐπιστέλλων

2111 5811 2139 5862 ό
2166 5809 2264 5877 τῆς
2310 5807 2584 5877 Ἀντιόχου
2616 5808 2777 5874 σοφὸς
2833 5805 3172 5876 ἀρχιποίμην
3216 5807 3278 5856 ἐκ
3333 5803 3441 5856 τῶν
3464 5802 3693 5873 χρόνων,

2110 5893 2184 5955 ὧν
2209 5898 2585 5968 διαλαμϐάνει,
2621 5897 2684 5950 ἐκ
2713 5913 2772 5950 τε
2810 5897 2902 5950 τοῦ
2936 5896 3120 5950 καλεῖν
3146 5896 3335 5965 ἔθιμον
3398 5893 3697 5965 Ῥωμαίοις
