3972 6570
1454 456 1512 471 ‘3

298 564 431 628 1417

1644 554 2145 622 FRAGMENTA.

3429 559 3575 629 ΗΜ

273 677 416 733 οὔτω
441 677 672 749 γράφειν
700 697 759 733 τε
786 680 880 735 καὶ
910 679 1224 751 κηρύττειν,
1266 679 1359 733 καὶ
1388 675 1484 733 τοῦ
1519 675 1596 748 μὴ
1627 659 1853 728 δυνατὸν

1963 672 2044 728 nis
2070 673 2370 740 objectant,
2397 681 2453 729 et
2484 685 2607 728 cum
2636 687 2700 729 ea
2724 672 2841 745 jam
2876 671 3117 729 rediviva
3149 672 3383 740 dissidii,
3413 679 3559 746 quod

273 771 444 832 άλλως
477 772 540 823 ἐκ
561 771 669 825 τῶν
705 772 786 828 είς
824 771 985 825 τοῦτο
1035 770 1524 842 παραδειγμάτων,
1579 766 1723 821 ὥστε
1777 766 1855 834 μὴ

274 858 457 927 χώραν
487 858 548 911 τὸ
579 858 916 928 παλίμϐολον
939 858 1085 929 ἔχειν
1130 859 1384 923 ἐκείνοις,
1426 857 1561 910 ἀλλά
1622 854 1718 910 καὶ
1762 853 1877 907 τοῦ

273 948 372 1017 τὴν
400 948 688 1017 όμολογίαν
742 947 1089 1020 ύπερφεροῦς
1131 948 1409 1018 Μαξίμου,
1456 945 1613 1009 ιθους
1673 944 1859 1008 αὐτοῖς

276 1040 676 1111 κεκρατηκότος
700 1037 845 1094 οὕτω
886 1041 1059 1095 ποιεῖν
1100 1039 1197 1095 καὶ
1230 1040 1466 1110 γράφειν
1511 1035 1859 1107 διαγορεύον-

272 1149 385 1196 τος.
432 1133 491 1186 Ὀ
520 1132 652 1201 γοῦν
684 1132 841 1198 είδὼς
872 1133 1049 1188 ταῦτα
1083 1134 1270 1197 καθὼς
1330 1132 1552 1203 ἔχουσιν
1598 1127 1861 1201 ἀληθείας

274 1223 676 1292 ἀναλογίσαιτο,
702 1224 820 1289 πῶς
857 1224 979 1279 ποτ’
1033 1226 1101 1280 ἂν
1153 1224 1378 1295 φήσειεν
1425 1222 1737 1295 ὀρθοπδετν
1798 1219 1860 1273 τὸ

276 1317 484 1387 σχίσμα
532 1317 652 1369 κατ’
682 1314 851 1388 αὐτὴν
873 1318 974 1388 τὴν
1004 1319 1115 1371 τῶν
1165 1315 1509 1388 πραγμάτων
1570 1314 1672 1386 τῆς
1722 1312 1858 1384 ἀλη-

276 1407 427 1473 θείας
459 1410 787 1481 συντήρησιν
825 1427 839 1443 ·
864 1411 981 1474 πῶς
1014 1410 1080 1465 ἂν
1112 1409 1272 1473 ὅλως,
1297 1409 1429 1463 ἔνθα
1448 1409 1674 1477 τοιαύτη
1712 1422 1797 1469 τις
1824 1407 1858 1476 ἡ

275 1500 341 1553 ὲκ
372 1500 689 1571 μαρτυριῶν
722 1500 1057 1568 ἀξιοπιστία,
1082 1501 1209 1555 ἔνθα
1241 1502 1341 1570 τῆς
1386 1499 1494 1553 τῶν
1521 1498 1695 1569 ἀγίων
1748 1497 1860 1552 διτ-

276 1594 384 1647 τῶν
421 1595 821 1664 οἱκουμενικῶν
846 1595 1014 1665 ἕκτης
1072 1611 1135 1649 τε
1177 1595 1272 1649 καὶ
1325 1594 1559 1666 ἑϐδόμης
1615 1594 1859 1662 ἐγεγόνει

280 1684 646 1750 συνελεύσεως
691 1687 725 1756 ἠ
782 1687 1172 1758 συγκρότησις,
1223 1686 1311 1741 διὰ
1371 1685 1551 1757 μέσων
1600 1683 1859 1737 ινιαυτῶν

278 1777 374 1833 τοῦ
431 1779 531 1850 τὴν
582 1779 901 1851 προσθήκην
952 1780 1046 1833 καὶ
1095 1778 1409 1849 γράφεσθαι
1450 1776 1731 1849 πανταχοῦ
1760 1777 1855 1831 καὶ

277 1872 651 1943 κηρύττεσθαι
691 1871 833 1926 κατά
858 1871 956 1936 τάς
1002 1872 1111 1926 τῶν
1143 1872 1448 1943 είρημένων
1494 1869 1858 1940 περιωνύμων

278 1964 597 2031 πιστώσεις,
625 1964 720 2018 τοῦ
755 1965 855 2035 μὲν
884 1965 976 2018 ἐπὶ
992 1964 1251 2035 ὁμολογίᾳ
1275 1968 1369 2017 καὶ
1395 1963 1559 2033 λοιπῇ
1586 1961 1855 2031 ἁγιότητι,

276 2055 372 2110 τοῦ
412 2057 467 2110 δὲ
500 2028 592 2109 ἐπί
619 2028 995 2127 πατριαρχικῇ
1026 2028 1144 2109 *καὶ
1170 2028 1403 2124 ίρίλοθέφ
1437 2028 1854 2124 μεγῆαλειότητιο
1887 2028 1937 2090 Β

277 2150 376 2204 καὶ
399 2149 583 2213 καθὼς
607 2150 983 2221 ἐντελέστερον
1018 2150 1160 2205 κατά
1215 2164 1275 2203 τε
1337 2147 1438 2219 τὴν
1482 2147 1860 2218 ἀπαρίθμησιν

275 2242 389 2296 τῶν
417 2242 572 2307 ἐτῶν,
602 2243 696 2295 καὶ
720 2240 912 2313 λοιπὴν
935 2240 1170 2305 ἔκθεσιν,
1201 2242 1251 2295 οί
1297 2241 1397 2311 τῆς
1456 2242 1735 2311 ἡμετέρας
1781 2239 1864 2311 βί-

278 2333 408 2386 ϐλου
432 2333 581 2401 λόγοι
608 2333 1025 2405 παρατιθέασιν.
1063 2332 1157 2399 Ἐξ
1180 2328 1255 2389 ὧν
1278 2335 1385 2405 ἄρα
1416 2334 1513 2388 καὶ
1540 2334 1711 2405 χωρὶς
1749 2332 1861 2386 τῶν

278 2388 1019 2498 διειλημξιένωίάκραιφνη
1060 2388 1215 2496 σχοίη
1392 2427 1420 2479 ό
1464 2388 1859 2495 βεὲουλθηνμινος

278 2520 609 2590 φανέρωσιν.
633 2519 710 2582 ὡς
737 2520 798 2573 οὐ
826 2520 915 2573 διὰ
939 2518 1095 2587 λόγον
1114 2518 1407 2589 δόγματος,
1435 2518 1469 2588 ἢ
1512 2515 1856 2588 προσθήκης,

276 2613 312 2681 ἡ
345 2613 442 2681 τῆς
467 2611 805 2674 διαστάσεως
830 2610 1254 2681 παρεισεφθάρη
1310 2610 1597 2679 σκαιότης,
1636 2609 1751 2665 ἀλλ’
1792 2611 1857 2665 ἐκ

279 2703 611 2773 σωματικῶν
638 2705 699 2755 τὸ
729 2703 950 2773 σύμπαν
988 2702 1179 2756 αίτιῶν
1208 2703 1306 2757 καὶ
1328 2702 1726 2773 συμπτώσεων,
1758 2703 1859 2774 τῆς

282 2794 382 2864 μὲν
409 2794 679 2865 προτέρας
709 2795 774 2847 ὲκ
805 2794 905 2863 τῆς
938 2793 1028 2847 τοῦ
1066 2795 1274 2847 Φωτίου
1304 2794 1600 2863 φιλαρχίας
1639 2794 1856 2847 καὶτῶν

275 2886 531 2940 ιντεῦθεν
566 2886 1154 2958 παρηκολουθηκότων,
1192 2887 1289 2957 τῆς
1340 2887 1399 2940 δὲ
1453 2888 1714 2959 δευτέρας
1762 2886 1860 2941 καὶ
1904 2940 1909 2949 ι

276 2982 729 3053 ἐπικρατησάσης
759 2980 825 3035 ἐκ
857 2998 914 3035 τε
930 2981 1038 3034 τῶν
1062 2980 1201 3034 κατά
1222 2981 1319 3050 τὴν
1345 2979 1601 3034 Σικελίαν
1623 2982 1860 3049 ἐπισυμ-

277 3074 593 3145 6ε6ηκότων
623 3076 702 3145 τῷ
732 3074 1025 3146 στρατηγῷ
1072 3073 1324 3144 Mawan
1374 3073 1727 3144 διεγερτικῶν
1776 3075 1858 3138 είς

277 3169 643 3233 ἀποστασίαν,
678 3167 742 3221 ἔκ
773 3184 832 3220 τε
856 3168 990 3231 τῶν,
1015 3159 1088 3219 ὧν
1106 3164 1167 3231 ἐξ
1192 3165 1380 3237 ἑτέρου
1430 3164 1634 3235 μέρους
1658 3167 1687 3219 ό
1726 3165 1862 3220 Ἰταμ-

277 3264 364 3324 λὸς
386 3262 648 3335 ’Δργυρὸς
671 3261 858 3322 δολίως
878 3261 970 3314 καὶ
991 3262 1299 3329 περιέργως
1322 3258 1860 3332 ιδραματούργησεν.

1962 763 2239 821 Ecclesias
2257 766 2567 835 occupavit,
2586 765 2865 835 negotium
2884 764 2996 835 jam
3019 774 3340 819 renovatum
3364 764 3561 823 fuisse.

1963 856 2097 923 Qua
2145 858 2329 913 omnia
2382 868 2589 913 temere
2637 874 2703 914 ac
2750 858 2985 913 inaniter
3029 859 3175 913 dicta
3220 859 3559 913 Antioclneni

1962 950 2267 1007 doctissimi
2298 950 2549 1021 praesulis
2573 951 2777 1020 scripta
2806 951 2860 1005 in
2888 951 3122 1020 epistola
3153 951 3410 1021 probant,
3444 959 3566 1005 tum

1961 1040 2145 1107 annis,
2201 1055 2343 1109 quos
2391 1039 2481 1095 ille
2530 1046 2837 1108 computat,
2889 1047 3004 1092 tum
3055 1053 3121 1093 ex
3175 1038 3556 1093 Romanorum

1963 1132 2284 1189 continuata
2312 1132 2731 1194 consuetudine,
2758 1146 2821 1187 ea
2854 1131 3067 1186 ratione
3100 1132 3375 1186 scribendi
3410 1147 3551 1201 pra:-

1960 1226 2312 1296 dicandique,
2350 1234 2465 1281 tum
2511 1224 2700 1291 etiam,
2742 1224 2889 1293 quod
2938 1223 3063 1280 fieri
3104 1232 3361 1295 nequeat,
3404 1234 3466 1280 ut
3505 1235 3563 1281 et

1961 1318 2214 1376 adductis
2247 1318 2512 1387 exemplis
2545 1317 2857 1373 constabilit
2877 1354 2892 1381 ,
2921 1316 3243 1372 eorumdem
3279 1317 3553 1381 sententia

1962 1413 2319 1480 immutetur;
2365 1411 2461 1467 sed
2507 1421 2565 1468 et
2606 1411 2968 1466 assertionem
3014 1409 3250 1466 celebris
3303 1409 3561 1476 Maximi,

1960 1519 2057 1561 eos
2090 1519 2187 1575 pro
2219 1508 2322 1559 Suo
2354 1516 2507 1557 more
2538 1502 2842 1556 inveterato
2875 1501 2950 1556 ita
2984 1500 3167 1555 facere
3197 1501 3551 1569 scribrreque

1963 1594 2248 1649 tradentis.
2278 1592 2381 1660 Qui
2411 1606 2541 1662 ergo
2569 1592 2675 1647 ista
2703 1591 2939 1647 similem
2964 1590 3365 1645 firmitudinem
3398 1598 3555 1644 nacta

1961 1688 2294 1754 censiderat,
2347 1700 2587 1757 quanam
2638 1700 2876 1754 unquam
2928 1684 3144 1739 ratione
3196 1683 3557 1739 asseverabita

1961 1780 2251 1838 dissidlum
2284 1786 2432 1834 recte
2462 1778 2739 1841 incedere,
2771 1777 2816 1833 si
2848 1777 2914 1832 ad
2949 1790 3059 1839 res,
3091 1776 3169 1830 uti
3202 1786 3369 1845 gestae
3399 1785 3554 1844 sunt,

1960 1872 2319 1929 conferatur?
2349 1870 2469 1937 Quo
2502 1871 2629 1926 item
2667 1870 2866 1936 modo,
2901 1869 2993 1924 ubi
3034 1868 3160 1925 talis
3195 1885 3259 1924 ac
3292 1879 3438 1923 tanta
3475 1878 3559 1925 te.-

1962 1964 2129 2021 stium
2162 1965 2475 2032 incorrupta
2510 1962 2644 2017 fides
2680 1959 3003 2027 intercedit,
3037 1972 3097 2016 ut
3125 1971 3209 2017 est
3238 1968 3565 2016 sanctarum.

1965 2059 2198 2114 duarum
2235 2055 3071 2135 meumenicarumsynodorum
3116 2072 3221 2110 una
3261 2070 3557 2126 congrega-

1966 2158 2148 2206 tarum
2200 2149 2561 2219 conspiratio,
2603 2164 2837 2219 quarum
2895 2148 3061 2205 annis
3110 2148 3558 2217 interjacrntibus

1965 2242 2177 2299 additio
2204 2250 2260 2298 et
2287 2242 2631 2299 scribebatur
2660 2241 2796 2298 locis
2828 2242 2882 2297 in
2913 2242 3175 2296 omnibus
3205 2249 3261 2296 et
3290 2240 3555 2311 praedica-

1968 2338 2151 2402 batur,
2192 2335 2359 2391 sicuti
2394 2335 2505 2406 jam
2548 2335 2891 2390 laudatorum
2936 2333 3250 2390 testimonia
3300 2333 3557 2403 probant,

1967 2429 2117 2485 illius
2154 2428 2375 2500 quidem
2418 2436 2473 2483 et
2509 2426 2859 2483 confessione
2919 2434 2973 2481 et
3013 2426 3237 2496 reliqua-
3264 2426 3558 2481 sanctitate

1966 2521 2395 2592 pmclarissimi,
2428 2520 2594 2591 hujus
2627 2518 2992 2589 patriarcltica
3028 2518 3294 2588 dignitate
3328 2528 3383 2571 et
3424 2517 3556 2572 reli-

1964 2612 2115 2682 giosa
2142 2611 2516 2683 magnitudine
2544 2609 2900 2666 illustrissimi
2929 2620 3022 2665 :et
3051 2608 3579 2675 annisrecensitis,~

1966 2717 2022 2764 et
2057 2707 2181 2764 aliis
2213 2706 2480 2776 expositis
2516 2703 2690 2759 nostri
2726 2702 3111 2758 commentarii
3144 2703 3291 2758 dicta
3327 2703 3557 2758 absolu-

1966 2802 2075 2857 tius
2103 2801 2381 2872 digerunt,
2412 2807 2610 2869 praeter
2635 2798 2748 2865 jam
2783 2797 2951 2861 dicta,
2981 2806 3167 2867 aperte
3214 2797 3553 2865 cuicunque,

1964 2896 2012 2951 si
2028 2894 2271 2957 libuerit,
2290 2906 2398 2947 non
2414 2891 2650 2963 patebit,
2671 2904 2781 2945 non
2801 2890 3018 2945 ratione
3036 2887 3333 2960 dogmatis,
3355 2887 3560 2943 autad-

1964 2987 2214 3051 ditionis,
2246 2980 2609 3057 separationis
2640 2983 2946 3039 fatuitatem
2976 2982 3340 3038 introductam
3362 2980 3557 3055 fuisse,

1966 3082 2059 3135 sed
2091 3094 2160 3134 ex
2187 3077 2545 3134 saecularibus
2572 3091 2742 3146 prope
2770 3076 2955 3132 causis
2983 3083 3040 3131 et
3068 3074 3377 3137 eventibus,
3406 3074 3558 3144 prio-

1967 3173 2045 3228 ris
2085 3172 2306 3242 quidem
2353 3186 2423 3226 ex
2465 3169 2766 3225 ambitione
2807 3168 3013 3235 Pbotii,
3054 3176 3108 3223 et
3154 3166 3223 3222 iis
3264 3182 3386 3237 quae
3430 3167 3558 3221 inde

1971 3264 2266 3320 subsecuta
2297 3272 2466 3325 sunt:
2498 3262 2775 3329 secundae,
2806 3271 2860 3316 et
2890 3275 3015 3331 quae
3038 3258 3150 3330 jam
3182 3260 3287 3315 vim
3321 3259 3558 3331 obtinet,

276 3369 395 3415 tum
437 3358 527 3421 tis,
568 3371 691 3425 qua:
736 3355 789 3408 in
836 3354 1009 3409 insula
1051 3354 1251 3409 Siciliae
1290 3354 1589 3423 contigere,
1632 3356 1859 3411 ductore
1897 3357 2236 3413 exercituum
2265 3355 2533 3420 ﬂaniace,
2558 3368 2613 3409 tn
2644 3351 2999 3409 rebellionem
3067 3350 3377 3413 incitantia,
3441 3359 3557 3405 tum

276 3452 367 3515 ἱαε,
405 3465 527 3518 qua:
557 3464 621 3502 ex
658 3449 763 3502 alia
800 3456 954 3518 parte
990 3450 1233 3519 Argyrus
1294 3447 1465 3505 ltalus
1538 3445 1919 3505 fraudulenter
1986 3449 2282 3506 admodum
2328 3458 2495 3521 atque
2541 3448 2831 3505 ambitiose
2879 3461 2949 3503 ex
3000 3442 3223 3526 ingenio
3268 3457 3556 3501 commen-

278 3559 369 3605 tus
400 3545 521 3601 est?

295 3741 2761 3771 ΜΨ..-

1162 3931 1987 4027 FBAGMENTUM
2077 3928 2646 4021 ALTERUM

1570 4140 1662 4197 EX
1732 4138 1968 4199 EODEM
2031 4139 2263 4196 LIBRU.

1272 4312 1439 4377 (Apud
1458 4290 1695 4364 Attalium
1735 4313 1919 4364 Contra
1952 4309 2311 4376 Hottiugerttm,
2343 4325 2394 4375 p.
2425 4309 2561 4374 sit.)

353 4624 459 4677 Τὸν
503 4618 664 4673 αὐτὸν
716 4616 915 4687 τρόπον
952 4613 1228 4667 κάνταῦθα
1269 4612 1396 4666 ἔνθα
1449 4613 1509 4667 τὸ
1549 4631 1859 4686 πραγματι-

2040 4612 2158 4669 Hoc
2199 4613 2390 4671 eodem
2431 4628 2650 4685 quoque
2688 4614 2851 4669 modo
2872 4628 2999 4669 cum
3040 4606 3154 4669 illis
3183 4612 3540 4669 considerate

282 4714 393 4775 κῶς
422 4708 740 4778 ἀποφαίνειν
788 4706 968 4767 αὐτοῖς
1008 4704 1068 4756 τὸ
1094 4703 1191 4770 τῆς
1222 4703 1553 4767 διαστάσεως
1595 4704 1857 4777 κραταιὸν

230 4834 231 4837 η
281 4798 641 4873 άντιρῤητικὴ
670 4799 729 4850 τὸ
759 4797 981 4864 σύμπαν
1007 4795 1385 4866 θρασυστομία
1414 4795 1544 4866 πρὸς
1575 4797 1703 4860 τοὺς
1733 4794 1856 4849 θεο-

282 4896 558 4964 φάντορας
584 4889 951 4952 ἀποτείνεται,
978 4886 1032 4940 εἷ
1052 4903 1115 4955 γε
1144 4886 1378 4950 τοιοῦτος
1404 4887 1433 4939 ό
1459 4887 1527 4940 τὰ
1549 4886 1667 4940 θεῖα
1691 4887 1859 4952 πολὺς

282 4986 533 5054 Μάξιμος
568 4985 663 5035 καὶ
711 4980 1047 5051 φερωνύμως
1092 4977 1184 5031 τὸν
1217 4976 1377 5048 ζῆλον
1410 4979 1504 5031 κα)⁸
1536 4977 1635 5051 τὴν
1663 4978 1859 5047 ὁμολο-

283 5076 407 5145 γίαν
444 5078 472 5127 ό
507 5076 786 5143 μέγιστος,
813 5070 870 5133 ὃς
908 5069 1123 5123 συνόδου
1172 5068 1269 5139 τῆς
1303 5068 1470 5139 ἕκτης
1510 5070 1616 5139 πρὸ
1651 5069 1858 5140 χρόνων

285 5164 485 5221 ἱκανῶν
519 5165 773 5233 ἀκμάσας
810 5161 903 5213 καὶ
937 5160 1026 5213 τὸν
1059 5159 1198 5229 ὑπὲρ
1230 5160 1511 5222 εὐσεϐείας
1549 5160 1857 5229 ἀθλητικῶς

283 5260 498 5313 δίαυλον
544 5254 822 5319 διανύσας,
871 5253 899 5305 ὅ
935 5269 1095 5321 φασιν
1135 5247 1299 5316 οὗτοι,
1350 5251 1487 5321 μετά
1532 5252 1857 5321 παρέλευσιν

285 5350 514 5405 ἀπασῶν
578 5344 971 5412 οἱκουμενικῶν
1024 5344 1254 5397 συνόδων
1304 5345 1430 5406 τοὺς
1477 5343 1578 5414 τῆς
1635 5342 1854 5416 Ῥώμης

285 5442 577 5513 κηρύττειν
613 5437 941 5507 παρίστησιν
982 5437 1232 5508 ἐναργῶς
1267 5440 1324 5491 ἐν
1359 5438 1651 5500 συνοδικοῖς
1676 5439 1854 5510 γράμ-

288 5550 425 5604 μασι
456 5532 565 5591 τοῖς
596 5528 690 5582 τοῦ
725 5528 925 5581 πάππα
967 5527 1268 5597 τηνικαῦτα
1299 5529 1439 5583 κατά
1483 5529 1627 5595 λέξιν
1656 5530 1855 5599 ἀναγο-

286 5622 464 5695 ρεύειν
495 5623 569 5683 ὼς
617 5618 763 5670 ἐστιν
796 5619 975 5682 αὐτοῖς
1018 5620 1258 5690 σήμερον
1290 5621 1718 5690 κηρυττόμενον,
1762 5622 1856 5673 καὶ

283 5716 351 5768 1‘1
381 5715 481 5782 τῆς
517 5708 887 5780 ὑπερηγορίας
920 5711 1203 5763 ὲπιπλέκει
1233 5711 1466 5781 τρανῶς,
1498 5707 1560 5767 οὗ
1586 5713 1678 5764 καὶ
1713 5713 1853 5782 μετά

285 5808 386 5876 τὴν
413 5788 755 5874 μαρτυρικὴν
797 5801 1116 5867 άποδίωσιν,
1147 5802 1285 5873 ὑπὲρ
1311 5795 1373 5857 οὗ
1412 5803 1676 5871 γενναίως
1700 5799 1853 5868 οὗτος

283 5897 590 5971 ἡγωνὶσατο
613 5893 880 5960 δόγματος
908 5893 1003 5945 καὶ
1034 5894 1089 5945 τὸ
1126 5894 1287 5964 ῥηθὲν
1320 5896 1661 5964 παγκόσμιον
1693 5896 1849 5951 ἕκτον

288 5984 653 6058 συνεκροτήθη
715 5982 1012 6050 συνέδριον,
1066 5988 1156 6038 καί⁵
1218 5988 1442 6057 προσέτι

564 6082 834 6143 ΡΑΤιιοι..
886 6085 1000 6145 tiu.
1036 6082 1245 6144 CXLI.

1966 4702 2180 4759 dissidli
2216 4702 2526 4757 ﬁrmitatem
2563 4701 2939 4757 demonstrare
2975 4702 3226 4768 nitimur,
3259 4703 3549 4757 temeraria

1966 4796 2297 4867 loquacitate
2322 4810 2444 4850 sese
2469 4805 2809 4865 eppoueutcs
2835 4796 3034 4850 divinis
3064 4796 3269 4871 nostris
3296 4795 3551 4851 Patribus

1966 4888 2324 4944 insolescunt.
2372 4884 2822 4955 Quandoquidem
2868 4888 3031 4940 rebus
3080 4884 3284 4940 divinis
3332 4900 3547 4955 pertra-

1965 4976 2178 5033 ctandis
2224 4975 2567 5045 praecelebris
2614 4974 2884 5029 Maximus
2930 4990 3031 5030 suo
3074 4978 3297 5031 nomine
3345 4976 3548 5045 dignus

1967 5076 2224 5135 tanquam
2260 5065 2355 5136 qui
2390 5076 2442 5119 et
2477 5064 2594 5119 zclo
2629 5064 2914 5119 catholica:
2948 5065 3070 5119 fidei
3110 5075 3163 5120 et
3196 5066 3547 5122 confessione

1965 5159 2240 5213 maximus
2275 5156 2505 5223 exstitit,
2544 5155 2590 5212 is
2627 5164 2755 5210 ante
2791 5164 3001 5212 sextam
3038 5158 3308 5229 synodum
3344 5159 3546 5214 multos

1963 5270 2140 5312 annos
2163 5263 2322 5310 aetate
2345 5264 2466 5311 acta
2490 5262 2545 5310 et
2569 5254 2783 5324 pietatis
2802 5254 2983 5309 studio
3003 5254 3271 5310 atblcticge
3295 5271 3543 5320 emenso,
3600 5286 3609 5327 ρ

1963 5353 2108 5420 quod
2146 5350 2246 5419 ipsi
2283 5346 2474 5411 aiunt,
2509 5357 2632 5419 post
2670 5364 2863 5403 omnes
2898 5348 3268 5404 (ecumcnicas
3304 5351 3544 5419 synodos

1964 5452 2215 5512 peractas
2253 5440 2528 5495 Romanos
2563 5439 2863 5509 praedicare
2897 5439 3074 5508 palam
3110 5440 3451 5496 demonstrat
3488 5443 3542 5496 iu

1962 5533 2238 5604 synodicis
2264 5532 2460 5587 litteris
2492 5546 2642 5601 papa:
2667 5530 2901 5600 quitum
2931 5540 3164 5601 praeerat
3190 5533 3355 5588 verbo
3384 5543 3546 5588 tenus

1961 5625 2233 5679 enuntiari
2283 5634 2343 5677 ut
2389 5623 2547 5677 hodie
2592 5636 2814 5692 quoque
2864 5623 3194 5693 praedicatur
3237 5640 3557 5696 eorumque-

1962 5716 2122 5787 plane
2145 5714 2513 5769 defensionem
2542 5713 2781 5769 adnectit
2806 5724 2927 5783 post
2950 5713 3105 5784 cujus
3127 5728 3381 5773 exactam.
3400 5734 3545 5771 utar-

1962 5811 2105 5880 tyrio
2136 5809 2300 5862 vitam
2322 5847 2336 5872 ,
2371 5822 2470 5876 pro
2503 5822 2613 5876 quo
2651 5807 2767 5877 ipse
2801 5806 3058 5877 degmate
3094 5808 3542 5879 decertavitjant

1963 5901 2106 5953 dicta
2151 5898 2477 5952 universalis
2517 5897 2761 5968 synodus
2801 5898 3073 5953 celebrata
3111 5909 3196 5953 est
3233 5910 3344 5955 tum
3386 5902 3541 5956 dein-

1512 5987 1570 6040 τὸ
1625 5988 1848 6058 ἕϐδομον

1963 6004 2083 6059 ccps
2119 5986 2347 6057 septima
2386 6002 2484 6057 pro
2513 5986 2945 6043 venerandarum
2982 5988 3281 6061 imaginum
3317 5992 3541 6047 restitu.

2995 6086 3073 6149 1&5
