4020 6620
317 582 453 650 1421

1696 574 2182 640 FRAGMENTA.
2246 606 2253 615 ·

3379 531 3386 538 ε

3439 570 3578 637 1422

291 714 403 781 γὰρ
429 709 495 761 ὲκ
521 702 724 776 ταύτης
772 700 1042 775 ἀριδὴλως
1072 697 1414 772 καταμαθεῖν
1453 696 1528 771 τῷ
1563 695 1877 770 βουλομένῳ

1993 711 2082 751 nes
2112 708 2303 750 omnes
2332 692 2613 750 Romanas
2634 728 2652 760 ,
2680 706 2819 765 quas
2853 692 2967 763 ipse
2997 693 3051 749 in
3084 691 3360 764 eneycliea
3391 694 3580 747 crimi-

294 802 457 857 παντὶ
483 799 559 862 ὼς
592 799 758 868 ἔθιμα
787 797 965 850 πάντα
1010 795 1303 865 Ῥωμαίοις
1334 793 1592 865 ἐπιστολῇ
1620 796 1687 865 τῇ
1717 795 1882 863 ἐγκυ-

292 893 431 962 κλίῳ
469 890 893 960 διαϐαλλόμενος
920 890 1139 957 γνωστὰ
1174 876 1530 958 καθειστήκει
1568 887 1759 958 Φωτίῳ
1786 886 1882 941 καὶ

292 984 595 1055 ἀδιάϐλητα
647 984 727 1055 τῷ
777 984 875 1053 τῆς
924 984 1150 1054 είρήνης
1183 981 1384 1053 καιρῷ,
1435 982 1531 1036 καὶ
1558 980 1634 1045 ὡς
1678 982 1768 1035 ἀεὶ
1820 979 1883 1035 τδ

296 1078 527 1148 στέργον
568 1072 780 1148 ἆνρεῖχε
812 1075 995 1130 καὶτὸ
1024 1076 1382 1146 ἀνέγκλητον,
1415 1076 1531 1145 εἴγε
1564 1074 1640 1146 μὴ
1674 1074 1783 1129 τῶν
1806 1068 1884 1131 ὧν

302 1170 595 1241 ἐφιέμενος
625 1169 936 1239 ἐτύγχανεν
971 1169 1245 1241 ἀμοιρῶν.

1981 788 2357 865 naturplane
2410 787 2604 843 Photio
2659 786 2967 843 innotuisse
3018 799 3070 841 et
3130 786 3283 855 pacis
3334 795 3581 853 tempore

1982 881 2148 935 nullis
2179 880 2475 936 calumniis
2505 880 2773 935 obnoxais
2805 878 2978 934 fuisse
3006 887 3059 933 et
3092 879 3206 947 ipse
3232 894 3326 933 ras
3358 877 3436 933 uti
3465 880 3577 932 cri-

1983 970 2132 1024 mine
2161 973 2309 1025 omni
2345 970 2663 1041 superiores
2694 978 3038 1039 acceptasset
3068 969 3495 1037 admisissetque
3529 980 3579 1033 si

1984 1079 2106 1133 qua:
2137 1062 2419 1120 ambiebat
2446 1063 2802 1119 obtinuisset.
3283 1069 3289 1075 ‘

1252 1581 1755 1676 GEORGII
1829 1551 2602 1675 ‘METOCHITIE

798 1781 899 1844 DE
938 1780 1283 1843 DISSIDIO
1321 1777 1876 1842 ECCLESIARUM
1916 1778 2396 1841 FRAGMENTA
2424 1780 2581 1844 DUO
2618 1781 3073 1867 HISTORICA.

1409 1941 1575 2005 (Apud
1600 1939 1839 1992 Allatium
1864 1938 1986 1990 ibid.
2013 1953 2061 2003 p.
2085 1939 2178 1989 453
2208 1945 2259 1991 et
2294 1939 2425 2003 ιδε.)

1879 2096 1950 2111 α

365 2215 477 2271 Kal
502 2210 566 2283 δὴ
593 2209 800 2265 στέλλει
823 2209 962 2279 πρὸς
985 2206 1079 2261 τὸν
1104 2204 1203 2274 τῆς
1226 2202 1615 2275 πρεσϐυτέρας
1657 2198 1885 2269 Ῥώμης

2062 2197 2252 2271 Neque
2280 2211 2524 2259 moratus
2558 2215 2670 2270 est;
2700 2207 2766 2261 ad
2797 2206 3031 2264 senioris
3061 2209 3245 2266 Romae
3270 2216 3585 2286 pontiﬁcem

298 2309 566 2383 ἀρχιερέα
612 2305 673 2359 τὸ
719 2304 905 2373 δρᾶμα
950 2301 1059 2355 πᾶν
1092 2295 1481 2366 ἀπαγγέλλων,
1526 2293 1627 2367 τὴν
1664 2293 1883 2348 ἀδικίαν

198 2458 201 2463 .
296 2399 621 2471 έπεγκαλῶν
648 2397 743 2452 τοῦ
769 2394 1232 2466 τυραννήσαντος,
1255 2388 1318 2442 τὸ
1359 2387 1561 2441 οἰκεῖον
1590 2383 1882 2440 καταὸοὼο

297 2515 480 2572 μενος,
528 2495 625 2549 καὶ
674 2490 807 2561 παρ’
836 2488 1003 2544 αὐτοῦ
1034 2489 1160 2556 Ιτινι
1212 2483 1400 2554 τρόπῳ
1447 2481 1546 2552 τὴν
1597 2480 1886 2549 ἐκδίκησιν

296 2589 702 2660 ἐκκαλούμενος
725 2586 819 2640 ἅτε
842 2584 938 2637 καὶ
961 2584 1026 2636 ἐκ
1042 2580 1300 2649 γειτόνων
1320 2576 1471 2639 ὄντος
1489 2574 1569 2647 τῷ
1584 2574 1883 2640 ἀδικοῦντι,

292 2684 472 2752 τούτῳ
507 2681 563 2733 δὲ
613 2682 714 2749 τὴν
764 2675 937 2747 φυλὴν
975 2672 1162 2744 Ἰταλῷ
1216 2673 1313 2724 καὶ
1354 2668 1506 2738 παρά
1557 2666 1733 2737 τούτῳ
1785 2665 1888 2737 τὴν

294 2776 433 2846 πρὸς
464 2774 612 2828 ἆπαν
663 2768 912 2840 ὑπακοὴν
961 2765 1112 2835 αύτῴ
1161 2763 1324 2817 πλέον
1352 2763 1464 2816 τῶν
1511 2762 1693 2817 ἀλλων
1733 2760 1887 2830 ὀφεί-

295 2863 465 2917 λοντι.
501 2860 688 2914 Ταῦτα
718 2857 825 2911 τῶν
876 2857 1127 2910 Αὐσόνων
1158 2856 1187 2908 ὁ
1215 2856 1285 2908 τὰ
1340 2852 1595 2925 σκῆπτρα
1642 2852 1884 2923 κρατῶν.

307 2954 368 3011 '0
408 2956 463 3009 δὲ
494 2954 598 3021 τῆς
637 2950 961 3021 Ῥωμαῖκῆς
1004 2946 1337 3018 Ἐκκλησίας
1375 2944 1497 2999 τότε
1529 2945 1628 3017 τὴν
1652 2961 1889 3016 προστα-

300 3051 422 3105 σίαν
465 3049 648 3119 λαχὼν
697 3046 826 3119 περὶ
868 3045 968 3116 τὴν
1012 3043 1229 3114 αῐτησιν
1262 3041 1599 3113 νωθρότερος
1646 3038 1888 3108 γεγονὼς

296 3144 394 3198 καὶ
422 3142 712 3203 ἀναϐολαῖς
739 3141 840 3192 οὐκ
868 3134 971 3191 οἷδ’
996 3138 1146 3199 ὅπως
1171 3135 1544 3206 χρησάμενος,
1579 3134 1890 3201 πέπεισμαι

299 3235 357 3291 δὲ
395 3235 470 3297 ὡς
500 3233 590 3287 διά
618 3249 768 3294 τινας
801 3229 1272 3300 προηγησαμένας
1315 3227 1525 3292 αἰτίας,
1553 3226 1717 3285 ὁποία
1745 3226 1892 3293 φιλεῖ

300 3326 624 3395 συμσαίνειν
672 3324 838 3396 μέσον
872 3322 1146 3394 ίεραρχῶν
1183 3322 1279 3376 καὶ
1318 3319 1573 3375 ἀνάκτων
1604 3317 1889 3385 τοιούτων,

299 3422 398 3475 καὶ
453 3418 690 3488 μάλιστα
734 3416 835 3487 τὴν
887 3415 1173 3484 ἑκατέροις
1222 3414 1537 3484 ἀνήκουσαν
1593 3410 1747 3481 ίσχὺν
1795 3427 1894 3464 πε-

303 3515 541 3582 ριόπτων
574 3513 669 3565 καὶ
713 3508 933 3572 πολλοῖς
981 3506 1375 3577 διειργομένων
1404 3505 1555 3560 έθεσι
1600 3506 1696 3558 καὶ
1729 3521 1890 3557 τοπι-
1918 3539 1966 3602 c

302 3608 420 3669 κοῖς
449 3607 805 3676 διαστήμασι,
831 3602 925 3656 τὸν
956 3601 1051 3656 τοῦ
1081 3600 1355 3671 βασιλέως
1379 3597 1691 3653 ύπανάπτει
1720 3598 1893 3664 θυμὸν

301 3701 365 3752 τὸ
418 3698 678 3768 σφέτερον
725 3693 1179 3767 συμϐαλλομένου
1227 3692 1322 3747 καὶ
1356 3691 1491 3765 μηδὲ
1525 3691 1666 3763 πρὸς
1706 3690 1893 3759 ,ὀλίγον

300 3791 405 3859 τῆς
462 3788 857 3853 ἁνενδοιάστως
896 3788 1050 3858 αύτῷ
1090 3786 1554 3860 προσδοκωμένης
1584 3784 1890 3853 έπιτυγχάι

301 3900 488 3947 νοντος
514 3883 875 3953 ἀντιλήψεως.
899 3880 1207 3953 Τοιγαροῦν
1240 3881 1575 3951 μελιτῶνται
1605 3879 1703 3933 καὶ
1725 3879 1892 3933 πάλιν

307 3976 621 4045 κατατομαὶ
685 3974 781 4028 τοῦ
850 3975 952 4045 τῆς
1023 3973 1357 4045 Ἐκκλησίας
1422 3972 1635 4029 ένιαίου
1704 3969 1895 4041 σώμα-

299 4085 392 4130 τος
435 4067 529 4121 τοῦ
566 4065 807 4136 Χριστοῦ
843 4065 1299 4130 συσκευάζονται,
1342 4065 1439 4120 καὶ
1493 4064 1564 4119 αὖ
1615 4064 1893 4135 χωρισμοὶ

253 4192 259 4204 ι
301 4158 414 4237 τῶν
461 4159 569 4213 ἀπὸ
620 4157 859 4229 Χριστοῦ
911 4157 1269 4229 κεκλημένων
1321 4158 1652 4228 ἀμφοτέρων
1697 4157 1890 4233 ιθνῶν,

194 4306 199 4310 ,
299 4251 716 4319 Συνεφάπτεται
763 4250 854 4303 τοῦ
898 4248 1063 4320 ἔργου
1111 4248 1480 4318 διαφερόντως
1511 4251 1539 4302 ὁ
1582 4247 1894 4318 τηνικαῦτα

299 4345 393 4398 τὸν
420 4341 819 4414 πατριαρχικδν
850 4342 1039 4411 Θρόνον
1063 4340 1309 4412 κατέχων
1341 4340 1562 4411 Μιχαὴλ
1585 4340 1891 4406 τούπίκλην

300 4437 330 4488 δ
391 4436 769 4507 Κηρουλάριος
833 4433 1001 4488 πάλαι
1085 4432 1183 4504 μὶν
1262 4433 1470 4486 ὠδίνων
1532 4432 1594 4486 τὸ
1640 4432 1748 4486 ἀπὸ
1796 4430 1891 4485 τοῦ

303 4529 503 4581 πάππα
530 4527 917 4599 διαρραγῆναι,
949 4527 1024 4588 ὡς
1045 4525 1106 4577 τὸ
1127 4526 1393 4596 πρωτεῖον
1424 4523 1735 4589 ἰδιαζόντως
1760 4523 1888 4595 κλη-

307 4620 563 4691 ρὼσαιτο,
591 4620 666 4688 μὴ
703 4617 1208 4689 παραχωρούμενος
1235 4616 1685 4670 τούτου’καθόσον
1709 4615 1894 4683 ἐφίετο

307 4712 615 4768 συνελεύσει
642 4712 737 4764 καὶ
767 4711 960 4764 ένώσει
982 4712 1050 4779 τῇ
1076 4710 1213 4780 πρὸς
1238 4708 1402 4762 αὐτὸν
1428 4710 1524 4763 καὶ
1556 4708 1620 4764 τὸ
1641 4707 1893 4773 ὁπωσοῦν

303 4804 690 4876 ἀνακρίνεσοαι
744 4806 803 4856 ὲν
847 4802 1006 4871 δεινῷ
1036 4801 1322 4869 τιθέμενος
1375 4804 1471 4855 καὶ⁵
1511 4802 1574 4856 ού
1624 4800 1887 4872 φορητῷ·

1986 2294 2175 2358 mittit,
2229 2295 2446 2352 facinus
2501 2299 2856 2372 denuntians,
2906 2301 3233 2371 injustitiam
3288 2322 3580 2378 accusans,

1986 2388 2079 2458 qui
2120 2403 2219 2443 sua
2258 2398 2615 2459 tyrannorum
2656 2408 2808 2447 more
2843 2408 3202 2464 usurpaverat
3242 2399 3585 2461 clamoribus

1986 2477 2258 2539 deferens.
2297 2487 2349 2534 et
2394 2482 2462 2533 ah
2504 2496 2570 2536 eo
2616 2497 2835 2553 qunque
2880 2487 3042 2541 modo
3080 2490 3377 2548 vindictam
3419 2510 3588 2563 expo-

1988 2584 2174 2636 scens,
2205 2580 2465 2641 tanquam
2504 2575 2595 2640 qui
2631 2586 2684 2629 et
2714 2578 3002 2641 proximus
3035 2581 3111 2635 illi
3143 2594 3287 2640 esset
3315 2587 3410 2655 qui
3442 2588 3586 2659 inju-

1989 2663 2129 2718 riam
2166 2663 2370 2719 fecerat
2402 2680 2604 2736 genere
2637 2668 2796 2735 Italo,
2829 2678 2887 2724 et
2916 2687 2945 2726 a
2981 2690 3090 2742 quo
3126 2676 3192 2728 ad
3232 2678 3418 2733 omnia
3456 2680 3586 2735 obe-

1989 2757 2249 2813 dientiam
2274 2758 2378 2815 sibi
2404 2760 2642 2817 debitam
2668 2765 2887 2833 exigere
2913 2777 3120 2835 posset.
3146 2770 3209 2824 Et
3232 2770 3346 2827 lure
3365 2773 3585 2843 quidem

1989 2852 2223 2908 Ausonii
2271 2855 2484 2924 imperii
2531 2857 2864 2913 moderator.
2907 2857 3010 2926 Qui
3052 2877 3183 2916 vero
3229 2879 3294 2920 eo
3340 2875 3589 2936 tempore

1995 2946 2255 3004 Romana:
2315 2948 2574 3007 Ecclesiae
2633 2959 2864 3022 praerat
2915 2968 3040 3009 eum
3100 2956 3246 3013 circa
3306 2961 3584 3028 postulata

1992 3058 2159 3112 quam
2193 3058 2293 3113 par
2323 3054 2443 3099 erat
2476 3048 2698 3115 segnior
2727 3046 3086 3104 dilationibus
3120 3060 3389 3115 uteretur,
3418 3062 3493 3115 et.
3526 3063 3586 3110 ut

1994 3133 2127 3187 mihi
2172 3134 2402 3199 suadeo,
2437 3134 2508 3189 ob
2548 3136 2813 3204 quasdam
2854 3153 2978 3207 quae
3018 3153 3415 3209 praecesserant
3457 3159 3591 3200 cau-

1993 3242 2105 3293 sas,
2140 3228 2217 3282 uti
2252 3228 2395 3282 inter
2426 3213 2689 3299 prmsules
2717 3240 2766 3285 et
2803 3230 3162 3300 imperatores
3196 3236 3417 3291 evenire
3447 3240 3589 3294 solet

1993 3327 2049 3374 et
2086 3319 2229 3374 inter
2261 3335 2359 3374 eos
2393 3320 2740 3387 potissimum
2775 3321 2977 3389 quibus
3010 3323 3239 3379 alterius
3272 3327 3589 3382 dominatus

1997 3408 2051 3463 iu
2103 3409 2416 3476 suspicione
2463 3420 2577 3474 est,
2618 3422 2673 3465 et
2724 3410 2979 3481 plurimis
3030 3413 3593 3487 interdistinguuntur
3704 3436 3713 3445 ‘

1995 3502 2510 3564 consuetmiinibus,
2543 3511 2597 3556 et
2628 3518 2770 3571 quos
2802 3504 3042 3559 locorum
3076 3507 3357 3562 intervalla
3390 3509 3593 3565 discri-

1999 3593 2243 3659 minant,
2287 3593 2530 3677 furorem
2573 3596 2922 3664 imperatoris
2963 3599 3251 3655 succendit
3288 3602 3381 3670 qui
3427 3605 3592 3662 roltul

1995 3688 2114 3743 suis
2158 3674 2367 3743 auxilia
2410 3688 2671 3758 poscebat
2706 3699 2759 3744 et
2802 3706 2903 3759 ope
2940 3706 3105 3761 quam
3148 3693 3283 3748 nihil
3330 3695 3591 3753 haesitans
3643 3674 3648 3679 n

1995 3786 2373 3851 exspectabat,
2428 3796 2655 3855 prorsus
2709 3784 3104 3863 frustrabat'ur.
3153 3785 3337 3853 Quare
3391 3774 3588 3847 rursus

1996 3876 2164 3931 unius
2188 3875 2395 3932 Christi
2422 3877 2670 3945 corporis
2698 3875 2958 3933 Ecclesize
2982 3879 3254 3936 seetiones
3283 3881 3580 3951 agitantur,

1996 3978 2051 4023 et
2092 3968 2416 4039 populorum
2453 3971 2547 4039 qui
2587 3985 2618 4024 a
2655 3969 2877 4025 Christo
2914 3986 3114 4027 nomen
3157 3972 3263 4028 sihi
3310 3973 3593 4031 vindicant

1998 4063 2277 4133 separatio
2312 4064 2493 4120 denuo
2526 4064 2908 4128 constituitur.
2944 4073 3001 4120 et
3033 4080 3147 4135 pra:
3178 4066 3302 4121 aliis
3336 4066 3431 4137 qui
3470 4076 3588 4123 tum

1998 4158 2363 4228 patriarcbale
2397 4158 2596 4214 solium
2635 4159 2884 4224 tenebat,
2923 4158 3188 4225 Michael,
3224 4172 3590 4232 cognomento

1993 4251 2333 4315 Cerularius,
2377 4251 2529 4321 operi
2576 4266 2772 4306 manus
2815 4251 2909 4308 dat
2950 4253 3042 4323 qui
3089 4261 3144 4307 et
3189 4255 3422 4311 multum
3463 4265 3592 4313 ante

1996 4353 2215 4413 tempus
2244 4357 2272 4394 a
2306 4358 2439 4412 papa
2460 4356 2581 4397 sese
2606 4342 2932 4398 abscindere
2960 4342 3350 4410 meditabatur,
3382 4357 3440 4400 ut
3472 4347 3590 4415 ipsa

1995 4435 2099 4492 sibi
2139 4435 2239 4489 διιιὶ
2279 4435 2573 4503 primatum
2614 4441 2939 4505 usurparet,
2975 4434 3069 4505 qui
3105 4437 3183 4491 uti
3221 4437 3443 4505 Optabat
3480 4454 3587 4495 non

1996 4529 2403 4585 conredehatur
2426 4529 2554 4583 dum
2584 4543 2691 4582 una
2718 4544 2844 4581 cum
2873 4529 2965 4583 illo
2988 4544 3320 4599 congressus
3349 4535 3590 4603 unioqne

1994 4621 2316 4689 procederet
2356 4628 2408 4676 et
2452 4635 2673 4689 quoquo
2717 4621 2881 4675 modo
2921 4622 2990 4675 ah
3026 4623 3133 4675 alio
3172 4622 3407 4691 judicari
3445 4639 3593 4694 aegro

1996 4715 2210 4777 ferens,
2244 4729 2309 4769 ac
2344 4713 2688 4768 intolerabile
2721 4713 2953 4767 ducens.
2984 4712 3384 4770 Circumfertur
3414 4715 3585 4771 etiam

1996 4825 2204 4873 sermo,
2233 4822 2356 4862 eum
2387 4805 2570 4861 stultis
2603 4805 3082 4875 imaginationibus
3117 4805 3341 4872 fretum,
3374 4808 3426 4861 iu
3456 4809 3591 4865 fari-

303 4898 427 4951 ἐπεὶ
458 4897 614 4964 λόγος
645 4896 761 4948 ’καὶ
800 4894 979 4962 λόγοις
1026 4894 1277 4963 ματαίοις
1323 4896 1382 4947 ἐν
1432 4894 1704 4963 φαντασίᾳ
1738 4894 1890 4961 γενέ-

2002 4918 2105 4956 nus
2136 4902 2431 4955 adductunt
2459 4914 2584 4953 cum
2612 4898 2774 4953 vellet
2796 4913 2951 4967 :eque
2976 4905 3142 4966 atque
3173 4898 3264 4955 ille
3294 4901 3375 4954 ru!
3399 4902 3477 4955 ris
3508 4903 3593 4955 iu-

305 4993 430 5045 σθαι
469 4990 562 5044 τοῦ
596 4990 716 5044 κατ’
746 4991 955 5042 ἐκεῖνον
1000 4987 1486 5058 ἐλλαμπρυνθῆναι
1519 4992 1627 5049 τοῖς
1657 4987 1888 5058 ὲρυθρο⁹

305 5083 541 5151 δαφέσιν
574 5080 816 5150 ἀπήχθη.
851 5080 983 5133 Τότε
1021 5079 1076 5132 δὲ
1121 5080 1222 5149 τὴν
1250 5079 1414 5133 ὠδῖνα
1445 5078 1614 5142 λύσας
1646 5081 1740 5133 καὶ
1768 5098 1893 5134 κυο-

307 5178 447 5248 φορή
458 5193 553 5235 σας
578 5175 636 5228 τὸ
660 5171 967 5243 συλληφθὲν
984 5171 1078 5225 τοῦ
1103 5171 1295 5239 καιροῦ
1325 5175 1609 5243 μονονουχὶ
1640 5175 1895 5227 ἐπιστάν-

303 5286 393 5332 τος
437 5270 537 5338 τῆς
566 5269 645 5331 είς
694 5267 809 5336 φῶς
838 5265 932 5320 τοῦ
985 5264 1329 5333 ὤδινωμένου
1376 5268 1888 5335 παρεισφορήσεως,

306 5360 473 5432 ἡνίκα
508 5361 604 5412 καὶ
632 5360 666 5429 ή
705 5358 847 5411 κατά
881 5358 975 5411 τοῦ
1008 5357 1215 5411 πάππα
1258 5357 1533 5426 βασίλειος
1568 5359 1888 5426 ἀγανάκτη-

306 5471 392 5517 σις
431 5453 582 5507 ἔνθεν
629 5452 1036 5523 κυοφορηθείσα
1092 5452 1467 5520 καταφέρεται
1512 5449 1664 5523 ῥύμῃ
1714 5452 1883 5522 πολλῇ

303 5550 406 5616 τῆς
465 5548 731 5617 ἑνωτικῆς
781 5544 1143 5615 ἀλληλουχίας
1188 5544 1463 5612 ἑκατέρων
1519 5544 1884 5614 Ἐκκληοιῶν,

276 5630 416 5693 ’κάκ
440 5654 604 5692 τινων
655 5636 1080 5709 συμπτωμάτων
1115 5638 1543 5707 κοσμικωτέρων
1575 5637 1672 5699 τάς
1709 5636 1887 5706 ἀρχὰς

305 5732 550 5788 λαῦοῦσα
574 5731 683 5785 τῶν
710 5730 922 5791 αἰτιῶν,
950 5731 1016 5783 τά
1045 5730 1476 5800 ἐκκλησιαστικά
1498 5730 1679 5784 τέλεον
1708 5730 1887 5800 διιστᾷ

308 5826 403 5881 καὶ
433 5827 512 5887 είς
538 5824 780 5892 παντελῆ
812 5822 1128 5876 συνελαύνει
1157 5823 1424 5889 διάλυσιν,
1451 5825 1548 5877 καὶ
1569 5823 1605 5878 ἀ
1643 5822 1885 5887 σύνοδος,

305 5919 382 5981 ὡς
410 5918 626 5986 ἐλέχθη,
652 5916 924 5969 τοσούτων
954 5914 1258 5986 ἀρχιερέων
1283 5915 1554 5986 δμηγύρει
1586 5933 1892 5987 συγκροτη-

309 6011 467 6064 θεῖσα
514 6009 720 6062 Φωτίου
763 6011 831 6061 τὰ
889 6009 1087 6076 πρῶτα
1118 6008 1375 6076 φέροντος,⁹
1421 6009 1521 6061 ούκ
1576 6010 1894 6078 ἐπέρρωσεν

309 6101 851 6173 ἔποικοδομησαμένη
880 6101 974 6154 καὶ
1009 6099 1358 6154 ϐεύχιὼταοα
1392 6099 1485 6154 καὶ
1518 6102 1629 6154 πᾶν
1676 6100 1766 6152 τοῦ
1797 6104 1893 6169 μὲ-

1999 4978 2278 5049 dumcntis
2326 4994 2425 5048 uti.
2475 4990 2792 5046 Tutn‘vero
2836 4982 2983 5061 quod
3032 4993 3217 5046 animo
3261 4996 3588 5062 conceperat

1999 5086 2314 5154 parturiens
2354 5086 2439 5138 vix
2487 5085 2671 5138 oblata
2716 5083 2822 5139 sihi
2865 5088 3157 5139 occas'one
3206 5094 3264 5138 ut
3310 5086 3361 5137 in
3410 5084 3586 5140 Ιιιομιιι

2003 5180 2193 5234 [tntum
2226 5178 2413 5250 ederet
2444 5193 2566 5232 cum
2599 5187 2656 5232 et
2686 5176 3032 5245 imperatoris
3064 5175 3357 5230 adversum
3391 5192 3423 5246 p
3463 5194 3585 5246 pant

1997 5270 2298 5338 indignatio
2338 5269 2468 5323 inde
2502 5278 2691 5323 exorta
2730 5278 2945 5323 tumens
2984 5270 3157 5322 multo
3192 5268 3401 5336 impetu
3450 5272 3590 5322 iere-

1994 5361 2153 5416 batur
2206 5362 2258 5414 itt
2311 5360 2512 5415 unione
2561 5361 2854 5430 utriusque
2907 5360 3162 5415 Ecclesiae
3205 5360 3586 5427 dissolvenda,

1993 5468 2117 5506 cum
2163 5467 2229 5506 ex
2281 5452 2561 5507 nonnullis
2610 5452 2988 5507 accidentibus
3035 5466 3184 5505 mere
3229 5452 3586 5507 saecularibus

1994 5559 2193 5599 causas
2216 5543 2505 5597 divisionis
2533 5553 2586 5597 et
2619 5559 2809 5597 earum
2849 5543 3118 5612 principia
3154 5541 3463 5608 habuisset,
3501 5560 3587 5596 res

1994 5637 2405 5696 ecclesiasticas
2458 5651 2687 5707 prorsus
2737 5636 3001 5705 disjungit
3053 5645 3109 5691 et
3159 5636 3226 5690 a'd
3278 5634 3583 5690 absolutam

1996 5731 2417 5783 dissolutionem
2446 5728 2743 5798 compellit,
2770 5736 2822 5783 et
2848 5744 2971 5799 (ιυίὲ
3000 5728 3262 5797 synodus,
3294 5737 3352 5782 ut
3377 5728 3583 5782 dictum

1994 5836 2097 5888 est,
2127 5834 2204 5878 tot
2234 5828 2527 5893 prtesulum
2558 5809 2857 5893 congressu
2888 5824 3160 5879 celebrata
3185 5824 3313 5877 dum
3343 5822 3584 5893 primum

1992 5917 2175 5971 locum
2212 5916 2518 5979 obtineret,
2553 5914 2783 5970 Photius
2820 5931 2928 5969 non
2968 5916 3207 5969 ﬁrmavit
3241 5924 3497 5970 astruens
3530 5923 3586 5971 et

1991 6026 2021 6065 c
2048 6011 2364 6064 irruiturans
2404 6018 2459 6064 ct
2500 6025 2662 6063 omne
2697 6022 2918 6063 oratum
2957 6008 3098 6063 inter
3131 6025 3228 6063 eos
3262 6009 3581 6063 scandalum

1992 6105 2255 6159 dirimens
2287 6103 2572 6159 canonicis
2604 6102 2763 6158 editis
2796 6102 3051 6168 decretis,
3085 6119 3148 6158 ca
3180 6115 3584 6159 commemora.
